3890 6314
129 323 240 380 1053

1125 318 1536 385 CONS'lftTUT.
1568 324 1767 384 llltlSA
1782 329 1891 385 eo.
1950 360 1989 371 -
2021 298 2155 385 Lm.
2180 333 2241 387 ιι.

3205 333 3343 388 1054

125 437 229 491 tiuni
257 432 631 502 adjuoguntur,
662 434 903 504 exceptis
931 436 1225 506 capellanis
1248 481 1262 503 ,
1292 440 1489 509 quibus
1521 449 1575 493 et
1603 440 1653 493 in
1686 439 1731 494 A
1758 428 2076 494 occurrunt
2105 443 2171 495 ad
2234 444 2375 498 hanc
2420 425 2837 499 'sacrasanctam
2905 445 3298 501 solemnitatem
3325 489 3339 511 ,

126 520 321 598 tempore
361 526 555 580 silentii
588 516 790 580 licitum
823 538 955 592 est,
1009 530 1171 584 etiam
1220 533 1417 589 t|0llllI0
1464 534 1657 587 abbate

122 622 332 681 absente,
360 618 553 673 ibidem
588 621 819 681 morari,
853 620 899 675 si
931 621 1036 676 tale
1062 622 1224 691 quid,
1259 626 1400 680 sicut
1431 636 1512 680 est
1537 642 1659 679 ear-

122 716 231 768 tulas
257 711 450 777 facere,
480 712 560 766 eis
585 712 881 782 iujunetnm
910 724 1033 781 est,
1082 717 1227 786 quod
1258 718 1463 786 absque
1503 732 1655 771 mora

119 810 171 858 sit
196 805 530 875 peragendum
555 846 570 868 ,
623 817 675 860 et
721 808 763 860 si
795 809 860 861 ad
902 809 1033 872 hoc,
1083 826 1201 880 qum
1225 812 1394 881 signis
1423 812 1655 866 invicem

119 896 376 963 exprimere
404 912 505 951 non
537 909 785 966 possunt,
816 900 1055 956 breviter
1088 903 1411 974 loquuntur,
1438 913 1658 974 propter

119 988 194 1039 hoc
220 1000 310 1038 non
339 982 823 1054 reprehenduntur.
1064 988 1065 991 “
1290 996 1291 999 “

170 1074 569 1152 Notandum'est
595 1089 773 1132 autem
809 1080 939 1149 ipsis
963 1083 1259 1154 capellauis
1286 1126 1302 1145 .
1352 1087 1495 1156 quod
1549 1066 1654 1140 non

118 1166 249 1236 magis
277 1165 391 1220 licet
412 1168 491 1222 eis
530 1168 825 1225 claustrum
862 1174 1041 1233 exire,
1081 1176 1163 1229 vel
1221 1177 1456 1246 aliquam
1490 1177 1656 1231 σαῖς-ἰ-

116 1272 212 1310 nam
240 1257 463 1323 intrare,
516 1276 679 1330 quam
731 1274 785 1316 et
846 1265 967 1319 aliis
1007 1266 1266 1322 fratribus
1324 1272 1540 1326 aSsidue
1601 1274 1654 1326 in

118 1362 342 1405 conventu
372 1352 718 1409 manentibus
740 1396 756 1418 ,
782 1366 1009 1427 excepta
1037 1361 1224 1414 eadem
1251 1363 1407 1416 cella.
1444 1352 1653 1419 Verum

116 1446 147 1497 si
170 1445 269 1511 quis
295 1459 469 1498 eorum
502 1446 573 1501 ad
615 1449 813 1502 ostium
852 1454 1144 1518 quaerendo
1176 1454 1423 1509 abbatem
1459 1472 1646 1512 acces-

117 1534 212 1586 serit
236 1576 249 1599 ,
274 1550 604 1605 nequaquam
639 1539 844 1611 ingredi
882 1544 1200 1610 prmsumit,’
1241 1547 1341 1599 nisi
1381 1544 1653 1605 veraciter

115 1638 208 1677 eum
236 1625 369 1679 intus
393 1628 693 1683 consistere
722 1633 953 1687 noverit.
987 1632 1308 1706 Quicunque
1341 1638 1549 1694 illorum
1585 1643 1653 1697 ab

115 1716 175 1769 cis
198 1714 433 1786 obsequio
457 1719 742 1788 expeditus
774 1737 892 1778 esse
918 1722 1157 1795 potuerit
1188 1730 1254 1783 ad
1291 1730 1647 1801 oll‘erendum,
1687 1774 1718 1801 __.

114 1808 164 1858 ad
182 1809 441 1876 capitulum
462 1852 476 1874 ,
503 1811 570 1863 ad
594 1794 998 1881 processionem
1025 1859 1039 1883 ,
1094 1818 1160 1875 ad
1198 1821 1430 1878 cilicium
1456 1794 1649 1880 delun;
1686 1794 1727 1849 Β

114 1910 279 1954 ciorum
302 1943 317 1967 ,
344 1904 480 1971 quod
516 1920 641 1959 eum
674 1907 911 1962 maximo
942 1909 1049 1965 ritu
1073 1911 1291 1980 colitur,
1322 1931 1494 1986 usque
1522 1904 1647 1971 dum

114 2000 198 2045 tres
224 1993 395 2049 saltem
423 1995 690 2054 lectiones
718 1999 977 2056 finiantur
1000 2046 1015 2069 ,
1071 1996 1137 2059 ad
1178 2008 1493 2063 mandatum
1518 2002 1654 2079 quo?-

113 2101 214 2152 que,
262 2095 308 2140 et
349 2086 413 2141 ad
464 2103 810 2145 communem
864 2091 1091 2149 fratrum
1138 2098 1489 2154 refeCIionem
1537 2116 1643 2155 non

110 2175 279 2239 deerit,
335 2178 376 2232 si
438 2174 881 2237 inclamationem
954 2184 1191 2256 etl'ugere
1248 2189 1499 2245 voluerit.
1565 2194 1638 2248 De

111 2263 187 2317 hoc
231 2275 389 2321 autem
428 2270 624 2325 omnes
656 2270 816 2326 simul
878 2273 1203 2332 inelamandi
1249 2287 1405 2344 sunt,
1464 2281 1508 2335 si
1549 2282 1646 2335 do:

109 2370 251 2409 mnum
286 2359 525 2415 abbatem
573 2377 800 2441 usquam
834 2365 1006 2420 solum
1040 2368 1369 2439 relinquunt.
1418 2363 1648 2428 Missam~

112 2446 239 2519 ipsius
253 2447 1168 2515 abbatisnulIusobedientiariorum
1205 2463 1257 2516 in
1289 2464 1477 2518 eadem
1499 2466 1653 2520 novi-‘-

108 2541 263 2594 tiornm
275 2543 394 2597 cella
417 2545 563 2600 sicut
583 2561 681 2602 nec
705 2547 830 2603 alibi
848 2550 900 2604 in
920 2554 1251 2609 monasterio
1266 2555 1426 2611 debet
1441 2558 1647 2621 audire,

108 2629 186 2682 nisi
211 2645 266 2685 eo
298 2640 532 2703 tempore
585 2652 694 2707 quo
733 2646 788 2693 et
821 2639 911 2694 alii
948 2638 1261 2698 sacerdotes
1318 2645 1494 2700 solent
1523 2654 1650 2701 can:

111 2724 393 2780 tareyEtest
438 2728 725 2784 sciendum
766 2734 909 2800 quod
950 2749 1090 2803 sche
1114 2734 1255 2789 dicta
1286 2736 1418 2790 cella
1449 2738 1655 2808 aliqui~

110 2811 184 2868 bus
225 2816 779 2877 illic‘dormientitnts
837 2839 943 2878 non
1000 2828 1318 2887 obseratur,
1384 2829 1475 2883 sed
1526 2844 1649 2885 cum

108 2904 318 2962 absconsa
365 2924 391 2962 a
432 2910 717 2966 claustrali
752 2913 934 2982 priore
979 2916 1142 2969 etiam
1200 2917 1399 2971 domno
1457 2918 1652 2975 abbate

108 3008 321 3064 prasente
357 3002 743 3072 perlustratur.
800 3005 866 3059 Et
908 3016 967 3060 ut
1009 3008 1252 3063 breviter
1288 3009 1604 3065 concludam
1634 3052 1650 3074 ,

108 3095 221 3143 tanta
248 3093 508 3165 di<ciplina
560 3096 669 3151 illic
691 3088 787 3167 per
835 3099 1035 3153 omnia”
1066 3101 1418 3167 observatur,
1477 3112 1537 3157 ut
1576 3103 1650 3157 nil

1759 532 1953 601 quibus
1985 535 2211 604 singulis
2240 534 2396 588 habet
2435 533 2606 588 abbas
2633 526 2731 605 pro
2780 544 2887 589 tam
2920 538 3149 591 diversis
3178 552 3344 607 nego-

1759 628 1848 679 tiis
1876 629 2221 696 respondere,
2256 628 2397 697 quod
2427 628 2655 682 omnino
2680 644 2781 682 non
2813 630 3111 698 expediret,
3138 631 3181 685 si
3202 638 3343 684 tunc

1757 708 1814 774 Se
1840 720 2107 776 levatione
2154 720 2405 774 fabarum
2456 710 2789 790 occuparet:
2827 736 2856 773 a
2894 737 2997 788 qua
3031 731 3209 775 tamen
3238 722 3343 775 alio

1757 814 2085 881 competenti
2122 823 2361 884 tempore
2391 828 2499 868 non
2528 813 2702 887 magis
2750 814 2863 882 ipse
2888 825 3120 883 quamet
3144 815 3343 870 fratres

1757 921 1815 960 se
1847 922 1951 960 non
1976 916 2267 963 excusant.
3131 914 3137 918 ’
3188 918 3193 927 ‘

1762 994 1773 999 ”
1829 998 1939 1051 llae
1970 984 2300 1051 autemvice
2334 999 2479 1057 sicut
2503 1008 2556 1054 et
2581 997 2866 1065 inPascha
2908 1012 2970 1051 ac
3026 998 3344 1053 Pentecoste

1757 1089 2068 1158 provisores
2096 1089 2365 1151 villarum,
2395 1090 2488 1159 qui
2533 1088 2737 1144 Decam‘
2770 1089 3124 1160 appellantur,
3152 1091 3215 1143 ad
3243 1091 3345 1144 hoc

1758 1180 1809 1231 in
1858 1178 2007 1231 brevi
2047 1168 2417 1245 recensentur,
2456 1194 2687 1249 quorum
2751 1171 3042 1234 consuetus
3088 1197 3338 1233 numerus

1757 1281 2097 1335 nequaquam
2134 1278 2258 1322 tunc
2310 1270 2593 1341 minuitur
2619 1270 2841 1339 quando
2893 1270 3062 1323 abbas
3104 1285 3224 1323 cum
3266 1270 3343 1323 eis

1756 1367 1997 1411 notatur.
2032 1357 2165 1433 b‘am
2198 1359 2248 1412 in
2280 1346 2572 1415 refectorio
2602 1361 2832 1430 amplius
2878 1362 3001 1415 huic
3049 1361 3263 1431 negotio
3289 1375 3347 1412 se

1756 1462 1861 1500 non
1888 1434 2228 1511 intromittit,
2262 1449 2362 1503 nisi
2394 1450 2538 1519 quod
2572 1434 2778 1504 tantum
2804 1444 3066 1519 quasdam
3092 1451 3347 1505 scutellas

1748 1526 1783 1589 ’τι
1810 1535 2075 1591 fratribus
2104 1538 2150 1592 ei
2186 1530 2503 1609 apportatas
2524 1540 2699 1611 primo
2726 1546 2887 1609 super
2912 1556 3125 1594 mensas
3172 1541 3342 1609 p‘onit.

1756 1626 1909 1681 Hauc.
1937 1638 2114 1684 autem
2142 1630 2666 1686 administrationem
2699 1649 2822 1687 eum
2855 1634 3072 1687 caeteris
3097 1633 3347 1701 coquinae

1755 1718 2113 1776 Servitoribus
2159 1735 2425 1792 percusso
2469 1724 2716 1795 cymbalo
2765 1712 2971 1793 incipit,
3001 1706 3347 1794 prieremqne

1754 1814 1837 1868 vel
1863 1815 2024 1868 alium
2055 1816 2261 1870 scillam
2292 1806 2524 1887 pulsare
2547 1820 2816 1888 praecipit,
2849 1828 2934 1879 et,
2971 1835 3093 1873 cum
3138 1828 3346 1884 tempus

1756 1904 1954 1975 fuerit,
2007 1905 2124 1975 ipse
2175 1898 2383 1984 primus
2435 1894 2734 1971 Benedicile
2784 1908 3037 1978 imponit.
3087 1910 3347 1984 .ac‘dieto

1753 1997 1911 2053 versu
1934 2013 2141 2053 sessum
2170 2000 2337 2053 vadit.
2363 1978 2486 2069 ipse.
2508 1986 2723 2069 quoque
2763 1999 2910 2055 omni
2943 2001 3029 2054 die
3066 2000 3345 2054 Dominica

1754 2101 1875 2141 cum
1899 2087 2101 2155 pueris,
2136 2089 2177 2142 si
2210 2089 2262 2141 in
2293 2088 2410 2143 loco
2433 2098 2579 2153 sunt,
2606 2090 2917 2155 mandatum
2945 2089 3073 2142 facit
3096 2071 3342 2158 pauperi,

1754 2179 1839 2234 cui
1892 2180 2034 2233 lavat
2081 2174 2266 2250 pedes,
2310 2168 2499 2234 tribuit
2540 2182 2676 2235 duos
2729 2181 3006 2245 denarios,
3061 2189 3114 2235 et
3165 2181 3347 2250 pueris

1754 2270 2015 2343 Singulos,
2046 2281 2103 2325 ut
2130 2287 2228 2341 per
2273 2272 2417 2341 ipsos
2462 2273 2794 2343 pauperibus
2820 2263 3158 2327 tribuantur.
3188 2272 3343 2337 Quod

1754 2361 1799 2415 si
1834 2363 1902 2414 ab
1934 2361 2024 2414 illo
2055 2346 2369 2415 mandatum
2419 2362 2562 2416 idem
2592 2360 3063 2431 negligitur,ttine
3107 2377 3136 2415 a
3164 2361 3347 2431 pueris

1754 2462 1808 2506 et
1837 2468 2025 2507 eorum
2066 2454 2360 2524 magistro.
2416 2454 2502 2509 vel
2524 2452 2572 2508 'si
2622 2442 2697 2508 illi
2730 2438 2945 2529 desunt,
2993 2453 3061 2508 ab
3108 2452 3347 2507 armario

1756 2544 2086 2617 provide-tur.
2135 2539 2463 2599 Eorumdem
2518 2559 2809 2614 puerormn
2854 2543 3253 2599 confessionem
3298 2543 3346 2597 si

1753 2643 1857 2713 est‘
1890 2630 2243 2709 recepturus,
2294 2618 2900 2707 magisterprredictus
2964 2635 3181 2691 adducit
3226 2633 3347 2688 illos

1754 2724 1925 2795 usque
1977 2728 2043 2782 ad
2100 2728 2380 2783 introitum
2427 2716 2651 2801 Capituli
2700 2728 2884 2797 ibique
2927 2743 3021 2783 eos
3068 2730 3347 2798 exspectat

1757 2810 2051 2874 redituros.
2398 2882 2403 2886 ἢ
2792 2892 2795 2893 ν
2874 2803 2885 2811 Α.

1756 2930 1759 2931 ⁷
2084 2940 2085 2943 ‘
2274 2926 2275 2929 “
2353 2931 2581 2988 CAPUT
2620 2931 2734 2987 XV.

1756 3021 1831 3075 Dc
1861 3022 2097 3095 eligendo
2131 3023 2317 3077 abbate
2363 3027 2429 3077 ml
2464 3024 2627 3078 alium
2652 3025 2844 3087 locutu,
2876 3042 2938 3077 ac
2969 3023 3033 3076 de
3063 3022 3338 3076 reverentia

2297 3096 2462 3148 eidem
2495 3095 2809 3149 exhibenda.

106 3183 357 3240 vestimenti
386 3187 452 3241 ab
474 3189 666 3257 aliquo
696 3190 766 3244 ibi
802 3190 1105 3247 dormiente
1138 3193 1192 3247 in
1221 3194 1459 3250 claustro
1498 3196 1644 3266 ejus:

1760 3210 1761 3213 η
1824 3182 1842 3201 θ
1867 3181 1923 3235 Si
1959 3181 2097 3236 forte
2126 3184 2357 3237 domnus
2389 3184 2523 3237 abba
2556 3192 2778 3260 rogatur
2820 3168 2888 3237 ab
2918 3183 3120 3265 aliquo,
3168 3190 3222 3234 ut
3278 3170 3344 3236 de

107 3271 196 3324 dem
219 3276 349 3331 cellae
374 3281 765 3351 suspendatur.
992 3348 995 3351 _

647 3371 875 3427 CAPUT
914 3372 1055 3429 XIV.

246 3457 476 3528 Quando,
512 3471 573 3517 et
612 3463 682 3516 ad
721 3480 837 3532 quo:
868 3468 1033 3537 ofﬁcia
1067 3468 1239 3522 notari
1267 3468 1467 3522 debeat.

156 3548 170 3566 ‘
205 3546 296 3603 Sed
343 3559 400 3605 ut
452 3553 679 3608 redeam
730 3555 781 3609 in
827 3556 1165 3613 claustrum:
1205 3559 1272 3613 ad
1312 3561 1445 3613 duas
1475 3560 1646 3629 septi:

104 3652 256 3696 manas
278 3642 324 3697 in
354 3659 529 3713 anno,
587 3646 630 3700 si
661 3655 744 3701 est
766 3661 1005 3716 praesens
1051 3644 1220 3704 abbas
1263 3659 1317 3703 et
1365 3649 1647 3705 incolumis

103 3729 153 3780 ad
172 3730 398 3800 majorem
432 3738 661 3791 missam
694 3740 930 3800 notatur,
960 3740 1010 3793 id
1038 3751 1122 3795 est
1142 3734 1422 3797 Dominica
1445 3742 1645 3797 Resur’

101 3823 314 3879 rectionis
335 3835 386 3882 et
399 3827 779 3884 Pentecostes.
802 3829 856 3884 In
887 3831 1082 3898 quibus
1099 3841 1278 3887 tamen
1304 3832 1443 3888 alius
1466 3847 1648 3888 sacer-

102 3914 175 3969 dos
204 3922 418 3976 armario
448 3922 795 3993 injungente,
845 3924 1107 3979 dicturus
1141 3935 1223 3981 est
1283 3926 1448 3981 horas
1488 3940 1650 3996 regu-

100 4003 239 4074 lares,
267 4021 452 4079 praeter
477 4028 744 4083 vesperos
773 4022 825 4068 et
848 4015 1211 4079 matutinum,
1255 4026 1309 4073 et
1338 4017 1390 4071 in
1423 4016 1650 4071 refecto-

102 4098 164 4150 rio
189 4101 391 4159 daturus
417 4105 877 4161 benedictionem.
921 4107 1022 4175 Qui
1048 4117 1101 4163 et
1132 4110 1336 4164 eisdem
1365 4110 1554 4165 diebus
1582 4110 1648 4165 ad

101 4191 330 4248 canticum
361 4195 640 4268 Evangelii
691 4212 798 4251 non
830 4197 1021 4261 viliore
1053 4213 1222 4268 cappa
1246 4239 1260 4262 ,
1288 4216 1289 4219 η
1323 4215 1485 4270 quam
1535 4199 1648 4269 ipse

101 4279 234 4336 abbas
260 4286 516 4351 vestitur,
550 4296 751 4342 etcum
779 4302 845 4343 eo
873 4287 1034 4365 simul
1070 4288 1260 4343 altaria
1293 4289 1565 4353 incenset,
1595 4297 1648 4342 et

99 4372 337 4433 oﬂicialetn
368 4382 569 4437 librum
602 4391 787 4438 teneat
829 4382 893 4437 ad
922 4378 1040 4453 ejus
1060 4383 1417 4453 obsequium.
1455 4383 1512 4436 In
1544 4381 1650 4436 Na-

100 4462 271 4521 tiritate
294 4468 503 4524 Domini
537 4479 748 4525 tantum
795 4471 861 4527 ad
912 4471 1170 4539 majorem
1212 4473 1432 4527 missam
1458 4472 1649 4527 scribi-

100 4561 193 4619 tur,
227 4569 276 4613 et
302 4563 559 4618 sacerdos
584 4564 638 4618 in
672 4564 900 4618 sabbato
934 4565 1311 4636 praescriptus,
1356 4565 1442 4620 vel
1491 4565 1537 4619 si
1593 4565 1645 4619 in

96 4644 331 4705 Dominiea
378 4654 621 4721 venerit,
674 4655 739 4709 ab
793 4657 1031 4709 armario
1081 4656 1397 4727 deputatus,
1449 4665 1646 4711 caetera

92 4738 191 4802 una:
220 4753 333 4797 sunt
373 4746 581 4816 agenda
617 4746 823 4814 implet.
876 4745 1136 4813 Quamvis
1190 4758 1371 4801 autem
1417 4747 1648 4816 amplius

94 4838 180 4879 non
208 4842 459 4901 notetur,
492 4828 709 4904 quoties
750 4844 932 4890 tamen
982 4837 1098 4890 vult
1128 4851 1224 4906 per
1247 4846 1416 4890 totum
1445 4851 1645 4890 annum

95 4925 244 4972 cantat
273 4920 674 4991 majoremsive
706 4926 972 4980 minorem
1010 4927 1265 4993 missam,
1301 4942 1559 4998 vesperos
1584 4932 1649 4982 et

92 5011 398 5067 matutinum.

150 5097 242 5155 Sed
263 5107 537 5162 sciendum
567 5108 859 5179 antiquam
874 5109 1244 5165 Cluniensium
1267 5125 1386 5167 esse
1408 5127 1639 5167 consue-

92 5191 325 5261 tudinem,
354 5209 413 5253 ut
463 5200 517 5254 in
557 5201 850 5255 Nativitate
900 5203 1111 5257 Domini
1164 5204 1524 5259 ministerium
1553 5219 1647 5259 co-

92 5281 245 5344 quinae
274 5285 474 5343 faciant
507 5284 738 5346 domnus
760 5290 930 5346 abbas
970 5301 1025 5345 et
1048 5291 1303 5347 cellarius
1329 5294 1489 5347 simul
1522 5308 1645 5348 cum

93 5370 298 5432 decanis.
325 5379 476 5447 ρυσά
515 5383 630 5438 ideo
663 5393 846 5439 tacere
875 5384 1172 5449 noluimus,
1200 5394 1259 5440 ut
1299 5387 1647 5441 animadver-

92 5464 198 5518 tatis
228 5460 480 5541 a'quanta
510 5478 795 5531 sanctitate
824 5477 1111 5547 incteperit
1137 5477 1227 5532 ille
1263 5478 1432 5541 locus,
1458 5495 1649 5547 quam-

92 5571 233 5625 quam
258 5568 417 5641 modo
440 5583 545 5622 non
580 5571 673 5635 sit,
719 5585 819 5625 nec
850 5571 1067 5641 absque‘
1095 5585 1291 5641 magna
1316 5570 1645 5641 importuni-

94 5656 190 5707 tate
243 5657 469 5728 idipsum
522 5662 846 5719 lmmilitatis
901 5674 957 5720 et
1015 5664 1296 5735 religionis
1339 5664 1643 5734 exemplum

93 5738 193 5797 ﬁeri
237 5751 452 5817 possit:
494 5767 614 5808 nam
670 5755 805 5810 tanti
854 5755 1117 5821 fratrum,
1176 5756 1309 5810 tanti
1372 5757 1643 5828 hospitum

1751 3275 1863 3329 suis
1895 3275 2158 3330 fratribus
2183 3276 2435 3331 abbatem
2483 3276 2783 3330 constituat
2836 3275 2887 3328 in
2927 3275 3107 3329 alieno
3154 3289 3339 3327 mona-

1750 3367 1949 3433 sterio,
1998 3366 2151 3443 juxta
2204 3366 2813 3435 consilimn‘seniorum
2873 3365 3055 3435 eligit,
3095 3363 3186 3432 qui
3240 3362 3335 3417 tali

1749 3458 1998 3510 videatur
2023 3458 2218 3527 dignus
2245 3457 2442 3510 oliicio.
2482 3456 2699 3535 Electus
2727 3446 2906 3509 autem
2931 3457 2976 3508 si
2999 3456 3161 3523 sapit,
3190 3469 3346 3508 recu-

1750 3558 1855 3614 sat,
1883 3560 2143 3619 quantum
2180 3558 2373 3618 potest,
2419 3548 2524 3603 tale
2568 3563 2706 3602 onus
2756 3548 3061 3616 suscipere;
3114 3553 3334 3601 servata

1753 3651 1933 3695 tamen
1960 3641 2286 3705 obetlieutia,
2312 3640 2356 3692 si
2387 3637 2581 3691 viderit
2619 3628 2834 3713 Patrem
2869 3637 2921 3689 in
2952 3652 3045 3689 sua
3096 3644 3341 3704 perstare

1750 3734 2045 3788 Sententia.
2075 3730 2203 3785 Post
2251 3729 2548 3797 injunctam
2594 3729 2695 3783 sibi
2727 3728 3091 3783 obedientiam
3118 3726 3339 3781 inclinat

1749 3833 1805 3879 et
1833 3824 2076 3879 sedet'ad
2120 3818 2396 3901 sinistram
2443 3818 2625 3895 (ἰσιηηί
2662 3820 2894 3901 abbatis,
2943 3820 3063 3889 ipso
3087 3818 3337 3889 jubente.

1748 3918 1882 3973 Gtun
1910 3898 2207 3973 veneritad
2244 3914 2443 3981 locum,
2481 3914 2587 3969 eui'
2613 3904 2697 3969 est
2745 3898 3133 3983 prmfereudns,
3162 3909 3343 3978 ibique

1748 4021 1847 4077 per
1873 4009 2133 4063 domuum
2165 4005 2411 4060 abbatem
2441 4005 2558 4060 sive
2586 4019 2683 4069 per
2711 4004 2829 4072 ejus
2858 4002 3109 4055 nuntium
3153 3992 3336 4054 fratri?

1752 4100 1851 4153 bus
1878 4097 1985 4152 illis
2013 4095 2177 4150 fuerit
2202 4095 2516 4167 designatus
2562 4094 2749 4156 abbas,
2804 4103 2931 4147 tunc
2982 4102 3174 4145 cratera
3222 4104 3342 4159 qua!

1749 4190 2116 4258 pertinent‘ad
2147 4187 2265 4256 ejus
2290 4186 2689 4256 prometionem
2721 4186 2791 4237 ita
2821 4191 3172 4253 peraguntur,
3201 4182 3340 4235 sicut

1750 4284 1815 4336 de
1844 4281 2106 4336 electione
2127 4281 2308 4334 domui
2327 4280 2541 4334 abbatis
2564 4293 2724 4346 supra
2754 4276 3013 4351 scriptum
3048 4273 3339 4327 invenitur.

1750 4373 1878 4429 Post
1900 4374 2038 4428 hanc
2067 4372 2485 4442 promotionem,
2513 4385 2637 4425 cum
2668 4369 2903 4437 primum
2936 4367 3000 4420 ad
3033 4381 3128 4420 nos
3174 4378 3339 4418 vene-‘-

1754 4466 1845 4529 rit,
1905 4480 2026 4520 eum
2080 4458 2799 4534 proccssionesuscipitur,
2844 4455 3175 4527 baculuSque
3224 4456 3342 4524 ejus

1754 4557 2059 4629 pastoralis,
2093 4556 2175 4611 vel
2207 4555 2251 4610 si
2286 4570 2442 4611 suum
2474 4569 2581 4608 non
2614 4552 2819 4616 attulit,
2845 4565 2981 4604 unus
3018 4551 3085 4603 de
3135 4549 3341 4605 baculis

1751 4649 1933 4705 domui
1973 4648 2208 4711 abbatis,
2258 4656 2313 4701 et
2361 4655 2487 4700 tunc
2538 4655 2593 4698 et
2637 4653 2818 4715 postea
2858 4642 3075 4712 quoties
3120 4639 3185 4696 ad
3231 4657 3329 4693 nos

1752 4740 2227 4806 revertitur,jnxta
2253 4739 2426 4793 altare
2445 4738 2589 4809 quod
2613 4746 2696 4791 est
2723 4737 3027 4806 proximum
3057 4735 3219 4797 ostio,
3244 4748 3341 4802 per

1749 4833 1892 4902 quod
1922 4832 2030 4886 itur
2054 4833 2119 4887 de
2142 4831 2381 4886 claustro
2406 4830 2457 4884 in
2477 4829 2767 4885 ecclesiam
2790 4844 2818 4882 a
2847 4829 3073 4881 saerista
3095 4827 3338 4895 ponitur,

1751 4936 2021 4997 quatenus
2051 4940 2150 4997 per
2182 4927 2324 4980 hanc
2368 4924 2605 4980 debitam
2650 4924 2699 4977 ei
2733 4922 2929 4979 fratres
2974 4922 3337 4977 reverentiam

1749 5019 2008 5074 exhibere
2031 5026 2506 5073 commoueantur.
2548 5018 2557 5031 ’
2957 5035 2960 5038 '

1820 5114 1878 5168 Si
1928 5113 2208 5184 capellano
2257 5122 2437 5177 caret,
2483 5113 2632 5182 prior
2680 5111 2728 5166 ei
2786 5102 3035 5164 idoneum
3082 5108 3327 5161 adhibet.

1748 5206 1996 5274 Quandiu
2030 5209 2167 5276 apud
2194 5202 2293 5260 nos
2322 5202 2564 5260 moratur
2594 5220 2623 5257 a
2654 5203 2916 5257 fratribus
2942 5201 2990 5255 ei
3022 5200 3333 5261 inclinatur,

1748 5308 2016 5369 prmsente
2044 5299 2207 5353 etiam
2232 5286 2442 5370 domno
2481 5297 2695 5350 abbate.
2725 5296 2843 5361 Quo
2877 5294 3099 5347 absente
3135 5291 3337 5361 ubique

1747 5392 1837 5446 dat
1868 5389 2324 5452 benedictionem,
2375 5397 2429 5443 et
2485 5380 2835 5456 antipbouam
2870 5386 2922 5439 in
2950 5383 3231 5437 duodecim
3262 5383 3337 5434 le-

1746 5484 2017 5538 ctionibus
2046 5500 2209 5553 super
2255 5464 2525 5536 canticum
2582 5463 2858 5549 Evangelii
2900 5476 3149 5546 imponit,
3171 5491 3331 5544 quam

1747 5576 1822 5631 illi
1856 5576 2127 5630 armarins
2152 5573 2460 5629 innoteseit'.
2492 5571 2625 5626 Cum
2669 5586 2776 5639 quo
2820 5569 2991 5624 etiam
3015 5566 3333 5629 inclinante,

1744 5664 1826 5722 vel
1877 5667 1920 5720 si
1967 5664 2171 5720 fallitur
2217 5662 2430 5717 veniam
2472 5659 2711 5731 petente,
2761 5668 3060 5714 conventus
3090 5654 3332 5712 inclinat.

1748 5761 1871 5817 l‘ost
1901 5760 2303 5816 iuciiaauonem
2341 5756 2465 5811 thus
2519 5753 2768 5825 imponit,
2809 5753 2854 5809 si
2895 5752 3032 5808 alius
3080 5750 3334 5808 sacerdos
