1936 3153
264 150 276 175 1
280 149 334 178 055

257 210 299 231 est
313 203 512 235 iuceusaturus.
520 203 565 240 qui
580 204 605 231 ei
619 211 739 234 acerram
755 212 803 240 per
816 213 913 233 manus
928 205 1051 234 osculum

259 250 381 286 porrigit.
405 250 539 278 Octavum
565 251 771 290 responsorium
796 252 829 279 ad
856 253 968 288 gradum
987 261 1049 285 cum

258 293 330 328 aliis,
356 300 402 322 aut
428 295 453 322 in
476 295 541 324 sede
565 302 615 324 sua
638 297 711 324 solus
727 301 829 325 cantat.
859 298 1050 327 Duodecimam

257 339 400 367 lectionem
415 339 496 368 l‘atre
510 341 668 368 monasterii
682 342 804 376 absente,
817 350 904 378 eoque
918 351 1052 380 pnusenle

257 389 380 412 octavam
393 386 467 421 legit,
478 390 507 413 et
521 386 711 416 duodecimum
727 390 931 427 responsorit‘tm
955 392 1050 420 eodem

256 430 365 465 ordine,
383 440 437 468 quo
450 437 477 460 ct
490 437 614 461 octavum
627 434 710 462 canit.
733 434 774 462 Ad
796 436 910 471 gradum
928 437 962 465 de
987 439 1051 467 sede

257 483 305 502 sua
321 477 442 511 tendenti
455 478 563 514 quando
584 477 727 507 lectionem
747 479 877 514 praedicto
892 480 973 510 Patre
1000 483 1050 511 ab-

255 526 333 549 sonte
347 521 467 551 lecturus
487 528 542 558 est,
559 523 657 555 fratres
672 525 786 553 erectim
812 532 968 562 assurgunt,
992 529 1050 565 ipso

255 573 322 594 vero
335 573 479 602 prmscnte.
494 576 590 605 parum
611 570 643 598 de
667 570 776 599 sedibus
797 571 854 599 suis
875 580 904 600 se
929 573 1051 604 levantes

256 612 439 645 submittunt,
459 619 485 640 ct
505 622 538 642 co
560 615 690 643 redeunte
713 616 839 645 similiter
858 624 952 654 agtnit.
977 621 1049 650 Idem

255 659 365 691 quando
391 659 533 688 inccnsare
557 660 637 689 debet
653 669 702 698 per
723 670 753 691 se
768 664 831 692 thus
844 670 921 693 extra
937 667 1049 696 chorum

255 702 370 737 imponit
392 704 596 743 incenatisque
622 706 755 737 altaribus
781 709 882 739 domno
906 711 996 740 abbati
1021 718 1050 742 ct

254 749 338 783 priori
355 750 494 778 incensum
514 752 603 780 olTert.
621 751 690 781 Nam
715 755 767 782 etsi
782 756 871 785 nullus
884 757 968 787 abbas
982 760 1049 788 assit

254 799 365 840 propter
387 795 473 823 solum
498 797 616 832 priorem
641 798 706 827 illud
728 800 756 828 in
779 802 892 830 chorum
917 809 1047 840 reportat.

255 839 387 867 Emndem
410 849 473 868 vero
499 843 645 876 abbatem,
669 844 785 874 domnus
798 847 883 876 abbas
910 839 1048 885 accipiens

255 884 421 913 thurilmlum
436 895 450 913 a
465 894 606 920 coavcrso.
626 888 746 917 vicissim
765 892 896 921 inceusal.
911 884 979 923 Cum
992 896 1046 925 alio

253 936 344 958 autem
359 931 503 960 incensans
517 934 670 967 sacerdote,
685 936 744 964 sive
758 945 818 965 cum
831 939 885 966 alio
900 940 977 974 cujus
989 941 1048 977 ipse

252 980 295 1003 est
309 977 382 1010 prior
399 978 513 1012 abbate,
524 979 588 1007 nulli
602 980 655 1008 nisi
670 980 697 1008 in
711 982 806 1018 ciaoro,
821 990 935 1021 excepto
947 986 1047 1018 dotnno

251 1021 351 1050 abbate.
376 1023 455 1050 debet
487 1023 628 1052 incensum
654 1028 786 1063 prabere.
811 1029 925 1063 Quando
955 1038 1047 1063 autem

251 1075 312 1094 cum
328 1068 417 1104 aliqua
441 1070 593 1103 sacerdote,
608 1072 681 1101 nullo
703 1074 800 1103 abbate
817 1081 935 1111 astante,
948 1078 1044 1107 incen-

250 1114 376 1149 sat,ipse
387 1115 496 1151 quidem
518 1117 614 1153 priori.
639 1120 686 1147 sed
699 1121 827 1151 sacerdos
846 1123 883 1150 illi
906 1124 1046 1155 incensum

250 1158 433 1188 administrat.
447 1162 488 1189 Ad
502 1158 704 1199 processionem
717 1171 746 1194 et
767 1167 795 1196 in
815 1168 913 1203 choro,
924 1171 976 1198 etsi
990 1171 1047 1207 ipso

248 1204 311 1234 alba
324 1205 432 1235 indutus
447 1217 500 1236 non
511 1210 557 1245 sit,
573 1216 662 1240 tamen
680 1212 749 1241 albis
764 1214 891 1248 superior
906 1204 1046 1249 erit.Cum

250 1249 360 1278 missam
377 1252 519 1282 celebrare
540 1256 667 1289 voluerit,
692 1258 806 1285 sacrista
817 1259 843 1287 ei
855 1260 936 1289 solito
950 1262 1045 1292 melio-

249 1301 309 1341 rcnt
331 1301 486 1341 paraturam
518 1302 745 1330 accommodabit.
760 1303 801 1331 Ad
818 1306 967 1341 capitulum
991 1316 1044 1337 non

249 1338 334 1386 venit,
347 1340 398 1368 nisi
413 1349 473 1370 cum
487 1343 586 1373 domno
602 1346 711 1380 abbate,
740 1356 801 1376 cum
825 1338 880 1386 quo
901 1351 984 1381 etiam
1010 1355 1045 1383 ad

248 1384 425 1422 ptlncipalem
441 1396 563 1417 mensam
578 1392 654 1419 sedet
670 1392 696 1420 in
712 1384 872 1428 refectorio,
893 1398 934 1425 vel
959 1399 1044 1434 solus,

248 1438 281 1458 eo
293 1431 415 1467 absente.
433 1432 496 1461 Post
519 1437 663 1470 prandiqu
687 1439 883 1475 ministrorum,
899 1431 1044 1473 comedens

248 1476 284 1504 ad
297 1484 379 1505 unam
392 1478 427 1506 de
442 1481 630 1515 superioribus
643 1485 754 1519 meritis,
768 1488 846 1516 sedet
857 1497 919 1517 cum
935 1492 1044 1520 comiti-

248 1521 299 1551 bus
310 1522 368 1551 suis
382 1523 578 1559 aliquantulum
590 1529 624 1556 ab
641 1538 674 1558 eo
701 1533 822 1562 remotis.
838 1534 867 1563 In
882 1535 1044 1566 dormitorio

248 1567 349 1597 dormit
361 1577 393 1596 ex
405 1574 610 1607 consuetudine,
624 1581 714 1611 potest
724 1582 827 1612 tamen.
838 1579 861 1608 si
873 1587 1042 1616 uecesseest,

249 1616 408 1652 providente
423 1618 514 1654 priore
528 1619 555 1648 in
569 1619 636 1651 cella
654 1623 830 1657 novitiorum.
846 1625 904 1654 sive
924 1626 952 1656 in
967 1628 1044 1665 intir-

249 1662 335 1692 maria
347 1663 476 1695 dormire.

285 1707 313 1734 8i
329 1708 460 1741 fratribus
472 1712 529 1745 suis
540 1713 699 1743 societatem
711 1719 741 1744 et
750 1716 903 1752 capitulum
917 1724 1043 1748 nostrum

249 1751 305 1780 rult
321 1755 474 1794 acquirere.
488 1758 516 1787 in
538 1760 658 1796 capitulo
672 1765 737 1789 ante
760 1751 889 1791 domuum
913 1764 1042 1795 abbatem

248 1798 329 1826 debet
344 1802 450 1830 veniam
472 1809 576 1840 petere,
601 1813 630 1835 et
656 1807 841 1844 interrogatus
864 1810 930 1845 quid
956 1812 1042 1848 dicat,

248 1852 311 1898 curn
326 1849 504 1885 responderit,
521 1852 734 1886 Hitericordiam
745 1865 846 1892 quam,
872 1868 1043 1898 sursumque

248 1890 415 1921 voluntatem
429 1903 506 1925 suam
520 1899 664 1933 patefacit;
689 1890 809 1938 assurgit
832 1890 948 1934 domnus
972 1890 1041 1936 abba

247 1943 475 1986 cpinconventu,
492 1947 522 1971 et
547 1943 596 1971 dat
621 1944 646 1971 ei
669 1946 828 1976 societatem
841 1953 870 1977 et
881 1950 1041 1986 capitalium,

248 1981 381 2018 simulque
397 1987 527 2023 recipitur
542 1988 578 2017 ab
588 1997 631 2018 eo.
644 1989 712 2020 Nam
725 1993 884 2029 priusquam
899 1981 951 2024 hbe
962 1981 1042 2028 tundo

248 2028 366 2077 societas
380 2031 416 2059 ab
431 2033 472 2061 eis
485 2034 673 2071 conﬁrmetur.
687 2038 776 2068 nullus
789 2028 911 2071 nostrum
922 2042 957 2070 ad
968 2043 1039 2077 illos.

249 2073 290 2124 vel
303 2083 336 2104 ex
350 2077 402 2106 illis
415 2079 449 2106 ad
464 2087 516 2108 nos
528 2082 770 2119 venienscapitulo
783 2086 917 2117 interesse
928 2073 1041 2124 permit;

248 2119 329 2170 titur,
341 2124 393 2151 nisi
406 2124 457 2170 hoc
470 2133 532 2154 cum
555 2128 633 2168 regia
653 2136 852 2164 promereatur.
867 2133 895 2162 Si
907 2119 976 2170 quid
987 2136 1041 2165 tale

185 2157 190 2164 ”
241 2165 355 2208 jecerit,
370 2169 440 2197 ttnde
454 2169 553 2200 fratres
579 2157 666 2209 nostri
681 2157 744 2205 loci,

246 2217 343 2241 contra
358 2221 388 2242 se
402 2214 502 2248 habere
514 2220 701 2255 cognoverint,
715 2223 879 2258 quantocius
892 2224 1003 2253 advenit
1012 2231 1041 2255 et

248 2258 388 2305 humiliter
399 2264 541 2292 conventni
553 2264 617 2292 inde
628 2266 773 2301 satisfacit.
785 2273 814 2296 ut
826 2269 925 2305 quibus
935 2272 1043 2301 occasio

248 2303 283 2381 ad
309 2304 416 2333 ruinam
440 2314 501 2336 esse
526 2310 643 2345 poterit,
670 2303 1043 2349 exemplumﬁadilicationis

268 2353 306 2376 at.

268 2353 306 2376 at.

241 2423 244 2435 ε
285 2395 420 2444 Expulsus
434 2398 504 2428 forte
517 2401 550 2430 de
566 2402 625 2432 loco
636 2412 687 2433 suo
700 2412 750 2441 pro
767 2406 858 2442 aliqua
871 2408 1042 2444 persecutio-

248 2449 295 2476 ne,
306 2443 329 2470 si
344 2451 420 2479 spem
433 2446 560 2478 redeundi
577 2449 660 2479 habet
676 2455 706 2479 et
717 2455 820 2481 'tameu
844 2443 946 2482 diutius
970 2455 1042 2490 apud

249 2496 299 2520 nos
319 2492 483 2522 commorari
504 2493 601 2529 debet,
629 2497 817 2532 supradictum
844 2500 969 2528 ordinem
987 2509 1042 2533 non

248 2537 413 2574 servat,vsed
434 2545 470 2569 ex
492 2541 698 2575 consuetudine,
722 2542 837 2572 fratrum
853 2545 1043 2575 inclinationes

248 2587 277 2613 et
291 2584 461 2620 capellarum
473 2594 537 2615 cum
548 2587 654 2615 latcrna
666 2588 719 2616 sibi
733 2597 788 2620 non
807 2590 928 2627 impendi
953 2592 1042 2622 humi-

248 2629 312 2659 liter
329 2638 345 2661 a
358 2632 458 2661 deamo
468 2632 568 2665 abbate
579 2634 708 2668 postulat.
723 2633 756 2662 Si
766 2635 793 2663 in
808 2638 972 2672 competenti
983 2638 1043 2667 loco

247 2679 277 2721 et
291 2680 413 2712 tempore
424 2684 487 2705 cum
502 2676 594 2714 aliquo
606 2677 693 2707 fratre
704 2679 766 2708 sine
784 2680 895 2710 licentia
910 2682 1041 2721 loquitur,

249 2719 303 2751 hoc
314 2721 463 2756 quidomin
478 2730 512 2751 eo
527 2727 591 2751 tunc
610 2724 810 2760 dissimulatur;
831 2727 880 2755 sed
905 2728 933 2756 in
956 2719 1043 2759 fratre

249 2766 345 2804 procul
353 2767 436 2796 dubio
447 2768 623 2799 inclamatur.
637 2771 674 2800 At
683 2772 707 2801 si
722 2774 896 2808 postmodum
908 2775 934 2803 in
945 2775 1043 2806 talibus

250 2812 372 2843 ordinem
385 2816 594 2851 transgreditur,
609 2825 691 2853 super
702 2818 753 2847 hoc
769 2823 799 2847 ut
810 2821 936 2848 emendet
954 2821 1041 2850 chari-

287 2870 362 2909 (123)
382 2873 448 2901 Vide
462 2882 521 2910 cap.
534 2875 561 2909 2,
576 2880 647 2912 part.
664 2884 671 2904 l
685 2875 748 2912 0rd.
765 2876 887 2905 Cluniae.

794 150 823 177 S.
842 148 1029 183 GUILLEUII
1056 149 1200 178 ABBATIS
1218 148 1381 178 lllllSMu'G.

1813 148 1865 176 ιαϊσ

1066 207 1089 236 Α
1105 205 1188 233 tative
1202 205 1374 232 admonetur.
1392 203 1468 239 Quod
1484 204 1506 231 si
1522 203 1638 240 amplius
1659 202 1691 231 ad
1702 206 1865 234 monasterium

1101 258 1180 278 suum
1206 251 1296 278 redire
1320 250 1428 285 dinidit,
1449 250 1565 285 pristino
1586 248 1737 277 suoordine
1748 254 1865 280 contentus

1100 295 1165 329 crit,
1181 296 1231 324 nisi
1247 296 1361 324 domnus
1370 296 1453 323 abbas
1462 304 1524 323 eum
1537 294 1714 330 promoverit.

1396 341 1510 371 CAPUT
1530 341 1600 369 XVI.

1305 386 1343 416 De
1356 387 1504 417 ordinando
1517 387 1605 422 priore
1621 385 1708 422 (125).

1136 431 1206 469 (ιω.)
1225 431 1338 466 Quando
1353 431 1428 467 prior
1438 435 1481 459 est
1496 428 1867 465 ordinandus.primo’domuus

1099 478 1184 507 abbas
1209 479 1291 508 habet
1310 479 1374 507 inde
1392 478 1536 508 consilium
1557 486 1620 506 cum
1647 477 1801 510 senioribus,
1814 479 1865 506 etin

1099 525 1214 553 arbitrio
1243 525 1352 554 illorum
1380 525 1542 553 electionem
1570 524 1657 560 ponit.
1689 523 1779 551 Postea
1804 524 1866 552 refert

1099 570 1261 599 sententiam
1280 570 1307 598 in
1322 570 1453 606 capitulo,
1469 575 1497 598 et
1519 571 1552 598 de
1573 577 1628 606 quo
1645 569 1812 602 consenserit,
1825 569 1866 596 lau-

1099 617 1165 645 dant
1178 625 1283 645 omnes.
1297 617 1383 652 Quem
1401 616 1526 652 elegerit,
1542 616 1565 644 si
1590 616 1672 651 sapit,
1694 615 1793 643 veniam
1807 616 1865 650 petit,

1099 670 1234 691 excusans
1260 670 1290 691 se
1315 662 1349 691 ad
1375 670 1474 690 munus
1502 661 1657 697 hujusmodi
1688 668 1739 688 non
1767 660 1866 689 idoneum

1098 716 1169 737 esse.
1183 709 1224 736 Ad
1240 709 1364 737 ultimum
1389 709 1413 737 si
1446 708 1470 736 ei
1492 708 1612 743 iniuncta
1635 706 1718 735 fiierit
1731 705 1867 739 obedientia,

1100 763 1153 782 non
1169 754 1241 782 aliud
1258 754 1333 788 facit,
1349 762 1432 790 quam
1454 754 1577 784 inclinat.
1592 753 1678 782 Sedet
1700 753 1733 780 ad
1754 752 1867 781 sin'sl'ram

1099 801 1191 829 dotnni
1217 801 1335 829 abbatis.
1356 800 1424 829 Cum
1451 800 1624 830 surrexerint
1645 798 1679 827 de
1698 797 1806 833 capitulo
1820 803 1868 825 eunt

1098 854 1160 874 cum
1183 846 1335 882 psalmodia
1360 846 1439 874 solita
1461 846 1488 874 in
1509 845 1655 873 ecclesiam
1680 843 1811 878 majorem.
1829 842 1868 874 Ubi

1063 888 1085 918 Β
1100 899 1163 918 mox
1180 899 1267 919 navus
1283 892 1368 927 prior,
1389 891 1416 919 in
1438 891 1530 919 sedem
1552 889 1729 926 prs-cessaris
1743 889 1782 917 sui
1795 896 1868 931 succe-

1099 936 1150 969 dit,
1167 941 1194 964 ct
1216 935 1300 964 ﬁnitis
1326 935 1438 974 psalmis
1457 937 1491 963 ad
1516 935 1633 972 gradum
1660 935 1771 962 veniens
1784 939 1836 962 ante
1851 941 1871 962 et

1099 987 1173 1010 retro
1187 982 1262 1016 facit,
1277 983 1349 1011 hunc
1362 990 1470 1010 versum
1481 987 1522 1011 ter
1540 981 1669 1010 dicendo.
1684 981 1763 1014 Deur,
1776 981 1798 1007 in
1810 981 1870 1016 adju-

1098 1025 1194 1060 torium
1211 1041 1298 1061 meum
1309 1034 1424 1063 intende.
1439 1033 1474 1063 Et
1487 1038 1638 1061 conventus
1648 1032 1773 1060 similiter
1783 1039 1870 1071 respon-

1098 1080 1153 1109 det.
1175 1081 1228 1109 Dat
1239 1081 1264 1109 ei
1278 1081 1349 1110 banc
1365 1080 1424 1117 ipse
1433 1080 1550 1108 domnus
1565 1079 1652 1108 abbas
1667 1078 1868 1112 benedictionem.

1099 1125 1194 1159 Tuam,
1214 1125 1411 1154 clementissime
1435 1125 1527 1158 Pater.
1539 1124 1756 1159 omnipotentiam
1766 1123 1868 1158 supplicat

1096 1172 1281 1209 deprecamur,
1302 1178 1329 1200 ut
1342 1172 1482 1208 infundere
1496 1171 1614 1209 digneris
1628 1179 1709 1206 super
1721 1170 1787 1198 Itum:
1801 1170 1869 1205 [amu-

1097 1216 1152 1245 lum
1176 1223 1267 1250 tuum,
1287 1226 1364 1255 quem
1382 1223 1428 1245 tuo
1452 1224 1639 1253 seruorumque
1660 1222 1767 1243 tuorum
1786 1214 1869 1243 scrrt'tia

1097 1264 1288 1299 mancipamus,
1304 1264 1425 1300 spiritum
1440 1263 1577 1300 sapientia:
1599 1267 1623 1290 et
1643 1261 1787 1291 intellectus
1796 1260 1869 1296 discit-

1097 1309 1243 1344 tionisque,‘
1263 1309 1334 1337 dona
1351 1309 1375 1336 ei
1393 1310 1422 1339 in
1436 1310 1486 1336 hac
1502 1308 1580 1338 domo
1596 1314 1643 1336 tuo
1664 1308 1703 1338 ita
1718 1312 1828 1347 agar,“
1840 1308 1869 1335 iit-

1091 1354 1216 1390 junctum
1240 1354 1290 1382 sibi
1305 1354 1416 1390 oﬂicium
1430 1355 1468 1381 ius
1487 1353 1686 1386 administrare,
1703 1358 1730 1380 ut
1744 1357 1767 1381 et
1778 1352 1869 1387 tibiplav

1095 1408 1153 1430 cere
1170 1399 1266 1433 ualeat,
1280 1405 1304 1427 et
1326 1400 1466 1428 utilitatem
1487 1407 1620 1427 seruorum
1634 1404 1752 1432 tuorum,
1774 1403 1796 1425 te
1811 1399 1869 1425 auai-

1095 1446 1187 1480 liuute,
1197 1446 1383 1482 perfectissime
1396 1446 1510 1481 expleat,
1523 1450 1629 1481 propter
1643 1444 1716 1480 quod
1731 1449 1754 1472 et
1768 1444 1805 1471 llic
1820 1450 1839 1471 et
1851 1446 1870 1470 iu

1095 1492 1185 1528 futuro
1195 1492 1293 1521 sa‘culo
1309 1492 1453 1521 mercedem
1465 1491 1585 1531 laborum
1597 1499 1708 1518 suorum
1720 1491 1746 1518 in
1761 1491 1870 1526 consortio

1094 1545 1247 1567 sanctorum
1270 1544 1375 1566 tuorum
1392 1547 1408 1566 α
1430 1543 1454 1566 te
1475 1538 1593 1574 piissimo
1611 1538 1737 1574 largitore
1752 1538 1867 1574 percipiat.

1096 1584 1159 1619 Per,
1173 1577 1228 1613 etc.

1131 1631 1165 1659 Et
1185 1635 1214 1659 ut
1234 1631 1278 1659 bic
1301 1638 1409 1666 quoque
1429 1630 1488 1665 ejus
1513 1630 1649 1659 absolutio
1670 1638 1724 1657 non
1744 1627 1869 1662 dim-ratur,

1095 1677 1249 1706 meminerit
1272 1677 1379 1712 quando
1402 1677 1584 1706 absolvendus
1608 1681 1662 1709 est,
1676 1681 1706 1703 ut
1725 1675 1807 1703 mittat
1825 1683 1870 1704 rur-

1094 1730 1154 1751 sum
1170 1731 1232 1752 cum
1252 1723 1298 1752 illo
1313 1723 1468 1752 Benedictus
1480 1731 1525 1756 ιι,
1536 1723 1649 1755 Domine
1663 1722 1746 1755 Deus,
1758 1723 1797 1758 qui
1809 1721 1870 1756 adju-

1093 1770 1153 1798 visti
1165 1777 1206 1798 me
1217 1775 1241 1797 et
1255 1769 1405 1798 consolatus
1419 1778 1446 1797 es
1459 1778 1500 1798 me
1513 1776 1523 1797 :
1538 1774 1567 1797 et
1582 1769 1627 1796 tali
1642 1768 1790 1797 absolvitur
1804 1769 1870 1796 hrne-

1094 1815 1223 1844 dictione.
1242 1815 1353 1844 Domine
1371 1814 1438 1843 Iesu
1459 1815 1571 1848 Christe,
1589 1815 1636 1851 qui
1657 1816 1699 1850 pie
1724 1815 1871 1850 servientibus

1093 1861 1140 1890 tibi
1154 1861 1296 1899 muni/ictis
1319 1862 1462 1890 retributor
1476 1866 1500 1890 et
1521 1861 1633 1892 clemens
1662 1861 1771 1896 largitor
1789 1859 1871 1891 exiuit.

1092 1907 1162 1937 hunc
1176 1906 1306 1942 famulum
1321 1913 1407 1943 tuum,
1418 1908 1464 1944 qui
1478 1907 1506 1947 in
1519 1908 1569 1947 hac
1580 1907 1660 1937 domo
1674 1912 1721 1935 tua
1734 1915 1797 1934 nunc
1808 1914 1871 1942 usque

1091 1952 1206 1987 ﬁdeliter
1221 1952 1367 1987 laboravit,
1388 1959 1412 1981 et
1434 1953 1499 1987 tibi,
1522 1953 1656 1990 seruisque
1673 1954 1727 1986 tuis
1752 1953 1871 1989 Medici-do

1092 1999 1240 2035 injunctum
1261 2000 1324 2033 sibi,
1337 2005 1362 2028 te
1374 2000 1532 2036 auxiliante,
1542 2000 1737 2032 administrauit
1753 2000 1849 2035 cilicium
1862 2007 1869 2025 :

1091 2044 1225 2074 laboribus
1237 2046 1293 2073 suis
1313 2046 1392 2074 solita
1410 2046 1570 2085 benignitate
1590 2046 1729 2081 responde,
1740 2050 1763 2082 et
1777 2045 1828 2080 pius
1841 2053 1873 2080 rc-

1092 2099 1245 2121 ntuneratur
1267 2100 1375 2129 appara,
1389 2097 1415 2120 et
1435 2096 1550 2127 prcsta;
1575 2096 1603 2119 ut
1630 2092 1658 2119 in
1677 2092 1727 2119 hac
1746 2092 1816 2118 domo
1831 2095 1867 2116 tua

1087 2139 1188 2174 iugiter
1202 2143 1364 2174 permaneat,
1381 2143 1406 2166 et
1425 2138 1569 2166 mercedem
1587 2138 1709 2167 laborum
1729 2145 1836 2168 suanm,
1850 2143 1871 2164 et

1091 2185 1135 2212 hic
1148 2190 1172 2212 st
1191 2185 1221 2214 in
1234 2184 1405 2219 retributione
1418 2184 1555 2221 justorunt
1573 2193 1590 2212 α
1611 2189 1636 2211 te
1655 2184 1791 2219 percipiat,
1803 2182 1872 2221 largi-

1057 2230 1079 2259 D
1093 2234 1227 2266 totamque
1242 2230 1360 2258 omnium
1370 2230 1497 2259 bonorum
1508 2234 1533 2257 ts
1541 2238 1598 2257 esse
1605 2230 1790 2266 plenissimum
1797 2236 1871 2258 scim

1093 2275 1203 2302 dubitet.
1208 2294 1215 2302 .
1311 2310 1314 2311 ν

1129 2323 1137 2331 ⁸
1154 2322 1202 2350 Est
1222 2326 1314 2349 autem
1337 2322 1518 2356 consuetudo.
1539 2321 1563 2351 si
1593 2329 1637 2349 res
1658 2321 1754 2357 exigit.
1777 2326 1804 2350 ut
1820 2320 1870 2347 dtus

1093 2361 1175 2397 Pater
1195 2367 1229 2395 de
1251 2367 1348 2396 eadem
1371 2367 1527 2395 obedientia
1548 2367 1717 2399 absolvatur,
1730 2367 1763 2399 de
1782 2365 1837 2397 alio,
1850 2363 1870 2393 si

1093 2410 1152 2446 ﬁeri
1166 2416 1267 2447 potest.
1282 2416 1313 2439 ut
1325 2416 1517 2447 pertractetur,
1531 2411 1579 2448 qui
1593 2419 1658 2439 mox
1680 2411 1708 2439 iu
1725 2410 1782 2446 ejus
1799 2411 1870 2438 locum

1092 2456 1264 2492 subrogetur,
1284 2462 1421 2493 quatenus
1442 2457 1538 2487 eadem
1563 2458 1643 2490 liora,
1661 2464 1716 2492 qua
1737 2457 1786 2484 i5te
1803 2457 1871 2484 benc—

1092 2502 1238 2531 dictionem
1252 2503 1421 2539 egrediendi,
1437 2503 1482 2530 ille
1496 2503 1578 2531 etiam
1597 2503 1715 2539 accipiat
1727 2501 1872 2531 benedictio-

1092 2557 1155 2577 nem
1174 2549 1341 2586 cgredicndi.
1357 2549 1409 2584 Qui
1431 2549 1455 2578 si
1479 2548 1551 2579 forte
1570 2553 1683 2585 propter
1704 2547 1806 2585 aliquod
1824 2547 1869 2575 cri-

1093 2604 1154 2627 men
1181 2597 1215 2625 de
1237 2597 1359 2633 prioratu
1388 2597 1556 2630 destituitur,
1575 2596 1720 2631 confestim
1743 2597 1769 2624 in
1791 2595 1871 2622 ultimo

1092 2641 1216 2677 ponitur.
1231 2646 1326 2676 postea
1337 2641 1487 2673 secundum
1509 2649 1568 2670 rem
1591 2641 1764 2675 tractandus;
1777 2640 1814 2667 sin
1832 2646 1871 2665 aur

1094 2692 1158 2721 tein,
1174 2687 1209 2715 ad
1227 2688 1348 2723 priorem
1372 2687 1444 2716 redit
1466 2687 1603 2716 ordinem.
1623 2687 1701 2722 Quod
1724 2686 1823 2722 quidem
1842 2685 1871 2712 ita

1092 2733 1177 2768 (sicut
1189 2732 1306 2769 dictum)
1320 2733 1356 2761 de
1370 2733 1469 2769 quovis
1484 2732 1561 2762 cella:
1580 2737 1680 2761 nostra:
1700 2733 1796 2769 priore,
1809 2730 1830 2759 si
1844 2729 1871 2757 ad

1093 2786 1142 2806 nos
1154 2782 1278 2812 vocatus.
1294 2786 1310 2806 a
1325 2778 1448 2813 prioratu
1463 2785 1515 2806 suo
1527 2778 1564 2806 ob
1578 2777 1697 2806 similem
1716 2784 1817 2805 causam
1833 2774 1871 2802 de

1093 2823 1214 2857 ponitur,
1231 2828 1274 2851 est
1296 2823 1440 2859 agendum.
1466 2822 1517 2857 Qui
1540 2824 1624 2852 etiam
1653 2823 1719 2852 nihil
1740 2821 1830 2851 retinet
1844 2818 1870 2847 de
