3890 6314
102 353 214 412 I051

1087 344 1498 407 CONSTITUT.
1533 343 1861 403 IIIRSAUG.
1886 375 1956 388 —-
1994 340 2124 402 LIB.
2164 340 2228 400 Il.

3188 329 3415 400 Μεθ’

104 476 184 541 Ιιίς,
211 462 317 543 quze
363 481 544 524 secum
588 460 791 534 attulit,
822 464 1068 553 exceptis
1112 468 1353 523 vestibus
1386 467 1519 533 suis,
1547 466 1639 521 sed
1671 473 1715 531 Α
1747 464 1925 519 nullus
1953 464 2002 519 ei
2027 463 2242 518 obviam
2271 463 2349 518 ire
2380 462 2679 533 praesumit.
2716 458 2796 517 Ad
2816 460 3120 533 capitulum
3149 464 3324 520 omni;

101 569 266 639 pariter
315 576 433 618 cum
485 575 651 631 equo,
706 562 867 631 quetn
922 562 1104 627 sedet,
1155 561 1529 624 remittuntur,
1583 568 1637 614 et

100 666 248 728 postea
271 651 565 707 successori
589 664 687 706 suo
715 644 1044 704 tribuuntur.

152 744 499 817 (uo.)Abltora
517 750 695 803 autem
720 739 1077 797 ordinationis
1101 755 1227 801 sme,
1252 739 1405 810 prior
1428 737 1637 793 noviter

98 840 261 894 electus
283 844 396 905 post
436 835 689 889 damnum
717 831 973 887 abbatem
1015 830 1081 886 de
1110 829 1361 886 omnibus
1398 827 1558 884 rebus
1583 835 1638 883 et

101 931 264 994 causis,
292 943 407 999 qua:
436 927 503 981 ad
531 924 922 982 monasterium
955 921 1252 994 pertinent,
1276 914 1337 977 ‘se
1367 920 1638 975 intromit-

101 1024 167 1087 tit,
190 1019 279 1077 nisi
308 1021 372 1074 de
414 1016 674 1075 thesauro
705 1014 952 1073 ecclesia:
994 1023 1049 1071 ct
1085 1016 1151 1071 de
1185 1004 1421 1070 armaria
1459 1011 1631 1083 (124),

98 1130 190 1185 qua:
228 1111 275 1168 in
319 1118 583 1181 potestate
632 1107 844 1165 abbatis
893 1094 1219 1164 consistunt.
1248 1094 1289 1127 γ’
1316 1104 1374 1161 ln
1409 1104 1635 1162 sinistro
1694 1090 1697 1093 Α

99 1206 234 1260 choro
249 1212 348 1259 stat
371 1216 678 1272 supremus.
706 1200 841 1257 Item
870 1199 923 1255 iu
954 1197 1241 1255 refectorio
1263 1197 1416 1254 sedet
1441 1210 1637 1268 supre-

99 1311 192 1350 tnus
224 1293 283 1373 ad
323 1307 590 1357 mensam,
622 1307 742 1363 qua:
776 1292 843 1348 ad
882 1291 1133 1346 dextram
1169 1289 1352 1345 domui
1392 1276 1631 1354 abbatis;

98 1395 139 1442 et
161 1385 197 1441 si
218 1386 295 1442 ille
319 1385 509 1453 deerit,
535 1385 688 1442 sedet
714 1385 768 1440 in
798 1385 917 1456 ejus
944 1384 1073 1440 sede
1106 1383 1161 1439 in
1193 1381 1512 1449 refcctorio;
1547 1382 1635 1437 cui

98 1473 203 1538 vult,
225 1474 405 1539 mittit;
435 1462 593 1530 extra
619 1472 970 1530 rcfecttrrium
1002 1486 1135 1527 vero
1161 1471 1292 1526 nulli
1323 1471 1633 1526 mortalium

98 1564 194 1619 iicet
214 1565 254 1621 ei
280 1565 568 1638 quidquam
614 1565 851 1622 mittere.
901 1566 919 1586 ‘
949 1564 1225 1636 Quotquot
1254 1573 1402 1628 sunt,
1433 1564 1523 1635 qui
1556 1562 1637 1618 nlo

99 1653 178 1709 lam
217 1652 398 1710 habent
425 1656 819 1720 obedientiam,
847 1655 913 1711 ad
940 1671 1063 1711 eum
1104 1655 1397 1726 respiciunt
1423 1670 1631 1721 omnes,

99 1760 164 1799 tm.
189 1755 234 1801 ct
260 1740 301 1801 Si
346 1742 446 1803 tale
482 1746 615 1818 quid
657 1745 989 1818 przecipuum
1036 1747 1211 1803 acturi
1259 1755 1405 1810 sunt,
1434 1761 1637 1816 nequa-

1739 555 1920 622 tnoda,
1946 562 2110 625 prout
2152 553 2375 625 dignum
2405 562 2517 619 est,
2537 553 2864 622 reverentia,
2897 554 2945 610 ei
2978 554 3047 610 ab
3077 556 3335 613 omnibus"

1739 647 2087 719 impenditur,
2126 655 2181 703 et
2221 654 2401 701 tamen
2435 654 2591 703 cavet
2624 660 2684 701 se.
2712 650 2779 701 de
2810 645 2895 701 his
2937 646 3333 714 intromittere,

1738 751 1861 810 qua:
1885 739 1961 794 ad
1985 738 2201 795 abbatis
2226 736 2500 807 judicium
2546 727 2715 793 novit.
2742 736 3035 808 respicere,
3067 738 3333 795 sollicitus

1739 831 1813 887 ibi
1840 841 1896 886 et
1931 830 2134 901 ubique
2170 830 2239 886 ad
2277 845 2337 899 se
2378 827 2702 901 pertinentia
2732 828 2820 899 pie
2843 828 3184 899 discreteqne
3229 840 3335 885 tra-

1738 931 1907 978 ctare.
1930 920 2159 976 ’Leviori
2201 920 2373 992 culpae
2420 919 2657 993 aliquem
2708 933 2739 975 α
2777 918 2955 990 seipso
2984 906 3331 993 subiugatum

1736 1020 1857 1082 post
1906 1009 2125 1067 abbatis
2188 1010 2422 1066 reditum
2492 1008 2611 1067 Siue
2683 1008 2827 1067 illius
2880 1021 3165 1080 praecepto
3227 1028 3333 1066 non

1737 1103 1917 1160 solvit.
1966 1103 2099 1158 Cum
2150 1101 2557 1159 obcdientiariis
2600 1099 2687 1173 vel
2724 1098 2848 1157 aliis
2895 1097 3154 1157 fratribus
3200 1100 3335 1177 alias

1738 1210 1901 1266 quam
1933 1192 1986 1250 in
2024 1194 2259 1266 capitqu
2297 1194 2429 1250 nihil
2460 1194 2595 1251 dore
2632 1193 2719 1249 vel
2737 1206 2940 1264 aspere
2976 1178 3235 1264 loquitur,
3266 1210 3334 1250 ne

1739 1302 1838 1357 pro
1867 1286 2011 1341 illius
2048 1285 2514 1357 inopportunitate
2551 1283 2747 1353 aliquis
2776 1283 3085 1339 inordinate
3118 1283 3335 1339 veniam

1737 1385 1925 1446 petere
1965 1368 2213 1447 cogatur,
2254 1375 2366 1430 nisi
2410 1374 2553 1431 forte
2598 1374 2661 1430 D.
2705 1373 2904 1432 abbate
2946 1373 3176 1429 absente
3229 1372 3339 1429 tale

1736 1467 1888 1538 quid,
1937 1476 1997 1523 nt
2041 1466 2411 1537 supradictum
2459 1474 2564 1535 est,
2612 1481 2735 1522 cum
2783 1464 3020 1522 consilio
3060 1452 3337 1520 seniorum

1738 1561 1899 1616 abeat
1943 1560 2313 1625 tractandum,
2342 1556 2489 1630 quod
2526 1558 2594 1614 in
2636 1557 2877 1629 capitulo
2913 1572 3019 1612 non
3054 1558 3126 1612 sit
3161 1555 3338 1626 publi-

1739 1650 1995 1705 cautium.
2038 1650 2088 1705 Is
2132 1662 2383 1719 namque,
2411 1644 2503 1719 qui
2551 1646 2606 1702 in
2651 1646 2747 1701 tali
2790 1660 2928 1702 noxa
2965 1645 3337 1716 deprehensus

1739 1741 1941 1807 fuerit,
1998 1742 2213 1812 quoties
2269 1734 2339 1796 ab
2378 1738 2576 1810 aliquo
2640 1737 2991 1803 inelantatur,
3036 1736 3205 1794 toties
3243 1748 3339 1793 ve-

97 1826 223 1907 quatn
262 1828 428 1910 agitur
456 1839 664 1909 absque
709 1840 826 1910 ejus
871 1839 1119 1906 consilio,
1169 1851 1221 1895 et
1268 1838 1474 1910 absque
1519 1837 1635 1909 ejus
1674 1836 1887 1926 Bniam
1926 1835 2082 1906 petit.
2115 1831 2333 1887 Nullum
2356 1831 2429 1887 in
2478 1822 2669 1886 ultimo
2716 1830 2890 1901 ponit,
2922 1829 3028 1911 nisi
3065 1845 3213 1893 eum,
3240 1826 3337 1899 qui

99 1944 334 1986 consensu.
382 1929 571 2002 (ναν.)
610 1929 670 1987 Si
718 1930 1025 2002 perrexerit
1057 1931 1124 1986 ad
1174 1930 1513 1987 obedientias
1557 1929 1642 1987 vel

100 2020 222 2086 alias,
244 2020 384 2078 ducit
409 2021 1066 2088 secumunum‘fratrem,
1095 2024 1184 2093 qui
1217 2038 1339 2078 eum
1367 2037 1433 2076 eo
1459 2028 1645 2078 cantet

98 2128 272 2169 rursum
331 2115 669 2186 regularem,
730 2123 785 2172 et
844 2115 1227 2172 vestimentum
1284 2114 1642 2182 sacerdotale,

100 2202 306 2272 adjuncto
330 2207 515 2263 calice.
553 2206 705 2274 Quod
738 2217 918 2263 tanten
958 2208 1176 2264 rediens
1209 2209 1394 2263 statim
1434 2205 1647 2264 custodi

99 2297 295 2354 ecclesite
331 2299 527 2355 reddit.
578 2298 643 2373 Si
690 2299 799 2356 iter
832 2316 1003 2375 agens
1049 2302 1241 2359 eodem
1277 2301 1364 2358 die
1391 2302 1458 2357 ad
1490 2301 1644 2357 clau-

100 2400 234 2443 strum
270 2391 586 2457 revertitur,
632 2392 841 2464 absque
882 2393 1102 2449 licentia
1131 2408 1236 2449 non
1265 2392 1424 2450 debet
1464 2392 1516 2448 in
1558 2394 1645 2450 via

99 2480 341 2546 prandere.
365 2481 645 2557 Eamdem
667 2481 943 2559 licentiam
977 2484 1094 2555 ipse
1133 2484 1262 2541 nulli
1296 2496 1474 2555 potest
1512 2486 1645 2542 dare

100 2570 258 2627 domno
283 2572 467 2629 abbate
502 2575 561 2629 in
605 2575 936 2630 monasterio
966 2559 1315 2642 consistente,
1349 2588 1449 2631 nee
1478 2576 1644 2632 etiam

101 2678 150 2718 eo
173 2665 390 2733 absente,
421 2669 525 2724 nisi
563 2683 663 2739 pro
691 2684 887 2740 magna
916 2670 1264 2725 necessitate.
1308 2662 1455 2725 Nihil
1485 2685 1647 2740 pecu-

102 2758 180 2812 nia:
200 2760 431 2829 privatim
471 2760 661 2817 habet.
690 2778 782 2817 on.
820 2759 953 2815 Nam
974 2762 1200 2832 ‘quando
1230 2760 1431 2817 deforis
1459 2775 1645 2816 rever-

100 2868 171 2907 sus
194 2852 356 2920 fuerit,
380 2852 648 2924 quidquid
679 2861 948 2924 apportet,
975 2861 1146 2908 totum
1182 2854 1484 2909 eamerario
1521 2852 1645 2908 red.

102 2943 176 3008 dit,
197 2959 278 3001 nec
303 2946 479 3003 ntinus
518 2945 598 3001 ab
635 2945 729 3001 illo
768 2946 1031 3017 quidquid
1054 2961 1191 3017 opus
1221 2946 1410 3011 habet,
1433 2946 1644 3018 recipit.

103 3032 221 3097 Quod
243 3035 352 3091 ideo
376 3052 403 3091 a
434 3035 645 3093 nostris
671 3034 927 3107 Patribus
965 3044 1297 3106 pra'cautum
1323 3044 1424 3104 cst,
1462 3052 1530 3092 ne
1556 3036 1647 3093 illa

104 3125 209 3181 mala
255 3129 409 3200 pestis
462 3127 856 3200 proprietatis,
906 3135 964 3185 et
1014 3128 1314 3199 prmscrtim
1362 3128 1651 3185 monachis

1744 1928 1812 1983 de
1851 1927 2000 1999 fuga,
2031 1926 2230 1983 abbate
2268 1933 2499 1988 remoto,
2536 1922 2725 1979 rediit.
2763 1923 2818 1978 In
2871 1920 3138 1994 gravioris
3169 1919 3340 1991 culpa:

1744 2018 2070 2074 sententiam
2101 2016 2372 2073 neminem
2412 2014 2598 2069 mittit.
2630 2014 2839 2069 Caetera
2870 2012 3054 2069 omnia
3079 2013 3149 2067 ad
3184 2012 3339 2083 rego;

1745 2108 1876 2165 laris
1903 2107 2201 2181 disciplima
2222 2105 2614 2165 districtiouem
2639 2103 2968 2176 pertinentia
2993 2102 3046 2158 in
3071 2102 3189 2174 ejus
3211 2110 3342 2157 sunt

1745 2202 2011 2275 potentia.
2354 2214 2357 2215 '
2940 2274 2947 2275 γ
3034 2272 3037 2275 Α

1817 2292 2047 2362 Quando
2082 2291 2281 2348 fratres
2320 2290 2376 2347 in
2408 2297 2680 2347 conventu
2716 2287 2877 2344 solito
2911 2274 3075 2343 altius
3101 2287 3337 2357 loquth

1749 2390 1856 2447 tur,
1880 2371 2056 2438 vel'in
2084 2379 2313 2437 ecclesia
2344 2378 2412 2434 ad
2436 2393 2626 2451 preces
2670 2377 2752 2432 vel
2785 2377 2853 2432 ad
2884 2366 3127 2432 litaniatn
3158 2376 3339 2430 minus

1749 2475 2070 2536 audiuntur,
2098 2478 2323 2541 propter
2352 2470 2470 2523 ‘hoc
2509 2468 2577 2523 ab
2612 2482 2683 2523 co
2726 2465 2907 2521 sonitu
2939 2474 3067 2520 ante
3104 2480 3163 2521 se
3193 2464 3343 2519 facto

1748 2548 2133 2620 athnonentur.
2182 2559 2241 2615 Si
2299 2560 2447 2614 liora:
2504 2556 2739 2626 regulari
2797 2555 3066 2620 interfuit,
3096 2564 3219 2625 qua:
3260 2569 3347 2609 re-

1749 2657 2038 2714 fectio..etn
2085 2638 2387 2724 prtecessn,
2430 2658 2660 2721 excepto
2704 2649 2772 2704 ad
2812 2662 3094 2718 vcsperos,
3130 2646 3176 2702 si
3224 2634 3349 2716 post

1748 2750 2130 2806 Benedicamus
2178 2744 2404 2800 Domino
2445 2758 2566 2798 non
2618 2754 2942 2798 reversurus
2983 2739 3199 2803 exierit,
3233 2738 3348 2809 ipse

1751 2840 2059 2913 cymbalum
2109 2838 2200 2894 vei
2249 2834 2391 2891 aliis
2443 2842 2719 2904 provecta:
2764 2832 2948 2913 artatis
3001 2838 3135 2885 nutu
3174 2827 3351 2911 ipsius

1751 2906 2006 3003 percutit,
2037 2927 2306 3000 incipiens
2334 2924 2401 2980 at]
2424 2939 2530 2995 per
2565 2912 2873 2977 Dominum.
2913 2919 2980 2975 Et
3025 2920 3138 2974 luec
3165 2906 3348 2989 pulsae

1754 3025 1826 3094 tio
1858 3036 2145 3094 quousque
2173 3016 2348 3075 media
2378 3024 2830 3087 pars'conventus
2852 3012 3051 3068 exierit
3080 3012 3145 3067 de
3172 3010 3349 3067 eccle-

1752 3116 1835 3173 sia
1874 3114 2201 3186 proteletur,
2223 3119 2279 3167 ct
2314 3118 2445 3165 tunc
2487 3108 2555 3163 de
2601 3107 2841 3177 quinque
2879 3100 3351 3178 percussionibas',

101 3219 207 3276 adeo
235 3197 522 3292 periculosa
547 3197 588 3289 ,—
608 3221 789 3293 aliquo
827 3222 993 3278 modo
1010 3197 1289 3293 subrepat.
1321 3224 1340 3244 ‘
1356 3222 1645 3278 Verumta-

1754 3208 1967 3267 duabtrs
2006 3206 2223 3277 quidem
2276 3200 2551 3275 paulisper
2600 3199 2928 3282 protractis,
2978 3197 3156 3253 tribus
3204 3210 3347 3253 vero

102 3324 197 3366 mea
228 3314 474 3387 quidquid
523 3315 601 3371 illi
653 3315 802 3371 ξυιυς
836 3302 923 3370 vel
961 3312 1093 3371 foris
1126 3329 1226 3385 pro
1271 3314 1540 3371 cbaritate
1581 3314 1651 3370 ab

102 3402 245 3475 aliquo
268 3407 525 3476 defertur,
561 3407 790 3464 licenter
817 3407 1050 3478 accipit;
1081 3408 1175 3465 sed
1204 3415 1258 3464 et
1278 3407 1383 3462 hoc
1412 3407 1466 3462 in
1496 3422 1651 3462 cont-

104 3509 279 3552 munem
324 3498 553 3555 fratrum
599 3498 888 3555 utilitatem
933 3498 1224 3569 expendit,
1271 3498 1374 3553 nisi
1421 3497 1653 3552 domnus

104 3583 234 3643 abbas
260 3588 397 3645 aliud
439 3590 573 3645 inde
612 3588 729 3645 fieri
754 3588 1003 3661 jusserit.
1045 3587 1127 3644 Ad
1168 3588 1493 3643 matutinum
1543 3601 1650 3641 non

104 3673 221 3745 legit,
248 3694 411 3751 neque
444 3689 659 3748 cantat,
690 3680 799 3737 nisi
819 3680 887 3736 ad
908 3680 1057 3752 quod
1095 3695 1220 3737 eum
1250 3678 1524 3735 armarius
1554 3693 1655 3734 no-

107 3775 183 3822 tat.
213 3769 271 3826 Et
304 3775 555 3843 quamvis
593 3772 931 3846 capellanum
978 3790 1085 3831 non
1123 3774 1338 3840 habeat,
1376 3784 1651 3845 nunquatn

106 3868 248 3918 tamen
272 3864 411 3920 solus
439 3865 741 3923 claustrum
779 3866 912 3932 exit,
944 3863 1323 3937 nisi‘aliquem
1364 3866 1439 3922 de
1462 3862 1650 3921 fratri-

105 3952 183 4008 bus
207 3970 292 4025 pro
319 3960 621 4014 reverentia
652 3974 837 4014 secum
867 3958 1064 4013 dnxeri
1118 3974 1119 3977 ‘

645 4070 871 4126 CAPUT
913 4070 1073 4126 XVII.

108 4154 210 4220 Qua:
236 4163 506 4217 reverentia
534 4162 701 4233 priori
735 4163 1097 4229 impendatur,
1121 4173 1168 4218 et
1196 4163 1323 4234 quid
1353 4162 1452 4217 sibi
1481 4162 1656 4233 facere

646 4232 822 4285 liceat.
850 4242 898 4285 et
930 4234 1033 4285 non
1051 4235 1076 4285 Ρ

668 4242 822 4300 treat,
850 4242 898 4287 et
930 4250 1032 4287 non
1051 4242 1063 4287 Ξ

160 4321 173 4338 ⁶
207 4319 634 4393 Quotiescunque
694 4338 817 4377 cum
880 4326 1123 4379 armario
1177 4323 1410 4378 chorum
1474 4333 1653 4387 tenet.

108 4416 273 4465 textum
298 4413 921 4487 Evangeliipriusqnam
973 4414 1060 4470 ille
1098 4414 1413 4481 osculatur;
1440 4417 1536 4471 sed
1578 4417 1658 4471 in-

108 4510 293 4557 censum
331 4520 437 4559 non
470 4504 723 4574 imponit.
755 4503 875 4574 Ipse
918 4504 1082 4561 etiam
1114 4520 1283 4576 cappa
1322 4505 1543 4561 indutus
1574 4504 1664 4561 vel

1752 3295 2315 3370 conjunctis,‘ﬁuitur.
2347 3291 2466 3360 Quo
2496 3290 2638 3347 faeto
2660 3289 2859 3360 qtucrit
2891 3278 3156 3344 domuum
3184 3286 3347 3342 abbaa

1752 3384 2247 3451 tettt‘in'sacrislia,
2276 3384 2329 3437 in
2366 3380 2691 3446 infirmaria,
2726 3380 2779 3435 in
2815 3372 2961 3455 cella
2984 3378 3350 3443 novitiorum,‘

1753 3474 2424 3541 ante'cellariumuQuean
2476 3472 2679 3528 sinon
2730 3478 3021 3526 venturum
3070 3469 3344 3533 didicerit,

1753 3571 2029 3644 pulsatum
2057 3567 2225 3631 vadit,
2256 3573 2310 3621 et
2358 3563 2547 3619 tandiu
2584 3562 3101 3633 pulsat,gquousqne
3149 3559 3357 3613 fratres

1755 3663 1822 3717 de
1866 3656 2192 3718 dormitorio
2212 3668 2379 3712 “cum
2409 3653 2677 3725 gravitate
2726 3660 2905 3705 tamen
2941 3647 3225 3704 advenisse
3258 3658 3344 3705 eo-

1754 3762 2000 3824 gnoscat.
2516 3786 2519 3787 ν

1826 3836 2186 3896 Simili‘modo
2204 3833 2530 3892 'elaustralis
2562 3832 2714 3905 prior
2738 3830 2873 3886 facit
2900 3840 3165 3902 percusso
3201 3832 3353 3900 cymi-

1756 3932 1901 4001 balo,
1925 3941 2003 4001 ct,
2034 3929 2568 3994 utrolibetiinvento,
2596 3925 2806 3982 scilicet
2830 3925 3033 3980 domno
3057 3923 3252 3978 abbate
3268 3919 3361 3989 vei

1755 4031 1957 4103 priore,
1987 4026 2093 4083 nisi
2117 4027 2305 4082 eodem
2329 4022 2581 4096 jubente,
2602 4019 2757 4075 alteri
2788 4027 2972 4089 postea
3002 4031 3112 4072 non
3145 4016 3352 4071 iudica-

1757 4125 1856 4181 bit.
1878 4122 1935 4179 Si
1948 4135 2079 4177 vero
2097 4120 2407 4193 percutiens
2426 4115 2731 4188 cymbalum
2746 4112 3113 4184 scitpriorem-
3132 4113 3233 4166 hoc
3257 4126 3368 4165 an-r

1761 4217 1904 4281 dire.
1936 4214 2114 4269 neutri
2145 4212 2361 4268 illorum
2388 4212 2492 4266 hoc
2519 4207 2840 4265 innotescit:
2871 4207 2965 4262 sed
2998 4205 3146 4275 prior
3172 4204 3363 4259 abbati

1758 4308 1863 4364 hoc
1882 4303 2243 4361 annuntiabit.
2270 4301 2354 4367 Ei,
2378 4301 2520 4357 sicut
2539 4298 2759 4354 cuilibet
2785 4296 2852 4351 ad
2878 4294 3086 4351 scillam
3111 4306 3352 4358 sessum,

1759 4413 2036 4469 nunquam
2093 4401 2364 4453 conventu
2420 4399 2719 4464 praesente,
2774 4389 2879 4445 nisi
2935 4389 3145 4459 integer
3195 4386 3361 4456 panis

1761 4495 2069 4566 apponitur.
2100 4490 2183 4547 Ad
2224 4490 2364 4546 hanc
2403 4487 2625 4551 sedens,
2653 4484 2698 4541 sl
2733 4481 3226 4545 sonitumrfeeerit,
3268 4481 3364 4533 vel

107 4589 218 4646 alius
240 4604 360 4649 nutu
391 4592 508 4663 ejus
550 4570 741 4649 eadem
779 4570 925 4649 liora
959 4591 1137 4659 oII‘ert,
1170 4570 1233 4650 et
1251 4593 1455 4664 absque
1482 4592 1655 4649 Iiccn-
1693 4580 1737 4635 D
1764 4586 1970 4658 aliquid
1992 4582 2245 4641 effuderit
2266 4590 2365 4638 aut
2387 4578 2633 4652 fregerit,
2666 4576 2910 4634 eamdem
2926 4570 3098 4664 'quatn
3125 4583 3179 4664 et
3201 4575 3363 4659 dmit-

109 4680 165 4733 tia
196 4686 533 4751 p‘rtecentoris
574 4697 802 4755 eappam
832 4683 1004 4751 exuit,
1032 4684 1077 4740 si
1112 4692 1238 4741 ante
1275 4683 1438 4740 finem
1479 4684 1657 4751 missa:

107 4786 206 4828 euut
230 4776 359 4834 inde
397 4777 676 4834 discedere
721 4778 987 4848 contingit
1014 4794 1028 4832 :
1063 4777 1130 4832 ad
1163 4792 1288 4832 eum
1319 4766 1557 4847 pertinet
1588 4774 1656 4830 li.

106 4868 303 4924 centiam
350 4870 772 4927 ‘dare’missatu
826 4869 1164 4938 celebrandi,
1209 4870 1291 4925 vel
1344 4869 1519 4924 abbas
1565 4876 1659 4923 aut

107 4972 272 5030 rztppas
307 4956 557 5029 exuendi,
589 4971 875 5034 posvjuatn
916 4965 1145 5018 domnus
1183 4962 1320 5017 abba
1362 4960 1414 5015 in
1461 4961 1653 5016 missa-

109 5064 203 5105 rum
221 5054 575 5112 celebratione
589 5063 711 5127 post
722 5054 1051 5111 offerendam
1075 5053 1366 5109 accesserit
1385 5051 1449 5107 ad
1466 5050 1658 5116 altare,

110 5148 225 5213 quod
257 5159 308 5204 ct
337 5151 558 5208 cuilibet
587 5151 835 5208 ordinem
881 5149 1091 5221 regenti
1127 5148 1255 5205 licet
1297 5147 1503 5203 facere.
1544 5146 1661 5215 Ipse

110 5252 214 5293 vero
238 5242 384 5312 prior
415 5245 639 5300 missam
677 5242 1072 5308 ceiebratums,
1102 5247 1390 5312 postquam
1423 5239 1658 5311 primum

112 5328 164 5382 ad
195 5330 351 5389 altare
398 5333 715 5402 accesserit,
763 5332 893 5390 nulli
931 5331 1062 5403 quid
1106 5328 1340 5387 faciendi
1387 5329 1688 5391 licentiam,

111 5418 217 5486 dat;
256 5422 344 5480 sed
376 5427 577 5499 potius,
608 5426 701 5498 qui
734 5426 800 5481 ad
828 5422 1350 5496 praesens'ordincm
1385 5421 1544 5493 regit.
1577 5411 1658 5475 Ad

112 5513 372 5582 capitulum
434 5528 490 5574 et
542 5526 666 5589 post
712 5516 1124 5587 contpletorium
1178 5513 1461 5584 pulsatnro
1518 5508 1657 5581 signi

114 5616 285 5662 restem
336 5610 528 5679 aliquis
582 5609 1033 5679 proreverentia
1089 5607 1340 5678 deponit,
1403 5604 1662 5673 finitaque

117 5696 389 5761 pulsatione
432 5700 785 5773 reponityet
839 5712 1123 5772 postquam
1174 5699 1401 5755 chorum
1445 5693 1660 5761 exierit,

1767 4656 1872 4732 nus
1905 4674 2046 4732 abba
2096 4670 2522 4729 satisfactionem
2562 4667 2712 4723 facit.
2760 4664 2977 4722 Nullum
3027 4656 3365 4719 ibl‘fratreu'r

1767 4786 1866 4842 pro
1916 4766 2273 4837 impendenda
2312 4761 2893 4819 charitate-neminat.
2919 4757 3143 4827 Quoties
3198 4768 3366 4826 gente-

1769 4863 1899 4920 ralis
1946 4853 2507 4931 pietantia'fratrilnts
2553 4851 2917 4924 Impenditur,
2943 4859 3071 4906 tunc
3114 4848 3218 4902 sibi
3258 4847 3364 4902 soli

1768 4954 1884 5011 sive
1927 4950 1996 5006 a’d
2042 4948 2283 5013 scillam,
2299 4946 2415 5002 sive
2466 4942 2684 5002 inloco
2728 4956 2836 4999 suo
2876 4938 3106 5004 sedenti,
3149 4938 3364 5007 integra

1769 5045 1945 5101 datur.
1993 5041 2152 5097 Scire
2194 5040 2391 5101 debet,
2443 5036 2587 5108 quod
2640 5043 2867 5106 propter
2921 5030 3133 5087 abbatis
3182 5029 3367 5084 micas

1770 5138 1932 5194 lectio
1962 5145 2043 5191 est
2080 5132 2423 5205 protelanda.
2442 5130 2500 5187 Si
2538 5130 2777 5187 minutus
2807 5122 3207 5205 eSt-sauguiuc,
3237 5126 3368 5176 cum

1768 5236 2037 5287 conventu
2066 5204 2174 5282 non
2197 5224 2411 5280 dubitat
2450 5222 2677 5279 chorum
2704 5219 2951 5275 intrare."
2966 5214 3096 5270 Post
3114 5204 3368 5282 singulas

1766 5316 2271 5377 refectioues’flnito
2288 5314 2502 5387 psalmo
2530 5312 2685 5368 debet
2716 5317 2843 5363 ante
2860 5303 3165 5362 vestiantur
3189 5310 3363 5367 stare,

1767 5390 2067 5486 quousque
2097 5408 2298 5465 viderit
2343 5405 2541 5462 fratres
2588 5401 2808 5457 exiisse.
2840 5394 3364 5467 Quandocunquein

1770 5504 2121 5563 refectorium
2168 5504 2280 5559 itur
2324 5500 2533 5564 bibere,
2572 5510 2680 5552 non
2740 5494 2891 5565 prius
2941 5488 3151 5547 scillam
3203 5486 3365 5544 debet

1766 5600 2073 5663 dimittere,
2126 5610 2288 5668 quam
2338 5591 2519 5648 videat
2571 5603 2760 5647 omnes
2808 5587 3092 5643 .intrasse.-
3124 5572 3364 5651 Quilibet

1772 5691 2001 5747 fratrum
2036 5697 2261 5762 propter
2291 5682 2671 5740 infirmitatem
2691 5680 2758 5737 ad
2786 5676 3215 5752 processioncm,
3243 5687 3368 5745 quas

178 5811 308 5884 ll'li)
349 5816 605 5881 Armnria,
639 5815 988 5879 bibliotheca,
1017 5814 1159 5869 unde
1188 5811 1453 5868 urnmrius
1484 5805 1950 5863 bibliothecaritts.
