3872 6306
523 319 659 377 1059

1589 312 1644 372 S.
1674 312 2050 370 ϐυιιιιξωαι
2076 315 2368 371 AllBATlS
2407 317 2735 377 ιηιιδωϐ.

3622 332 3739 392 ⁷1060

509 432 735 503 privatis
755 428 949 484 diebus
976 427 1175 498 agitur,
1201 436 1258 481 et
1282 425 1349 481 ad
1380 441 1518 507 Opus
1548 443 1802 482 manuum
1833 443 1958 482 cum
1984 426 2099 495 ejus

2213 410 2476 482 regularis
2502 413 2635 469 ordo
2680 414 2761 468 sic
2801 415 3143 481 observatur,
3184 425 3245 471 ut
3290 416 3442 473 scilla
3478 419 3527 474 in
3557 422 3742 483 refecto-

509 521 729 578 lieentia
774 521 961 574 deesse
997 516 1160 581 valet,
1197 527 1376 587 potest
1420 533 1634 588 quoque
1684 518 1954 573 interdum
2004 533 2102 587 pro

506 611 676 667 nimio
704 610 907 679 frigore
938 607 1031 669 vel
1052 622 1149 677 pro
1181 607 1285 661 alia
1323 608 1648 663 necessitate
1689 624 1719 661 a
1753 608 2101 676 processione

502 703 690 759 eadem
722 699 937 769 penitus
978 698 1410 766 absolverepvel,
1438 699 1482 753 si
1508 714 1643 768 opus
1661 708 1767 765 est,
1790 714 1854 754 ea
1882 708 2099 769 peracta

505 788 771 846 calciandi
806 787 1081 843 licentiam
1117 788 1264 842 dare.

574 885 715 936 Ante
747 881 974 935 cborntn
1004 893 1134 934 vero
1164 878 1387 944 sedens,
1413 879 1528 934 sive
1559 878 1820 943 minutus,
1853 879 1967 933 sive
1993 879 2099 934 alia

503 969 823 1025 inﬁrmitate
867 969 1151 1030 detentus.
1200 968 1329 1022 nulli
1378 969 1465 1037 dat
1514 968 1789 1023 licentiam
1838 970 1891 1023 in
1931 970 2100 1031 choro

503 1061 633 1130 quid
662 1060 935 1123 faciendi;
970 1061 1095 1128 quia
1139 1058 1266 1113 illud
1303 1068 1387 1129 est
1427 1058 1661 1115 alliciunt
1698 1071 1822 1117 tunc
1851 1062 2098 1117 ordinem

504 1150 761 1221 regentis.
809 1148 868 1202 ln
926 1148 1221 1217 Dominicis
1269 1148 1460 1203 diebus
1510 1150 1728 1218 quando
1784 1149 1981 1207 fratres
2031 1152 2100 1206 de

503 1241 772 1296 vestibulo
801 1240 851 1293 in
890 1240 1114 1314 chorum
1159 1239 1478 1307 procedunt,
1511 1240 1645 1309 ipse,
1672 1238 1755 1293 vel
1784 1240 2097 1309 quicunque

506 1341 632 1385 tunc
669 1330 913 1384 ordinem
954 1329 1111 1398 regit,
1143 1329 1362 1383 ultimus
1385 1340 1511 1398 post
1547 1331 1757 1405 albatos
1788 1331 2010 1386 incedit.
2043 1332 2098 1386 ltt

506 1422 743 1478 Sabbato
794 1420 932 1476 solet
983 1421 1160 1485 notari
1220 1420 1285 1474 ad
1341 1422 1561 1479 missam
1622 1421 1879 1490 majorem
1931 1434 1985 1477 et
2032 1424 2099 1478 ad

504 1512 825 1580 coquinam;
858 1510 953 1565 sed
985 1511 1162 1564 rarius
1182 1526 1344 1580 quant
1393 1511 1508 1577 alii,
1555 1513 1683 1582 quia
1719 1514 1769 1566 in
1800 1512 1984 1585 multis
2013 1521 2101 1567 est

503 1613 819 1673 occupatus.
852 1602 1082 1657 l‘totatus
1118 1602 1184 1656 ad
1226 1602 1452 1657 missam
1499 1604 1682 1658 omnia
1713 1605 1853 1659 sicut
1876 1617 1933 1659 et
1961 1604 2100 1659 alius

502 1695 755 1751 sacerdos
786 1695 898 1765 ipse
931 1694 1160 1765 perficit,
1204 1695 1307 1749 nisi
1353 1696 1495 1764 quod
1538 1697 1763 1751 absente
1804 1696 2003 1753 abbate
2044 1698 2095 1751 in

2206 503 2287 557 rio
2319 503 2384 555 ad
2417 520 2660 573 mensam
2709 506 3093 574 suspendatur,
3122 508 3190 562 de
3238 522 3422 563 mensa
3455 524 3677 581 surgunt,
3695 529 3737 571 et

2206 608 2313 646 non
2355 594 2525 649 solum
2580 594 2802 665 majori,
2856 613 3040 653 verum
3086 600 3252 654 etiam
3300 599 3567 659 claustrali
3609 609 3739 676 priori

2203 686 2418 741 obviam
2446 688 2668 754 vadunt,
2702 689 2746 743 si
2780 688 2917 743 inter
2946 690 3342 747 comedendum
3375 696 3660 755 adveniunt.

2276 776 2401 832 llaec
2451 788 2507 833 et
2553 780 2636 834 bis
2684 780 2880 835 similia
2932 782 2983 836 itt
3039 784 3278 851 priorem
3330 784 3739 856 reclamantur,si

2204 865 2346 921 infra
2367 868 2631 923 ambitum
2660 870 2820 934 muri,
2851 870 2934 924 vel
2964 873 3015 924 in
3045 872 3163 942 ejus
3186 873 3468 929 vicinitate
3492 884 3588 930 um
3611 894 3739 950 prope

2201 973 2450 1027 mancus,
2483 968 2543 1012 ut
2576 961 2894 1029 tempestive
2928 963 3102 1031 possit
3132 964 3321 1018 audito
3364 963 3516 1035 signo
3541 969 3601 1023 ad
3625 986 3740 1041 regu-

2201 1047 2368 1102 larem
2399 1048 2588 1129 horam
2631 1064 2938 1113 accurrere,
2967 1066 3076 1105 non
3112 1052 3248 1107 alias
3278 1069 3445 1122 quam
3491 1056 3539 1108 in
3581 1057 3739 1127 majore

2202 1140 2455 1205 ecclesia,
2481 1139 2564 1196 vel
2609 1141 2674 1195 ad
2711 1140 2768 1195 S.
2814 1141 3042 1197 Mariam
3087 1146 3337 1200 eamdem
3380 1158 3594 1201 cantat:
3621 1152 3658 1205 si
3693 1154 3739 1209 de

2202 1232 2313 1300 illa,
2342 1233 2445 1288 nisi
2489 1232 2784 1287 inevitabili
2820 1236 3142 1291 necessitate
3171 1238 3324 1307 prius
3373 1240 3585 1303 recedit,
3612 1258 3735 1311 quam

2202 1323 2255 1379 itt
2284 1325 2451 1379 choro
2486 1323 2638 1377 finita
2677 1325 2781 1390 sit;
2815 1325 2860 1380 si
2893 1326 3032 1381 infra
3068 1327 3309 1397 aliquam
3341 1330 3526 1384 horam
3554 1330 3739 1401 loquitur

2200 1425 2425 1487 excepto
2470 1416 2611 1471 infra
2657 1416 3090 1491 completorium,
3136 1418 3181 1475 si
3223 1431 3279 1473 ct
3330 1429 3459 1475 tunc
3499 1431 3577 1477 est
3616 1424 3737 1480 Valde

2200 1512 2599 1577 necessarium;
2651 1511 2695 1565 si
2746 1510 2884 1565 alias
2918 1528 3083 1581 quam
3126 1512 3178 1567 in
3225 1512 3468 1583 capitulo
3502 1514 3737 1571 confessio

2200 1617 2324 1657 nem
2370 1601 2597 1672 alicujus
2626 1602 2793 1666 audit,
2825 1603 3071 1673 exceptis
3103 1603 3354 1669 novitiis;
3389 1603 3433 1658 si
3463 1619 3736 1675 sermonem,

2203 1696 2293 1764 qui
2321 1696 2386 1750 de
2417 1694 2705 1763 Evangelio
2735 1692 2813 1749 vel
2855 1694 2920 1749 de
2958 1696 3143 1766 regula
3189 1705 3294 1761 est,
3328 1697 3449 1766 plus
3486 1696 3626 1765 solito
3647 1713 3741 1767 pro-

503 1786 742 1857 eapitulo
769 1801 944 1857 neque
988 1787 1040 1839 in
1078 1787 1367 1840 rcfectorio
1419 1803 1632 1842 versum
1675 1786 1848 1859 dicit;
1880 1789 1975 1843 sed
2015 1798 2096 1842 ta-
2133 1765 2174 1822 Β
2205 1785 2464 1850 traxerit;
2519 1785 2565 1838 si
2611 1786 2678 1838 ad
2724 1765 3074 1840 rcfectorium
3126 1786 3326 1841 fratres
3377 1787 3512 1841 ultra
3563 1765 3738 1843 solitum

503 1892 627 1930 men
670 1892 738 1931 ne
767 1876 1002 1930 vicarius
1030 1875 1096 1931 ad
1132 1875 1234 1929 boc
1264 1875 1425 1931 desit.
1467 1875 1631 1931 Jubet
1659 1893 1872 1945 quoque
1902 1894 2098 1931 unum-

504 1982 775 2034 quemque
827 1966 877 2019 in
923 1965 1138 2033 domum
1198 1966 1536 2021 infirmorum
1584 1967 1651 2021 ad
1702 1960 2099 2035 t'cpansatidtun

503 2058 734 2132 intrare.
768 2072 1094 2125 quacunque
1134 2058 1266 2110 liora
1296 2074 1416 2113 cum
1453 2059 1589 2113 adeo
1620 2060 1781 2115 sentit
1804 2069 2098 2129 tegrotare;

505 2150 600 2204 sed
622 2161 798 2203 tamen
819 2156 1002 2218 postea
1016 2150 1059 2202 si
1075 2136 1209 2217 opus
1227 2148 1407 2213 fuerit,
1427 2165 1523 2218 pro
1542 2150 1855 2218 reparandis
1876 2150 2097 2215 viribus,

504 2256 613 2295 non
649 2251 827 2311 pou-st
855 2243 906 2295 ei
942 2242 1120 2296 carnis
1158 2240 1509 2296 refectionem
1550 2241 1872 2306 concedere,
1903 2240 2102 2296 donmo

504 2334 727 2399 abbate,
763 2333 1005 2401 inquam.
1038 2334 1089 2387 in
1126 2334 1459 2388 monasterio
1492 2342 1769 2399 manente,
1802 2333 1903 2387 nisi
1934 2334 2103 2403 ipsius

504 2425 767 2496 jussione.
800 2426 854 2479 ln
886 2425 1022 2481 libro
1048 2426 1345 2480 metnoriali
1379 2425 1527 2495 (125)
1552 2440 1931 2494 quemcunque
1957 2424 2096 2490 vult,

509 2515 646 2570 facit
677 2516 887 2579 notari;
918 2514 1010 2569 sed
1045 2530 1151 2568 non
1186 2516 1239 2569 in
1274 2516 1456 2585 regula
1493 2516 1697 2586 absque
1723 2516 1905 2570 domui
1936 2515 2101 2570 abba-

509 2604 582 2658 tis
633 2602 872 2657 licentia.
928 2605 1080 2670 Quod
1131 2605 1176 2658 si
1225 2619 1385 2673 quem
1436 2603 1702 2672 psalmum
1764 2620 1862 2674 pro
1925 2604 2104 2673 aliqua

509 2695 858 2750 tribulatione
885 2704 1007 2763 post
1046 2695 1346 2750 discessqu
1396 2695 1609 2749 abbatis
1646 2694 1801 2765 jubet
1846 2704 2101 2760 cantare,

505 2792 597 2861 qui
646 2806 818 2861 usque
868 2792 937 2846 ad
983 2790 1099 2859 ejus
1144 2791 1379 2846 reditum
1423 2792 1782 2859 protrahitur,
1814 2792 1998 2846 statim
2039 2807 2104 2847 eo

505 2882 767 2948 redeunte
832 2881 1147 2945 dimittitur.
1212 2882 1271 2935 Si
1336 2880 1641 2951 regularem
1705 2882 1928 2947 horam,
1982 2898 2104 2950 quae

505 2972 795 3041 prandium
833 2972 1141 3041 praecedit,
1173 2970 1242 3037 ad
1282 2968 1342 3024 S.
1389 2968 1615 3024 Mariam
1649 2984 1750 3040 pro
1782 2970 2104 3025 necessitate

2192 1878 2372 1932 .cidem
2403 1879 2577 1948 printo
2610 1875 2813 1930 ferculo
2841 1875 3246 1941 administrato,
3279 1889 3588 1946 exspectare
3612 1877 3740 1944 facit;

2202 1968 2248 2024 si
2278 1967 2398 2022 aliis
2426 1966 2765 2021 vestimentis
2794 1967 2986 2031 utitur,
3010 1982 3175 2034 quam
3207 1966 3294 2020 his
3347 1982 3466 2036 qua:
3489 1969 3741 2021 communi-

2205 2044 2286 2114 ter
2312 2058 2572 2113 fratribus
2600 2058 2948 2124 tribuuntur;
2992 2057 3038 2111 si
3070 2057 3368 2127 quidquam
3400 2074 3464 2112 ex
3498 2059 3608 2121 boc,
3632 2062 3742 2128 quod

2204 2148 2313 2204 illic
2340 2165 2438 2217 pro
2468 2148 2737 2203 cltaritate
2770 2148 3099 2218 impenditur
3130 2164 3387 2217 usquam,
3418 2150 3515 2203 nisi
3555 2149 3600 2203 in
3630 2166 3739 2204 com.

2203 2257 2423 2296 munem
2466 2238 2696 2294 fratrum
2723 2240 3012 2294 utilitatctn
3049 2240 3365 2305 distribuit;
3404 2240 3447 2294 si
3477 2240 3607 2295 solus
3626 2241 3741 2295 clau-

2204 2342 2377 2389 strnnt
2399 2332 2541 2397 exit;
2574 2330 2618 2385 si
2642 2330 2787 2385 solus
2814 2331 2977 2401 (quod
3002 2330 3188 2401 absit).
3214 2347 3340 2385 cum
3372 2331 3585 2387 muliere
3603 2332 3739 2401 loqui-

2207 2433 2321 2486 tnr;
2365 2422 2410 2476 si
2454 2422 2767 2489 frequenter
2795 2421 3001 2474 tardior
3043 2422 3257 2474 caeteris
3290 2420 3571 2474 dormitum
3604 2420 3740 2481 vadit;

2204 2514 2250 2568 si
2277 2512 2384 2568 ullo
2406 2514 2574 2573 modo
2599 2521 2787 2567 contra
2814 2511 3064 2566 ordinem
3088 2510 3172 2566 vel
3200 2515 3315 2583 ipse
3342 2511 3536 2578 facere,
3560 2510 3631 2564 vel
3653 2510 3743 2565 aliis

2205 2607 2506 2662 concedere
2533 2605 2829 2676 prarsumit.

2770 2719 2999 2778 CAPUT
3030 2719 3219 2776 XVIII.

2207 2812 2283 2867 De
2338 2813 2687 2882 suﬁ'mganeis
2740 2813 2954 2883 prioris,
2982 2829 3112 2883 quos
3163 2813 3396 2865 decanos
3446 2810 3740 2883 appellantes,

2276 2900 2379 2953 quo
2412 2887 2595 2937 ordine
2620 2884 2719 2951 ipsi
2764 2882 2841 2936 rel
2870 2883 2964 2935 alii
2998 2882 3189 2953 quique
3244 2883 3441 2953 exituri
3486 2882 3743 2934 ὺειιιιάᾱειξοι

2211 2964 2219 2971 ·
2278 2952 2393 3007 item
2429 2956 2711 3021 accipiant,
2745 2963 2791 3006 et
2821 2952 3047 3023 qualiter
3077 2968 3131 3006 se
3160 2954 3212 3006 in
3243 2952 3325 3005 ria
3352 2952 3582 3005 Imbrum.

510 3063 695 3133 aliqua
726 3071 937 3129 cantat,
986 3078 1094 3116 non
1150 3071 1389 3117 notatur.
1429 3062 1506 3116 lbi
1560 3062 1627 3117 ad
1675 3063 1908 3133 primam
1948 3072 2003 3117 et
2035 3062 2099 3118 ad

2210 3058 2213 3063 ⁴
2277 3060 2795 3141 (υυ.)“5υῦ“ι’;ιεειιιεί
2839 3077 3018 3123 autem
3037 3052 3243 3138 prioris
3269 3065 3335 3119 ad
3365 3065 3743 3131 exterioraésuut

509 3156 923 3225 Completorinm
958 3154 1358 3211 confessionem
1402 3155 1701 3224 prmmittit,
1731 3169 1831 3210 nec
1860 3170 1965 3211 non
2002 3154 2099 3210 be-

508 3247 854 3303 nedictiones
899 3247 967 3303 ad
1011 3246 1359 3302 nocturnales
1401 3248 1494 3301 dat
1537 3246 1816 3314 lectiones,
1885 3246 2099 3302 etiamsi

510 3339 610 3405 sub
665 3337 1006 3405 infirmorum
1063 3338 1181 3407 lege
1230 3338 1331 3402 sit;
1383 3338 1527 3406 quod
1576 3346 1757 3394 tamen
1799 3338 2103 3393 elaustralis

509 3429 678 3499 prior,
713 3428 816 3484 etsi
866 3444 1052 3496 sanus,
1085 3444 1193 3484 non
1231 3427 1382 3483 facit.
1413 3428 1490 3483 Ea
1519 3428 1626 3493 die,
1656 3444 1761 3499 qua
1793 3436 1914 3499 post
1945 3443 2101 3499 repa-

508 3520 781 3585 rationem
810 3520 879 3575 de
910 3520 1205 3575 inlirmaria
1254 3520 1413 3584 redit,
1446 3527 1574 3573 ante
1605 3519 1923 3589 capitulum,
1954 3518 2101 3572 clau-

509 3619 681 3667 strum
710 3627 817 3665 non
844 3612 989 3676 exit;
1019 3611 1113 3667 sed
1141 3613 1187 3665 si
1218 3610 1325 3666 tale
1355 3610 1483 3679 quid
1514 3610 1674 3665 alicui
1707 3611 1870 3666 liabet
1899 3610 2100 3677 dicere,

511 3702 614 3755 Itoc
645 3702 697 3754 itt
724 3717 788 3755 eo
820 3711 1081 3771 tempore,
1115 3701 1159 3755 si
1198 3710 1283 3756 est
1324 3702 1535 3771 privata
1578 3700 1715 3765 dies,
1741 3700 1794 3754 itt
1835 3701 2103 3755 auditorio

506 3796 747 3849 fratrum
779 3794 966 3863 paucis
1007 3802 1192 3863 potest
1236 3794 1285 3847 ei
1324 3793 1689 3860 innotescere;
1722 3802 1777 3847 et
1800 3792 1845 3848 si
1875 3786 2103 3864 domnus

510 3891 679 3946 abbas
702 3890 942 3965 capitulo
972 3891 1206 3960 primum
1252 3889 1579 3954 interfuerit.
1612 3888 1823 3944 veniam
1869 3903 2102 3943 consuc-

512 3992 623 4037 tant
678 3998 775 4051 pro
832 3984 1012 4043 carnis
1072 3982 1407 4047 comestioue
1457 3980 1621 4047 petit;
1686 3980 1828 4051 quod
1880 3978 2103 4034 minime

500 4073 665 4138 .facit,
690 4075 732 4129 si
764 4084 950 4143 postea
977 4074 1371 4143 supervenerit.
1510 4060 1513 4065 ’

582 4168 688 4225 Sed
709 4167 1012 4233 sciendum,
1046 4167 1189 4236 quod
1217 4165 1454 4234 quandiu
1488 4166 1539 4219 in
1571 4166 1730 4220 domo
1764 4164 2099 4218 infirmorum

509 4269 773 4324 moratur,
803 4260 980 4315 nullus
1002 4262 1210 4329 absque
1235 4257 1451 4312 licentia
1486 4266 1611 4311 tunc
1635 4257 1879 4312 ordinem
1914 4272 2102 4327 regen-

500 4354 581 4413 Ais
615 4354 678 4407 ad
709 4369 833 4409 cum
864 4353 1051 4407 venire
1080 4350 1380 4421 praesumit.
1414 4348 1549 4404 Cum
1586 4358 1766 4404 autem
1800 4364 1894 4417 per
1920 4349 2098 4402 omnia

2207 3162 2452 3215 villarum
2480 3160 2806 3231 provisorcs,
2832 3175 2969 3229 quos
2998 3161 3237 3213 Decanos
3264 3174 3543 3224 vocamus;
3573 3158 3644 3212 bis
3666 3173 3743 3209 non

2206 3254 2351 3320 licet,
2384 3240 2598 3311 sicutet
2633 3254 2763 3310 nulli
2791 3254 3047 3319 fratrum,
3082 3269 3314 3323 usquam
3344 3255 3459 3309 sine
3487 3253 3674 3309 licentia
3697 3254 3743 3306 de

2205 3347 2340 3403 cella
2381 3346 2650 3416 equitare,
2691 3346 2906 3401 etiamsi
2946 3345 3137 3401 eodem
3192 3344 3283 3400 die
3328 3344 3519 3399 debeat
3564 3346 3742 3398 reverti.

2204 3436 2310 3490 ‘lli
2332 3436 2470 3492 sicut
2498 3446 2554 3491 et
2578 3436 2804 3506 quilibet
2850 3434 3159 3504 migraturi,
3202 3426 3327 3504 poSt
3375 3433 3574 3489 finitam
3594 3435 3743 3487 boratu

2205 3528 2412 3585 elevata
2451 3545 2613 3584 manu
2641 3536 2697 3583 et
2721 3528 2875 3600 signo
2902 3527 3081 3582 crucis
3107 3536 3302 3581 contra
3351 3526 3596 3580 dommnu
3619 3524 3743 3578 abba

2207 3628 2314 3674 tetn
2349 3619 2430 3673 vel
2459 3620 2697 3689 priorem
2722 3619 2885 3683 facto,
2920 3617 2994 3672 ita
3018 3627 3210 3688 petunt
3237 3617 3510 3671 licentiam
3534 3614 3742 3669 abeundi.

2204 3711 2273 3767 Et
2324 3710 2367 3766 si
2417 3709 2557 3765 forte
2604 3710 2679 3764 ita
2731 3710 3034 3776 evenerint,
3088 3719 3147 3764 ut
3190 3708 3425 3765 domnus
3473 3708 3643 3773 abbas,
3682 3705 3743 3759 vel

2204 3801 2379 3872 major
2408 3804 2577 3871 prior,
2608 3803 2806 3872 prioris
2838 3794 2965 3856 tunc
2991 3804 3043 3856 in
3069 3803 3237 3859 cboro
3262 3803 3509 3857 ordinem
3535 3800 3742 3871 regentis,

2206 3895 2561 3966 ingrediatur,
2610 3893 2771 3965 (van)
2823 3893 3260 3949 benedictionem
3308 3904 3633 3966 accepturus,
3672 3908 3740 3961 qui

2207 3997 2335 4041 tunc
2357 4002 2482 4042 eum
2510 3978 2832 4056 sequuntur,
2875 3995 2931 4041 et
2971 3987 3017 4041 si
3054 3986 3292 4057 quicum
3340 4001 3405 4041 eo
3431 3994 3553 4041 tunc
3577 3987 3622 4040 in
3654 3984 3741 4052 ipw

2203 4079 2371 4134 choro
2404 4078 2686 4145 migraturi
2712 4078 2975 4147 (exceptis
3005 4078 3110 4143 bis,
3143 4079 3234 4148 qui
3263 4092 3389 4132 eum
3418 4087 3541 4133 sunt
3560 4079 3742 4130 comita-

2208 4168 2331 4238 turi)
2382 4167 2545 4221 etiam
2594 4168 2638 4223 si
2670 4168 2783 4222 sint
2813 4168 2949 4222 albis
2980 4167 3175 4235 induti,
3209 4169 3276 4221 ab
3320 4168 3439 4239 ipso
3466 4168 3529 4222 ad
3561 4168 3740 4237 gradum

2204 4257 2516 4324 accedente,
2558 4257 2873 4327 priusquam
2905 4266 3032 4311 ante
3080 4267 3134 4312 et
3186 4267 3332 4311 retro
3393 4257 3571 4319 faciat,
3598 4265 3741 4326 petum

2204 4346 2509 4414 licentiam;
2544 4363 2650 4416 quo
2682 4356 2977 4412 annuente,
3009 4357 3065 4402 et
3096 4347 3203 4403 illis
3258 4350 3340 4417 (nt
3372 4349 3536 4403 moris
3569 4348 3653 4415 cst)
3687 4346 3736 4398 ad

509 4443 641 4498 inibi
687 4459 915 4499 manens
954 4444 1171 4499 infirmo
1205 4444 1295 4497 alii
1334 4457 1392 4497 se
1439 4442 1710 4511 disparem
1761 4457 1866 4497 non
1904 4441 2096 4507 faciat;
2132 4448 2177 4502 Ι)
2202 4437 2426 4506 gradum
2459 4437 2849 4492 iuclinantilnts
2876 4453 2967 4491 oo.
2994 4437 3101 4508 (vel
3129 4437 3174 4493 si
3206 4437 3326 4492 talis
3361 4449 3448 4493 est
3498 4438 3619 4507 dies,
3645 4426 3736 4506 pro-

511 4546 696 4590 tamen
728 4535 772 4588 si
802 4534 930 4603 quid
958 4533 1115 4589 alicui
1145 4533 1361 4588 mittere
1392 4535 1525 4598 vult,
1561 4546 1666 4584 non
1697 4538 1936 4585 notatur.
1961 4530 2095 4585 Cum

507 4628 576 4681 ad
623 4625 792 4681 cellas
832 4628 1055 4679 omnino
1092 4623 1248 4678 nobis
1282 4624 1557 4692 subjectus
1598 4622 1825 4685 venerit,
1858 4619 2098 4692 quandiu

508 4718 565 4772 iu
598 4716 841 4785 qualibet
876 4715 1088 4768 illarum
1125 4724 1330 4780 manet,
1362 4715 1610 4769 eumdem
1641 4712 1909 4776 ordinem,
1939 4726 2097 4781 quem

507 4818 563 4865 et
596 4810 649 4863 in
681 4806 962 4876 principali
988 4806 1129 4861 loco
1169 4820 1266 4876 per
1292 4806 1475 4860 omnia
1511 4814 1673 4860 tenet.
1705 4804 1760 4858 Si
1793 4818 1954 4873 quem
1994 4802 2101 4857 fra-

510 4911 669 4967 trem,
699 4901 790 4969 qui
824 4902 898 4956 sit
936 4902 1085 4969 prior
1125 4900 1306 4969 priore
1339 4900 1577 4969 ejusdem
1613 4896 1762 4953 cellae
1789 4912 1972 4951 secum
2006 4898 2100 4951 ab-

504 4994 676 5059 ducit,
710 4993 798 5048 bie
817 4992 1065 5059 eumdem
1089 4992 1324 5061 priorem
1355 4992 1406 5044 in
1433 4991 1626 5061 ordine
1651 4989 1930 5059 praecellit,
1958 4990 2099 5058 quod

499 5097 688 5142 tamen
731 5102 837 5142 non
881 5085 963 5147 lit,
993 5084 1036 5138 si
1066 5085 1188 5153 quis
1222 5083 1342 5137 talis
1383 5098 1504 5136 cum
1538 5083 1736 5137 domno
1764 5082 1959 5137 abbate
1982 5082 2100 5136 sine

506 5182 688 5249 priore
733 5180 859 5234 illnc
898 5176 1151 5232 venerit:
1189 5186 1317 5230 tunc
1362 5174 1509 5237 enim
1551 5175 1720 5245 ipsius
1760 5174 1907 5231 cella:
1948 5175 2100 5244 prior

498 5282 618 5333 .tam
682 5274 928 5327 ordinem
967 5285 1149 5336 quant
1212 5266 1447 5322 cilicium
1502 5266 1827 5322 obedientia:
1883 5282 1994 5322 sua:
2044 5267 2096 5343 in

498 5366 766 5421 omnibus
802 5362 911 5415 illic
945 5362 1217 5415 observat.

496 5508 502 5514 ,
581 5453 781 5509 Decani
814 5460 869 5517 et
903 5451 1133 5521 priores,
1166 5450 1255 5521 qui
1306 5449 1500 5505 talibus
1540 5457 1783 5519 praesunt
1823 5448 1976 5513 locis,
2008 5448 2096 5503 ubi

502 5576 503 5579 “
577 5587 724 5658 (1‘25)
756 5585 919 5658 Liber
945 5584 1448 5658 mentorialis,alias
1478 5582 1869 5658 uecrologium,
1905 5582 1958 5634 in
1988 5598 2096 5658 quo

498 5651 726 5714 'noinina
759 5656 1164 5711 benefactorum
1215 5665 1269 5710 et
1315 5656 1612 5709 amicorum
1653 5651 2003 5706 notabantur.
2039 5654 2094 5715 In

507 5731 692 5784 codice
717 5745 864 5793 Vero,
897 5743 1004 5796 quo
1034 5726 1215 5796 regula
1262 5727 1319 5779 S.
1368 5724 1424 5777 Ρ.
1456 5726 1517 5778 Β.
1549 5723 1818 5789 descripta
1854 5732 1969 5776 erat
2013 5740 2094 5777 so-

2200 4530 2544 4602 cidentibus)
2614 4531 2962 4601 prosequitur
3026 4533 3283 4587 sacerdos
3336 4533 3423 4587 bis
3474 4533 3736 4589 versibus:

2200 4622 2386 4676 Salvos
2417 4622 2503 4692 [uc
2542 4641 2736 4677 servos.
2786 4622 2936 4677 Mitte
2962 4623 3058 4685 eis,
3097 4623 3337 4678 Domine.
3365 4624 3626 4679 Collecta:
3659 4620 3739 4672 Ad-

2199 4726 2325 4781 esto,
2358 4715 2595 4781 Domine,
2614 4715 3083 4790 supplicibus.Qua
3117 4714 3287 4780 finita,
3320 4716 3362 4770 si
3390 4716 3567 4770 statim
3596 4713 3739 4767 volunt

2198 4809 2377 4874 exire,
2431 4808 2521 4877 qui
2581 4809 2721 4863 albis
2770 4820 2899 4863 sunt
2949 4807 3144 4871 induti,
3195 4811 3264 4861 ab
3320 4807 3507 4863 eodem
3551 4802 3736 4859 cxucmli

2200 4899 2474 4954 licentiam
2527 4910 2733 4970 petunt,
2785 4916 2815 4954 a
2854 4915 2960 4970 quo
2984 4910 3038 4954 et
3067 4899 3305 4957 abeundi
3335 4898 3593 4955 licentiam
3614 4911 3738 4950 accc-

2199 5003 2425 5062 pcruut;
2460 4992 2554 5047 sed
2586 4994 2638 5046 in
2663 4993 2781 5048 loco
2814 5008 2911 5048 suo
2941 5002 3070 5047 ante
3111 5002 3164 5046 et
3218 4990 3364 5047 retro
3397 5009 3500 5047 non
3538 4991 3737 5048 faciunt;

2200 5074 2284 5138 vel
2312 5084 2354 5138 si
2386 5085 2488 5139 lioc
2518 5083 2875 5153 neglexerint,
2911 5085 2978 5137 ab
3006 5099 3091 5148 eo,
3117 5085 3207 5153 qni
3236 5084 3304 5137 ad
3358 5098 3584 5154 praesens
3622 5080 3738 5131 ordi-

2199 5193 2321 5233 nem
2353 5179 2513 5248 regit,
2546 5179 2777 5233 eandem
2832 5178 3105 5234 licentiam
3155 5189 3426 5248 quazrunt,
3474 5188 3525 5231 et
3562 5179 3606 5230 in
3647 5176 3738 5228 loco

2199 5285 2296 5324 suo
2336 5279 2464 5325 tunc
2512 5278 2639 5325 ante
2691 5282 2747 5325 ct
2792 5281 2937 5325 retro
2985 5270 3210 5326 faciunt.
3246 5271 3400 5338 Quod
3430 5272 3471 5325 si
3499 5270 3653 5338 aliqua
3688 5267 3737 5317 de

2198 5377 2363 5418 causa
2414 5352 2689 5431 praepediti
2735 5378 2796 5416 ea
2828 5363 2912 5417 die
2960 5379 3066 5416 non
3105 5354 3412 5427 discedunt,
3447 5363 3497 5416 in
3531 5358 3735 5430 sequenti

2198 5452 2467 5507 recessuri
2520 5451 2869 5506 nihilominus
2912 5450 3140 5507 eandem
3195 5452 3606 5507 benedictionem
3631 5445 3738 5527 rcci-

2198 5583 2471 5637 immundo
2497 5583 2820 5638 notabantur
2843 5582 3169 5637 illustriores
3191 5582 3575 5646 benefactores,
3595 5588 3645 5635 et
3664 5573 3734 5648 qui

2198 5655 2457 5727 singulari
2498 5655 2700 5709 fmdere
2730 5653 3012 5711 monachis
3037 5652 3314 5723 conjuncti
3345 5663 3510 5710 erant.

3412 5910 3437 5915 '~
3468 5910 3611 5920 ..κη
