3890 6314
124 318 236 375 1061

138 437 268 498 riunt,

122 454 268 508 ItIUIll,
352 454 512 502 quam
545 454 585 488 δι
616 454 666 487 ιιι
699 454 975 490 υοωιηιοίι
1005 454 1127 506 ῃοδι
1167 454 1492 491 matuunum
1544 454 1671 492 SUlll

122 524 390 596 accepturi,
440 523 762 579 serviturum
831 527 1075 596 coquime
1145 528 1452 583 benedictio
1512 529 1671 583 debet

119 616 407 686 praecedere.
441 614 555 670 Hoc
584 624 763 671 autem
789 616 985 673 debent
1007 620 1165 683 scire,
1190 620 1335 689 quod
1362 636 1390 671 a
1415 618 1670 675 Kalendis

120 707 353 763 Octobris
387 721 561 776 usque
613 707 680 761 ad
733 708 940 762 Pascha
999 724 1296 778 nunquam,
1356 710 1456 764 nisi
1490 708 1668 763 autin

117 797 315 863 octavis,
360 806 455 851 aut
510 799 563 852 in
598 798 896 865 duodecim
934 800 1290 866 lectionibus,
1346 802 1428 856 vel
1458 802 1670 871 quoties

119 891 253 945 tertia
272 889 564 960 capitulum
598 892 866 961 sequitur,
916 894 959 949 si
990 910 1095 951 non
1127 904 1209 950 est
1235 894 1486 965 generale
1524 895 1666 964 jeju-

117 986 257 1043 nium.
287 992 402 1051 post
440 982 656 1037 tertiam
712 998 836 1038 mox
884 984 1277 1061 benedictione
1315 998 1564 1055 accepta,
1622 985 1666 1040 si

115 1075 274 1129 volunt
298 1073 587 1143 prandere,
620 1073 850 1145 licenter
878 1084 1123 1144 possunt.
1162 1074 1219 1130 Si
1250 1090 1376 1131 vero
1421 1075 1669 1145 regulare

113 1176 178 1218 est
197 1163 472 1233 jejunium,
504 1172 560 1218 et
593 1164 1055 1235 tertiaprmcessit
1080 1166 1398 1236 capitulum,
1424 1181 1489 1221 eo
1516 1165 1668 1220 linito

114 1257 342 1317 reﬁciunt.
378 1265 566 1325 postea
597 1272 702 1312 non
730 1257 1047 1325 comessuri,
1075 1258 1179 1313 nisi
1226 1273 1325 1329 per
1368 1258 1665 1327 licentiam.

115 1350 170 1399 At
197 1347 235 1399 si
264 1346 563 1401 universale
620 1347 808 1413 instat,
855 1354 911 1402 et
964 1348 1106 1403 unde
1156 1348 1458 1417 prandeant
1514 1348 1664 1418 foris,

114 1437 283 1489 habere
304 1435 567 1504 dillidunt,
597 1446 857 1494 exeuntes
911 1440 1216 1494 necessaria
1268 1440 1335 1495 ad
1379 1443 1665 1510 prandium

114 1543 266 1595 aecum
289 1528 558 1584 deferunt.
606 1530 748 1586 Idem
780 1532 833 1588 in
872 1531 1303 1606 Quadragesima
1340 1535 1662 1602 observant;

111 1638 248 1691 quare
277 1632 397 1679 time
424 1640 525 1694 pro
559 1626 660 1680 hac
683 1642 844 1685 causa
873 1643 1214 1699 nequaquam
1241 1629 1471 1684 fratrum
1504 1645 1667 1700 pran-

112 1715 566 1784 dimnanticijmnl.
599 1716 750 1783 Quod
783 1717 826 1772 si
870 1727 991 1786 post
1041 1717 1245 1774 Nonam
1289 1720 1661 1775 benedictione

1152 318 1561 377 CONSTITUT.
1598 318 1925 378 IllBSAUG.
1966 353 2038 363 —-
2072 323 2200 380 LIB.
2227 326 2289 381 ll.

352 441 512 502 quam
545 432 666 488 siin
699 433 975 490 Dominica
1005 446 1127 506 post
1167 437 1492 491 matutinum
1544 446 1671 492 sunt
1698 456 1747 511 Α
1778 436 1914 490 cella
1945 436 2059 491 vult
2107 438 2407 495 discedere.
2442 443 2455 462 ‘
2496 438 2565 499 Ut
2612 458 2720 499 uno
2773 443 3000 510 calcari,
3040 446 3089 502 si
3128 447 3357 511 alterum

3222 337 3362 393 1062

1774 527 1976 582 habere
2008 543 2112 582 non
2134 539 2333 597 potest»,
2364 532 2434 585 sit
2460 542 2768 599 contentus,
2828 536 2930 591 nisi
2959 546 3054 591 aut
3102 540 3360 596 obedien-

1774 616 1965 672 tiarius
1988 618 2080 684 sit,
2110 628 2204 673 aut
2233 618 2443 691 longius
2465 622 2544 678 ire
2571 624 2721 679 velit.
2758 624 2835 680 Ne
2862 628 3151 684 manticam
3174 646 3358 687 serum

1772 706 1827 760 in
1879 708 2111 776 caballo,
2166 710 2210 764 si
2263 725 2399 779 opus
2426 721 2532 779 est,
2563 717 3157 787 portarededignetur.
3199 720 3359 792 (ναν.)

1770 797 2072 869 Numquam
2102 804 2338 871 peditem
2374 805 2424 858 in
2445 805 2641 861 itinere
2665 806 2911 877 longiori,
2937 825 3097 878 quam
3129 812 3356 866 duormn

1775 892 2151 947 Inilliarioruzn
2201 897 2376 965 spatio
2422 898 2677 953 comitem
2717 900 2963 965 habebit;
2997 912 3235 958 attamen
3291 907 3357 958 ad

1768 982 1988 1037 ﬂuvium
2020 987 2263 1052 veniens,
2293 989 2459 1055 aliud,
2501 990 2546 1044 si
2595 1005 2817 1046 necesse
2864 1001 2968 1057 est,
3009 1008 3147 1063 equo
3183 1003 3361 1051 trans-

1769 1084 1990 1141 portare
2043 1076 2219 1142 valet,
2268 1079 2586 1147 quod-alibi
2641 1097 2905 1151 nusquam
2948 1083 3092 1138 licet.
3138 1102 3226 1139 eo.
3293 1088 3360 1143 lit

1764 1166 2064 1220 cavendum
2089 1182 2431 1237 smnmopere
2447 1168 2626 1238 habet,
2645 1180 2705 1226 ut
2726 1172 2936 1228 caballo
2959 1189 3058 1230 suo
3080 1165 3357 1245 ttunqnam

1769 1256 1934 1310 l'rreua
1961 1258 2028 1311 ad
2060 1261 2387 1315 currendum
2442 1262 2609 1318 laxet.
2650 1264 2768 1333 Ipse
2814 1282 3029 1337 quoque
3054 1298 3057 1301 »
3082 1284 3357 1340 nunquam

1767 1350 1961 1415 currit,
1998 1350 2101 1406 nisi
2131 1362 2353 1422 propter
2377 1345 2651 1410 obiturum
2686 1367 2742 1412 et
2772 1358 3101 1413 incendium.

1838 1438 1975 1494 Dum
2022 1451 2106 1496 est
2148 1442 2202 1496 in
2254 1443 2362 1511 via,
2416 1445 2462 1499 si
2510 1454 2595 1501 est
2627 1446 2750 1503 talis
2793 1448 2929 1513 dies,
2956 1464 3062 1518 qua
3094 1449 3161 1503 ad
3182 1449 3358 1504 horas

1759 1531 1922 1585 venia
1971 1542 2058 1587 est
2108 1538 2364 1603 petenda,
2417 1536 2532 1607 ipse
2576 1539 2763 1606 etiam,
2817 1540 3032 1609 quando
3061 1538 3359 1610 quamlibet

1769 1621 1959 1675 horam
1989 1631 2215 1679 cantare
2245 1626 2497 1694 voluerit,
2531 1628 2867 1685 descendens
2917 1633 2985 1685 ad
3013 1641 3243 1695 terram,
3291 1632 3359 1687 de

1766 1712 1943 1781 capite
1973 1713 2263 1782 capellum,
2293 1717 2359 1783 de
2386 1720 2648 1774 manibus
2701 1721 3049 1776 chirothccas
3087 1723 3358 1777 abstrahit

112 1812 294 1871 accepta
326 1820 671 1881 communem
704 1806 1057 1863 refectionem
1086 1818 1423 1879 eXspectanl,
1454 1819 1658 1877 postea,

1767 1802 1982 1856 veniam
2004 1817 2221 1881 quoque
2244 1815 2456 1874 petens,
2487 1810 2790 1864 orationem
2840 1810 3175 1866 Dominicam
3202 1811 3353 1867 dicit.

111 1895 199 1947 sive
226 1895 382 1965 longe,
416 1897 531 1952 sive
562 1915 748 1969 prope,
771 1901 995 1959 licenter
1023 1914 1249 1973 pergunt
1278 1921 1291 1957 :
1316 1904 1457 1971 quod
1484 1913 1663 1958 tamen

112 1984 195 2037 alio
220 1994 445 2056 tempore
486 1988 619 2042 nulli
675 1990 803 2044 licet
846 2002 967 2061 post
1008 2006 1260 2061 vesperos
1307 1990 1505 2056 facere,
1554 1991 1659 2045 nisi

112 2076 189 2132 soli
218 2078 301 2143 illi,
332 2080 418 2148 qui
452 2081 636 2149 pisces
667 2082 759 2149 vel,
797 2084 1025 2139 ριηοιιάο
1063 2083 1149 2138 vel
1194 2083 1453 2157 piscando
1498 2084 1661 2138 debet

111 2170 340 2237 :ltjllirél‘ﬂ.
862 2221 866 2224 ‹
1098 2226 1103 2230 α
1183 2237 1188 2242 .
1242 2240 1245 2243 λ
1646 2232 1647 2235 η

168 2259 342 2314 Verum
393 2262 718 2334 priusquam
775 2273 975 2322 exeant
1032 2266 1294 2331 claustro,
1356 2271 1662 2335 prmcavent

112 2369 164 2406 ne
190 2357 368 2411 reverti
399 2374 623 2416 necesse
654 2360 916 2427 habeant;
950 2363 1203 2432 quoniam
1227 2369 1449 2432 propter
1471 2373 1661 2429 quam-

113 2461 285 2515 cunque
327 2462 548 2505 Causam
611 2453 843 2523 regressi
900 2452 1130 2518 fuerint,
1179 2469 1209 2509 e
1254 2452 1493 2507 claustro
1543 2448 1660 2504 sine

112 2537 288 2593 licentia
317 2540 490 2597 denuo
522 2546 707 2613 egredi
742 2560 847 2601 non
870 2555 1223 2616 praesumunt.
1258 2545 1313 2600 Si
1346 2544 1467 2613 quis
1490 2541 1653 2607 etiam

112 2629 167 2683 ita
198 2635 519 2702 praeparavit,
570 2645 628 2690 ιιι
682 2637 1123 2693 illicoascendat
1170 2651 1334 2706 super
1358 2650 1579 2703 equum,
1611 2633 1653 2687 si

113 2727 331 2793 evenerit,
378 2739 436 2783 ut
472 2731 689 2798 signant
721 2730 905 2784 audiat
953 2730 1020 2787 ad
1053 2730 1241 2784 horam
1288 2728 1447 2783 ullam
1497 2742 1654 2795 regu-

113 2814 265 2883 larem,
286 2827 336 2873 et
364 2818 543 2874 adhuc
570 2821 640 2874 sit
663 2818 801 2874 infra
830 2830 983 2890 septa
1018 2834 1316 2895 murorum,
1349 2831 1656 2881 armamen-

111 2905 165 2958 tis
189 2907 272 2962 vim
301 2908 560 2979 depositis
597 2912 892 2970 revertitur
917 2914 982 2966 ad
1013 2914 1223 2975 horam,
1250 2927 1353 2967 nec
1377 2908 1655 2981 praesumit

112 2992 266 3049 iterum
296 2997 497 3068 absque
523 3000 741 3075 licentia
769 3000 941 3054 exire.
979 3001 1056 3053 Ad
1084 3000 1489 3071 percussionem
1520 3013 1651 3053 vero

112 3080 268 3141 tabuit.-
300 3087 362 3143 ab
408 3088 645 3145 abeunte
677 3091 868 3156 fratre,
899 3090 955 3151 si
988 3100 1071 3146 est
1096 3100 1249 3146 extra
1286 3099 1517 3161 portam,
1553 3104 1650 3143 nec

112 3180 160 3230 ad
202 3180 359 3247 illam,
404 3200 529 3254 qua:
578 3184 638 3238 lit
689 3196 913 3256 propter
960 3186 1209 3250 Brevem,
1263 3186 1306 3241 si
1330 3185 1445 3255 jam
1481 3185 1650 3245 exivit
1678 3173 1718 3228 (λ

111 3266 376 3335 claustrum,
433 3289 543 3328 non
596 3276 903 3330 revertitur.
959 3276 1024 3331 Et
1072 3292 1194 3330 eum
1246 3276 1389 3329 circa
1444 3284 1653 3342 tempus

112 3356 251 3429 Nona:
288 3364 430 3421 abire
480 3366 731 3433 voluerit,
781 3368 825 3427 si
882 3366 1097 3423 interim
1148 3366 1395 3436 pulsatur
1420 3366 1651 3435 signum,

110 3453 221 3517 quod
248 3452 432 3524 fratres
478 3456 687 3511 excitat
739 3457 804 3510 ad
858 3457 1228 3527 surgendum,
1279 3455 1358 3510 vel
1415 3464 1656 3523 tempore

104 3540 309 3614 llyemali
343 3559 467 3605 ante
501 3551 716 3604 tertiam
747 3549 814 3605 ad
867 3549 1238 3612 calceandnm,
1294 3557 1513 3618 propter
1554 3547 1655 3601 hoc

108 3652 190 3691 non
232 3642 438 3697 omittit.
497 3641 763 3712 Egressus
809 3653 990 3697 autem
1040 3652 1250 3711 portant
1288 3639 1455 3703 ecllze,
1496 3647 1656 3709 caput

109 3732 285 3796 Caputio
304 3733 529 3808 obtegit,
562 3736 735 3790 donec
762 3752 791 3790 a
821 3735 943 3789 villa
975 3733 1193 3801 exierit.
1221 3732 1333 3797 lloe
1361 3732 1524 3795 etiam
1557 3748 1656 3802 per

108 3819 255 3879 villam
287 3825 520 3897 aliquam
552 3827 825 3883 transiens
857 3826 1112 3897 custodit.
1144 3843 1231 3882 eo.
1258 3826 1430 3895 Super
1455 3838 1653 3893 equum

100 3922 406 3982 ascensurus,
439 3918 593 3987 prius
640 3933 889 3996 cappam.
920 3918 1117 3983 induit,
1162 3933 1324 3986 quam
1348 3932 1422 3975 se
1450 3916 1653 3985 cingat,

109 4016 187 4059 nec
216 4019 322 4063 eam
351 4011 641 4081 abstrahit,
679 4012 782 4067 nisi
835 4011 986 4079 prius
1035 4026 1094 4065 se
1136 4010 1421 4079 discingat.
1470 4007 1656 4074 Quan-

101 4096 270 4154 .tnmvis
294 4100 433 4157 enim
467 4102 644 4158 lutosa
674 4103 745 4157 sit
780 4104 885 4167 via,
916 4102 958 4156 si
989 4117 1157 4172 cappa
1187 4117 1293 4155 non
1321 4112 1407 4155 est
1435 4100 1655 4155 indutus

108 4182 345 4257 iuliocco,
376 4192 585 4263 equitat
636 4191 961 4257 discinctus;
1016 4208 1068 4245 tn
1118 4191 1326 4246 cuculla
1362 4204 1493 4245 vero
1538 4189 1655 4243 sine

108 4272 272 4344 lrocco,
303 4282 401 4337 nisi
430 4285 666 4358 desuper
692 4300 860 4355 cappa
892 4285 1095 4347 induta,
1127 4300 1401 4354 innuptam
1425 4284 1652 4353 equitat.

104 4362 354 4429 Obviantes
381 4375 679 4430 monachos
702 4376 952 4438 clericos,
1013 4385 1068 4430 et
1112 4385 1353 4445 quosque
1383 4374 1434 4427 in
1466 4375 1652 4427 habitu
1726 4375 1741 4385 '

100 4464 437 4533 conversionis
474 4465 695 4540 salutat,
730 4466 916 4522 dicens
963 4467 1042 4522 eis
1068 4482 1082 4519 :
1113 4466 1423 4529 Benedicite.
1460 4465 1644 4520 Saecu—

1764 1892 1894 1948 lnde
1943 1875 2250 1960 seﬂlevans,
2306 1897 2460 1969 signo
2509 1901 2687 1955 crucis
2720 1902 2886 1967 l’aeto,
2916 1902 3111 1957 iterum
3139 1903 3354 1958 veniam

1762 1984 1931 2053 petit;
1987 1986 2120 2041 hora
2154 1988 2426 2059 imposita,
2455 2006 2793 2062 ascensoque
2827 2008 2989 2063 equo,
3025 2004 3169 2049 tenet
3192 1995 3354 2060 viam,

1766 2080 1782 2096 '
1813 2076 1945 2143 Qua:
1993 2086 2197 2145 tamen,
2252 2081 2297 2134 si
2332 2081 2485 2155 fadeo
2531 2082 2709 2138 lutosa
2757 2094 2863 2151 est,
2893 2084 2979 2138 vel
3001 2085 3048 2139 si
3080 2084 3194 2153 ipse
3221 2086 3356 2141 adeo

1763 2167 2012 2223 inlirmus
2035 2178 2137 2235 est,
2168 2186 2266 2240 pro
2290 2157 2551 2228 descensu
2580 2174 2774 2229 sedens
2806 2175 2860 2229 in
2885 2190 3046 2245 equo,
3089 2176 3354 2245 psalmum

1762 2258 2014 2315 Miserere
2038 2263 2157 2326 mei,
2190 2246 2351 2331 Dens,
2384 2273 2493 2320 etc.
2520 2266 2821 2336 praemittit,
2850 2266 3045 2324 deinde
3066 2269 3215 2325 dicta
3232 2283 3354 2323 ora-

1762 2350 1919 2405 tione
1935 2350 2233 2418 Dominica,
2266 2354 2455 2409 horam
2497 2366 2704 2412 cantat.
2737 2358 2796 2412 ln
2854 2360 3140 2415 duodecim
3170 2359 3357 2416 lectio-

1762 2443 1921 2498 nibus
1948 2455 2098 2511 vero,
2131 2455 2186 2500 et
2207 2448 2640 2519 quandocunqne
2672 2451 2831 2505 venia
2866 2466 2973 2504 non
2997 2463 3081 2507 est
3101 2453 3353 2522 petenda,

1760 2550 1861 2590 nec
1882 2536 2147 2605 psalmum
2180 2539 2348 2604 canit,
2376 2555 2475 2596 nec
2505 2542 2572 2595 ad
2611 2550 2808 2597 terram
2856 2542 3154 2600 descendit.
3202 2543 3354 2600 Unde

1758 2627 2075 2696 priusquam
2106 2630 2175 2693 de
2201 2630 2440 2686 claustro
2489 2643 2683 2701 exeat,
2742 2636 2961 2705 quando
3011 2636 3138 2692 dum
3178 2637 3352 2704 abest,

1758 2716 2042 2772 duodecim
2077 2719 2337 2776 lectiones
2375 2722 2641 2794 lcgantur,
2692 2728 3005 2796 pra-vidisse
3038 2729 3225 2794 debet;
3259 2731 3356 2785 de-

1759 2808 1853 2863 bet
1878 2810 2043 2865 etiam
2068 2827 2134 2867 ex
2162 2827 2260 2867 usu
2291 2823 2514 2869 cantare
2543 2830 2764 2871 cursum
2801 2826 3004 2873 saucue
3059 2817 3261 2874 Mariae.
3290 2820 3346 2875 Si

1757 2898 2070 2967 illiteratus,
2106 2901 2409 2974 iniungitur
2435 2903 2718 2975 eialiquid
2756 2923 2855 2977 pro
2882 2908 3217 2978 regularibus
3251 2911 3348 2966 ho-

1757 2991 1831 3046 ris
1852 2994 2203 3063 cantandum,
2255 2995 2308 3050 id
2349 3006 2433 3052 est
2480 2998 2656 3054 oratio
2706 3000 3009 3067 Dominica,
3038 3009 3095 3056 et
3124 3001 3168 3057 si
3200 3003 3353 3072 quid;

1755 3086 1858 3140 scit
1886 3086 2213 3155 lmjusmodi.
3273 3088 3280 3095 ’
3332 3116 3333 3119 γ

1823 3176 2098 3247 Prendere
2126 3182 2178 3236 in
2208 3182 2401 3239 itinere
2427 3183 2546 3239 sine
2570 3186 2757 3253 missa,
2788 3185 2950 3241 etiam
2971 3186 3025 3242 in
3060 3185 3355 3256 majoribus

1762 3265 1938 3333 festis,
1971 3269 2091 3326 ideo
2138 3271 2367 3328 licenter
2410 3283 2608 3345 potest,
2666 3276 2795 3346 quia
2839 3292 2945 3331 non
2987 3276 3092 3332 nisi
3120 3277 3173 3332 in
3213 3278 3355 3332 notis

1760 3357 1909 3422 locis,
1938 3370 2031 3414 aut
2078 3364 2189 3416 noti
2215 3365 2513 3421 sacerdotis
2543 3366 2760 3422 missam
2802 3368 3013 3434 audire,
3041 3383 3143 3424 nec
3171 3384 3268 3438 per
3293 3383 3353 3424 se

1760 3449 1876 3518 ipsn
1904 3469 1957 3515 ιι,
2010 3452 2055 3505 si
2106 3463 2188 3507 est
2236 3457 2515 3522 sacerdos,
2542 3467 2763 3512 cantare
2788 3459 3087 3527 pra-sumit.
3137 3460 3261 3523 Cui,
3304 3460 3351 3514 si

1759 3538 2027 3610 fragilitas
2047 3544 2309 3609 evenerit,
2339 3561 2446 3600 uno
2469 3555 2673 3601 tantum
2705 3548 2792 3603 die
2821 3564 2851 3602 a
2894 3548 3074 3603 missa:
3111 3548 3355 3605 celebra-

1754 3629 1906 3683 tione
1930 3645 1989 3685 se
2011 3632 2266 3701 abstinet,
2298 3636 2442 3705 quod
2462 3637 2694 3709 amplius
2716 3653 2829 3703 non,
2845 3637 3068 3707 devitat,
3108 3641 3274 3696 etiam
3303 3641 3351 3697 si

1757 3722 2109 3783 mutatorinm
2133 3724 2277 3781 aliud
2322 3726 2544 3794 habere,
2588 3729 2683 3785 vel.
2725 3729 3121 3788 confessionem
3169 3731 3351 3789 facere

1755 3827 1863 3873 non
1900 3812 2095 3875 valeat.
2121 3815 2390 3887 Regelare
2434 3817 2700 3888 jejunium
2730 3822 2884 3878 loris
2925 3825 3203 3890 observat,
3246 3825 3347 3879 nisi

1757 3902 1948 3958 exiens
1974 3905 2271 3974 prandendi
2320 3907 2593 3965 licentiam
2646 3912 2936 3982 acceperit.
2988 3912 3263 3970 Prendere
3300 3911 3355 3969 ill

1754 4003 1911 4062 prato
1948 4004 2147 4063 potest,
2200 3996 2243 4051 si
2291 4014 2515 4056 necesse
2568 3988 2752 4057 fuerit.
2802 4002 2905 4069 Qui
2940 4003 2989 4058 ei
3044 4005 3223 4059 cibmn
3266 4008 3350 4059 vel

1757 4095 1941 4154 potum
1988 4086 2356 4163 administrat,
2406 4109 2683 4163 nunquam
2741 4094 3084 4153 administrat
3140 4097 3192 4149 in
3226 4096 3350 4159 sola

1757 4178 1981 4234 camisia
2010 4179 2093 4234 vel
2126 4181 2179 4234 in
2211 4181 2560 4245 ferituralibus
2612 4184 2762 4249 solis,
2811 4186 2914 4238 nisi
2952 4185 3088 4240 forte
3113 4187 3344 4244 eveniat.

1746 4280 1817 4330 ,ιιι
1854 4272 1923 4327 ab
1946 4271 2052 4324 alio
2078 4287 2241 4341 quam
2267 4288 2367 4328 suo
2394 4274 2597 4330 comite
2632 4276 2682 4330 ei
2718 4276 3207 4333 administrandum
3255 4278 3345 4332 sit.

1758 4362 1904 4417 Inter
1925 4363 2338 4431 comedendum,
2366 4366 2411 4421 si
2439 4367 2567 4436 quid
2595 4367 2832 4431 breviter
2864 4368 3083 4433 dixerit,
3143 4384 3242 4440 pro
3266 4370 3349 4426 his

1757 4470 1877 4524 qua:
1908 4456 1972 4510 ad
1997 4471 2236 4527 praesens
2263 4473 2485 4515 necesse
2532 4461 2849 4517 habuerit...
2905 4462 2970 4516 de
3019 4462 3124 4517 alia
3166 4471 3345 4519 tamen

106 4546 222 4605 lares
246 4568 371 4611 vero
406 4537 793 4628 morevnlgari
818 4556 1125 4627 compellat.
1161 4555 1477 4612 Obviantem
1520 4555 1655 4608 ami-

1763 4519 2256 4617 loquela'longiore
2307 4560 2484 4606 cavet.
2542 4551 2845 4622 Antequam
2890 4554 3348 4620 comedat,‘dieto

105 4653 202 4694 cum
226 4648 557 4717 necuim-em,
582 4648 627 4702 si
656 4647 888 4704 voluerit
918 4649 1113 4703 sedens
1150 4648 1204 4701 in
1232 4662 1371 4717 equo
1399 4646 1653 4710 osculari,

106 4733 271 4795 poterit
302 4754 312 4789 :
351 4716 678 4792 monachum
728 4753 854 4793 vero
885 4754 1184 4808 nunquam,
1219 4736 1332 4792 nisi
1354 4736 1419 4791 ad
1458 4748 1654 4809 terram

106 4817 417 4884 descendens.
436 4828 601 4907 (var)
630 4827 950 4910 Ubicunque
979 4838 1157 4885 autem
1184 4827 1654 4903 ascemlit,‘locum

105 4905 313 4967 altiorem
342 4905 554 4987 qumrit,
582 4929 636 4973 et
664 4919 740 4973 sic
769 4905 890 4972 eum
924 4920 1187 4995 gravitate
1223 4918 1485 4973 ascendit.
1506 4918 1656 4973 Unde

106 5008 275 5069 θιθιιιο
304 4995 513 5076 ρυι-ιιιιιῖ
539 5012 854 5065 monasterii
894 5013 961 5065 ad
992 5011 1390 5066 ascendendum
1433 5020 1656 5065 truncus

108 5100 172 5143 est
202 5080 410 5162 positus.
440 5100 646 5155 Cavcre
679 5101 839 5156 debet
881 5101 932 5155 in
981 5100 1197 5165 itinere,
1232 5109 1291 5154 ut
1341 5100 1473 5155 nihil
1506 5088 1556 5154 in
1597 5117 1655 5153 se

110 5172 425 5256 irreligiosum
461 5202 554 5246 aut
603 5192 777 5248 ordini
835 5202 1022 5271 nostro
1073 5192 1405 5248 contrarium
1436 5207 1467 5246 a
1518 5208 1649 5260 quo.

109 5287 243 5339 quam
265 5268 428 5337 notari
459 5272 663 5354 possit;
694 5293 753 5338 ut
779 5268 1098 5340 vestimenta
1127 5299 1223 5340 sua
1261 5299 1290 5339 a
1345 5293 1496 5362 tergo
1549 5300 1653 5338 non

88 5364 261 5425 tdilllue
301 5368 539 5449 (eXcepta
592 5362 871 5433 interdum
923 5387 1145 5455 propter
1197 5376 1432 5446 pulviam
1464 5376 1653 5448 cappa)

110 5460 184 5513 Sed
206 5470 483 5545 composite
512 5469 651 5525 infra
682 5456 871 5526 sellam
895 5469 1221 5539 jaceant,,ut
1240 5464 1347 5526 nec
1386 5471 1651 5543 anterior,

114 5562 193 5612 lit‘c
220 5560 469 5635 posterior
495 5561 637 5617 sellae
664 5562 899 5633 corrigia
933 5562 1014 5617 vel
1047 5563 1190 5618 aliud
1224 5561 1354 5633 quid
1409 5562 1514 5617 tale
1550 5563 1655 5631 si..i

114 5637 247 5711 desit,
276 5664 368 5723 nec
396 5651 447 5705 in
496 5666 636 5729 equo
682 5652 842 5729 siuml
893 5667 1055 5709 verso
1084 5653 1379 5729 respiciat.
1412 5652 1491 5708 Ne
1534 5653 1653 5729 sine

119 5722 321 5794 fasciolis
338 5722 638 5812 equitet;'si
672 5722 849 5795 tamen
887 5741 1024 5797 ultra
1074 5722 1238 5797 unum
1285 5724 1650 5798 milliarimna

1760 4651 1916 4691 versu
1948 4636 2079 4707 legit
2106 4637 2309 4708 aliquid
2338 4641 2406 4696 de
2442 4656 2597 4697 sacra
2637 4642 2937 4713 Scriptura,
2970 4653 3025 4699 et
3054 4645 3106 4699 iu
3137 4644 3244 4699 line
3276 4647 3345 4700 si-

1758 4729 1975 4783 tniliter.
2006 4729 2063 4784 ln
2096 4731 2182 4785 via
2209 4747 2425 4802 quoque
2450 4735 2660 4801 sitiens,
2693 4735 2737 4790 si
2759 4751 2954 4799 carens
2977 4752 3188 4807 quoque
3221 4752 3347 4791 vase

1758 4822 1823 4875 ad
1865 4822 2067 4876 fontem
2111 4823 2312 4879 biberit
2354 4840 2419 4879 ex
2466 4828 2735 4895 manibus,
2767 4828 2839 4883 ob
2870 4829 2973 4883 hoe
3021 4830 3198 4884 notari
3239 4846 3343 4882 non

1759 4923 2015 4967 meretur.
2049 4912 2194 4968 Talis
2224 4923 2401 4969 autem
2431 4916 2521 4985 qui
2549 4918 2620 4972 sit
2647 4918 2903 4976 imberbis
2931 4920 3011 4985 vel
3040 4916 3196 4975 rasus
3217 4921 3347 4974 bar-

1749 5005 1901 5071 ham,
1945 5020 2048 5060 non
2088 5005 2249 5061 debet
2292 5022 2412 5063 esse
2441 5008 2495 5063 in
2534 5011 2651 5080 ejus
2702 5011 2981 5066 comitatu.
3029 5010 3133 5066 Sed
3171 5027 3345 5081 neque

1758 5096 1975 5151 mittere
1998 5111 2030 5157 a
2052 5111 2110 5151 se
2140 5096 2416 5162 comitem,
2464 5108 2519 5154 et
2559 5100 2707 5159 solus
2740 5101 2986 5170 equitare
3038 5086 3340 5170 praesumit.

1762 5187 1859 5243 libi
1886 5190 1996 5242 vult
2027 5192 2313 5261 hOSpitari,
2344 5194 2388 5248 si
2414 5194 2551 5249 adeo
2578 5209 2746 5264 prepe
2774 5203 2856 5250 est
2877 5194 3123 5258 ecclesia,
3154 5209 3343 5262 vespe-

1758 5295 1849 5334 ros
1876 5281 1946 5335 ibi
1977 5290 2201 5353 cantare
2227 5297 2332 5339 non
2364 5285 2594 5350 omittit;
2626 5284 3046 5355 Completorium
3074 5295 3144 5342 .et
3167 5284 3343 5341 Matu-

1759 5375 1927 5427 tinum
1958 5388 2061 5427 non
2094 5374 2165 5429 ibi
2194 5384 2399 5442 cantat,
2438 5378 2531 5433 sed
2586 5378 2637 5431 in
2678 5376 2818 5432 lecto
2849 5378 2928 5433 vel
2959 5377 3011 5431 in
3039 5376 3160 5433 loco
3186 5393 3341 5433 com.-

1756 5466 1959 5534 petenti
2002 5467 2156 5535 juxta
2206 5452 2441 5533 lectum,
2492 5468 2594 5524 nisi
2648 5468 2937 5538 hospitium
2984 5468 3228 5525 ecclesiae
3273 5470 3344 5526 sit

1756 5557 2125 5627 conjunetum.
2179 5574 2265 5613 en.
2322 5556 2491 5615 (lavet
2543 5566 2725 5617 autem
2774 5558 3009 5628 aliquam
3051 5557 3337 5614 ecclesiam

1755 5663 1876 5702 cum
1904 5646 2204 5702 calcaribus
2228 5656 2281 5701 et
2303 5661 2471 5717 cappa
2499 5647 2718 5704 indutus
2748 5648 3062 5723 iutrare_v::l
3092 5650 3158 5707 de
3184 5666 3343 5706 manu

1758 5737 1971 5795 fetninaz
2006 5737 2207 5807 aliquid
2237 5738 2503 5809 accipere,
2521 5755 2645 5797 cum
2670 5755 2734 5797 ea
2765 5741 2830 5797 ad
2858 5757 3099 5798 mensam
3127 5744 3340 5809 sedere,
