3872 6306
497 328 638 386 10ϋό

491 457 618 500 ειιιιι
645 456 708 495 ea
736 437 1030 509 quidquam
1062 433 1245 489 dicere
1271 432 1387 487 sine
1419 439 1554 487 teste
1577 445 1743 500 prope
1763 445 1860 483 eos
1890 428 2056 482 seden
2115 436 2160 490 Α

492 545 564 591 te.
595 533 751 590 Omni
781 541 1022 598 tempore
1064 528 1376 598 priusquam
1427 541 1530 579 nox
1559 524 1740 589 fuerit,
1791 522 1843 577 ni
1885 536 2079 591 magna

491 623 822 678 necessitate
839 619 1019 689 aliqua
1037 617 1386 688 impediente,
1401 615 1638 684 alioquin
1658 612 2079 683 Conzpletorimn

491 714 684 769 ultimo
707 726 813 766 non
839 709 1043 764 dilfert.

584 805 723 858 Sunt
761 811 1024 872 praeterea
1059 815 1176 869 qua:
1215 808 1323 852 tam
1357 795 1490 852 foris
1517 811 1679 866 quam
1717 793 1862 848 domi
1890 791 2078 848 obser-

495 907 612 961 vat,
646 895 698 950 id
729 905 836 956 est,
863 895 907 948 si
942 902 1027 947 est
1054 891 1481 947 cncullaexutns
1505 897 1613 941 tam
1640 887 1693 940 in
1725 885 1811 939 dic
1836 900 1998 954 quam
2027 883 2079 936 in

490 995 674 1050 nocte,
719 984 924 1041 nullum
969 983 1195 1038 verbum
1239 979 1462 1035 emittit.
1505 977 1770 1032 Observa:
1797 974 1983 1037 etiam,
2014 988 2084 1027 ne

491 1093 765 1150 quoquam
791 1085 957 1149 ponat
979 1090 1100 1128 eam
1139 1072 1349 1143 longius
1387 1087 1416 1125 τι
1449 1086 1531 1134 se,
1559 1084 1724 1140 quam
1753 1067 1822 1122 sit
1867 1065 2081 1120 cubitus

493 1185 659 1225 unus.
694 1169 856 1240 (ναν.)
895 1166 950 1220 In
989 1164 1199 1219 cuculla
1237 1163 1356 1217 sine
1383 1160 1596 1231 pellicio
1627 1157 1820 1213 sedere
1845 1155 1929 1210 vel
1966 1171 2083 1209 am-

493 1263 682 1317 balare
708 1259 925 1330 poterit.
961 1262 976 1278 ‘
1003 1258 1059 1312 Si
1109 1257 1173 1309 ad
1222 1254 1442 1324 aliquod
1495 1250 1914 1314 monasterium,
1938 1247 2081 1317 quod

493 1361 579 1408 est
604 1350 773 1406 nostri
795 1348 1024 1413 ordinis,
1060 1346 1141 1401 vel
1169 1333 1256 1400 ubi
1285 1342 1580 1414 capitulum
1599 1340 1894 1402 habemus,
1924 1352 2084 1392 vene-

505 1443 609 1509 rit,
652 1443 720 1496 ibi
755 1441 941 1494 eadem
975 1453 1035 1492 se
1081 1437 1242 1492 habet
1281 1433 1591 1504 disciplina,
1627 1447 1730 1500 qua
1764 1439 1818 1484 et
1847 1429 1990 1482 domi
2023 1442 2083 1482 se

503 1532 705 1586 habere
733 1529 892 1593 solet,
928 1536 983 1582 et
1012 1526 1056 1581 si
1085 1535 1244 1580 antea
1286 1524 1396 1579 illic
1445 1540 1549 1578 non
1582 1530 1724 1586 erat,
1762 1535 1884 1574 cum
1916 1519 2084 1571 intra-

495 1623 636 1677 verit
671 1623 898 1677 cbornm
928 1620 1044 1674 sive
1073 1616 1394 1688 capitulum,
1423 1616 1468 1670 si
1499 1614 1716 1669 interim
1751 1611 2004 1672 babctur,
2027 1618 2086 1663 et

495 1714 541 1768 si
584 1729 746 1768 nemo
789 1728 914 1766 eum
955 1710 1184 1774 inducit,
1219 1708 1465 1762 ultimum
1515 1706 1649 1776 petit
1697 1705 1894 1766 locum;
1935 1703 2083 1756 ineo

497 1811 679 1857 tmnen
707 1803 876 1857 choro
904 1801 958 1856 in
996 1815 1107 1870 quo
1131 1809 1188 1854 et
1221 1798 1366 1853 domi
1395 1795 1514 1867 ejus
1541 1806 1625 1854 est
1651 1796 1836 1850 statio.
1869 1793 1924 1848 Si
1956 1807 2083 1846 vero
2119 1787 2158 1840 ll

495 1895 562 1949 ad
591 1888 824 1948 alienum
867 1891 1090 1945 omnino
1136 1890 1528 1944 monasterium
1565 1889 1814 1952 evenerit,
1865 1889 1936 1942 ibi
1985 1903 2084 1942 nec

494 1985 794 2041 claustrum
827 1984 1018 2047 intrat,
1052 1981 1154 2036 nisi
1179 1979 1365 2048 jussus
1400 1981 1474 2036 sit
1505 1998 1516 2032 :
1551 1989 1609 2032 ut
1639 1979 1747 2034 illic
1771 1979 1873 2034 sibi
1898 1987 2081 2033 esten-

495 2093 614 2131 sum
660 2076 862 2138 fuerit,
916 2075 990 2127 ita
1023 2072 1170 2126 facit.
1207 2071 1476 2126 Caeterum
1513 2071 1555 2124 si
1609 2071 1676 2124 ad
1726 2071 2096 2139 quodcunque

494 2168 892 2222 monasterium
913 2165 1154 2230 venerit,
1203 2164 1321 2217 sine
1356 2163 1570 2217 licentia
1610 2162 1679 2216 de
1707 2162 1946 2215 claustro
1976 2173 2080 2216 non

491 2263 759 2325 exit,nec
781 2257 965 2314 comiti
1016 2273 1116 2312 suo
1139 2255 1435 2326 quidquam
1488 2254 1745 2323 loquitur.
1790 2255 2080 2309 Sciendum

494 2352 764 2407 est'etiam
793 2369 807 2404 :
834 2350 1052 2420 quando
1089 2350 1450 2418 quodcunque
1490 2347 1876 2402 monasterium
1913 2347 2082 2400 nostri

493 2444 704 2499 ordinis
740 2451 825 2498 est
876 2442 1241 2511 ingressurus,
1279 2440 1369 2494 ubi
1409 2439 1545 2500 infra
1587 2439 1822 2508 spatium
1874 2437 2082 2491 dimidii

493 2534 623 2587 armi
655 2548 760 2587 non
792 2531 894 2585 fuit
951 2530 1036 2585 vel
1077 2531 1219 2599 quod
1264 2543 1537 2598 nunquam
1580 2526 1824 2591 intravit,
1849 2536 1976 2580 ante
1997 2541 2085 2579 os-

499 2624 630 2678 tium
655 2640 750 2694 per
779 2621 924 2691 quod
948 2621 1181 2690 primum
1209 2619 1338 2673 illud
1367 2619 1553 2681 intrat,
1595 2632 1757 2685 super
1794 2631 1967 2685 genua
1995 2630 2086 2668 ve-

497 2717 642 2770 niam
673 2716 830 2785 petit,
861 2724 916 2770 et
949 2713 1016 2767 ad
1050 2714 1164 2768 loca
1189 2713 1256 2767 de
1279 2713 1363 2766 via
1393 2711 1754 2766 redeuntibus
1798 2710 1866 2764 ad
1922 2724 2082 2762 oran-

497 2810 624 2864 dum
649 2808 943 2863 constituta
963 2848 976 2871 ,
1003 2822 1061 2862 se
1094 2805 1418 2876 prosternit;
1470 2803 1728 2858 nisidies
1748 2802 1961 2873 pascha:
1991 2802 2083 2855 sit.

568 2902 722 2970 Quod
753 2904 797 2957 si
830 2904 936 2956 duo
969 2901 1169 2956 fratres
1202 2899 1404 2969 pariter
1442 2899 1509 2951 ad
1545 2896 1775 2965 aliquod
1813 2907 2085 2950 ιιιυιιιιειει

496 2995 637 3048 rium
668 2994 938 3060 venerint,
972 2993 1038 3047 ad
1089 2991 1234 3062 Quod
1292 2989 1430 3044 alter
1466 3003 1654 3042 eorum
1691 3004 1965 3058 mntquam
1993 3003 2084 3041 vc-

497 3077 674 3147 nerat,
719 3083 856 3138 alter
904 3097 1034 3136 vero
1084 3081 1137 3134 in
1174 3079 1420 3149 proximo
1465 3078 1675 3140 aderat,
1708 3077 1776 3131 de
1813 3077 1966 3132 venia
2008 3078 2082 3131 ad

498 3175 660 3230 limen
685 3176 868 3245 janttze
892 3174 1118 3243 petenda
1159 3181 1213 3224 et
1253 3172 1318 3224 de
1359 3173 1604 3225 oratione
1633 3169 1900 3233 facienda,
1937 3171 2080 3240 quod

496 3267 665 3339 priori
697 3269 895 3320 bonum
929 3265 1163 3326 videtur,
1199 3261 1680 3332 junior-imitetur.
1727 3261 1850 3316 llaec
1877 3263 2085 3332 specia-

498 3357 624 3412 liter
656 3359 722 3410 de
777 3355 1089 3432 uno_dicta,
1131 3352 1459 3422 generaliter
1497 3354 1564 3406 ab
1612 3352 1868 3406 oumibus
1912 3353 2084 3408 nostri

497 3448 706 3504 ordinis
738 3444 1021 3499 monachis
1047 3453 1174 3498 sunt
1211 3442 1571 3498 observanda.

572 3540 677 3594 Sed
710 3540 915 3592 decano
951 3537 1126 3592 adhuc
1170 3535 1416 3606 qtnedam
1457 3547 1585 3592 sunt
1637 3536 1946 3606 specialiter
1987 3537 2086 3592 ob-

497 3631 764 3688 servanda
791 3646 805 3695 ;
831 3630 883 3684 id
912 3639 1016 3694 est,
1066 3639 1125 3683 ut
1160 3640 1280 3700 post
1314 3629 1700 3684 comestionem
1736 3630 1940 3684 nullum
1984 3629 2084 3682 diu

500 3723 850 3778 mesticorum
883 3735 1104 3776 suorum
1134 3721 1416 3784 verberet;
1473 3735 1747 3790 nunquam
1778 3721 1943 3775 etiam
1971 3720 2085 3775 fra-

499 3816 598 3870 tris
637 3813 884 3880 alterius,
932 3812 977 3867 si
1024 3811 1139 3865 ﬁeri
1169 3820 1371 3881 potest,
1403 3813 1713 3866 testimonio
1752 3822 1961 3877 careat,
1991 3815 2084 3883 qui

499 3921 682 3961 secum
718 3904 921 3975 jugiter
955 3910 1219 3957 moretur.
1253 3903 1385 3956 Item
1416 3903 1461 3957 si
1492 3903 1611 3972 ejus
1647 3901 1952 3956 obedientia
1983 3904 2086 3957 sita

498 4008 584 4052 est
611 3996 747 4050 infra
776 3997 879 4051 iter
903 3994 1139 4050 dimldiaa
1161 3995 1296 4057 dici,
1338 4010 1428 4050 un.
1449 3995 1596 4048 omni
1626 3995 1854 4049 sabbato
1877 3996 1948 4048 ad
1968 4011 2086 4049 mo-

500 4089 805 4146 nasterium
840 4091 1019 4146 redire
1044 4088 1223 4143 debet.
1249 4085 1384 4144 Nam
1428 4102 1530 4141 nec
1571 4085 1709 4141 lotos
1749 4102 1957 4156 pannos
2002 4087 2086 4141 iu-

499 4179 684 4246 ducre,
729 4195 830 4234 nec
879 4195 938 4233 se
983 4179 1176 4234 radere
1226 4176 1508 4245 prazsumit
1560 4188 1758 4246 pra-ter
1811 4176 1906 4230 ibi.
1944 4175 2085 4231 Nihil

496 4270 661 4325 etiam
694 4285 818 4324 cum
860 4269 1076 4339 ingenio
1121 4267 1402 4330 lucratur;
1468 4281 1626 4336 agros
1663 4277 1716 4321 et
1754 4267 1938 4322 vincas
1968 4267 2088 4322 dili-

497 4372 690 4432 genter
726 4370 966 4424 exercet,
995 4367 1050 4414 et
1075 4357 1169 4412 alit
1196 4368 1395 4427 pecora
1423 4366 1476 4410 et
1511 4358 1776 4427 jumenta.
1809 4357 1954 4412 Nihil
1985 4359 2104 4413 ba-'

496 4450 590 4506 bet
625 4451 1002 4505 absconditum
1054 4464 1153 4503 nec
1207 4448 1260 4502 in
1309 4448 1526 4502 domum
1580 4459 1894 4508 extrancam
1939 4465 2085 4508 eont-

499 4542 842 4605 mendatmn;
876 4540 1018 4610 quod
1059 4556 1087 4592 a
1145 4538 1346 4593 nostris
1391 4539 1686 4610 majoribus
1736 4539 1959 4594 omnino
2002 4550 2085 4594 est

499 4635 1038 4690 anathematizatnm.
1083 4637 1251 4710 Sages
1295 4642 1570 4696 ct‘vinttm
1611 4638 1833 4706 quando
1867 4651 1931 4689 ex
1971 4646 2087 4690 toto

501 4724 663 4777 fuerit
703 4724 1011 4791 collectum,
1059 4729 1220 4784 debet
1247 4732 1397 4801 prior
1415 4747 1482 4785 ex
1525 4744 1678 4784 more
1710 4729 1899 4782 videre
1926 4728 2089 4796 quid-

501 4815 631 4882 quid
669 4816 926 4871 habuerit
959 4819 1010 4873 in
1043 4821 1538 4892 horreo,quidquid
1561 4821 1613 4876 in
1647 4820 2089 4887 cellario.Quan-

501 4914 616 4960 tum
639 4907 1111 4972 videtur,dimittit
1141 4914 1204 4966 ad
1240 4921 1600 4967 commeatum
1626 4911 1868 4979 ejusdem
1897 4912 2085 4965 decani

499 5009 556 5055 et
579 5001 848 5070 b06pitum
869 5005 1392 5073 snpervenicntium,
1410 5012 1463 5057 et
1479 5003 1544 5056 ad
1573 5016 1708 5071 opus
1730 5001 2083 5071 agricolaudi;

501 5093 642 5160 quod
669 5105 916 5162 superest
956 5095 1109 5163 jubet
1137 5096 1205 5149 ad
1247 5094 1639 5150 monasterium
1669 5093 1890 5149 deferri.
1923 5094 2087 5149 Simi-

501 5184 624 5240 liter
655 5187 782 5242 facit
813 5191 1002 5243 eodem
1035 5199 1276 5259 tempore
1316 5191 1367 5245 in
1394 5191 1546 5246 cellis
1577 5191 1799 5256 nostris,
1848 5195 1937 5249 ubi
1972 5204 2085 5248 tan-

503 5285 614 5330 tum
667 5293 759 5332 sex
818 5287 913 5332 aut
964 5279 1150 5333 decem
1199 5279 1394 5337 fratres
1443 5296 1746 5352 morantur,
1810 5288 1854 5342 si
1938 5295 2085 5340 tanta

503 5383 684 5423 rerum
716 5370 870 5438 copia
925 5369 1172 5437 habetur,
1215 5375 1359 5430 unde
1399 5377 1582 5447 plures
1610 5379 1820 5448 possint
1877 5387 2088 5432 susten-

503 5460 604 5511 tari
633 5475 648 5524 ;
683 5458 884 5513 eisdem
914 5458 1171 5519 fratribus
1200 5465 1400 5519 vietum
1425 5477 1480 5520 et
1516 5468 1791 5529 vestitum,
1819 5483 1883 5521 ae
1905 5467 2085 5537 hospi-

502 5557 617 5602 tum
668 5556 971 5608 necessaria
1005 5554 1234 5622 pleniter
1264 5558 1580 5623 dimittens;
1630 5560 1774 5628 quod
1818 5570 2086 5629 superest,

497 5636 652 5708 jubet
679 5643 743 5694 ad
787 5650 1172 5708 monasterium
1216 5650 1436 5704 deferri.

1578 315 1631 370 S.
1676 311 2055 370 GUILLELMI
2094 311 2384 368 ABBATIS
2417 310 2738 368 lllliSAlZG.

3592 314 3720 381 ιοσι

2728 477 2730 479 ,
2766 419 2996 481 CAPUT
3038 426 3179 480 XIX.

2401 517 2480 571 De
2500 519 2762 572 communi
2787 517 2972 570 ordine
2996 519 3061 572 de
3090 519 3172 571 cio
3203 517 3537 572 redeuntium.

2255 633 2272 650 ‘
2314 627 2468 684 Nune
2488 639 2670 683 autem
2704 629 2985 698 pmcmisso
3017 627 3390 682 itinerantium
3420 630 3608 694 ordine,
3627 631 3715 699 jam

2183 717 2251 772 de
2290 719 2376 771 via
2412 719 2754 774 redeuntium
2813 718 3117 771 communls
3161 717 3298 770 ordo
3336 727 3543 771 nonest
3584 723 3717 776 mult.

2186 812 2397 864 lendus.
2432 810 2654 864 Fratres
2685 810 2774 878 qui
2802 809 2867 864 de
2892 810 2978 863 via
3004 810 3252 872 Veniunt,
3306 811 3562 865 neminem
3603 815 3717 871 infra

2185 904 2321 957 muri
2345 903 2606 958 ambitum
2637 903 2968 965 osculantur,
3012 911 3306 971 antequam
3355 903 3717 961 oralionemfa-

2183 996 2348 1050 ciant.
2391 994 2449 1050 Si
2479 995 2609 1065 quid
2639 1004 2840 1060 tamen,
2879 993 3021 1065 quod
3053 1008 3273 1049 necesse
3296 1003 3380 1048 est
3399 1036 3413 1059 ,
3440 1005 3579 1050 extra
3603 998 3718 1054 clau-

2191 1097 2369 1142 strum
2404 1087 2645 1141 breviter
2666 1085 2983 1157 loquuntur,
3017 1087 3069 1142 in
3099 1087 3199 1141 boc
3224 1103 3330 1141 non
3365 1089 3718 1157 reprehendun-

2185 1187 2294 1231 tur.
2328 1177 2428 1244 Qui
2460 1178 2504 1232 si
2535 1177 2587 1231 in
2611 1178 2838 1232 meridie
2865 1187 2987 1248 post
3015 1176 3370 1234 refectionem
3397 1178 3719 1236 ministrorum

2186 1268 2527 1334 advenerint,
2583 1277 2872 1338 postquam
2907 1267 3133 1336 (fratres
3167 1276 3397 1337 surgant
3439 1283 3536 1322 non
3581 1269 3720 1339 ingre-

2185 1360 2409 1414 diuntur
2445 1377 2458 1413 :
2496 1368 2714 1429 pmpter
2760 1360 2864 1414 hoc
2895 1373 3000 1412 non
3031 1357 3306 1412 clauditur
3342 1356 3479 1410 inira
3520 1357 3724 1415 refcttio-

2186 1465 2307 1504 nem
2339 1451 2734 1514 ministrorum,
2763 1459 2821 1504 ut
2856 1450 3086 1520 quisque
3118 1459 3249 1504 tunc
3278 1449 3520 1514 veniens,
3557 1450 3722 1518 ingredi

2187 1543 2384 1597 valeat.
2418 1543 2687 1612 Tempore
2722 1542 2975 1612 loquendi
3019 1541 3330 1605 redeuntes,
3368 1541 3420 1595 in
3469 1541 3576 1610 ipso
3600 1543 3722 1595 clau-

2189 1633 2287 1688 stri
2318 1632 2542 1686 introitu
2571 1641 2784 1686 tantum
2814 1632 3097 1686 benedicite
3121 1631 3312 1685 dicunt
3347 1632 3416 1685 ad
3447 1633 3724 1689 assidentes.

2190 1735 2282 1779 un.
2308 1723 2497 1793 Itaque
2525 1739 2588 1778 ea
2621 1725 2737 1788 die,
2766 1730 2870 1793 qua
2904 1724 3160 1786 rcdctmt,
3195 1731 3397 1793 corpus
3435 1723 3625 1779 Demiui
3646 1727 3724 1780 nisi

2186 1814 2327 1870 facta
2353 1815 2699 1870 confessione
2730 1832 2835 1870 non
2877 1816 3181 1886 accipiunt;
3224 1818 3354 1885 quia
3383 1816 3625 1887 fragilitas
3653 1821 3728 1872 Ιιιι·

2185 1923 2344 1962 mana
2382 1906 2629 1960 devitarc
2657 1923 2762 1961 non
2791 1908 2934 1961 valet
3001 1907 3130 1975 quin
3171 1923 3272 1962 usu
3326 1909 3410 1962 vel
3437 1909 3633 1973 auditu,
3657 1920 3730 1963 aut

2193 2000 2360 2054 etiam
2394 1999 2664 2054 locutione
2711 2000 2986 2057 multones
3020 2010 3224 2072 peccet.
3253 2000 3308 2054 In
3333 2001 3520 2055 eodem
3545 2001 3620 2054 die
3636 2006 3731 2070 post

2186 2089 2431 2161 singulas
2455 2091 2623 2144 horas
2666 2089 2870 2146 faciunt
2897 2103 3025 2146 ante
3050 2101 3104 2146 et
3136 2101 3306 2155 retro,
3347 2101 3402 2146 ct
3441 2092 3624 2145 dicitur
3649 2108 3730 2145 una

2185 2181 2252 2235 de
2283 2181 2365 2234 bis
2383 2179 2662 2236 collectis:
2690 2179 3030 2250 Omnipotens
3056 2183 3370 2251 sernpitcrne
3387 2182 3544 2248 Deus,
3568 2192 3731 2235 nostra.

2185 2289 2327 2326 rum.
2355 2273 2696 2338 Quasunms,
2730 2275 3054 2342 omnipotens
3091 2273 3606 2342 Deus.-0nmipotem
3623 2291 3729 2327 srm-

2184 2367 2386 2434 pilerne
2433 2365 2594 2420 Deus.
2649 2352 2952 2421 l’raemissis
3000 2368 3082 2422 bis
3112 2367 3425 2431 versiculis,
3467 2367 3636 2422 Salvos
3667 2369 3732 2436 [ur

2185 2469 2382 2520 servos,
2412 2458 2501 2526 qui
2525 2473 2740 2526 semper
2766 2457 2974 2526 primus
3013 2468 3096 2513 est
3124 2477 3137 2512 :
3170 2459 3446 2514 secundus
3475 2457 3734 2512 Convertere

2186 2547 2327 2601 Deus
2354 2550 2436 2603 vel
2473 2548 2608 2602 Ecce
2636 2565 2793 2618 quam
2822 2550 3035 2615 bonum,
3066 2550 3148 2604 Vel
3195 2549 3481 2618 Beati,qui
3521 2550 3732 2602 habitant.

2187 2635 2293 2691 Pro
2331 2639 2532 2707 quibus
2582 2638 2627 2692 si
2685 2637 2911 2693 collecta
2955 2639 3128 2693 tribus
3184 2639 3400 2693 vicibus
3451 2639 3530 2692 vel
3579 2639 3735 2706 annos

2187 2728 2334 2782 dicta
2367 2727 2548 2788 fuerit,
2576 2744 2673 2797 pro
2700 2726 2786 2782 bis
2811 2728 2878 2782 ad
2909 2729 3324 2798 complctorium
3348 2745 3458 2781 non
3487 2738 3566 2782 est
3587 2727 3734 2780 dict-n-

2188 2821 2351 2884 dum,
2390 2820 2494 2874 nisi
2539 2821 2750 2877 duobus
2779 2821 3063 2876 versiculis
3084 2820 3382 2890 pneudssis
3405 2821 3598 2887 absque
3620 2817 3734 2871 salu-

2189 2912 2418 2965 tatione.
2474 2910 2816 2966 Misereatur.
2855 2910 3197 2980 Omnipotens
3227 2911 3538 2980 sempiterne
3563 2909 3736 2963 θῆκ’

2187 3003 2344 3070 Quod
2381 3011 2558 3057 tamen
2590 3003 2789 3058 domno
2818 3002 3021 3063 abbati,
3057 3017 3154 3057 nec
3180 3003 3466 3073 episcopo,
3496 3001 3574 3056 vel
3594 3002 3738 3056 abluti

2189 3099 2349 3153 alicui
2379 3109 2473 3153 aut
2509 3101 2676 3170 priori
2707 3107 2892 3155 nostro
2939 3109 3024 3154 est
3071 3101 3385 3167 dicendum,
3428 3102 3521 3156 sed
3553 3101 3739 3156 collecta

2187 3189 2470 3254 similiter,
2495 3200 2554 3243 ut
2583 3191 2650 3244 ad
2679 3201 2903 3244 caeteras
2931 3191 3111 3246 horas.

2267 3282 2712 3338 llenedictionem
2747 3285 2925 3339 nullus
2959 3299 3123 3339 causa
3176 3284 3395 3354 prandii
3432 3285 3660 3357 acgligit,
3702 3285 3739 3337 si

2187 3384 2315 3428 Cum
2350 3374 2616 3429 ministris
2653 3383 2898 3445 tempore
2941 3391 3052 3446 quo
3101 3391 3244 3430 nona
3295 3377 3536 3442 canitur,
3582 3377 3740 3432 reiicit.

2188 3463 2323 3519 Nam
2349 3466 2657 3520 exrefectus
2683 3482 2802 3521 eam
2837 3469 3055 3538 accipit,
3083 3468 3398 3538 iterumque
3426 3472 3493 3524 ad
3527 3468 3740 3524 refectio

2191 3573 2314 3610 nem
2344 3558 2504 3611 re.lit.
2534 3557 2642 3613 Sed
2673 3558 2975 3623 sciendum,
3009 3560 3152 3629 quod
3177 3560 3223 3615 si
3249 3561 3373 3630 quis
3399 3561 3616 3615 fratrum
3642 3561 3742 3614 loris

2189 3649 2440 3719 positus,
2499 3651 2738 3720 paschali
2791 3653 3125 3708 solemnitati
3191 3653 3307 3708 vult
3370 3655 3649 3717 interesse,
3696 3654 3736 3708 in

2189 3749 2382 3809 quarta
2416 3739 2550 3795 feria
2583 3743 2742 3798 debet
2773 3745 3010 3800 venisse.
3036 3746 3188 3812 Quod
3217 3747 3261 3801 si
3279 3747 3421 3803 forte
3448 3749 3738 3819 neglexerit,

2190 3833 2502 3903 quicunque
2529 3835 2602 3888 sit
2644 3837 2888 3901 veniens,
2935 3839 2989 3894 in
3031 3839 3160 3907 ipsis
3206 3840 3383 3895 tribus
3429 3823 3612 3896 diebus
3649 3849 3744 3910 post

2189 3923 2494 3990 quamlibet
2537 3925 2726 3979 horam
2785 3927 3016 3992 finitam,
3085 3929 3348 3999 prmdicta
3406 3929 3743 3986 benedictione

2192 4016 2409 4082 quidem
2457 4032 2563 4070 non
2604 4027 2790 4082 caret;
2828 4020 2921 4074 sed
2954 4031 3115 4074 nemo
3146 4019 3220 4075 illi
3264 4022 3318 4075 in
3351 4023 3557 4078 eisdem
3592 4024 3742 4077 diebus

2189 4107 2436 4159 osculum
2477 4108 2835 4177 praebet.-Cui
2887 4125 3127 4181 quoque,
3152 4113 3196 4165 si
3229 4123 3314 4167 est
3354 4124 3542 4170 noster
3576 4115 3744 4186 profcso

2191 4210 2306 4261 sus,
2346 4197 2646 4251 cavendum
2669 4209 2774 4266 est,
2808 4216 2878 4255 ne
2903 4201 2959 4255 in
2991 4203 3166 4258 tribus
3188 4202 3348 4258 festis
3370 4206 3615 4260 videlicet
3637 4207 3742 4259 uati-

2189 4289 2376 4344 vitatis
2401 4291 2632 4360 Domini,
2662 4291 2886 4348 Pascbse
2918 4304 2973 4350 et
3004 4303 3374 4365 pentecostes,
3415 4306 3540 4352 ante
3566 4298 3741 4352 tertium

2191 4383 2360 4449 diem,
2390 4385 2492 4438 nisi
2533 4376 2728 4453 magna
2757 4395 2978 4441 coactus
3006 4388 3358 4452 necessitate,
3388 4389 3577 4454 abeat;
3608 4389 3743 4445 sedet

2121 4483 2317 4552 Dtune
2338 4488 2620 4545 quousque
2669 4475 2962 4546 capitulum
3020 4478 3267 4544 finiatur,
3300 4489 3605 4551 exspectat.
3657 4479 3741 4535 llor.

2189 4566 2354 4620 etiam
2394 4568 2674 4622 sciendum
2704 4577 2789 4624 est
2811 4569 2975 4648 ,_quod
3001 4572 3044 4625 si
3076 4572 3166 4642 qui
3194 4574 3472 4636 venerint,
3505 4577 3620 4628 dmn
3643 4589 3742 4627 con-

2190 4668 2388 4713 ventus
2452 4660 2504 4713 in
2547 4661 2716 4715 choro
2765 4678 2870 4716 non
2921 4663 3107 4729 fuerit,
3163 4665 3206 4720 si
3247 4667 3428 4738 major
3471 4666 3740 4721 monasterii

2188 4759 2345 4819 porta
2378 4761 2507 4806 tunc
2537 4752 2725 4806 clausa
2754 4763 2857 4818 est,
2887 4760 3092 4826 aspersi
3142 4773 3284 4828 aqua
3329 4762 3628 4822 benedicta,
3659 4759 3743 4829 pri-

2189 4856 2336 4895 mum
2364 4843 2430 4896 ad
2456 4858 2699 4909 crucem,
2731 4847 2927 4901 deinde
2949 4849 3002 4902 in
3040 4849 3227 4915 choro,
3260 4860 3318 4904 et
3370 4863 3494 4922 post
3538 4852 3650 4906 inde
3694 4851 3742 4900 ad

2192 4932 2251 4986 S.
2278 4931 2504 4987 Mariam
2558 4937 2704 4990 inter
2765 4937 2971 4995 formas
3031 4941 3084 4996 in
3129 4941 3348 5012 longum
3397 4943 3664 5012 prostrati,
3711 4941 3743 4992 si

2192 5025 2316 5079 talis
2361 5035 2443 5080 est
2495 5026 2632 5092 dies,
2677 5029 2761 5083 sin
2815 5041 3018 5097 autent,
3070 5033 3302 5089 inclines
3359 5035 3558 5088 debent
3590 5047 3736 5087 orare.

2191 5115 2343 5183 Quod
2383 5117 2428 5172 si
2465 5117 2602 5173 infra
2640 5121 2937 5191 capitulum
2960 5124 3207 5189 veniunt,
3237 5126 3453 5179 tertiam
3475 5125 3735 5179 orationem

2191 5211 2258 5264 ad
2301 5211 2497 5277 altare,
2531 5214 2789 5282 quodest
2835 5216 2886 5270 id
2927 5217 3120 5272 dextra
3160 5229 3315 5288 parte
3359 5219 3512 5272 ebori
3550 5217 3723 5270 faciunt

2191 5299 2248 5355 Si
2287 5299 2424 5356 infra
2461 5304 2766 5373 regularem
2799 5307 2988 5362 horam
3023 5297 3294 5374 venerint,
3323 5309 3396 5363 ita
3423 5319 3479 5363 ut
3507 5316 3622 5362 ante
3641 5303 3744 5358 Glo-

2193 5391 2325 5444 riam
2362 5393 2526 5461 primi
2579 5394 2770 5464 psalmi
2820 5397 3044 5451 chorum
3085 5399 3288 5452 intrare
3317 5399 3546 5468 pnasinl.
3570 5393 3743 5464 aspersi

2195 5491 2407 5537 tantum
2454 5486 2684 5540 chorum
2711 5487 3106 5560 ingrediuntur,
3135 5490 3285 5543 [inita
3324 5490 3454 5543 hora
3484 5495 3746 5557 postaccc~

2194 5587 2335 5644 ptam
2366 5578 2800 5634 benedictionem
2835 5582 2899 5635 ad
2937 5599 3174 5650 crucem,
3207 5585 3251 5638 si
3284 5593 3442 5653 porta
3475 5588 3552 5656 (ut
3572 5580 3744 5635 dictum

2194 5669 2297 5738 εει)
2341 5679 2468 5726 ιιιηε
2502 5672 2684 5727 clausa
2726 5683 2829 5736 est,
2859 5673 3054 5728 deinde
3103 5673 3167 5728 ad
3195 5674 3254 5730 S.
3293 5675 3515 5731 Mariam
3548 5669 3742 5729 oraluti.

2268 5762 2324 5816 Si
2351 5777 2478 5818 vero
2520 5776 2642 5834 post
2681 5763 2915 5820 Clarium
2957 5767 3114 5834 primi
3155 5768 3350 5836 psalmi
3380 5768 3647 5823 ecclesiam
3673 5762 3741 5813 iu-
