3890 6314
122 270 242 363 lies

1091 289 1502 358 CONSTITUT.
1545 294 1874 353 lllRSAUG.
1916 330 1984 340 -ε-
2012 294 2143 357 LIB.
2181 298 2244 358 ΙΙ.

3215 279 3359 370 tosti

125 417 356 481 "at-crint
396 416 526 485 (non
568 414 717 473 enim
761 412 892 469 fons
936 428 1251 486 exspectare
1301 418 1681 491 praesumunt),
1714 410 1761 467 Α
1786 418 1997 482 eorum,
2030 416 2170 473 sicut
2208 426 2262 473 et
2288 420 2518 491 quisque
2547 432 2673 479 tunc
2703 422 2951 479 ordinem
2987 438 3204 495 regens,
3240 416 3364 505 illud

121 511 440 569 advenientes
486 509 556 562 ad
602 509 826 580 gradum
872 506 1079 565 veniam
1122 528 1226 567 non
1282 525 1493 583 petunt.
1549 516 1681 571 Post

120 602 455 675 aspersionem
481 602 635 657 facta
664 617 765 656 una
788 603 1031 658 oratione
1061 604 1128 657 ad
1149 606 1468 673 praedictum
1502 606 1671 661 altare

116 693 284 749 ibidem
318 693 394 748 eis
421 692 736 749 benedictio
765 698 847 749 est
881 696 1277 766 exspectanda;
1307 698 1431 766 quia
1461 714 1560 754 nec
1600 700 1677 755 sic

116 784 446 847 venientibus,
477 784 589 839 nisi
627 800 724 855 pro
772 788 1038 857 corporali
1072 791 1395 844 necessitate
1418 832 1432 855 ,
1468 790 1596 847 licet
1641 807 1672 847 a

123 875 326 946 regulari
376 877 510 929 hora
555 876 834 932 recedere.
873 878 943 933 At
981 880 1025 935 si
1066 880 1203 934 infra
1238 882 1657 949 completorium

115 970 518 1038 supervenerint,
547 970 620 1024 ad
642 985 860 1027 crucem
892 987 995 1027 non
1020 984 1199 1039 orant;
1226 974 1319 1030 sed
1342 974 1485 1031 facta
1533 977 1667 1032 item

114 1061 327 1115 oratione
352 1060 419 1115 ad
458 1061 781 1131 praedictum
806 1062 976 1119 altare
1007 1064 1208 1120 ibidem
1234 1076 1585 1136 exspectant,
1616 1074 1672 1123 et

114 1158 303 1219 accepta
354 1159 476 1220 post
506 1151 926 1223 completorium
967 1155 1342 1213 benedictione
1380 1159 1448 1214 ad
1474 1158 1531 1215 S.
1557 1159 1672 1214 Ma-

114 1242 225 1294 riam
247 1250 414 1295 orant.
446 1241 748 1299 Venientes
777 1245 945 1300 etiam
977 1246 1073 1313 ita,
1104 1257 1164 1302 ut
1203 1263 1305 1305 nec
1355 1264 1525 1305 coenas
1552 1265 1669 1306 ser-

112 1331 307 1385 viturum
333 1332 630 1397 interesse,
675 1349 773 1390 nec
796 1344 981 1405 postea
1017 1346 1145 1393 ante
1172 1339 1514 1396 collationem
1546 1357 1669 1411 pos-

111 1424 197 1476 sint
224 1422 456 1489 relieere,
477 1424 547 1478 ad
573 1425 920 1483 collationem
946 1430 1141 1485 debent
1181 1432 1468 1497 interesse,
1502 1442 1556 1488 et
1586 1434 1666 1489 sic

111 1524 210 1581 post
232 1514 646 1583 completorium
679 1528 899 1587 accepta
931 1520 1309 1575 benedictione
1338 1533 1564 1591 possunt
1585 1536 1666 1577 re-

109 1601 257 1656 ﬁcere.
273 1602 326 1656 Si
352 1618 482 1659 vero
497 1603 642 1657 infra
666 1607 1073 1675 completorium
1090 1610 1275 1664 venire
1290 1626 1393 1666 non
1415 1623 1659 1680 possunt,

108 1695 405 1760 postmodum
446 1694 646 1750 cellam
688 1698 893 1754 intrare
938 1716 1043 1755 non
1073 1712 1428 1770 praesumunt,
1468 1705 1561 1758 sed
1606 1706 1659 1759 in

1784 507 1970 562 venire
2000 525 2105 564 non
2158 513 2399 585 negligit,
2448 529 2503 573 et
2533 521 2757 589 singulis
2784 539 2882 592 pro
2919 524 3176 593 temporis
3212 514 3364 581 com'o

1781 597 2017 663 petentia
2048 601 2391 671 charitative,
2421 607 2659 664 breviter
2698 620 2898 679 tamen,
2931 614 3188 683 loquitur.
3224 615 3359 669 Cum

1781 686 2047 743 ministris
2078 693 2325 749 reﬁciens
2373 699 2439 751 ad
2483 700 2687 754 scillam
2719 704 2887 758 sedet.
2944 705 3039 760 llic
3070 716 3172 770 est,
3226 722 3361 776 quo.

1778 790 1991 845 cunque
2027 781 2257 839 domnus
2300 786 2466 844 abbas
2506 790 2588 844 vel
2625 792 2774 861 prior
2820 795 3194 861 proliciscatur
3217 839 3231 860 ,
3266 801 3356 866 qui

1778 866 1831 919 in
1868 868 2329 944 clanstrojugiter
2361 889 2625 946 moratur,
2654 894 2710 937 et
2736 886 2826 952 qui
2852 887 3117 955 praecipue
3143 891 3356 956 pondus

1778 959 1942 1011 totius
1972 960 2179 1017 ordinis
2206 974 2403 1034 portat.
2436 968 2663 1039 Propter
2697 975 2841 1043 quod
2886 983 3064 1029 tamen
3109 977 3358 1031 altiorem

1774 1047 1915 1104 inter
1945 1050 2141 1109 fratres
2181 1072 2287 1111 non
2321 1060 2478 1115 habet
2508 1062 2777 1118 ordinem.

1847 1139 1915 1195 Ut
1964 1151 2145 1199 autem
2188 1161 2254 1201 eo
2294 1152 2595 1220 expeditior
2640 1157 2706 1210 ad
2762 1157 2900 1211 idem
2951 1156 3181 1213 oﬁicium
3243 1161 3353 1224 sit,

1769 1235 2041 1289 armarius
2088 1252 2362 1309 nunquam
2417 1242 2492 1297 illi
2526 1245 2729 1315 aliquid
2769 1257 3011 1317 tempore.
3042 1249 3355 1305 refectionis

1768 1322 1850 1377 vel
1883 1324 2186 1384 collationis
2242 1330 2492 1403 injuugit.
2535 1352 2625 1390 cn.
2677 1336 2789 1391 lloc
2836 1349 2922 1393 est
2975 1349 3158 1393 autem
3204 1341 3353 1409 quod

1767 1415 1920 1500 nullo
1945 1417 2033 1472 die
2057 1420 2258 1477 omittit
2289 1441 2301 1475 :
2334 1434 2453 1492 post
2476 1427 2885 1496 completorium
2928 1446 3183 1500 aspersus
3210 1447 3350 1500 aqua

1765 1495 2049 1562 benedicta
2104 1510 2312 1576 statim,
2348 1515 2449 1570 nisi
2497 1495 2613 1584 ipse
2640 1520 2959 1587 asperserit,
2994 1495 3150 1576 istare
3181 1532 3351 1591 prope

1762 1596 1962 1650 ostium
1999 1597 2246 1655 ecclesia:
2276 1605 2503 1671 secedit,
2537 1616 2596 1661 ιη
2617 1608 2857 1679 singulos
2887 1610 3181 1676 intueatur,
3212 1628 3350 1683 quod

1763 1686 1924 1741 modo
1976 1686 2239 1746 inclinent
2282 1697 2348 1748 ad
2400 1695 2590 1750 altaria
2630 1710 2685 1753 ct
2735 1701 2801 1753 ad
2850 1704 3209 1770 sacerdotem,
3253 1717 3352 1773 per

109 1786 308 1840 crastino
337 1786 407 1841 ita
442 1787 683 1855 intrant,
716 1801 774 1846 ut
798 1802 918 1862 post
945 1794 1186 1864 singulas
1222 1795 1382 1850 horas
1406 1799 1639 1866 praescri-

1762 1795 1922 1849 quem
1965 1795 2348 1857 asperguntur.
2380 1787 2671 1859 Postquam
2703 1807 2893 1848 omnes
2936 1796 3192 1859 exierint,
3233 1795 3350 1848 sive

110 1885 229 1942 ptam
269 1880 705 1938 benedictionem
742 1884 1029 1953 accipiant.
1078 1885 1178 1951 Qui
1203 1902 1299 1955 per
1324 1903 1484 1941 unam
1537 1896 1659 1943 lan-

110 1978 199 2022 tum
229 1980 429 2028 noctem
460 1975 601 2033 foris
632 1987 943 2044 morantur,
969 1980 1021 2033 hi
1054 1995 1228 2050 neque
1256 1997 1378 2035 cum
1401 1980 1657 2045 exierint,

107 2073 248 2128 neque
276 2077 390 2118 cum
424 2067 715 2133 redierint,
762 2069 1195 2125 benedictionem
1222 2073 1517 2142 accipiunt,
1548 2075 1653 2129 nisi

108 2146 216 2222 forte
240 2156 491 2221 evenerit,
530 2165 591 2211 ut
627 2158 826 2227 aliquis
875 2161 940 2215 de
982 2162 1068 2215 via
1102 2161 1323 2216 veniens
1345 2171 1399 2217 et
1431 2163 1647 2218 benedi-

106 2240 298 2296 ctionem
338 2245 684 2303 redeuntium
717 2259 1059 2319 accepturus,
1100 2251 1287 2306 eadem
1336 2252 1425 2306 die
1466 2251 1653 2308 rursus

107 2339 248 2396 exeat,
276 2342 326 2389 et
358 2337 603 2392 crastina
640 2340 848 2406 redeat,
889 2342 1013 2396 huic
1042 2352 1167 2396 tunc
1188 2358 1291 2397 non
1316 2344 1653 2400 subtrahitur

113 2422 395 2492 benedictio,
427 2438 596 2497 quam
630 2430 909 2486 habuisset
936 2432 989 2485 in
1018 2432 1186 2501 priori
1217 2434 1321 2497 die,
1352 2435 1396 2489 si
1429 2450 1649 2491 roman-

114 2512 260 2568 sisset.
293 2516 487 2575 Verum
517 2520 565 2575 si
599 2521 728 2590 quis
756 2524 824 2577 ad
858 2524 1102 2579 eamdem
1146 2524 1335 2579 horam
1367 2526 1645 2581 redeuntis

108 2603 307 2662 simulet
330 2611 582 2668 exeuntis
609 2612 1042 2669 benedictionem
1086 2622 1173 2669 est
1222 2624 1564 2685 accepturus,
1599 2616 1648 2672 is

104 2706 197 2746 cum
249 2703 538 2757 accesserit
585 2703 658 2759 ad
719 2704 920 2773 gradus
945 2703 1014 2759 ab
1034 2702 1243 2760 ordinis
1272 2715 1484 2761 rectore
1519 2721 1643 2761 cum

110 2780 230 2851 signo
250 2789 417 2844 crucis
449 2791 735 2848 licentiam
762 2793 959 2863 quaerit
985 2795 1239 2862 abeundi,
1267 2805 1321 2851 et
1347 2795 1490 2851 l‘acto
1518 2805 1645 2853 ante

102 2881 143 2925 et
171 2884 312 2959 retro,
360 2896 479 2936 cum
530 2886 727 2941 eadem
773 2884 1122 2942 inclinatione
1161 2888 1276 2942 sive
1315 2898 1639 2959 prostratus,

107 2964 198 3020 sive
229 2958 384 3038 stans,
408 2976 653 3045 primum
669 2977 967 3043 redeuntis,
990 2978 1182 3034 deinde
1204 2958 1457 3036 exeuntis
1478 2982 1641 3041 bene-

102 3052 343 3116 dictionem
368 3067 621 3137 accipere
648 3076 845 3139 potest.
871 3068 1042 3136 Quem
1077 3070 1123 3125 si
1170 3071 1397 3127 rediisse
1437 3072 1505 3127 de
1550 3073 1638 3128 via

1762 1868 1851 1925 ille
1878 1876 2174 1943 asperserit
2218 1876 2333 1931 sive
2361 1892 2496 1943 non,
2541 1882 2738 1950 accipit
2766 1883 3089 1938 absconsam
3118 1885 3184 1937 ah
3210 1872 3347 1939 heh~

1758 1963 2077 2023 domadario
2130 1964 2511 2035 illttminalam,
2560 1982 2613 2027 et
2662 1975 2867 2043 capello
2922 1976 3112 2031 induto
3172 1986 3344 2031 totum

1756 2051 2054 2109 claustrum
2105 2058 2422 2126 perlustrat.
2475 2059 2658 2115 Primo
2712 2062 2888 2129 videt,
2940 2066 2985 2119 si
3032 2065 3212 2119 clausa
3269 2069 3342 2121 sit

1749 2136 1915 2206 janua
1978 2144 2232 2200 auditorii
2280 2147 2582 2218 hospitum;
2629 2152 2820 2206 domus
2873 2153 3339 2226 eleemosynaria;

1754 2232 1798 2285 si
1822 2235 1945 2302 quis
1972 2236 2147 2291 adhuc
2176 2237 2247 2292 sit
2280 2247 2337 2294 et
2367 2248 2591 2309 propter
2617 2242 2745 2311 quid
2772 2243 2842 2297 sit
2872 2253 2996 2300 ante
3023 2246 3299 2302 cellarium
3325 2268 3340 2313 ;

1752 2324 1797 2377 si
1848 2327 2080 2396 coquina
2151 2329 2414 2399 regularis
2486 2334 2558 2387 sit
2607 2336 2897 2402 obserata;
2956 2337 3337 2402 refectorium,

1751 2415 1947 2472 deinde
2021 2419 2211 2474 cellam
2272 2422 2599 2478 novitiorum
2638 2467 2654 2491 ,
2713 2426 2931 2480 domum
2996 2427 3338 2485 inﬁrmorum

1750 2507 1959 2579 videns,
1988 2511 2032 2565 si
2062 2511 2160 2582 ipsi
2191 2511 2307 2581 jam
2347 2528 2406 2569 se
2435 2515 2853 2583 collocaverint,
2883 2529 2939 2573 et
2980 2521 3252 2589 quomodo
3279 2534 3342 2575 se

1749 2598 2006 2668 habeant,
2045 2605 2088 2658 si
2127 2602 2250 2674 quis
2274 2620 2463 2662 eorum
2498 2608 2676 2664 adhuc
2716 2612 3040 2667 remanserit
3069 2612 3122 2666 in
3158 2613 3340 2669 eccle-

1747 2690 1826 2745 sia
1857 2691 1915 2746 S.
1946 2692 2160 2761 Marte;
2194 2695 2356 2769 (υατ.)
2393 2700 2641 2754 ascendit
2678 2700 3078 2770 dormitorium,
3111 2712 3335 2773 portans

1746 2798 1953 2851 secum,
1990 2786 2033 2841 si
2064 2788 2192 2857 quid
2224 2788 2364 2845 forte
2394 2791 2444 2845 in
2470 2792 2712 2847 claustro
2748 2794 3050 2864 neglectum
3082 2796 3326 2861 oll‘cndit;

1743 2874 2008 2944 prospicit
2032 2891 2248 2947 quoque
2277 2895 2469 2935 omnes
2496 2883 2926 2937 necessariarum
2958 2885 3135 2939 sedes.
3169 2885 3329 2939 Tem-

1742 2981 1875 3037 pore
1917 2969 2149 3040 hyemali
2189 2974 2404 3040 quando
2458 2972 2658 3029 fratres
2684 2984 2804 3045 post
2846 2990 3057 3030 (-oenam
3090 2976 3332 3032 collatio—

1742 3073 1865 3113 nem
1898 3058 1950 3113 in
1981 3061 2217 3129 capitulo
2261 3074 2599 3133 exspectant,
2632 3065 2759 3120 facit
2795 3083 2954 3121 unam
2985 3068 3187 3123 eiream
3234 3082 3333 3139 per

102 3151 309 3209 sacerdos
330 3158 610 3225 nescierit,
635 3160 833 3233 aliquis
855 3162 1147 3216 amantium
1176 3162 1376 3231 sciens,
1405 3166 1452 3220 ei
1482 3165 1637 3221 ίηηο.
1666 3139 1714 3204 C
1742 3164 1932 3204 omnes
1964 3151 2208 3210 oﬁicinas
2247 3156 2493 3224 claustri,
2531 3159 2830 3214 observans
2880 3175 2947 3215 ne
2994 3160 3210 3231 aliquis,
3255 3164 3325 3228 si,

104 3241 241 3295 tescit.
269 3244 465 3305 Debent
492 3261 679 3309 autem
725 3254 791 3310 de
831 3254 1027 3309 itinere
1055 3255 1346 3312 redeuntes
1393 3259 1444 3312 in
1469 3260 1638 3315 choro

102 3328 316 3393 interesse
338 3345 660 3411 matutinis;
694 3346 796 3401 nisi
822 3346 892 3402 sit
914 3347 1112 3418 aliquis
1139 3349 1206 3404 de
1229 3349 1526 3425 longinquo
1551 3366 1637 3407 ve—

101 3423 240 3494 ηίειιε.
271 3440 322 3487 et
362 3438 452 3493 tali
496 3440 823 3496 inﬁrmitate
860 3451 1152 3511 gravatus;
1199 3443 1276 3497 illi
1316 3423 1636 3501 conceditur

99 3523 217 3571 extra
239 3520 471 3594 chorum,
508 3529 600 3586 vel
658 3530 725 3585 ad
764 3530 822 3587 S.
847 3528 1070 3586 Mariam
1100 3532 1380 3588 matutinis
1428 3534 1632 3591 eisdem

100 3615 334 3670 tuteresse.

644 3712 872 3770 CAPUT
912 3694 1033 3768 xx.

282 3796 351 3855 De
373 3803 650 3861 claustrali
679 3808 880 3875 priore,
908 3819 953 3862 et
982 3809 1097 3878 ejus
1126 3809 1389 3879 adjutore.

148 3880 261 3957 (υυ.)
290 3889 605 3967 Claustralis
655 3900 805 3969 prior
856 3900 1093 3954 vicarius
1126 3910 1211 3955 est
1267 3902 1488 3971 majoris
1533 3915 1629 3971 per

98 3975 240 4029 omnia
270 3982 454 4048 prioris
474 4029 488 4053 ,
521 4003 697 4056 quare
737 4003 841 4044 non
891 3988 1063 4043 solum
1109 3990 1397 4046 debiliores
1428 3989 1626 4048 fratres

96 4058 145 4111 ad
183 4070 456 4142 Propinqua
504 4077 626 4132 loca
657 4077 725 4133 ad
750 4063 1163 4147 'repattsandum
1194 4080 1395 4145 mittit;
1435 4096 1623 4137 verum

98 4151 221 4209 etiam
240 4161 512 4226 validiores
538 4170 608 4224 ad
632 4169 802 4225 cellas
827 4169 984 4227 valde
1015 4181 1250 4227 remotas
1280 4172 1333 4227 in
1361 4173 1622 4227 auxilium

98 4240 278 4309 fratrum
328 4256 434 4316 illic
491 4266 989 4331 commorantium,
1043 4266 1241 4323 domno
1286 4267 1481 4324 abbate
1539 4269 1622 4323 vel

96 4337 236 4401 Priore
256 4342 399 4420 longe
427 4355 1089 4414 remotis..Verumtamen
1117 4373 1391 4430 nunquam
1426 4361 1477 4414 in
1509 4362 1614 4430 pri-

1738 3241 1831 3309 qui
1858 3250 1987 3298 tunc
2014 3244 2068 3297 in
2098 3247 2340 3315 capitulo
2364 3250 2555 3304 sedere
2577 3249 2816 3315 deberet,
2842 3251 3119 3306 inutilitati
3148 3265 3325 3307 vacet.

1736 3329 1893 3385 Facit
1943 3348 2159 3403 quoque
2197 3336 2357 3390 aliatn
2408 3339 2609 3393 circam
2663 3340 2729 3393 ad
2784 3341 3124 3397 intervallum
3178 3347 3325 3414 quod

1736 3421 1874 3476 solet
1914 3438 2036 3478 esse
2067 3425 2210 3480 inter
2237 3436 2533 3482 nocturnos
2566 3438 2622 3482 et
2650 3431 2995 3495 matutinum,
3035 3442 3090 3486 et
3139 3432 3209 3485 in"
3234 3432 3323 3486 illa

1735 3510 1929 3566 circuit
1953 3526 2145 3568 omnes
2172 3514 2340 3570 lectos
2368 3516 2422 3569 in
2451 3516 2796 3581 dormitorio,
2826 3519 2879 3572 in
2924 3519 3056 3573 cella
3090 3521 3323 3575 novitio-

1734 3617 1875 3669 rum,
1929 3605 2055 3663 inde
2106 3608 2301 3662 transit
2358 3610 2425 3664 ad
2468 3610 2670 3664 ostium
2728 3610 3024 3676 refectorii,
3073 3614 3321 3683 coquina:

1732 3686 2023 3766 regularis,
2070 3697 2306 3764 cellarii,
2343 3700 2808 3772 eleemosynariae,
2839 3705 2855 3721 ‘
2885 3703 3010 3758 ostii
3052 3706 3321 3760 claustra.

1732 3783 1823 3849 lis,
1869 3787 2066 3843 deinde
2107 3790 2172 3843 ad
2217 3791 2571 3849 inﬁrmariam
2611 3808 2708 3865 per
2751 3795 3046 3867 capitulum
3102 3798 3316 3863 transit,

1730 3877 1825 3931 sed
1865 3893 1963 3947 per
2007 3882 2336 3939 auditorium
2386 3885 2437 3939 in
2490 3884 2776 3940 ecclesiam
2832 3885 3090 3957 majorem
3142 3889 3314 3958 redit,

1730 3967 2001 4026 circuiens
2048 3973 2230 4029 omnia
2289 3974 2513 4042 altaria,
2580 3984 2637 4030 et
2681 3978 2905 4048 angulos
2961 3979 3204 4035 ecclesiae
3252 3998 3318 4038 ae

1727 4062 2029 4129 ‘sacristiar;
2073 4063 2196 4121 inde
2225 4069 2520 4123 revertitur
2541 4084 2639 4139 per
2663 4070 2911 4136 chorum,
2939 4071 3126 4141 sicque
3151 4088 3315 4129 verso

1727 4158 1938 4209 tantum
1977 4166 2166 4212 contra
2206 4159 2435 4230 juvenes
2487 4160 2691 4216 lumine
2736 4161 3055 4231 pertransit,
3105 4153 3161 4216 et
3189 4163 3314 4217 abs-

1725 4263 1948 4303 consam
1989 4250 2044 4304 in
2101 4252 2279 4306 locum
2328 4267 2488 4307 suum
2522 4254 2755 4322 reponit.
2804 4253 2861 4306 ln
2911 4253 2997 4306 his
3029 4253 3309 4313 omnibus.

1724 4338 1768 4393 si
1820 4340 1949 4407 quid
1988 4339 2327 4411 negligentia:
2377 4344 2735 4413 cognoverit,
2786 4344 2887 4398 hoc
2948 4343 3001 4397 in
3066 4344 3313 4399 crastino

96 4430 199 4487 tatis
231 4436 406 4499 diebus
447 4457 543 4502 ειη
578 4448 863 4504 duodecim
903 4447 1228 4507 lectionibus
1279 4451 1347 4507 ad
1388 4429 1619 4506 Quae“.
1647 4484 1699 4545 Β
1725 4429 2060 4488 reclamabit.
2091 4449 2179 4489 uo.
2227 4432 2335 4489 llas
2370 4434 2548 4490 circas
2590 4436 2754 4491 etiam
2794 4436 3021 4505 pleuiter
3060 4438 3312 4494 ordinem

96 4515 186 4545 (1....
232 4541 245 4545 -
272 4528 302 4545 γι
400 4535 414 4545 .
876 4541 906 4545 --
1156 4539 1186 4545 .-
1451 4541 1461 4545 -
1500 4542 1509 4545 -
1565 4542 1575 4545 -
1726 4531 1913 4545 .---..-
1960 4539 2019 4545 ___
2061 4539 2155 4545 --___
2208 4523 2332 4545 ιε--ε.
2409 4524 2560 4545 Α.--]
2594 4525 2634 4545 -9
2667 4526 2899 4545 _-9,_,,.,,,
2954 4536 3024 4545 μ.
3163 4529 3174 4545 Ι
3220 4528 3277 4545 γι·

94 4515 207 4590 dum,
232 4528 304 4585 vel
342 4535 416 4591 ad
440 4553 634 4610 pacem
674 4548 796 4610 post
838 4541 1075 4611 aliquem
1117 4539 1379 4605 albatum,
1409 4541 1512 4596 nisi
1565 4542 1618 4597 iu

92 4612 241 4672 ordine
282 4637 373 4680 suo
401 4633 631 4689 accedit.
682 4633 741 4690 ln
788 4633 943 4690 festis
969 4641 1172 4698 autem,
1214 4648 1336 4704 qua:
1383 4635 1438 4689 in
1483 4634 1619 4693 albis

94 4710 296 4795 fS'fmﬂl‘.
336 4718 556 4779 absente
597 4724 815 4795 priore,
857 4724 1066 4795 primus
1096 4724 1260 4780 etiam
1298 4726 1365 4779 ad
1406 4724 1615 4795 singula

94 4781 338 4883 huiusmodi
367 4781 631 4879 procedit,
670 4781 898 4883 excepto
941 4813 987 4868 si
1036 4814 1266 4869 domnus
1315 4781 1615 4869 abbasvvel

94 4879 204 4971 Prior
252 4892 457 4955 missam
516 4912 705 4971 cantat
760 4906 812 4960 in
870 4914 1137 4961 conventu
1180 4924 1194 4959 :
1253 4908 1427 4961 ‘tunc
1470 4906 1613 4962 enim

95 4969 204 5065 nullo
245 4986 389 5042 modo
420 5007 478 5049 se
512 4969 745 5065 primum
799 4996 884 5052 bis
926 4995 1183 5063 admittit,
1219 4984 1321 5053 nisi
1370 4997 1611 5053 omnium

94 5060 203 5157 prior
247 5069 293 5125 in
322 5060 953 5157 ordine'sit.Quotiens
1004 5086 1120 5154 ipse
1170 5060 1420 5140 ordinem
1468 5095 1614 5153 tenet

94 5153 180 5242 ξων
225 5168 276 5213 ul
324 5180 489 5240 neque
536 5154 793 5230 domuum
840 5153 1093 5232 abbatem
1145 5190 1321 5246 neque
1372 5178 1611 5247 priorem

95 5247 266 5305 interim
311 5259 553 5322 advenire
597 5276 827 5343 speret,
885 5277 1015 5324 tunc
1061 5268 1132 5323 ad
1181 5270 1608 5339 processionem,

96 5341 185 5395 (illa?
206 5345 405 5433 privatis
426 5341 612 5417 diebus
644 5361 847 5433 agitur,
880 5361 1103 5416 ultimus
1141 5362 1365 5428 incedit,
1401 5371 1456 5419 et
1484 5378 1605 5418 cum

96 5432 264 5522 Venerit
294 5443 355 5497 ad
380 5447 434 5502 S.
467 5450 723 5518 Mariam.
777 5453 828 5506 in
876 5434 1044 5507 choro
1080 5452 1301 5507 sinistro
1336 5452 1605 5518 consistit,

97 5522 261 5613 ξιιδιηξί
306 5532 356 5587 in
395 5540 575 5598 dextro
631 5544 749 5613 ejus
801 5542 967 5599 statio
1014 5543 1196 5598 fuerit.
1231 5541 1289 5598 Si
1339 5543 1423 5598 cui
1471 5556 1606 5613 opus

97 5600 453 5709 fuerillabsente
495 5600 679 5705 priore:
704 5636 771 5690 ad
802 5634 1160 5690 inﬁrmariam
1188 5635 1362 5707 gratia
1412 5648 1605 5703 repan-

101 5706 273 5763 Sationis
306 5715 375 5770 ire
449 5728 693 5783 concedit
721 5766 736 5793 ,
788 5728 1012 5799 ipseque
1061 5706 1211 5785 intra
1252 5728 1601 5787 refectionem

335 5836 678 5913 Punctum,»

1726 4531 1916 4576 tenens
1954 4539 2021 4578 ex
2060 4539 2157 4579 usu
2205 4523 2356 4579 facit.
2407 4524 2560 4592 Quod
2590 4525 2634 4581 si
2666 4526 2907 4584 minutus
2946 4536 3052 4593 est,
3092 4529 3176 4583 vel
3210 4528 3312 4583 ali-

1722 4628 1825 4683 qua
1869 4613 2181 4671 inﬁrmitate
2209 4627 2499 4687 gravatus,
2523 4619 2613 4673 alii
2637 4621 2704 4674 ab
2728 4634 2797 4675 eo
2828 4619 2931 4675 hoc
2984 4620 3308 4689 injungitur.

1793 4705 1867 4760 Ut
1898 4716 2081 4762 autem
2131 4710 2372 4765 breviter
2409 4712 2473 4766 de
2502 4713 2618 4782 ejus
2645 4710 2819 4767 oﬂicio
2846 4713 3163 4767 concludam
3193 4730 3206 4778 ;
3262 4715 3310 4769 si

1721 4797 1952 4853 domnus
1990 4800 2161 4856 abbas
2204 4816 2307 4855 non
2356 4802 2533 4869 adest,
2566 4818 2739 4874 neque
2770 4804 2947 4873 prior,
2995 4821 3099 4860 non
3132 4805 3308 4861 solum

1718 4876 1909 4946 omnes
1956 4892 2377 4961 obedientiarii,
2436 4895 2611 4965 quiin
2677 4895 2918 4951 claustro
2968 4906 3127 4965 sunt,
3187 4897 3306 4967 ejus

1716 4991 1987 5053 praecepto
2024 4986 2312 5053 obediunt,
2355 4988 2448 5042 sed
2484 4987 2648 5042 etiam
2690 4988 2786 5058 ipsi
2825 4989 3017 5043 decani
3049 4989 3114 5043 ad
3152 5004 3306 5059 qua:-

1716 5090 1936 5146 cunque
1982 5093 2120 5150 opus
2150 5079 2329 5134 fuerit.
2352 5078 2587 5149 Ideoque
2618 5080 2775 5134 valde
2804 5082 3172 5136 necessarium
3197 5091 3302 5142 est,

1718 5178 1775 5223 ut
1808 5170 1932 5225 talis
1975 5172 2362 5238 constituatur,
2400 5174 2489 5242 qui
2542 5173 2609 5227 ad
2655 5181 2733 5226 tot
2778 5180 3039 5241 tantaque
3084 5175 3302 5242 negotia

1713 5265 2057 5332 procuranda
2097 5264 2326 5322 idoneus
2354 5266 2637 5320 habeatur.
2669 5265 2686 5283 ⁶
2716 5263 2813 5318 llic
2851 5264 2973 5319 talis
3004 5264 3118 5318 sive
3147 5264 3297 5319 ordi-

1712 5346 1835 5408 nem
1866 5365 2078 5421 tenens,
2108 5371 2234 5411 mox
2278 5365 2338 5412 ut
2365 5356 2516 5411 audit
2544 5356 2757 5425 signum
2783 5353 3110 5433 collationis,
3137 5353 3300 5409 debet

1709 5449 2008 5519 capitulum
2064 5450 2308 5515 intrare,
2357 5465 2426 5504 ne
2472 5460 2660 5518 postea
2714 5450 2927 5502 intrans
2966 5454 3294 5501 conventum

1709 5540 1872 5596 faciat
1930 5542 2261 5611 assurgendo
2318 5541 2584 5597 laborare.
2643 5540 2911 5597 Caeterum
2973 5554 3291 5609 quanquaut

1708 5631 1823 5687 haec
1848 5634 2028 5687 omnia
2054 5671 2071 5698 ,
2111 5646 2232 5702 quae
2258 5646 2419 5701 supra
2459 5631 2602 5686 dicta
2634 5639 2760 5687 sunt
2787 5671 2802 5697 ,
2844 5630 3070 5685 licenter
3100 5629 3287 5696 faciat,

1705 5726 1887 5799 priore
1933 5735 2114 5782 tamen
2162 5725 2218 5781 in
2266 5731 2535 5781 conventu
2573 5732 2849 5789 manente,
2888 5721 3019 5775 nulli
3052 5720 3181 5792 quid
3204 5717 3290 5775 fa:

2888 5837 2969 5925 μ
