3872 6306
521 309 665 368 ἳο67

1518 307 1574 365 S.
1609 310 1980 365 GULLELMI
2018 310 2308 368 ABBATIS
2339 315 2660 375 lllRSAUG.

3624 335 3741 397 1068

525 422 703 479 clendi
731 419 813 474 vel
845 418 1100 512 loquendi
1138 418 1417 512 iicentiatn
1457 420 1579 512 dat;
1622 422 1715 475 sed
1764 422 1816 475 in
1861 422 1961 477 hoc
2005 438 2109 475 non
2140 426 2188 484 A
2218 441 2377 481 causa
2414 428 2566 495 ierit,
2606 432 2727 485 eunl
2759 431 2923 488 latere
2954 445 3206 506 nequeat.
3251 438 3356 494 Sed
3394 448 3651 512 antequam
3676 446 3744 505 Tu

524 520 766 574 notatur,
806 511 849 563 si
897 518 1020 563 tunc
1052 505 1313 580 temporis
1361 510 1414 564 in
1462 511 1593 566 cella
1641 512 1988 577 novitiorum,
2025 512 2109 567 vel

524 602 582 657 in
612 600 731 654 aliis
767 597 1151 655 claustralibus
1189 599 1421 654 ollicinis
1444 639 1459 665 ,
1513 599 1595 653 vel
1629 615 1723 654 sua
1756 611 1972 670 sponte,
2024 600 2109 655 vel

514 693 594 746 'ab
618 691 800 760 aliquo
826 701 1065 762 rogatus,
1090 693 1233 761 quod
1270 708 1491 747 necesse
1517 702 1619 754 est.
1651 691 1908 762 loquitur.
1936 691 2110 747 llabet

523 791 707 837 autem
752 790 809 835 et
854 783 969 852 ipse
1001 781 1398 852 suﬂ'raganeum
1435 799 1622 846 unum,
1680 783 1767 850 qui
1802 782 1853 835 in
1885 781 2112 853 singulis

522 887 645 942 qua:
680 872 746 925 ad
780 887 997 925 manum
1054 881 1181 926 sunt
1223 874 1430 942 agenda
1491 871 1739 942 suppleat
1776 872 1948 927 vicem
1994 871 2112 941 ejus

525 965 802 1030 absentis,
845 965 1129 1034 prmsentis
1170 980 1297 1019 vero
1336 980 1433 1035 per
1477 967 1681 1028 omnia,
1712 960 1927 1034 quando
1966 964 2115 1033 prior

527 1058 709 1128 aliquo
736 1058 1117 1127 proticiscitur,
1144 1056 1230 1110 vel
1266 1058 1318 1111 in
1345 1058 1506 1111 domo
1528 1057 1866 1110 intirmorum
1898 1066 2115 1125 propter

528 1151 900 1204 infirmitatem
934 1157 1320 1203 coriimoratur.
1353 1147 1526 1203 Habet
1565 1163 1779 1218 quoque
1819 1147 2111 1217 adjutores,

516 1242 780 1312 juvenum
830 1240 1123 1305 custodes,
1174 1243 1241 1291 et‘
1286 1240 1602 1294 circatores.
1654 1255 1743 1293 uo.
1797 1236 2115 1292 Claustralis

516 1330 679 1399 prior
710 1328 986 1383 absolutus
1012 1330 1077 1381 de
1100 1326 1291 1380 eadem
1318 1326 1649 1390 obedientia,
1695 1330 1708 1344 '
1741 1328 1953 1380 veniam
1982 1327 2117 1396 petit

526 1434 624 1489 pro
657 1415 1007 1486 indulgentia,
1042 1416 1187 1484 quod
1244 1424 1423 1469 tamen
1471 1432 1535 1471 ex
1578 1416 1970 1471 consuetudine
2019 1416 2113 1470 alii

521 1507 803 1577 adjutores
840 1506 1273 1563 obedientiarmu
1320 1524 1425 1561 non
1465 1507 1661 1562 debent
1707 1506 1909 1562 facere.
1974 1546 1987 1557 ν

1111 1598 1341 1656 CAPUT
1381 1598 1522 1653 XXI.

994 1691 1069 1745 De
1110 1690 1455 1745 circatoribus
1483 1690 1654 1760 (126).

2218 530 2414 586 autem,
2471 523 2705 587 dicatur,
2754 527 3061 596 regrediens
3088 539 3273 596 notat,
3312 532 3356 585 si
3404 532 3601 598 fratres.
3631 552 3744 608 quos

2220 612 2435 678 transit,
2465 614 2788 671 combinatis
2832 618 3055 687 pedibus
3099 621 3346 685 sedeant,
3375 623 3419 677 si
3462 639 3552 693 per
3590 629 3741 684 omnia

2216 718 2275 756 se
2318 704 2639 775 regulariter
2696 709 3045 773 contineant,
3098 711 3240 767 sicut
3286 722 3336 767 et
3398 715 3569 770 exiens
3606 718 3740 783 fecit;

2217 790 2346 845 nulli
2400 801 2577 849 tamen
2633 797 2828 852 ibidem
2884 799 3094 870 signum
3147 800 3380 867 faciens;
3431 806 3518 857 sed
3562 802 3600 860 si
3642 808 3743 879 quid

2217 884 2392 937 ordini
2438 888 2769 943 contrarium
2809 894 3161 961 perspexerit,
3205 895 3307 949 hoc
3352 910 3519 965 usque
3556 899 3612 951 ad
3642 910 3746 954 tem.

2219 985 2319 1043 pus
2363 974 2692 1031 reclamandi
2724 994 2753 1032 a
2802 983 3061 1036 ineiuoria
3098 984 3215 1054 ejus
3244 1000 3351 1039 non
3398 985 3745 1056 recedit.Quod

2220 1072 2398 1121 tamen
2430 1066 2481 1123 in
2514 1071 2752 1126 claustro
2785 1089 2889 1128 non
2920 1074 3141 1141 devitat,
3183 1078 3276 1132 sed
3328 1077 3396 1132 ibi
3449 1078 3744 1149 circumiens,

2219 1158 2457 1226 cuilibet,
2485 1176 2643 1230 quem
2668 1161 2987 1232 dependeuti
3014 1166 3338 1221 vestimento
3362 1168 3546 1223 sedere
3572 1162 3743 1235 viderit,

2221 1249 2460 1303 moleste
2491 1250 2685 1313 immit,
2720 1262 2779 1304 nt
2810 1252 2941 1305 illud
2969 1264 3280 1325 componat.

2292 1340 2444 1395 Scire
2500 1352 2680 1397 autem
2725 1345 2884 1419 debet
2943 1345 3201 1415 juvenun‘.
3256 1352 3511 1402 excessus
3562 1349 3747 1407 maxime

2219 1430 2486 1487 notaudos
2538 1441 2591 1487 et
2634 1433 3023 1500 iuclamandos,
3058 1438 3256 1507 quippe
3291 1438 3380 1505 qui
3427 1438 3593 1491 minus
3617 1440 3749 1493 delin-

2223 1534 2469 1593 quentes,
2503 1527 2718 1581 crctcris
2744 1528 2905 1581 etiam
2954 1530 3135 1583 aerius
3175 1530 3557 1598 corripiuntur.
3586 1529 3630 1583 lu
3660 1546 3752 1585 me-

2224 1617 2359 1672 ridie
2389 1618 2583 1672 circuit
2609 1619 2928 1683 claustrum,
2963 1629 3018 1673 et
3061 1622 3105 1676 si
3134 1623 3328 1676 domus
3372 1623 3751 1693 cleemosyuaria

2223 1707 2293 1761 sit
2323 1709 2841 1777 serata,prospicit;
2882 1710 3005 1765 inde
3048 1711 3101 1765 in
3144 1712 3334 1766 cellam
3376 1716 3755 1779 novitiorum,et

604 1783 751 1856 (un)
770 1782 1108 1838 Circatorum
1130 1796 1325 1835 munus
1347 1790 1450 1847 est,
1468 1789 1525 1834 ut
1546 1794 1735 1834 oumes
1750 1777 2112 1850 negligentias,

2228 1795 2280 1850 iu
2327 1797 2675 1851 iufirmariam
2713 1800 2906 1870 pergit,
2948 1809 3109 1870 atque
3148 1818 3210 1857 ea
3253 1803 3385 1857 liora
3428 1806 3753 1861 dormitorium

526 1891 657 1947 quae
688 1876 795 1930 ullo
823 1873 980 1928 modo
1007 1881 1199 1927 contra
1237 1871 1484 1927 ordinem
1528 1881 1753 1939 possunt
1781 1871 2118 1938 contingere,

526 1977 739 2032 notent,
784 1974 838 2020 et
870 1967 931 2019 in
977 1964 1215 2033 capitulo
1260 1964 1555 2019 reclament
1594 1982 1606 2016 :
1663 1964 1891 2032 ideoque
1947 1972 2115 2016 totum

523 2061 821 2116 claustrum
858 2072 959 2113 non
990 2057 1180 2123 semel,
1211 2058 1305 2111 sed
1332 2056 1643 2111 multatieus
1674 2056 1725 2109 in
1766 2057 1851 2109 die
1881 2055 2120 2109 circum-

525 2161 678 2217 eunt,
739 2160 799 2205 ut
848 2164 959 2204 nec
1002 2149 1153 2204 locus
1196 2150 1264 2205 sit
1316 2165 1414 2205 nec
1469 2149 1633 2215 hora,
1699 2148 1752 2202 in
1799 2164 1903 2217 qua
1951 2147 2120 2202 frater

525 2244 668 2299 ullus
728 2258 964 2299 securus
1018 2240 1111 2309 sit,
1175 2243 1221 2297 si
1271 2243 1377 2297 tale
1434 2242 1563 2313 quid
1609 2243 1961 2306 counniscrit,
2013 2258 2117 2297 non

527 2333 880 2405 deprehendi,
928 2342 983 2387 et
1010 2347 1115 2387 non
1146 2333 1438 2404 publicari;
1489 2334 1585 2388 sed
1622 2334 1855 2388 maxime
1898 2335 2115 2402 quando

526 2424 732 2480 fratres
771 2420 988 2477 lectioni
1016 2432 1225 2488 vacant,
1258 2437 1325 2477 ne
1351 2419 1489 2477 forte
1518 2422 1713 2492 aliquis
1748 2421 1816 2475 ad
1852 2437 1970 2475 eam
2010 2440 2115 2477 non

528 2517 604 2575 sit
652 2518 910 2585 intentus,
938 2514 1240 2587 explorant.
1267 2517 1297 2548 ⁸
1329 2515 1469 2586 Ergo
1500 2515 1740 2585 quotidie
1770 2514 1965 2583 aliquis
1998 2514 2117 2568 illo-

530 2624 655 2667 rum
700 2617 827 2665 ante
880 2610 1111 2679 primam
1149 2606 1234 2660 vel
1285 2606 1390 2660 alio
1438 2614 1679 2674 tempore
1723 2614 1847 2660 ante
1898 2605 2113 2659 tertiam

526 2700 738 2774 singula
783 2700 979 2755 altaria
1019 2696 1411 2766 circumspicit,
1442 2706 1496 2750 et
1540 2697 1584 2750 si
1631 2697 1771 2750 ultra
1814 2696 1949 2750 duos
1984 2696 2114 2750 obe-

529 2794 857 2850 dientiarios
906 2807 1029 2847 eum
1083 2783 1331 2859 adiutore
1361 2789 1427 2843 ad
1482 2789 1695 2858 aliquod
1752 2788 1896 2844 aliud
1946 2788 2117 2843 altare

524 2887 880 2960 perspexerit
906 2884 1155 2957 (excepto
1195 2883 1248 2937 in
1294 2883 1517 2938 summis
1545 2882 1718 2955 festis)
1753 2882 1838 2938 vel
1878 2882 2115 2952 siquam

524 2978 911 3050 negligentiam
962 2974 1181 3039 viderit,
1227 2973 1526 3029 reclamare
1571 2988 1677 3028 non
1728 2974 1952 3029 omittit.
1993 2974 2115 3029 Cae-

526 3077 679 3122 teras
718 3080 852 3121 vero
914 3064 1246 3120 circatienes
1306 3079 1426 3117 mox
1477 3071 1598 3133 post
1647 3063 1825 3119 finitas
1876 3060 2114 3134 singulas

526 3159 693 3212 lioras
721 3156 846 3215 (nisi
880 3164 1003 3226 post
1034 3170 1231 3209 nonam
1259 3154 1475 3223 quando
1500 3152 1697 3208 fratres
1721 3153 1940 3207 bibituri
1966 3133 2111 3223 sunt)
2140 3133 2186 3196 ε

524 3248 707 3303 solent
759 3246 973 3312 facere,
1016 3255 1138 3317 post
1190 3244 1521 3301 olTerendam
1581 3245 1859 3298 matutina:
1912 3242 2110 3309 missae,

522 3352 649 3416 post
687 3342 1029 3414 evangelium
1072 3340 1315 3410 majoris,
1348 3344 1414 3396 ad
1444 3336 1676 3396 oliicium
1711 3339 2111 3407 defunctorum,

523 3442 649 3506 post
709 3441 820 3490 tres
874 3432 1179 3497 lectiones;
1247 3431 1467 3500 insuper
1517 3432 1681 3486 etiam
1722 3439 1882 3500 prout
1940 3440 2114 3487 status

523 3527 795 3597 cujusque
832 3523 933 3579 loci
978 3524 1172 3593 exigit.
1207 3522 1299 3578 Ha:
1341 3522 1509 3594 igitur
1553 3518 1882 3579 cireationes
1919 3521 2117 3578 debent

526 3618 645 3673 tieri
706 3618 761 3672 in
809 3615 1030 3671 domum
1078 3615 1613 3686 eleemosynariam,
1677 3624 1806 3670 ante
1862 3623 1917 3670 et
1973 3613 2113 3670 infra

525 3707 809 3764 cellarium
842 3722 1014 3777 usque
1042 3704 1108 3761 ad
1154 3706 1315 3760 limen
1341 3706 1630 3761 exterioris
1673 3705 1797 3761 ostii
1843 3705 2026 3775 ipsius,
2062 3714 2117 3761 et

526 3812 705 3868 usque
754 3796 823 3850 ad
869 3794 1032 3851 limen
1068 3795 1357 3850 exterioris
1389 3794 1657 3864 coquinae,
1706 3795 1759 3849 in
1814 3794 2114 3865 regularem

528 3888 845 3959 coquinum,
870 3889 926 3945 in
954 3886 1327 3952 refectorimn,
1351 3886 1405 3941 in
1438 3884 1629 3942 cellam
1661 3886 2012 3954 novitiorum,
2062 3888 2115 3942 in

528 3995 829 4049 cameram,
881 3981 937 4035 in
992 3979 1375 4045 infirmariam,
1403 3978 1469 4033 ad
1503 3978 1705 4044 locum,
1751 3979 1843 4034 ubi
1883 3990 2118 4034 cocturae

530 4070 891 4144 liguriuntur,
937 4080 993 4128 et
1046 4072 1267 4141 sanguis
1321 4071 1614 4138 minuitur,
1656 4071 1710 4126 in
1757 4069 2017 4141 capellam
2054 4070 2115 4127 S.

530 4155 739 4232 Mariae,
764 4165 816 4220 in
850 4164 1248 4227 cmmeterium,
1285 4163 1353 4217 ad
1383 4160 1668 4233 fabricam,
1695 4164 1763 4220 ad
1798 4165 2113 4233 scriptores,

531 4256 589 4312 in
622 4255 955 4321 sacristiam,
982 4263 1037 4309 et
1069 4254 1120 4309 in
1154 4252 1452 4322 quemlibet
1490 4251 1689 4318 locum,
1723 4253 1811 4307 ubi
1844 4253 1951 4307 tale
1988 4253 2117 4322 quid

530 4348 717 4419 operis
744 4348 961 4418 agitur;
1001 4354 1053 4402 et
1079 4345 1340 4417 quidquid
1368 4346 1586 4417 dignum
1634 4344 2020 4400 reclamatione
2048 4344 2117 4399 ab

531 4441 743 4498 eisdem
785 4426 1151 4497 circatoribus
1182 4438 1537 4510 conspicitur,
1586 4438 1658 4492 ibi
1699 4436 1917 4508 quidem
1964 4451 2118 4491 reve-

530 4538 721 4586 renter
756 4528 1161 4594 dissimulatur;
1193 4530 1289 4585 sed
1330 4529 1476 4583 dicto
1516 4527 1586 4582 ad
1612 4527 1905 4599 capitulum
1950 4529 2118 4599 loqui-

532 4620 668 4674 mini
716 4619 781 4675 de
831 4619 1034 4685 ordine,
1073 4617 1194 4674 sine
1236 4634 1391 4674 mora
1442 4615 1788 4673 reclamatur.
1833 4618 1900 4673 Et
1948 4620 2000 4673 in
2033 4619 2118 4674 bis

532 4709 1037 4777 reclamationibus,
1064 4708 1207 4765 sicut
1240 4708 1376 4765 etin
1407 4706 1691 4776 omnibus,
1730 4708 1952 4765 omnino
1990 4724 2116 4780 per-

530 4800 792 4859 sonarum
821 4798 1068 4870 acceptio
1092 4806 1176 4855 est
1202 4797 1516 4854 devitanda.

603 4893 819 4964 Aliquis
846 4893 1009 4951 etiam
1038 4891 1281 4964 quotidie
1303 4888 1553 4959 cymbalo
1584 4905 1848 4961 percusso
1894 4892 1962 4946 ad
2010 4892 2116 4945 lio-

530 4976 651 5043 ram
706 4985 1019 5041 refectionis
1084 4991 1210 5037 ante
1261 4982 1461 5036 ostium
1522 4980 1798 5037 .refectorii
1859 4982 2114 5037 consistit

533 5093 817 5150 quousque
865 5084 1164 5133 conventus
1211 5073 1510 5137 introierit,
1571 5072 1859 5144 diligenter
1922 5082 2117 5128 notans

532 5185 640 5241 qua
695 5167 984 5240 disciplina
1026 5181 1083 5222 se
1134 5165 1337 5221 fratres
1378 5164 1818 5219 ad'lavatorium
1858 5162 2113 5231 habeant,

531 5261 621 5317 vel
644 5260 687 5316 si
710 5260 835 5331 quis
857 5258 1132 5329 negligens
1156 5272 1380 5327 usquam
1407 5257 1836 5327 incompetenter
1862 5256 2115 5321 divertat,

531 5352 619 5408 vel
644 5353 714 5409 ad
742 5349 978 5407 sonitum
999 5348 1163 5404 scillae
1191 5348 1453 5405 festinans
1480 5348 1884 5417 indisciplinate
1912 5349 2113 5405 veniat.

532 5442 683 5500 ldem
717 5452 933 5513 quoque
974 5455 1140 5511 prope
1181 5440 1344 5497 tinem
1396 5440 1709 5495 refectionis
1738 5440 1887 5494 vadit
1930 5440 1983 5494 in
2026 5456 2117 5496 co-

532 5537 758 5606 quinam
798 5532 1136 5605 regularem,
1182 5533 1233 5587 in
1272 5532 1590 5597 cellarium,
1629 5533 1681 5586 in
1720 5533 1915 5588 cellam
1965 5536 2119 5589 novi-

484 5626 487 5629 ’
534 5630 751 5695 tiorum,
801 5628 931 5684 utsi
976 5627 1117 5685 forte
1144 5627 1339 5697 aliquis
1386 5626 1510 5681 illuc
1542 5627 1746 5696 absque
1800 5627 2109 5683 rationabili

624 5741 749 5823 ηδ)
774 5740 908 5799 Vide
931 5742 1118 5798 Ordin.
1153 5741 1391 5798 Cluniae.
1425 5751 1563 5812 part.
1602 5757 1639 5807 ι,
1667 5757 1784 5821 cap.
1812 5743 1871 5797 4.

2222 1894 2543 1960 quantocius
2568 1901 2743 1960 potest
2774 1893 3087 1947 ascendere.
3128 1894 3366 1949 lnfirmis
3396 1897 3756 1954 comedenlibus

2224 1980 2399 2035 nullus
2430 1997 2614 2035 eorum
2658 1981 2722 2034 ad
2765 1997 2859 2035 eos
2891 1983 3076 2049 intrat,
3108 1985 3203 2039 sed
3239 2002 3337 2055 per
3384 1989 3590 2052 ostimn,
3619 2006 3759 2058 quan-

2225 2080 2335 2123 tmu
2376 2070 2533 2131 valet,
2585 2072 2854 2139 quomodo
2909 2088 2967 2128 se
3014 2075 3267 2137 habeant,
3317 2078 3572 2147 caplorat.
3617 2078 3758 2135 Simili

2221 2160 2381 2211 modo
2413 2160 2552 2213 intra
2594 2160 2857 2225 ofﬁcinas,
2887 2178 3007 2233 qum
3034 2164 3276 2220 claustro
3297 2166 3609 2236 junguntur,
3638 2181 3759 2224 stans

2223 2259 2398 2318 potest
2448 2250 2591 2305 foras
2630 2254 2963 2321 prospicere,
3008 2255 3051 2309 si
3101 2257 3229 2325 quid
3271 2256 3341 2311 ibi
3390 2259 3457 2312 ab
3492 2258 3652 2329 aliquo
3678 2260 3760 2313 fra-

2224 2348 2364 2393 trum
2412 2340 2504 2394 fiat
2546 2343 2988 2411 reprehensibile.
3038 2343 3092 2398 ln
3134 2348 3280 2399 oumi
3312 2358 3525 2417 quoque
3567 2349 3686 2403 festo
3717 2351 3758 2403 in

2221 2430 2407 2498 cappis
2443 2437 2535 2483 aut
2564 2430 2698 2485 albis
2736 2430 2962 2493 celebri,
3002 2433 3200 2502 aliquis
3242 2433 3457 2488 illorum
3497 2449 3606 2505 post
3624 2453 3759 2490 evan-

2222 2521 2418 2591 gelium
2472 2522 2719 2591 deposito
2780 2523 2995 2576 interim
3049 2522 3247 2579 fanone
3300 2526 3353 2579 in
3405 2527 3638 2581 stationis
3673 2545 3759 2583 sua:

2220 2610 2359 2677 loco,
2402 2626 2569 2681 cappa
2610 2627 2742 2667 vero
2785 2613 2838 2666 in
2887 2614 3163 2677 vestiario,
3208 2614 3421 2670 solitam
3471 2617 3589 2671 facit
3620 2618 3759 2672 circa.

2224 2703 2438 2757 tionem.
2493 2704 2605 2770 Qua
2645 2702 2783 2758 facta
2823 2703 3066 2760 eamdem
3106 2705 3321 2772 induit,
3369 2716 3425 2760 et
3474 2708 3524 2762 in
3569 2720 3759 2763 cnorum

2221 2794 2379 2848 redit.
2415 2792 2610 2847 Verum
2654 2795 2905 2864 quamvis
2949 2796 3093 2849 (ηιιηί
3129 2796 3311 2851 studio
3354 2799 3588 2870 singulas
3622 2800 3762 2869 negli-

2220 2882 2429 2951 gentias
2452 2884 2681 2937 debeant
2708 2893 2991 2950 annotare,
3025 2885 3205 2939 verbis
3243 2895 3425 2941 tamen
3462 2904 3559 2942 non
3599 2889 3763 2944 debeat

2220 2973 2586 3043 amplificare;
2620 2976 2713 3030 sed
2751 2976 3069 3045 simpliciter
3093 2978 3430 3033 reclamare:
3479 2980 3574 3034 nisi
3603 2981 3762 3050 aliquis

2223 3066 2473 3120 incautus
2511 3079 2569 3121 se
2606 3065 2733 3120 velit
2777 3065 2992 3120 incaute
3023 3067 3338 3134 defendere,
3374 3070 3458 3122 cui
3490 3070 3647 3125 donec
3670 3072 3761 3139 ipsa

2220 3157 2418 3211 veritas
2465 3156 2806 3220 excutiatur,
2863 3158 2915 3211 in
2978 3159 3327 3213 reclamando
3382 3174 3487 3213 non
3537 3162 3760 3229 parcitur.

2218 3245 2330 3300 lloc
2358 3256 2538 3302 autem
2566 3262 2783 3317 semper
2818 3262 2938 3303 esse
2965 3251 3380 3317 prmcavendum
3411 3252 3668 3318 noverint,
3693 3250 3765 3305 ubi

2218 3337 2418 3395 fratres
2451 3340 2663 3410 aliquos
2694 3340 2827 3395 hora
2885 3341 3272 3411 iucompctenti
3318 3344 3672 3415 colloquentes
3698 3344 3764 3396 vi-

2220 3429 2420 3497 derint,
2476 3447 2545 3488 ne
2592 3432 2729 3488 clam
2761 3432 2891 3502 quid
2942 3433 3256 3503 loquantur,
3304 3437 3643 3501 auscultent;
3682 3449 3761 3491 nec

2215 3536 2316 3592 per
2353 3522 2567 3593 signum
2610 3523 2829 3594 aliquod
2859 3523 3194 3593 perturbent.
3227 3525 3286 3579 Si
3315 3541 3447 3581 vero
3484 3528 3579 3598 ipsi
3603 3527 3765 3583 fratres

2216 3614 2491 3672 licentiam
2521 3615 2860 3686 colloquendi
2889 3627 3237 3686 acceperunt,
3275 3618 3380 3673 hoc
3408 3619 3508 3673 sibi
3542 3620 3703 3674 verbis
3720 3627 3764 3673 et

2218 3707 2387 3779 signis
2418 3722 2540 3762 mox
2576 3707 2829 3762 innuunt.

2290 3799 2679 3855 Obedientiarii
2723 3807 2941 3865 autem,
2987 3801 3079 3871 qui
3122 3818 3225 3856 nun
3264 3812 3493 3873 possunt
3526 3803 3764 3867 omittere.

2218 3899 2280 3947 ut
2313 3907 2419 3948 non
2447 3890 2739 3963 aliquando
2770 3893 2893 3947 aliis
2919 3894 3203 3948 silentibus
3228 3896 3295 3949 de
3322 3892 3639 3949 obedientiis
3657 3894 3763 3955 suis,

2219 3983 2273 4039 in
2326 3992 2569 4053 tempore
2619 3993 2800 4039 tamen
2849 3995 2903 4040 et
2955 3986 3072 4040 loco
3128 3987 3507 4057 competenti,
3557 3986 3770 4040 videlicet

2220 4085 2347 4132 ante
2391 4075 2710 4144 cellarium,
2769 4077 3096 4146 loquantur,
3158 4080 3203 4133 si
3260 4094 3422 4148 quem
3476 4079 3767 4132 circatonuu

2220 4169 2573 4240 supervenire
2602 4168 2859 4235 viderint,
2892 4176 3107 4240 pr0pter
3132 4170 3234 4224 hoc
3262 4185 3372 4223 non
3403 4170 3766 4231 conticescunt,

2220 4279 2321 4319 nec
2359 4279 2479 4334 qua:
2514 4263 2586 4319 sit
2615 4262 2834 4333 loquela
2871 4272 3057 4317 eorum
3102 4261 3177 4316 illi
3210 4262 3439 4317 dicunt:
3489 4262 3672 4333 quippe
3695 4260 3767 4329 qui

2220 4355 2354 4409 nihil
2381 4356 2526 4410 aliud
2556 4372 2716 4425 quam
2768 4355 2837 4410 de
2854 4355 3184 4410 obedientiis
3210 4354 3265 4409 in
3298 4356 3394 4410 tali
3422 4354 3540 4409 loco
3570 4352 3765 4423 colloqui

2222 4445 2437 4501 debent.
2466 4445 2545 4500 Ad
2580 4461 2672 4500 eos
2710 4447 2874 4501 etiam
2921 4447 3155 4517 pertinet
3190 4448 3404 4500 ordinis
3437 4456 3688 4501 rectorem
3718 4444 3769 4496 ad

2222 4538 2567 4593 refectorium
2592 4553 2814 4605 vocare,
2852 4540 2895 4595 si
2934 4555 3056 4594 eum
3102 4538 3279 4609 primo
3334 4538 3543 4594 ferculo
3574 4535 3768 4593 admini-

2219 4637 2390 4684 strato
2437 4627 2673 4683 viderint
2723 4628 2925 4684 diutius
2972 4616 3219 4683 tardare.
3275 4629 3332 4684 ln
3376 4628 3515 4683 feria
3568 4625 3768 4682 secunda

2218 4720 2407 4790 primm
2446 4720 2796 4777 hebdomade:
2834 4718 3334 4793 Quadragesimalis
3390 4729 3516 4791 post
3546 4719 3770 4774 distribu-

2222 4812 2424 4868 tionem
2476 4812 2739 4869 librorum
2802 4826 2993 4867 omnes
3046 4813 3261 4868 veniam
3334 4819 3532 4883 petunt
3598 4808 3770 4879 seipsos

2219 4912 2562 4969 accusantes,
2590 4904 2733 4973 quod
2756 4904 2991 4958 ollicium
3030 4903 3343 4959 circationis
3391 4914 3555 4975 prout
3599 4902 3770 4958 babae

2222 5004 2369 5060 runt,
2411 5013 2515 5052 non
2555 4996 2911 5064 impleverint.
2952 4996 3105 5064 Quod
3152 4997 3194 5051 si
3225 4997 3349 5067 quis
3391 5011 3579 5052 eorum
3622 4991 3771 5063 aliqua

2219 5087 2285 5141 de
2315 5102 2477 5142 causa
2506 5087 2829 5157 przepeditus
2869 5088 3117 5143 eamdem
3164 5088 3535 5143 obedientiam
3582 5083 3771 5155 implere

2219 5192 2325 5232 non
2375 5178 2611 5246 poterit,
2660 5176 2785 5231 inde
2829 5178 3144 5241 absolvitur,
3178 5186 3233 5231 et
3271 5178 3337 5231 ad
3379 5192 3622 5249 przesens
3661 5172 3772 5228 alius

2221 5268 2275 5323 in
2305 5268 2484 5325 locum
2515 5282 2671 5323 suum
2712 5266 3055 5339 subrogatur.

2758 5370 2761 5373 ‘
2788 5355 3014 5412 CAPUT
3052 5355 3224 5411 XXII.

2494 5450 2570 5507 De
2594 5451 2890 5522 juvenibus,
2918 5461 2964 5506 et
2993 5467 3175 5505 eorum
3207 5452 3532 5507 custodibus.

2287 5546 2307 5567 θ
2336 5543 2548 5609 Frater,
2583 5544 2673 5617 qui
2703 5554 2785 5599 est
2820 5542 2976 5614 lmjus
3007 5540 3207 5609 aetatis,
3254 5554 3313 5597 ut
3350 5546 3529 5599 adhuc
3559 5532 3769 5598 custodia

2219 5635 2473 5705 indigeat,
2507 5635 2605 5691 etsi
2653 5633 2792 5688 ultro
2822 5633 3017 5689 szeculo
3059 5633 3481 5700 renuntiaverit,
3507 5643 3561 5689 et
3582 5633 3770 5708 optim:
