1945 3157
58 113 140 142 «σω
528 137 530 139 .
569 105 773 143 cousrt‘rur.
795 113 958 143 lilRSAUG.
972 116 1007 136 ς-
1026 109 1089 143 Lm.
1108 113 1140 143 tt.
1627 114 1695 149 to7’o

54 173 100 201 sit
117 169 256 207 opinionis,
271 166 382 197 minime
402 173 490 198 tamen
506 171 627 204 custodia
646 172 750 200 carebit
764 179 772 199 :
793 171 850 207 (un.
865 170 890 202 Α
905 178 985 205 quam
1000 179 1050 212 sua
1067 176 1163 207 sponte
1178 173 1258 201 debet
1277 173 1408 210 ﬂagellum
1424 181 1530 204 secreto
1545 178 1693 213 suscipere.

54 217 136 253 oar.)
161 220 188 244 et
200 215 302 244 idcirco
314 215 410 248 laicus,
426 215 479 244 nisi
491 220 546 244 tam
558 222 692 252 provectae
717 218 805 245 aetatis
817 218 853 245 sit

53 267 91 289 ut
122 262 176 290 sine
191 261 313 289 cnstodia
328 269 389 289 esse
405 262 500 297 possit,
529 270 617 298 neque
639 263 771 292 scholaris
785 272 853 300 puer

52 308 86 335 in
107 307 255 335 claustrum
282 307 443 342 suscipitur;
468 308 515 336 sed
534 309 557 336 si
581 316 626 336 res
650 309 686 336 ita
707 309 802 344 exigit,
825 314 855 337 ut

52 354 139 380 nullo
157 354 238 381 modo
255 351 307 380 sibi
329 353 468 388 ingressus
489 353 616 389 denegari
631 354 731 387 valeat,
751 355 785 382 ad
801 355 851 382 ali-

50 406 143 433 quam
166 392 262 426 cellam
287 391 413 431 mittitur,
429 406 570 435 quousque
596 400 629 427 ad
654 400 851 436 intelligibilem

50 447 167 472 aetatem
184 445 334 480 perveniat.
359 444 412 472 Sed
426 448 452 472 et
473 445 510 473 illi
532 446 661 478 maxime,
682 444 727 480 qui
754 446 850 473 nutriti

51 494 125 516 sunt
144 490 171 516 in
187 490 362 522 monasterio,
383 490 405 518 si
431 491 456 518 in
474 488 595 518 moribus
610 491 660 518 viri
677 499 736 519 esse
753 491 850 520 nolue-

51 535 126 567 rint,
149 535 236 563 virilis
252 539 318 563 :elas
333 529 401 563 nihil
419 536 459 563 eis
479 536 627 572 profucrit,
643 541 673 565 ut
688 545 703 564 a
724 533 846 565 custodia

51 579 201 608 solvantur
221 589 228 608 :
253 581 279 608 i'n
293 589 359 616 qua,
376 582 422 617 qui
448 582 551 618 positus
570 582 663 616 fuerit,
689 583 806 619 pritnum
822 583 849 611 in

49 626 218 654 dormitorio
245 626 330 655 lectus
355 628 413 663 ejus
439 632 480 656 est
500 635 584 664 prope
607 629 705 657 lectum
728 629 849 657 custodis

48 670 112 705 sui,
129 671 163 698 ad
178 679 258 707 quem
278 671 379 707 absque
402 673 447 701 illo
467 681 516 701 nec
532 674 636 702 accedit
654 682 784 709 unquam,
799 682 849 702 nec

49 718 170 745 recedit.
195 717 224 745 In
246 721 326 746 nocte
349 727 413 747 vero
437 726 598 755 quocunque
625 720 779 752 incesserit,
805 720 848 748 vel

47 762 138 789 etiam
163 766 227 790 ante
245 763 462 799 completorium,
483 757 505 792 si
533 765 612 792 solito
638 766 726 793 serius
754 765 846 800 fuerit,

48 807 97 833 γει
115 812 177 841 post
193 808 323 842 sonitum,
340 809 362 836 si
385 809 453 837 adeo
468 817 547 837 mane
560 810 621 843 erit,
640 810 674 838 ad
688 811 845 844 mandatum

903 214 932 242 In
948 215 1068 250 qualibet
1082 217 1268 251 processioue,
1284 219 1344 253 qua:
1368 220 1438 247 circa
1462 220 1503 248 vel
1526 226 1601 249 extra
1620 223 1695 250 elati-

904 259 989 288 s'trum
1002 261 1101 297 agitur,
1116 270 1132 290 a
1151 264 1263 291 custode
1277 266 1325 291 suo
1340 265 1361 291 si
1386 269 1427 292 cst
1442 273 1598 300 conversus,
1612 263 1693 296 alicui

903 304 1023 334 litterato
1039 307 1155 335 maxime
1168 313 1279 343 propter
1293 313 1401 336 cantum
1417 312 1696 344 coittmodatur,sicut

902 356 931 378 et
947 351 1000 385 ille,
1018 352 1064 387 qui
1083 354 1223 380 custodem
1238 354 1319 381 habet
1341 355 1374 381 de
1396 355 1581 389 superioribus
1597 362 1692 388 unum,

902 396 950 431 qui
964 398 999 424 sit
1014 398 1150 425 inferioris
1163 399 1276 430 ordinis,
1289 403 1331 426 est
1342 401 1583 428 commendandus.
1599 401 1692 429 Posito

904 440 930 468 in
954 442 1076 469 custodia
1100 443 1214 470 diacono
1239 443 1281 470 vel
1304 443 1478 477 subdiacono,
1502 446 1524 472 si
1555 447 1608 474 tale
1628 448 1693 482 quid

901 485 1055 521 contigerit,
1072 491 1100 514 ut
1115 488 1148 514 ad
1164 488 1275 515 missam
1303 488 1390 523 legere
1405 497 1456 516 non
1477 491 1570 524 possit,
1581 497 1693 526 propter

902 531 955 559 h‘oc
970 539 1021 560 nec
1040 533 1134 567 verbo,
1161 541 1211 562 nec
1234 534 1312 570 signo
1335 542 1497 569 quemquam
1517 536 1557 563 sui
1577 537 1692 565 similem

902 576 1031 612 appellat,
1047 581 1077 605 ut
1100 580 1150 612 pro
1167 585 1196 606 se
1219 577 1305 614 legat;
1320 579 1367 606 sed
1382 578 1439 613 ejus
1453 580 1556 607 custodi
1576 589 1635 607 eum
1653 586 1694 609 tc-

902 622 1031 650 stimonio
1049 622 1090 650 sui
1109 623 1229 651 custodis
1246 631 1302 651 rem
1320 624 1474 657 innotescit,
1490 631 1518 653 ut
1532 626 1607 653 fratri
1620 626 1693 661 ejus-

900 667 962 695 dem
984 668 1089 696 ordinis
1113 668 1240 704 loquatur
1254 677 1302 705 pro
1324 670 1509 699 vicissitudine
1523 671 1638 707 legendi.
1657 674 1694 700 At

900 713 923 741 si
938 713 990 742 hoe
1004 713 1124 750 tempore
1138 722 1190 743 non
1207 715 1333 748 voluerit,
1348 717 1480 744 maturius
1493 718 1621 745 admonet
1642 726 1689 746 ar-

899 758 1027 792 marium,
1050 763 1080 787 ut
1095 760 1154 794 ipse
1179 761 1338 796 tempestive
1360 762 1504 797 provideat
1528 764 1572 791 cui
1585 764 1692 799 legendi

900 812 998 832 munus
1010 804 1142 841 injun‘gat.
1160 805 1293 834 Lecturus
1308 812 1398 835 autem
1418 817 1432 834 a
1452 816 1502 836 suo
1525 811 1639 838 custode
1656 812 1692 839 ad

46 855 171 888 quoque,
199 855 222 882 si
237 862 269 882 eo
295 855 407 891 indiget,
433 856 503 883 sicut
528 863 600 891 stupe
627 856 653 883 in
670 856 766 892 hyeme
784 864 846 885 con.
862 848 884 877 Β
898 849 1058 877 vestiarium
1086 855 1128 878 est
1143 851 1293 884 ducendus,
1306 855 1332 879 et
1343 858 1391 887 per
1402 853 1562 887 adjuvamen
1575 856 1691 882 εει-νήιον

47 898 143 933 tingit,
162 904 251 933 portat
267 904 329 927 ante
345 907 375 927 se
388 900 530 934 laternam,
542 901 655 929 custode
673 902 847 936 praevidente,

47 948 78 969 ut
92 944 236 971 candelam
255 945 353 973 habeat
369 953 477 981 semper
492 955 499 973 :
512 947 538 973 in
554 945 699 974 refectorio
714 953 773 974 eam
785 954 849 974 exs-

47 987 162 1023 tinguit,
178 994 204 1017 et
220 997 301 1025 super
313 990 569 1026 scabellum'pedum
582 999 693 1019 suorum
707 992 792 1026 ponit.
810 991 847 1018 lbi

46 1037 162 1068 Semper
178 1033 216 1061 ita
230 1035 379 1062 intermixti
401 1043 461 1063 csse
473 1031 571 1063 debent
589 1035 713 1070 juvenes,
729 1040 758 1064 ut.
776 1036 849 1063 inter

47 1077 120 1104 duos
136 1078 274 1114 juvenes,
300 1079 344 1107 alii
364 1080 416 1107 duo
431 1080 529 1108 fratres
541 1077 664 1114 sedeant,
690 1089 721 1109 ea
744 1081 848 1109 scilicet

46 1131 151 1156 causa,
171 1129 201 1151 ut
216 1125 239 1152 si
262 1126 332 1153 forte
355 1133 425 1154 unus
443 1125 582 1158 discedat,
603 1126 671 1155 alter
692 1132 844 1155 remaneat.

87 1169 191 1197 Custos
205 1170 227 1197 si
249 1179 310 1198 eum
331 1171 440 1199 duxerit
454 1172 487 1199 ad
503 1173 684 1206 necessarias,
702 1177 846 1209 postquam

47 1213 108 1248 ipse
120 1215 285 1248 surrexerit,
305 1215 406 1251 jugiter
420 1217 541 1251 quidem,
565 1217 614 1245 Sed
640 1218 762 1246 modeste
781 1219 842 1246 cum

46 1260 185 1294 intuetur,
201 1266 442 1298 quantumcunque
456 1261 484 1290 et
497 1263 602 1291 laterna
625 1268 679 1292 stet
693 1269 756 1292 ante
770 1272 844 1292 eum.

47 1305 76 1333 Si
103 1314 174 1334 vero
201 1306 227 1334 in
252 1312 331 1335 nocte
355 1310 424 1344 opus
448 1305 575 1337 habuerit
599 1315 722 1346 surgere,
745 1311 846 1339 excitat

45 1353 213 1387 custodem,
238 1348 384 1389 capitalem
413 1355 455 1383 vel
484 1350 585 1391 aliquid
610 1355 645 1384 de
670 1357 845 1393 operimentis

45 1399 105 1434 ejus
123 1400 278 1435 tangendo;
302 1401 425 1430 accendit
441 1402 499 1437 ipse
514 1400 647 1430 laternam
664 1408 691 1432 et
710 1405 796 1440 pergit
810 1405 844 1432 ad

46 1446 232 1479 necessarias,
250 1454 301 1480 nec
312 1452 376 1475 ante
394 1455 409 1475 a
420 1444 532 1476 custode
550 1449 743 1485 exstinguitur,
761 1457 842 1485 quam

46 1490 90 1518 ille
107 1490 269 1519 collocetur.
284 1492 345 1520 Alio
363 1493 446 1520 etiam
460 1499 583 1529 tempore
594 1494 651 1530 ipse
659 1494 767 1530 juvenis
781 1502 841 1522 eam

47 1543 160 1571 semper
174 1538 299 1565 accendit
322 1542 349 1566 et
364 1539 525 1575 exstinguit,
545 1539 597 1568 nisi
616 1543 678 1575 post
696 1541 842 1576 completo~

48 1580 118 1608 rium
134 1586 164 1609 et
176 1587 237 1617 post
252 1583 417 1611 matutinum
433 1593 440 1611 :
456 1590 520 1612 tunc
537 1593 553 1613 a
567 1585 680 1614 custode
693 1591 735 1614 est
746 1592 842 1615 accen-

47 1626 146 1660 denda,
168 1633 197 1655 et
219 1628 327 1664 quando
354 1637 385 1658 se
412 1631 558 1659 recollocat
583 1632 618 1660 ad
643 1631 840 1666 dormiendum,

46 1672 149 1700 iterum
162 1675 369 1710 exstinguenda.
392 1675 421 1704 Si
443 1685 506 1705 eum
529 1677 557 1705 in
581 1677 724 1706 ecclesiam
748 1678 789 1706 vel
815 1679 841 1705 in

47 1720 231 1749 refectorium
252 1721 377 1756 duxerit,
395 1731 450 1752 non
463 1731 526 1752 eum
549 1724 660 1759 deserit,
675 1732 761 1760 usque
778 1725 841 1753 dum

46 1764 80 1792 sit
103 1766 133 1793 in
161 1767 304 1801 praesentia
328 1774 487 1797 conventus.
513 1762 542 1798 Si
567 1775 677 1798 notatus
699 1769 782 1798 fuerit
808 1771 842 1799 ad

45 1812 207 1846 coquinam,
233 1818 297 1841 ante
317 1815 434 1843 sonitum
459 1823 512 1844 non
533 1816 606 1844 venit
632 1817 658 1844 in
675 1825 750 1857 eam.
772 1811 840 1857 Cum

46 1857 121 1885 nullo
137 1857 193 1886 alio
208 1859 259 1887 nisi
276 1867 338 1888 cum
361 1862 472 1889 custode
488 1862 557 1889 hanc
569 1863 649 1891 debet
671 1855 771 1894 facere,
795 1855 841 1897 qui

48 1907 73 1930 et
90 1910 158 1931 eum
179 1899 323 1941 diligenter
340 1906 377 1934 ibi
392 1911 419 1934 et
438 1907 537 1943 ubique
548 1908 628 1936 debet
642 1908 790 1942 custodire,
811 1916 843 1937 ac

46 1948 79 1976 de
94 1950 272 1986 negligentiis
287 1952 343 1980 suis
355 1953 458 1989 jugiter
470 1946 657 1989 proclamare;
673 1955 747 1989 quia,
764 1955 842 1990 quid-

49 1997 112 2030 quid
130 2004 166 2025 eo
178 2003 310 2032 praesente
324 1999 479 2034 deliquerit,
495 2005 580 2028 totum
594 2001 629 2028 illi
647 2001 804 2036 imputatur,
819 2001 842 2029 si

48 2041 79 2068 ab
91 2049 128 2069 eo
147 2049 228 2077 super
241 2043 292 2072 hoc
304 2051 358 2071 non
375 2044 547 2073 inclamatur.
561 2046 603 2074 Ad
622 2050 677 2074 tres
692 2047 840 2079 orationes,

48 2094 104 2120 quze
122 2086 177 2115 rite
189 2087 258 2116 fiunt
270 2093 334 2117 ante
349 2093 508 2123 nocturnos,
530 2095 557 2118 et
571 2091 605 2118 ad
622 2090 692 2123 illas,
705 2098 765 2126 qum
778 2093 841 2118 ante

48 2132 166 2166 ptimam
193 2133 316 2168 velante
347 2135 472 2168 tertiam,
499 2141 526 2164 et
551 2141 612 2171 post
633 2136 839 2172 completorium

49 2177 126 2211 ﬁunt,
145 2179 178 2206 ad
189 2179 308 2207 litaniam
321 2188 428 2216 quoque
441 2186 502 2216 post
513 2183 639 2217 primam,
655 2191 791 2218 nunquam
806 2183 840 2211 ab

48 2221 168 2250 invicem
179 2229 356 2259 separantur;
372 2226 420 2254 sed
435 2227 485 2254 sub
499 2227 593 2254 litanin
606 2228 756 2256 custoditus
768 2229 842 2264 jacet

48 2267 79 2295 ad
91 2268 236 2297 sinistram
250 2271 381 2299 custodis.
394 2271 422 2299 Si
439 2272 549 2307 juvenis
563 2278 617 2301 stat
631 2265 658 2301 in
677 2281 732 2301 uno
743 2274 840 2306 choro,

49 2318 75 2340 et
92 2317 189 2343 custos
200 2315 226 2343 in
238 2316 336 2350 altero,
349 2317 457 2352 juvenis
471 2311 550 2346 debet
566 2319 591 2346 in
612 2320 732 2348 custodis
746 2313 841 2356 vigilia

50 2358 176 2394 Vigilare,
192 2361 299 2396 quando
312 2361 470 2391 defunctum
486 2364 628 2392 habemus.

83 2405 201 2439 Quando
232 2408 388 2443 proceditur
415 2409 448 2437 ad
476 2418 573 2445 aquam
599 2410 782 2443 benedictam,
808 2411 841 2439 ad

50 2450 270 2484 communionem
296 2456 323 2480 et
340 2453 373 2480 ad
389 2454 599 2488 processionem,
624 2455 646 2483 si
662 2455 762 2483 diversi
779 2461 843 2484 sunt

53 2494 77 2521 in
90 2493 206 2530 ordine,
221 2498 413 2527 custodiendus
432 2500 555 2527 ascendit
568 2500 609 2528 Vel
624 2495 777 2535 descendit,
795 2509 842 2528 cn-

53 2546 106 2570 slos
126 2549 190 2571 vero
212 2551 266 2571 non
284 2549 371 2572 mutat
393 2545 516 2573 ordinem
541 2547 630 2578 suum,
652 2541 704 2574 nisi
731 2552 842 2582 propter

54 2587 130 2616 illum
143 2589 189 2624 qui
202 2589 273 2619 forte
300 2598 350 2627 pro
362 2591 453 2627 aliquo
467 2599 580 2621 excessu
594 2591 621 2620 in
636 2592 732 2620 ultimo
742 2595 782 2620 est
794 2597 842 2628 po-

55 2633 132 2662 situs.
155 2634 231 2669 Quod
255 2637 278 2665 si
303 2637 365 2673 quis
386 2643 567 2673 promeretur,
580 2639 705 2674 quamvis
718 2638 843 2666 eumdem

55 2680 177 2708 ordinem
190 2690 240 2717 per
252 2683 343 2711 omnia
362 2683 469 2717 habeat,
485 2684 531 2720 qui
545 2684 580 2712 de
599 2684 694 2713 ultimo
707 2692 789 2719 supra
804 2684 844 2712 di-

56 2731 114 2755 ctus
128 2733 179 2763 est,
198 2730 331 2765 gravioris
353 2731 440 2767 culpze
462 2735 552 2759 tamen
575 2728 684 2759 vinculo
705 2737 843 2765 nunquam

58 2774 270 2809 constringitur;
296 2775 346 2803 sed
364 2776 455 2804 statim
470 2780 501 2804 ut
515 2770 568 2804 tale
582 2776 646 2811 quid
665 2775 843 2809 commiserit,

58 2819 164 2848 acribus
178 2824 206 2849 et
222 2820 314 2849 nimiis
333 2822 492 2852 verberibus
515 2822 671 2857 corripitur.
691 2822 754 2850 ideo
774 2829 844 2849 nun-

899 902 959 922 rutn
977 896 1142 924 vesticndns.
1155 895 1240 930 Quem
1255 901 1282 924 et
1307 897 1386 925 alicui
1413 898 1448 925 ibi
1478 899 1690 928 ministrantium

898 941 1055 975 committit,
1072 947 1159 977 usque
1174 942 1237 969 dum
1262 947 1372 978 peracto
1385 951 1433 971 suo
1446 944 1533 972 oiiicio
1553 945 1649 973 iterum
1662 955 1692 974 se

898 985 1050 1013 disvesliat.
1240 983 1243 986 ’

934 1030 1037 1066 Singuli
1053 1035 1142 1059 autem
1159 1032 1236 1066 tales,
1246 1034 1267 1060 si
1284 1034 1323 1068 (ut
1339 1033 1448 1071 dicitur)
1466 1036 1618 1071 tergoribus
1634 1039 1691 1066 suis

898 1075 1032 1103 voluerint
1047 1083 1108 1104 esse
1119 1077 1282 1111 consultum,
1309 1084 1372 1106 tunc
1397 1088 1567 1116 summopere
1582 1086 1690 1115 cavent,

898 1120 924 1148 in
939 1122 1012 1149 omni
1038 1122 1106 1155 loco,
1123 1131 1156 1151 ne
1170 1124 1273 1158 absque
1288 1125 1436 1153 tncdiatore
1448 1131 1520 1154 stent
1534 1128 1624 1161 simul,
1644 1132 1690 1156 aut

897 1167 1020 1202 sedeant,
1030 1168 1072 1196 vel
1088 1175 1117 1197 se
1131 1169 1164 1196 ad
1180 1169 1293 1197 invicem
1310 1170 1688 1206 pingant,autvestimentum

897 1212 990 1248 aliquo
1007 1215 1086 1243 modo
1102 1219 1228 1250 tangant,
1246 1220 1273 1244 et
1296 1221 1325 1243 ut
1350 1225 1486 1252 nunquam
1512 1218 1581 1254 alter
1609 1219 1689 1247 alteri

893 1260 988 1296 juveni
1016 1261 1075 1289 sive
1098 1262 1125 1289 in
1150 1262 1272 1290 custodia
1298 1263 1388 1298 posito
1409 1265 1466 1293 sive
1487 1272 1551 1297 non,
1581 1266 1690 1302 aliquod

895 1305 1001 1341 signum
1027 1306 1070 1334 vel
1101 1307 1182 1334 etiam
1211 1307 1321 1336 nutibus
1349 1304 1488 1337 oculorum
1517 1309 1623 1344 facere,
1644 1311 1690 1339 vel

895 1351 929 1380 ad
962 1360 1024 1380 eum
1057 1354 1215 1388 subridere,
1250 1355 1292 1383 vel
1322 1355 1441 1391 aliquam
1475 1356 1686 1385 familiaritatem

894 1396 1025 1425 simulare
1035 1403 1183 1433 praesumat
1193 1419 1201 1432 ,
1216 1404 1263 1427 attt
1286 1401 1368 1429 etiam
1391 1401 1430 1429 sic
1457 1402 1561 1434 sedeat,
1576 1407 1606 1430 nt
1619 1403 1690 1430 alter

894 1442 1009 1470 alteram
1033 1444 1121 1472 versis
1135 1446 1168 1472 ad
1184 1445 1299 1474 invicem
1317 1446 1436 1475 vultibus
1462 1446 1560 1475 intueri
1590 1448 1688 1476 valeat.

894 1487 962 1514 Nam
975 1487 1033 1516 haec
1045 1493 1072 1516 et
1087 1489 1139 1517 alia
1162 1490 1315 1526 httjnSmodl
1334 1493 1519 1529 unusquisque
1533 1494 1560 1521 in
1572 1494 1688 1522 alterum

854 1525 875 1554 ο
892 1540 926 1561 ex
958 1536 1158 1564 consuetudine
1190 1525 1330 1565 reclamat.
1363 1525 1503 1568 Reclamat
1528 1544 1635 1576 quoque
1661 1542 1689 1568 in

892 1581 1041 1615 quemlibet
1059 1582 1271 1612 familiaritatem
1296 1582 1414 1621 ali'q‘uam
1438 1587 1472 1615 ad
1487 1594 1516 1615 se
1528 1587 1686 1618 habentem.

891 1626 1096 1664 velpquidquam
1107 1630 1168 1656 cum
1183 1631 1216 1657 c‘o
1234 1629 1389 1666 lotjuentem
1418 1633 1530 1661 custode
1557 1637 1606 1661 suo
1632 1643 1686 1662 non

892 1672 1028 1700 audiente.
1044 1670 1189 1702 custodem
1215 1682 1280 1704 vero
1299 1677 1332 1704 de
1348 1678 1400 1705 hoc
1416 1682 1519 1706 tantum
1547 1679 1687 1713 inclamat,

892 1715 914 1743 si
934 1724 996 1744 eum
1023 1717 1081 1745 sine
1105 1720 1228 1747 cuStodia
1242 1720 1364 1754 dimittit,
1379 1722 1420 1749 vel
1435 1723 1456 1750 si
1474 1726 1555 1758 qua'rn
1575 1724 1601 1751 ln
1625 1731 1688 1751 eum

893 1763 1081 1791 austeritatem
1096 1768 1222 1797 ekercet,
1241 1766 1285 1793 ubi
1308 1766 1506 1795 humanitatem
1519 1769 1543 1796 ei
1558 1769 1689 1797 exhibere

871 1836 874 1838 η
892 1809 1012 1838 deberet.
1026 1809 1129 1838 Cavere
1142 1809 1223 1839 habet
1241 1812 1427 1847 unuSqulsque
1453 1819 1558 1846 eorum,
1572 1815 1638 1849 quin
1660 1815 1689 1843 in

893 1854 1014 1883 claustro
1029 1863 1091 1883 cum
1101 1856 1210 1889 tabulis,
1225 1857 1263 1884 illi
1283 1858 1370 1893 gratia
1384 1858 1519 1886 scribendi
1535 1860 1686 1893 concessis.

893 1909 908 1929 a
923 1902 1057 1930 cireatore
1071 1903 1279 1935 obambulante,
1295 1904 1459 1940 easdemque
1476 1905 1586 1933 tubulas
1603 1906 1688 1942 inspi-

893 1947 991 1980 ciente,
1010 1948 1112 1983 aliquid
1129 1948 1182 1976 tale
1193 1949 1352 1985 inscriptum
1366 1951 1452 1986 possit
1464 1950 1590 1984 inveniri,
1606 1959 1620 1979 a
1632 1960 1686 1987 quo

894 1993 992 2029 dignus
1005 1993 1041 2021 sit
1069 1993 1221 2022 inclamari.
1239 1993 1292 2022 Sed
1313 1998 1355 2023 εει
1369 1996 1509 2023 sciendum
1531 1996 1603 2031 quod
1629 1996 1689 2024 nni-

894 2038 935 2066 l‘us
947 2045 1042 2066 eorum
1056 2042 1178 2071 earnem,
1196 2040 1247 2067 nisi
1264 2040 1333 2068 adeo
1353 2040 1493 2074 infirmus,
1510 2042 1589 2069 debet
1607 2049 1687 2069 man-

894 2084 1006 2116 ducare,
1020 2087 1108 2120 neque
1132 2085 1270 2118 ba‘lneare,
1285 2086 1342 2113 sive
1366 2087 1525 2122 sanguinem
1550 2088 1685 2115 minuere.

894 2128 970 2162 Quod
984 2128 1006 2157 si
1019 2129 1099 2156 alicui
1114 2135 1163 2164 pro
1179 2129 1337 2157 infirmitate
1351 2131 1510 2159 conceditur
1525 2132 1686 2165 sanguinem

894 2174 1031 2207 minuere,
1057 2174 1090 2201 ad
1114 2175 1267 2210 proximam
1286 2175 1381 2203 horam
1397 2180 1507 2211 accepta
1527 2184 1588 2204 cum
1608 2177 1686 2212 signa

894 2220 1032 2248 minuendi
1049 2220 1156 2248 licentia
1168 2221 1194 2248 in
1209 2221 1341 2249 minorem
1357 2222 1472 2250 chorum
1495 2222 1607 2255 secedit,
1636 2222 1688 2250 ibi-

892 2273 945 2301 que
968 2272 1055 2301 usque
1073 2267 1100 2293 in
1127 2267 1198 2294 diem
1222 2267 1330 2294 tertium
1351 2268 1480 2303 persistit.
1501 2269 1629 2296 Attamen
1651 2270 1687 2297 ad

894 2316 949 2340 tres
963 2312 1102 2340 orationes
1114 2317 1175 2348 post
1198 2313 1404 2348 completorium
1428 2319 1455 2341 et
1469 2315 1502 2342 ad
1516 2315 1687 2344 intervallum

894 2358 1052 2386 no’cturnale
1065 2358 1091 2386 in
1109 2359 1205 2394 majori
1226 2359 1310 2387 choro
1338 2367 1372 2388 ex
1396 2361 1593 2389 consuetudine
1626 2357 1695 2401 non:

893 2403 992 2443 deerit,
1010 2404 1043 2431 ad
1055 2402 1084 2431 S.
1098 2404 1209 2432 Mariam
1225 2413 1334 2441 quoque
1352 2408 1453 2443 sedens-
1468 2406 1494 2434 i'n
1516 2414 1564 2434 suo
1587 2407 1688 2435 ordine

894 2440 1073 2478 nonindutus
1081 2451 1193 2486 capello,
1214 2439 1261 2479 sed
1273 2439 1402 2487 quantum
1414 2439 1502 2487 potest
1519 2453 1611 2481 oculos
1625 2439 1697 2498 tan-1

895 2500 950 2523 ttnn
974 2501 1064 2524 tuetur
1084 2504 1099 2523 a
1123 2496 1235 2524 lumine.
1257 2496 1284 2524 Si
1304 2500 1394 2525 autem
1422 2498 1475 2525 alio
1503 2503 1624 2533 tempore
1648 2499 1685 2526 ita

895 2542 1059 2574 infirmatur,
1087 2547 1117 2569 ut
1142 2543 1175 2569 ad
1199 2543 1361 2570 matutinum
1385 2544 1531 2578 perdurare
1555 2548 1686 2578 nequeat.

895 2589 958 2616 item
978 2594 1027 2623 per
1042 2589 1218 2623 semetipsum
1238 2588 1374 2616 licentiam
1383 2590 1491 2623 qu:erit,
1506 2594 1533 2617 et
1546 2589 1572 2616 in
1589 2589 1687 2624 praedis

895 2639 967 2662 etum
976 2634 1088 2662 chorum
1101 2634 1186 2666 vadit,
1201 2638 1228 2661 et
1242 2635 1268 2661 in
1282 2634 1404 2668 sequenti
1415 2639 1506 2661 tamen
1518 2633 1561 2660 die
1575 2638 1686 2668 propter

895 2682 946 2709 hoc
962 2682 1066 2709 veniam
1080 2686 1133 2709 non
1149 2681 1226 2716 petit.
1242 2680 1269 2708 Si
1298 2688 1361 2708 vero
1381 2681 1407 2708 in
1422 2688 1454 2708 ea
1482 2685 1560 2708 nocte
1571 2680 1617 2707 'ad
1633 2679 1686 2707 ali-

895 2727 966 2763 qttod
979 2724 1179 2762 responsorium
1205 2730 1248 2753 est
1260 2729 1384 2760 notatus,
1398 2726 1424 2753 in
1440 2725 1534 2761 majori
1550 2725 1634 2752 ebero
1648 2724 1684 2751 il-

895 2772 941 2800 lud
954 2771 1027 2799 canit
1047 2775 1075 2799 et
1097 2769 1240 2798 confestim
1258 2770 1339 2804 redit,
1361 2771 1408 2799 sed
1431 2778 1567 2806 nunquam
1593 2773 1685 2797 tamen

896 2823 1022 2854 quartum
1037 2820 1218 2846 autoctavum
1229 2818 1430 2853 responsorium
1445 2822 1546 2850 cantat,
1564 2816 1614 2844 nisi
1628 2815 1685 2851 sint
