3872 6306
540 256 672 353 nm
1627 289 1682 344 s.
1722 289 2091 345 GUILIJSLMI
2134 289 2427 346 austris
2462 290 2783 347 umsauc.
3637 303 3755 361 mg

542 411 747 466 brevia.
777 406 931 475 Quod
960 407 1006 461 si
1035 405 1158 460 talis
1189 420 1312 459 eum
1354 403 1640 458 infirmitas
1666 399 2035 468 occupaverit,
2064 408 2123 454 ut
2151 405 2198 463 Α
2228 400 2271 454 si
2302 416 2421 470 qure
2454 404 2590 457 forte
2629 403 2696 456 ab
2720 401 2919 472 ‘aliqtto
2964 416 3151 457 cormn
3214 403 3515 476 negligitur,
3558 423 3661 465 mox
3689 428 3747 470 an

537 498 827 555 conventui
860 497 1120 552 interesse
1146 511 1249 549 non
1280 496 1467 566 possit,
1519 504 1639 547 tunc
1667 493 1731 545 ad
1761 490 2117 545 infirmariam
2224 492 2450 549 istorum
2478 494 2658 565 aliquo
2688 496 3001 564 imponitur.

537 589 872 658 irejubetur,
904 596 959 641 ct
990 586 1098 641 illic
1122 602 1226 640 non
1264 585 1459 639 minori
1492 581 1793 654 diligentia,
1815 598 1877 634 ac
1901 581 1944 634 si
1977 590 2123 635 esset
2783 585 3008 643 CAPUT
3049 585 3235 641 xxm,

537 680 595 734 in
658 686 967 742 conventu,
1035 677 1441 746 custoditusque
1506 676 1665 730 etiam
1724 672 1795 726 ibi
1856 671 2119 727 laternam
2841 682 3178 737 ῃρηηηηγίο

530 779 740 841 portat.
2293 769 2433 842 (ιω.)
2462 771 2791 832 Przecentor,
2820 774 2910 843 qui
2950 782 3002 826 ct
3031 775 3320 837 armarins,
3360 779 3569 832 armarii
3595 798 3751 840 nomen

604 866 797 920 Adhuc
824 873 1003 919 autem
1036 863 1254 933 quidam
1282 862 1530 931 juvenes,
1583 862 1673 931 qui
1725 876 1754 914 a
1811 859 1999 928 majori
2031 874 2118 912 cu-
2220 859 2475 924 obtinuit,
2516 862 2746 930 eoqttod
2780 861 2833 915 in
2888 863 3003 933 ejus
3033 880 3192 917 manu
3247 865 3385 920 solet
3430 882 3546 922 esse
3601 872 3749 926 hiblio~

527 956 711 1012 atodia
739 964 863 1009 sunt
893 954 1087 1019 soluti;
1137 953 1355 1023 quidam
1383 967 1536 1018 vero,
1576 952 1665 1021 qui
1736 966 2012 1022 nunquam
2066 949 2117 1007 iu
2224 948 2407 1014 theca,
2450 966 2571 1020 quae
2604 959 2657 1005 et
2710 952 2815 1005 alio
2868 954 3087 1009 nomine
3140 955 3437 1009 armarium
3482 960 3748 1029 appellatur,

528 1046 834 1103 custodiam
868 1056 994 1101 sunt
1025 1045 1205 1116 positi,
1235 1045 1329 1099 sed
1356 1052 1538 1097 tamen
1590 1042 1895 1112 suspicione
1925 1041 2107 1111 juveu-
2220 1044 2239 1063 ‘
2267 1040 2391 1097 lltrc
2411 1052 2493 1097 est
2516 1043 2850 1110 obedientia,
2876 1059 3037 1114 quam
3066 1060 3132 1100 ex
3159 1061 3309 1101 more
3333 1047 3510 1103 nullus
3538 1064 3748 1123 meretur,

528 1140 666 1197 tutis
691 1140 800 1209 (cui
827 1140 1095 1194 interdum
1125 1152 1249 1192 rara
1278 1136 1411 1191 ﬁdes
1439 1143 1522 1191 est
1550 1136 1875 1205 adhibenda)
1920 1135 2116 1190 minori
2218 1133 2322 1187 nisi
2364 1135 2606 1191 nutritus
2629 1136 2721 1201 sit,
2752 1136 2835 1191 vel
2866 1137 3061 1207 aliquis
3090 1138 3317 1207 quilibet
3350 1141 3417 1194 ad
3448 1140 3544 1195 hoc
3563 1144 3746 1203 ofﬁcium

529 1232 822 1296 custodire,
868 1246 928 1284 ea
961 1229 1269 1285 conditione
1318 1228 1699 1297 subjiciuntur,
1744 1237 1802 1281 ut
1849 1244 2114 1297 nusquam
2218 1222 2462 1290 idoneus,
2492 1226 2631 1280 sicut
2662 1242 2695 1282 e
2721 1228 3002 1281 contrario
3027 1227 3148 1281 illas
3172 1228 3529 1293 obedientias,
3565 1247 3747 1301 quarunt

529 1332 682 1375 extra
710 1329 1034 1376 conventum
1066 1320 1272 1389 absque
1294 1320 1516 1374 custode
1544 1320 1621 1373 ire
1646 1329 1993 1389 praesumant,
2024 1335 2117 1373 ue-
2217 1330 2378 1386 snpra
2409 1319 2630 1372 memini
2680 1329 2731 1373 et
2765 1320 2941 1373 adhuc
2970 1328 3053 1372 est
3084 1320 3300 1374 animus
3339 1321 3649 1385 meminisse,
3669 1341 3744 1380 nou

527 1428 635 1483 que
688 1412 1067 1467 dormitorium
1114 1412 1254 1465 infra
1316 1414 1638 1467 matutinum
1710 1412 1828 1466 sine
1887 1411 2117 1466 laternis
2218 1416 2517 1473 merentur,
2552 1410 2651 1465 nisi
2698 1410 2788 1481 qui
2830 1409 2942 1478 jam
2975 1410 3458 1482 tetatemajuscula
3498 1422 3583 1466 aut
3604 1415 3744 1471 clerici

525 1504 821 1560 ascendere
848 1503 1101 1558 audeant.
1133 1503 1213 1558 Ad
1238 1504 1338 1559 hoc
1361 1506 1534 1559 solum
1584 1513 1710 1557 ante
1738 1502 1909 1559 altare
1967 1502 2110 1572 quod
2214 1497 2560 1564 exstiterunt,
2592 1509 2645 1553 et
2674 1514 2770 1569 per
2806 1498 2984 1563 vices,
3017 1500 3060 1554 si
3105 1499 3196 1569 qui
3243 1500 3310 1553 de
3335 1500 3449 1554 alio
3471 1506 3745 1557 monasterio

522 1602 802 1662 estprope
828 1591 1025 1647 ostium
1057 1590 1322 1654 ecclesia,
1360 1601 1438 1646 tot
1466 1591 1690 1647 laternaa
1717 1608 1749 1645 a
1786 1594 2107 1656 camerario,
2213 1587 2561 1645 advenientes
2589 1632 2604 1656 ,
2647 1589 2958 1660 iterumque
2990 1593 3129 1661 apud
3182 1606 3283 1645 nos
3323 1590 3641 1659 proﬁtentes,
3666 1602 3748 1648 tam

524 1692 581 1737 et
609 1682 847 1737 candelae
884 1697 915 1735 a
939 1683 1170 1738 sacrista
1198 1693 1325 1738 sunt
1354 1683 1639 1753 ponendae,
1670 1693 1803 1753 quot
1825 1683 1892 1739 ad
1918 1684 2106 1753 hujus-
2144 1751 2169 1753 Ἀ
2212 1681 2475 1753 probabili
2506 1683 2919 1739 conversatione
2942 1682 3252 1752 aliquandiu
3277 1682 3419 1736 inter
3437 1698 3533 1737 nos
3551 1682 3745 1738 fuerunt.

523 1771 671 1826 modi
723 1772 1103 1827 necessitatem
1146 1751 1368 1841 possint
1406 1751 1698 1828 sufﬁcere;
1727 1771 1793 1827 lli
1825 1772 1959 1829 tales
1993 1751 2107 1829 non
2140 1751 2186 1813 Β
2214 1751 2301 1827 uo.
2333 1760 2515 1843 Igitur.
2545 1772 2668 1837 iste,
2703 1772 2771 1829 de
2810 1787 2918 1843 quo
2949 1751 3128 1844 agitur
3176 1770 3456 1838 ofﬁcialis,
3501 1774 3595 1827 rite
3623 1790 3750 1829 tlllttltt

518 1862 763 1919 habeant
790 1864 1065 1930 custodes,
1102 1863 1197 1919 sed
1222 1864 1473 1935 quotiens
1497 1864 1620 1934 quis
1651 1879 1838 1919 eorum
1869 1866 1935 1919 de
1977 1879 2112 1919 cou-
2207 1864 2375 1919 habet
2405 1865 2810 1935 sulfraganeum
2830 1904 2844 1932 ,
2870 1866 2962 1935 qui
2987 1874 3043 1919 et
3078 1865 3261 1935 pueris
3288 1874 3492 1930 cantet,
3523 1865 3565 1920 si
3594 1866 3637 1918 in
3661 1866 3751 1919 Ima

522 1961 686 2007 ventu
716 1954 878 2008 habet
908 1954 1007 2017 ire,
1047 1954 1206 2009 alicui
1251 1955 1318 2009 ad
1365 1956 1469 2010 hoc
1509 1955 1702 2011 idoneo
1752 1965 1805 2010 et
1855 1957 2109 2026 expedito
2210 1962 2365 2018 sunt,
2396 1965 2452 2009 et
2497 1954 2719 2010 brevem
2750 1954 2915 2010 faciat
2946 1954 3013 2009 de
3062 1954 3249 2008 litania
3286 1963 3343 2009 et
3378 1957 3686 2024 responsorio
3710 1967 3751 2011 et

521 2042 739 2113 signum
772 2042 961 2108 faciat,
983 2046 1079 2115 qui
1113 2053 1170 2098 et
1200 2059 1323 2099 eum
1369 2045 1555 2098 statim
1590 2046 1741 2115 sequi
1777 2060 1881 2101 non
1909 2047 2105 2100 renuit.
2210 2046 2330 2100 aliis
2360 2046 2653 2116 obsequiis.
2684 2046 2956 2102 Cazterum
2998 2043 3227 2099 fratrum
3261 2046 3481 2099 nomina
3522 2060 3615 2099 non
3642 2048 3754 2101 alius

523 2134 815 2189 Sciendum
850 2144 1028 2190 autem
1057 2135 1201 2206 quod
1233 2135 1689 2207 nullisjjuveuum,
1713 2138 1826 2191 sive
1856 2137 2109 2191 iucusto—
2210 2151 2368 2205 quam
2425 2136 2536 2204 ipse
2569 2134 2760 2206 ponit,
2811 2133 2915 2188 nisi
2966 2132 3107 2188 forte
3136 2142 3191 2188 et
3245 2135 3362 2203 ipse.
3409 2134 3479 2187 ita
3525 2133 3751 2202 voluerit,

522 2224 611 2280 dia
639 2227 729 2292 sit,
758 2227 877 2281 sive
900 2243 1027 2291 non,
1058 2228 1127 2281 ad
1159 2226 1398 2297 aliquam
1443 2228 1633 2282 cellam
1676 2228 1829 2283 solus
1855 2229 1972 2284 sine
2000 2229 2108 2285 alio
2207 2229 2430 2299 ejusque
2480 2228 2749 2284 secundus
2804 2226 2969 2297 hujus
3015 2228 3085 2282 sit
3137 2225 3456 2293 industriae,
3520 2228 3750 2299 hujusque

517 2317 881 2387 provectioris
910 2317 1089 2372 aetatis
1114 2315 1284 2373 fratre
1322 2316 1402 2372 ire
1426 2316 1508 2372 vel
1543 2317 1719 2372 redire
1748 2318 2103 2389 permittitur,
2209 2334 2419 2375 sensus.

517 2408 646 2479 quia
690 2409 853 2463 nimis
885 2409 1124 2463 notabile
1164 2417 1333 2477 esset,
1383 2409 1429 2464 si
1477 2408 1623 2464 solus
1670 2408 2107 2466 benedictionem
2280 2413 2354 2469 De
2381 2412 2497 2482 ejus
2527 2420 2709 2467 autem
2742 2420 2849 2466 tam
2878 2411 3137 2468 continua
3184 2411 3564 2481 occupatione,
3587 2419 3639 2465 ut
3672 2410 3750 2465 ali-

515 2498 852 2567 accepisset;
890 2498 980 2568 qui
1016 2499 1179 2552 etiam
1215 2500 1357 2554 seire
1398 2499 1578 2565 debet,
1604 2498 1648 2553 si
1674 2500 1852 2554 adhuc
1879 2501 2003 2553 dum
2028 2503 2107 2556 sic
2207 2519 2312 2577 qua
2343 2505 2728 2576 perstringam,
2761 2512 2872 2560 tota
2904 2505 3100 2559 divinae
3129 2503 3413 2558 servitutis
3441 2504 3685 2560 ordinatio
3706 2506 3751 2559 in

513 2589 787 2643 emittitur
809 2588 876 2643 de
904 2589 1149 2645 custodia
1189 2588 1271 2641 vel
1308 2589 1373 2644 de
1403 2590 1601 2654 forma,
1642 2604 1748 2643 non
1778 2599 1859 2645 est
1891 2591 2106 2645 absolu-
2204 2592 2432 2651 ecclesia
2460 2611 2625 2666 super
2654 2594 2858 2650 nullu'm
2882 2596 3105 2665 pendet,
3131 2602 3397 2665 quantum
3432 2609 3585 2663 super
3612 2594 3753 2663 illum,

515 2688 605 2733 tus
634 2680 687 2734 in
736 2680 910 2734 reditu
956 2696 1079 2747 suo,
1119 2680 1334 2735 etiamsi
1364 2694 1461 2751 per
1496 2681 1681 2736 decem
1710 2695 1881 2736 annos
1910 2681 2102 2736 alicubi
2205 2702 2305 2742 nec
2346 2687 2412 2742 de
2456 2687 2558 2741 hoc
2591 2687 2756 2742 habet
2787 2687 2953 2743 alium
2985 2685 3220 2755 aliquem
3258 2685 3595 2755 magistrum,
3619 2700 3749 2756 quam

512 2772 897 2839 permanserit,
928 2771 1023 2825 sed
1072 2771 1268 2825 iterum
1302 2772 1417 2826 sive
1443 2762 1495 2826 in
1536 2771 1838 2827 custodiam
1880 2773 1994 2826 sive
2036 2774 2103 2826 :ttl
2203 2791 2358 2835 extra
2389 2780 2676 2836 ecclesiam
2696 2820 2713 2846 ,
2741 2789 2795 2834 ει
2821 2779 2888 2834 ad
2935 2777 3241 2847 huiusmodi
3290 2793 3485 2833 omnes
3512 2778 3681 2834 debent
3709 2777 3751 2833 ei

510 2860 745 2915 formam
790 2862 947 2917 redit.
981 2862 1083 2930 Qui
1136 2879 1266 2919 vero
1314 2873 1535 2934 propter
1561 2863 1796 2933 aliquem
1822 2879 2102 2920 excessum
2204 2886 2419 2941 semper
2442 2870 2759 2925 obedicnles
2788 2884 2929 2924 esse.
2955 2867 3011 2922 Si
3042 2867 3171 2939 quid
3205 2874 3389 2922 tamen
3419 2875 3598 2922 contra
3623 2883 3752 2923 usuin

512 2953 567 3008 in
600 2953 923 3009 alterutram
954 2956 1258 3011 custodiam
1290 2956 1541 3020 mittitur,
1576 2971 1702 3011 mox
1731 2956 1799 3011 ab
1840 2971 1903 3012 ea
1946 2956 2102 3011 abso-
2203 2959 2643 3031 praesumpserit,
2674 2959 2761 3014 vel
2812 2958 3131 3029 neglexerit,
3166 2957 3271 3013 hoc
3321 2957 3539 3013 interim
3568 2959 3753 3013 omnino

510 3040 656 3097 intus
680 3044 749 3098 ad
779 3043 1063 3113 parietem,
1088 3044 1132 3098 si
1169 3045 1457 3099 stationem
1484 3052 1642 3099 antea
1666 3045 1863 3101 ibidem
1890 3045 2030 3103 habu

510 3133 822 3158 ...ιη-,μηιη-
882 3131 1094 3158 1....Ακειι
1140 3149 1238 3158 ..Λ-
1296 3149 1450 3158 nun--.
1503 3136 1653 3158 ..μελ-
1702 3135 1751 3158 2--
1815 3138 2028 3158 ..-r-._.-_

2219 3053 2609 3118 lissimulatur;
2655 3067 2828 3123 usque
2885 3053 3011 3106 dtnn
3065 3050 3118 3105 in
3162 3051 3407 3121 capitulo
3445 3051 3748 3106 reclametur.

509 3133 840 3200 regreditur.
874 3131 1097 3188 Juvenis
1140 3149 1239 3203 per
1293 3149 1451 3203 quem
1503 3136 1653 3204 prior
1702 3135 1753 3189 in
1812 3138 2098 3192 refectorio
2126 3131 2171 3158 υ
2204 3144 2360 3217 (van)
2388 3143 2468 3197 Ad
2509 3154 2729 3199 cantum
2765 3143 3067 3213 Evangelii,
3105 3143 3172 3197 ad
3207 3154 3468 3211 vesperos
3495 3151 3547 3196 et
3582 3143 3639 3195 ad
3661 3157 3751 3195 ma-

516 3225 848 3280 charitatem
878 3241 1030 3280 suam
1068 3227 1349 3295 impendit,
1396 3243 1589 3297 panem
1641 3245 1797 3283 suum
1846 3242 1897 3284 et
1940 3229 2099 3299 justi-
2201 3235 2433 3292 tutimun
2465 3237 3359 3307 antiphonamimpouit;excepto
3386 3236 3527 3303 Quod
3553 3236 3751 3290 domnus

513 3318 645 3372 tiatn
676 3333 800 3373 cum
833 3318 1105 3375 cochleari
1156 3320 1221 3372 ad
1255 3334 1495 3374 mensam
1541 3330 1719 3391 portat
1755 3331 1807 3376 et
1835 3332 2094 3393 reportat.
2198 3328 2385 3395 abbas,
2418 3344 2482 3383 eo
2527 3329 2772 3395 absente,
2822 3329 2874 3383 in
2898 3328 3179 3383 duodecim
3221 3327 3547 3382 lectionibus
3572 3336 3646 3382 est
3671 3326 3752 3380 im-

509 3408 567 3463 Si
599 3408 667 3462 ad
698 3408 1094 3463 confessionem
1126 3410 1239 3463 vult
1267 3410 1471 3475 venire,
1504 3426 1533 3464 a
1576 3413 1798 3467 custode
1836 3429 1937 3468 suo
1965 3430 2098 3469 con-
2196 3417 2492 3488 positurus.
2519 3423 2533 3438 '
2563 3417 2707 3485 Quas
2752 3418 2795 3473 si
2844 3433 2951 3473 non
2986 3424 3135 3472 recte
3173 3416 3517 3486 imposuerit,
3543 3416 3620 3470 vel
3650 3427 3751 3468 tam

506 3500 703 3555 fessori
762 3500 1116 3570 permittitur,
1173 3516 1270 3570 per
1300 3517 1461 3571 quem
1491 3504 1657 3558 etiam
1713 3503 1856 3559 facta
1887 3506 2099 3563 confes-
2200 3517 2312 3563 tum
2363 3524 2470 3563 non
2522 3507 2766 3577 proprie,
2819 3507 2871 3561 id
2919 3515 3025 3573 est,
3078 3506 3482 3571 modulaverit,
3530 3505 3753 3559 altenuer

511 3594 692 3658 sione,
725 3592 804 3647 illi
830 3591 983 3663 juxta
1008 3595 1290 3650 introitum
1318 3594 1539 3664 capituli
1563 3598 1908 3667 exspectanti
1938 3599 2098 3655 redu-
2196 3596 2526 3653 collateralis
2560 3596 2698 3664 ejus,
2726 3605 2786 3651 ut
2819 3595 3074 3666 corrigat,
3112 3596 3408 3651 summissa
3437 3610 3565 3650 voce
3593 3595 3748 3650 admo-

506 3685 671 3739 citur.
1976 3670 1985 3675 ’
2197 3700 2328 3742 nere
2372 3687 2587 3756 poterit.
2629 3685 2787 3756 (ean)
2826 3684 2881 3738 lu
2915 3684 3104 3754 psalmi
3141 3699 3265 3739 vero
3312 3685 3671 3756 susceptione,
3715 3684 3751 3736 si

502 3842 505 3843 ν
578 3776 658 3842 Si,
690 3777 836 3846 quod
864 3778 1024 3842 absit,
1054 3777 1283 3833 ofﬁcina:
1317 3778 1544 3834 claustri
1587 3778 1971 3847 incenduntur,
2000 3779 2095 3849 ju-
2196 3778 2428 3843 fallitur,
2465 3795 2494 3833 a
2526 3779 2761 3847 quolibet
2803 3776 2969 3831 sciolo
3009 3787 3064 3831 et
3096 3777 3147 3830 in
3178 3776 3367 3831 eodem
3402 3776 3565 3831 choro
3603 3783 3751 3829 stante

506 3882 671 3924 renes
694 3884 815 3923 cum
853 3869 973 3924 aliis
1004 3871 1070 3924 ad
1100 3871 1552 3942 exstinguendum
1581 3888 1685 3927 non
1722 3882 1967 3938 currunt,
2000 3873 2094 3928 sed
2195 3870 2506 3941 adjuvetur.
2539 3864 2693 3937 Quod
2740 3869 2783 3924 si
2835 3870 2888 3923 in
2933 3868 3115 3938 aliquo
3146 3878 3272 3922 tono
3311 3878 3552 3933 erratur,
3583 3867 3751 3921 nullius

498 3961 725 4021 interim
763 3976 884 4017 cum
928 3964 1245 4018 custodibus
1290 3964 1402 4017 suis
1434 3965 1485 4018 in
1543 3966 1713 4020 choro
1734 3965 1799 4017 ad
1851 3965 2093 4020 litaniam
2196 3960 2425 4017 scientia
2454 3959 2770 4030 praeiudicat
2792 3959 2892 4023 illi,
2921 3975 3043 4015 cum
3076 3975 3196 4015 eum
3223 3958 3565 4030 potissimum
3591 3971 3754 4013 omnes

412 4040 415 4041 ν
500 4056 804 4115 canendum
831 4071 891 4110 se
925 4064 1298 4125 prosternunt.
1352 4054 1662 4110 Notandum
1719 4065 1927 4123 autem,
1948 4058 2092 4127 quod
2192 4055 2497 4118 attendant,
2525 4062 2581 4108 et
2608 4061 2923 4123 sequantur.
2948 4070 3039 4108 uo.
3068 4052 3305 4107 Domnus
3337 4052 3507 4107 abbas
3546 4052 3749 4122 quandia

434 4162 439 4165 ·
505 4146 684 4201 nullus
731 4160 921 4201 eorum
954 4146 1123 4201 sedile
1171 4162 1201 4198 a
1244 4145 1427 4199 domui
1458 4147 1673 4199 abbatis
1720 4145 1872 4199 sedili
1904 4146 2091 4212 situm,
2192 4155 2275 4199 est
2304 4144 2357 4198 in
2394 4152 2697 4209 conventu,
2753 4142 3024 4197 armarius
3076 4157 3182 4195 non
3216 4156 3277 4196 se
3308 4150 3465 4195 notat
3506 4142 3570 4195 ad
3612 4139 3748 4193 ullam

502 4237 609 4291 nisi
633 4250 698 4291 eo
723 4245 985 4305 tempore,
1007 4236 1225 4305 quando
1254 4235 1463 4305 priores
1486 4232 1632 4291 stant
1664 4245 1851 4291 contra
1897 4237 2087 4302 altare,
2194 4235 2487 4292 lectionem
2513 4235 2598 4290 vel
2630 4235 3064 4305 responsorium,
3097 4244 3155 4286 ut
3191 4235 3235 4288 si
3282 4233 3373 4287 ille
3405 4234 3547 4288 forte
3567 4248 3661 4286 non
3684 4229 3745 4284 le-

501 4328 762 4395 intrabit;
796 4328 892 4383 sed
939 4336 993 4383 et
1033 4337 1157 4381 tunc
1187 4327 1318 4381 nulli
1345 4342 1531 4381 eorum
1562 4328 1613 4381 in
1657 4329 1784 4385 sede
1841 4328 1907 4383 de
1933 4328 2085 4382 altari
2192 4329 2349 4400 gerit,
2393 4329 2507 4397 ipse
2559 4344 2658 4399 pro
2707 4342 2774 4382 eo
2824 4328 2986 4396 legat.
3023 4332 3040 4347 ‘
3077 4325 3306 4392 Quando
3360 4341 3493 4380 vero
3550 4324 3749 4379 domnus

492 4429 683 4476 astare
717 4420 917 4486 licebit,
951 4420 1051 4475 nisi
1088 4420 1207 4474 alba
1240 4420 1458 4474 indutus
1480 4420 1568 4473 sit.
1602 4419 1684 4474 Ad
1735 4435 1990 4491 vesperos
2036 4428 2091 4476 et
2123 4439 2167 4495 ι)
2195 4417 2363 4473 abbas
2389 4418 2558 4477 abest,
2586 4418 2701 4487 ipse
2723 4416 2791 4471 ad
2822 4417 3107 4471 lectionem
3140 4415 3223 4469 vel
3272 4416 3340 4470 ad
3376 4414 3745 4485 responsuriqu

494 4514 827 4569 tnatutinum
859 4511 943 4567 vel
968 4512 1034 4567 de
1058 4512 1311 4567 erratibus
1340 4512 1567 4577 sanctis,
1598 4512 1907 4583 antiphona:
1928 4528 2093 4583 super
2195 4509 2372 4565 notari
2403 4517 2602 4581 potest.
2640 4509 2724 4563 Ad
2771 4508 2917 4563 aliud
2968 4516 3148 4561 autem
3193 4505 3431 4561 ofﬁcium
3468 4519 3745 4575 nunquam,

494 4607 742 4678 psalmos
767 4616 822 4661 et
854 4606 1061 4677 hymni,
1101 4604 1416 4675 atttipltontP.
1452 4603 1521 4657 ad
1546 4602 1781 4657 cilicium
1812 4603 2091 4658 defuncto-
2193 4602 2297 4657 nisi
2328 4602 2397 4657 ad
2426 4600 2713 4671 coquinam
2742 4607 2798 4655 et
2826 4600 2892 4653 ad
2917 4598 3230 4653 mandatum
3260 4599 3426 4651 trium
3459 4610 3741 4668 pauperum.

500 4714 621 4753 rum
661 4699 732 4754 ab
774 4699 841 4753 iis
877 4698 1248 4768 imponuntur,
1275 4706 1331 4752 et
1357 4696 1542 4751 brevia
1592 4696 1932 4765 responsoria
1961 4713 2089 4753 ean-
2192 4694 2261 4749 ad
2284 4693 2873 4763 collationemquoqne,
2889 4692 2933 4746 si
2955 4687 3745 4762 vult,legerepotest.(un.)$o—

490 4798 707 4844 .tantur.
2192 4787 2274 4841 lus
2298 4785 2387 4840 ille
2415 4799 2521 4839 non
2553 4783 3004 4853 reprehenditur,
3036 4783 3079 4837 si
3112 4797 3272 4850 quam
3311 4782 3657 4851 antiphonam
3680 4775 3743 4831 vel

568 4882 964 4948 lnterim,dum
1007 4896 1222 4934 corona:
1249 4876 1467 4932 novitiis
1509 4878 1562 4931 in
1590 4878 1759 4933 choro
1790 4866 2087 4949 designen-
2192 4876 2593 4948 responsorium
2653 4874 3014 4930 nominaverit
3061 4872 3265 4942 absque
3315 4873 3461 4927 libro
3487 4914 3500 4936 ,
3535 4870 3746 4925 indicens

492 4982 617 5041 ttrr,
658 4966 729 5030 ab
778 4971 1199 5028 hebdomadario
1239 4969 1462 5037 juvene,
1514 4968 1723 5038 antiph.
1756 4968 1832 5023 Tu
1868 4986 1918 5022 es
1946 4969 2084 5023 Deus
2189 4969 2350 5023 alicui
2378 4967 2554 5031 fratri,
2588 4976 2648 5019 nt
2679 4972 2882 5020 cantet.
2908 4967 2926 4988 ⁴
2951 4963 3154 5019 Omnes
3183 4977 3402 5032 quoque
3432 4976 3619 5017 versus
3642 4957 3744 5013 olfe-

495 5069 608 5140 qui,
642 5078 769 5134 etc.,
799 5066 1117 5137 imponitur,
1145 5072 1196 5118 et
1227 5062 1415 5118 litania
1454 5071 1578 5114 ante
1610 5061 1829 5115 missam
1866 5059 1934 5114 ab
1970 5063 2086 5130 ipso
2187 5062 2369 5116 renda:
2404 5061 2472 5116 ad
2526 5056 2788 5127 majorem
2845 5056 3067 5111 missam
3125 5054 3375 5124 imponit.
3408 5053 3490 5107 Ad
3545 5062 3741 5121 quorum

396 5190 399 5193 λ
495 5162 832 5232 prtecinitur.
874 5158 1074 5227 Versus
1101 5157 1328 5211 omnino
1359 5155 1425 5210 ab
1456 5154 1562 5219 his,
1594 5152 1636 5209 si
1666 5162 1743 5208 tot
1779 5161 1927 5217 sunt,
1959 5168 2085 5223 pro-
2187 5151 2524 5221 singulorum
2575 5147 2976 5219 impositionem
3018 5146 3075 5201 in
3122 5144 3408 5200 duodecim
3453 5140 3744 5232 lectionibus

482 5230 849 5318 nuntiantur;
909 5250 993 5305 sin
1062 5257 1288 5313 autem,
1343 5255 1450 5301 tam
1501 5246 1569 5301 ab
1610 5244 1731 5300 aliis
1793 5243 2084 5315 juvenibus
2186 5254 2311 5298 ante
2334 5252 2389 5298 et
2424 5251 2569 5299 retro
2609 5239 2777 5305 facit,
2836 5240 2939 5294 nisi
2993 5238 3060 5292 ad
3113 5236 3393 5292 Orientem
3428 5248 3620 5289 versus
3661 5230 3740 5287 sit.

496 5359 661 5414 quam
694 5343 763 5399 ab
789 5341 908 5398 istis
936 5340 1211 5398 dicuntur.
1253 5338 1388 5393 Item
1416 5338 1484 5392 ab
1525 5336 1729 5393 eisdem
1758 5334 1966 5406 antiph.
2014 5336 2082 5390 ad
2189 5349 2313 5392 tunc
2346 5346 2553 5391 tantum
2589 5333 2842 5396 inclinat,
2873 5333 3012 5387 sicut
3049 5341 3103 5385 et
3131 5329 3361 5399 privatis
3400 5328 3610 5390 diebus,
3642 5337 3740 5394 qua-

495 5434 751 5505 suﬁ‘ragia
786 5439 1099 5489 sanctorum
1146 5429 1502 5501 incipiuntur,
1552 5435 1607 5482 et
1657 5436 1784 5481 tunc
1831 5426 2080 5495 imposita
2185 5442 2396 5497 cunque
2424 5435 2580 5494 parte
2625 5423 2991 5479 chori'locum
3038 5422 3252 5475 haheat.
3284 5420 3405 5489 Ipse
3456 5419 3624 5472 etiam
3661 5414 3739 5469 Pa-

484 5525 737 5594 iqualibet
793 5523 1003 5595 antiph.
1065 5522 1271 5578 tatudiu
1344 5520 1546 5576 debent
1581 5529 1749 5584 stare,
1800 5532 2081 5588 quousque
2183 5521 2354 5577 schali
2396 5530 2637 5589 tempore
2685 5518 2913 5600 privatis
2948 5516 3139 5571 diebus
3187 5521 3401 5567 tantum
3434 5505 3739 5600 Alleluia

497 5619 709 5675 dicatur
753 5629 1008 5672 oremura
1032 5615 1333 5671 sacerdote.
1362 5611 1591 5681 Insuper
1640 5610 1895 5681 quotiens
1942 5610 2081 5664 anti-
2183 5611 2406 5665 missam
2459 5609 2711 5680 imponit.
2743 5597 3014 5679 Hymnum
3046 5618 3175 5660 vero
3203 5617 3523 5672 nunquam,
3564 5599 3658 5655 nisi
3695 5597 3739 5649 io

498 5709 690 5774 phonte
710 5723 745 5763 τι
775 5708 1085 5765 senioribus
1106 5707 1174 5763 ad
1202 5703 1527 5762 matutinum
1550 5711 1675 5758 sunt
1716 5701 2076 5772 imponendae,
2185 5701 2465 5759 duodecim
2508 5701 2864 5766 lectionibus,
2895 5700 2940 5755 si
2974 5707 3029 5753 et
3070 5707 3196 5751 tunc
3231 5689 3737 5750 bebdomadarius-ia
