3872 6306
88 355 207 419 μηδ’
1120 346 1528 407 CONSTITUT.
1575 349 1904 408 lllRSAUG.
1941 383 2010 391 —
2041 352 2169 407 LIB.
2212 354 2273 407 Il.
3156 364 3293 432 ΜΠ

87 458 407 546 εοιιέιιιςιξονο
433 459 661 517 steterit.
691 459 831 532 (ιω.)
870 458 1168 527 Quenalibet
1193 469 1411 515 cantum
1443 476 1615 530 quan-
1644 466 1687 523 Α
1720 462 1821 517 boc
1879 463 2083 517 idoneis
2124 464 2359 532 intimat,
2397 470 2589 538 quibus
2645 481 2697 528 et
2750 472 2955 541 libros,
2996 476 3050 532 in
3097 477 3294 546 quibus

86 544 284 618 unalibét
310 554 577 610 submissa
618 568 749 609 voce
786 563 1055 619 cantetur,
1097 567 1255 607 nemo
1292 553 1428 625 alius
1449 554 1610 608 audet
1709 554 1911 607 eaedem
1937 555 2248 623 antiplionae
2271 558 2486 630 scripta:
2508 574 2652 627 sunt,
2681 565 2972 622 distribttit.
2999 544 3159 639 (var.)
3194 567 3294 622 Po-

85 654 134 710 ad
157 649 374 705 altiorem
428 646 605 701 levare
635 660 840 700 vocem.
870 648 887 667 ⁶
936 644 1052 716 Ipse
1103 654 1281 699 autem
1324 661 1605 715 nunquam
1708 650 1910 696 stremo
1936 644 2193 713 quidquid
2239 646 2345 701 tale
2373 649 2525 715 quasi
2557 664 2751 704 novum
2787 656 3162 722 supervenerit
3204 671 3296 725 ge-

84 742 209 799 δευει
244 738 536 808 negligere,
566 738 783 807 quando
833 738 992 793 nimis
1031 736 1298 793 submisse
1336 747 1605 801 cautam,
1709 730 1957 798 reudum,
1979 732 2045 787 de
2072 734 2173 789 ltoc
2203 735 2289 790 ille
2315 738 2584 807 praecipue
2610 754 2820 794 memor
2842 750 2897 803 et
2921 743 3146 815 diligens
3174 758 3298 801 esse

82 828 253 901 quando
282 825 361 879 vel
390 825 549 881 solito
595 825 937 880 festinantius
977 825 1061 880 vel
1103 827 1433 896 protractius
1460 843 1617 897 qtto-'
1709 818 1901 886 debet,
1956 825 2176 891 quando
2228 824 2366 881 fabae
2402 826 2657 893 novellae,
2703 829 2785 883 vel
2830 832 3069 888 novellus
3109 835 3291 903 paniS.

82 937 250 991 cunque
294 919 408 974 loco
431 960 445 984 ,
481 920 564 973 vel
631 928 903 989 tempore,
934 920 1063 989 quin
1116 921 1301 974 statim
1350 920 1609 977 fratribus
1710 912 1822 967 sive
1854 923 2088 969 mustum
2124 925 2202 971 est
2240 916 2291 970 in
2315 918 2621 974 'refectorio
2659 920 3103 991 benedicendum,
3136 925 3219 982 vel
3250 928 3295 981 si

84 1017 229 1069 innuat
257 1024 407 1063 manu
441 1009 697 1078 quidquid
743 1012 1137 1066 emendandum
1188 1021 1273 1066 est
1328 1013 1379 1067 in
1417 1024 1605 1068 cantu.
1712 1003 1835 1058 lalis
1886 1020 2115 1074 PBPSOHa
2166 1009 2488 1075 advenerit.
2559 1019 2849 1081 antequam
2905 1022 2961 1068 et
3009 1024 3295 1086 postquam

83 1102 201 1172 Quod
221 1102 459 1174 quamvis
494 1101 722 1157 licenter
754 1103 867 1157 ﬁeri
901 1103 1091 1173 possit,
1119 1120 1394 1176 nunquam
1431 1114 1609 1160 [amen
1709 1098 2025 1168 suscipitur,
2071 1100 2340 1172 imprimis
2384 1103 2544 1158 lectio
2579 1112 2663 1160 est
2694 1106 2994 1173 recitanda,
3022 1108 3107 1163 vel
3136 1124 3298 1178 opere

80 1198 160 1251 nisi
189 1211 295 1250 cum
326 1209 518 1265 magna
545 1199 872 1261 reverentia,
906 1212 1079 1267 neque
1104 1198 1168 1252 de
1188 1199 1358 1253 choro
1386 1199 1437 1253 in
1471 1199 1608 1255 aue.
1710 1204 1968 1245 manuum
2021 1192 2198 1259 facto,
2230 1194 2310 1250 vel
2358 1196 2401 1251 si
2453 1197 2735 1268 cujusdam
2766 1199 2956 1253 novitii
2988 1214 3187 1256 corona
3215 1201 3299 1256 vel

82 1301 172 1338 rum
205 1284 409 1338 chorum
462 1284 642 1340 facere
691 1289 1000 1355 praesumit;
1058 1290 1175 1354 sed,
1212 1289 1257 1344 si
1288 1306 1424 1360 opus
1477 1300 1562 1345 est
1592 1332 1607 1356 ,
1710 1282 1875 1335 barba
1916 1284 2149 1339 radenda
2177 1295 2283 1351 est,
2305 1290 2371 1341 ad
2403 1290 2516 1343 lucc
2544 1289 2751 1360 singula
2778 1299 2832 1344 et
2861 1292 3051 1345 borum
3078 1292 3296 1357 similia,

78 1378 284 1449 proprius
305 1376 543 1431 accedat.
1711 1375 1982 1445 providet,
2017 1392 2085 1431 ne
2135 1380 2227 1432 fiat
2270 1381 2591 1452 negligentia
2634 1382 2716 1436 vel
2747 1384 2811 1438 de
2842 1399 3070 1452 persona
3122 1385 3203 1440 vel
3232 1388 3315 1440 αθ»

133 1453 247 1538 (ευ.)
273 1467 450 1536 ipsum
494 1482 709 1537 quoque
758 1469 899 1525 seire
929 1470 1205 1537 convenit,
1252 1472 1376 1543 quia
1406 1473 1607 1527 nullum
1710 1470 1813 1523 hoc
1834 1510 1847 1533 .
1878 1469 2017 1538 quod
2050 1484 2279 1540 persona
2306 1483 2389 1525 est
2416 1474 2649 1527 dictura.

78 1558 273 1610 disinum
308 1554 537 1611 ofﬁcium
574 1558 715 1613 intra
760 1559 840 1613 vel
873 1569 1025 1613 extra
1072 1561 1359 1616 ecclesiam
1406 1563 1607 1631 agitur,
2277 1562 2505 1619 CAPUT
2546 1563 2732 1618 XXIV.

77 1649 145 1703 cui
188 1650 286 1719 ipse
325 1647 407 1701 vel
443 1647 819 1719 suﬂ'raganeus
856 1651 975 1720 ejus
1032 1667 1135 1705 nou
1186 1653 1417 1715 intersit.
1451 1653 1608 1709 Omni
1738 1661 1743 1665 ‘
1858 1653 2085 1719 Quando
2116 1653 2329 1721 chorus,
2368 1665 2421 1707 ut
2448 1656 2620 1721 aiunt,
2653 1658 2716 1710 ab
2754 1658 2863 1727 ipso
2897 1667 3155 1712 teneatur.

76 1742 160 1805 die,
182 1741 495 1810 competenti
535 1741 687 1806 hora,
714 1742 860 1796 audit
893 1742 1041 1813 pueri
1065 1742 1148 1798 vel
1182 1742 1398 1811 juvenis
1424 1746 1610 1800 lectio—
1785 1749 1800 1766 '
1826 1745 1885 1800 In
1910 1747 2160 1801 omnibus
2184 1747 2354 1812 festis,
2387 1762 2508 1817 quae
2529 1748 2580 1803 in
2610 1749 2751 1804 albis
2781 1760 3041 1817 aguntur,
3080 1751 3130 1806 iu
3160 1749 3299 1806 Sal»

76 1848 191 1895 nem,
215 1845 365 1900 quam
393 1831 446 1885 in
476 1833 727 1902 sequenti
755 1832 840 1888 die
872 1833 1110 1889 lecturus
1131 1845 1212 1890 est
1239 1835 1292 1889 in
1313 1834 1562 1906 Capitulo
1593 1854 1606 1891 :
1639 1819 1686 1879 Β
1714 1836 1839 1891 bato
1869 1852 2082 1907 quoque
2105 1849 2317 1903 sancto,
2343 1838 2563 1895 Pasch-.1:
2587 1851 2640 1895 et
2660 1841 3027 1905 Pentecostos,
3049 1852 3104 1896 et
3128 1842 3179 1897 in
3206 1843 3294 1898 die

76 1925 202 1995 per.)
235 1925 487 1981 lectiones
509 1942 723 1998 quoque
752 1943 869 1998 quae
900 1926 1138 2000 legendae
1162 1934 1370 1985 suntad
1396 1940 1615 1986 noctur-
1716 1927 2024 1981 Palinurum
2077 1929 2347 1983 armarius
2404 1945 2469 1984 ex
2513 1946 2611 1986 usu
2643 1932 2804 1986 debet
2843 1943 3023 1987 tenere
3050 1934 3299 1996 chorum,

76 2034 153 2072 nos
188 2016 234 2071 in
286 2017 703 2090 Quadragesima
748 2030 868 2090 post
904 2032 1148 2087 sextam,
1183 2024 1233 2075 in
1268 2031 1455 2077 (estate
1486 2039 1614 2078 vero
1717 2020 1809 2074 sed
1838 2020 1889 2074 in
1920 2020 2057 2075 albis
2084 2020 2262 2085 solus;
2287 2032 2513 2090 excepto
2540 2023 2591 2075 in
2622 2022 3005 2078 Puriﬁcatioue
3022 2023 3300 2079 S.Mari:e.

75 2119 170 2180 post
192 2125 406 2177 nonam;
436 2112 523 2167 vel
546 2114 588 2168 si
616 2099 1116 2170 semelcomeditur
1164 2125 1284 2186 post
1328 2115 1613 2186 prandium
1718 2110 1771 2164 In
1799 2110 2000 2165 eisdem
2036 2126 2164 2165 vero
2198 2112 2428 2166 duorum
2465 2110 2829 2168 Sabbatorum
2868 2114 3083 2180 diebus,
3127 2115 3299 2179 illum,

76 2203 213 2257 audit.
243 2204 256 2221 '
287 2201 439 2269 Quod
480 2204 523 2258 si
575 2203 867 2274 aliquando
920 2206 1160 2260 brevitas
1202 2207 1461 2275 temporis
1508 2222 1614 2260 non
1718 2203 1809 2272 qui
1854 2216 2036 2256 secum
2068 2202 2310 2258 litaniatu
2345 2204 2616 2274 przecinit,
2654 2205 2756 2260 sibi
2782 2205 3045 2276 adjuugit.
3073 2204 3127 2260 lu
3161 2205 3305 2275 psal-

75 2294 260 2362 patilur,
287 2305 345 2348 ut
396 2304 521 2364 post
564 2312 795 2361 nonam,
837 2297 916 2352 vel
952 2307 1072 2367 post
1120 2298 1403 2366 prandium
1448 2299 1619 2369 possit
1720 2294 1822 2348 niis
1849 2304 2030 2349 autem
2059 2304 2322 2365 quotquot
2348 2297 2685 2353 necessarios
2706 2297 2979 2361 habuerit,
3024 2298 3074 2351 in
3105 2298 3304 2367 quibus

76 2387 246 2451 audire,
279 2388 419 2442 inter
463 2387 784 2457 pulsandum
818 2406 1071 2460 vesperos
1096 2432 1109 2455 ,
1154 2390 1199 2445 si
1236 2391 1373 2445 Deus
1401 2391 1618 2444 auribus
1720 2382 1949 2453 singulis
1996 2384 2110 2452 ipse
2135 2399 2337 2454 cappas
2364 2385 2658 2441 distribuit.
2683 2385 2739 2440 ln
2768 2386 3061 2442 Nativitate
3089 2387 3301 2441 Domini

78 2492 160 2531 non
193 2476 414 2545 canitur,
439 2490 495 2533 et
523 2487 649 2534 tunc
674 2479 727 2533 in
749 2481 1007 2535 vestiario
1033 2481 1202 2535 audit.
1224 2480 1349 2537 Post
1366 2496 1618 2552 vesperos
1721 2474 1785 2528 ad
1822 2473 1957 2528 duas
1987 2475 2195 2543 priores
2221 2476 2418 2532 missos
2446 2477 2552 2530 duo
2597 2477 2814 2541 fratres,
2856 2479 2947 2548 qui
2975 2478 3145 2535 choro
3168 2493 3304 2548 pra:—

77 2585 181 2624 vrro
205 2585 496 2642 nunquam,
524 2572 627 2628 nisi
665 2572 803 2629 forte
835 2585 1055 2645 propter
1083 2575 1262 2630 minus
1290 2575 1519 2631 sciolum
1564 2575 1619 2631 id
1720 2568 2001 2638 sintjuxta
2039 2569 2251 2624 libitum
2280 2570 2397 2638 ejus
2420 2572 2641 2625 notandi
2673 2582 2823 2639 sunt,
2848 2574 3045 2643 quibus
3069 2574 3182 2642 ipse
3205 2590 3305 2628 sua

76 2677 262 2718 necesse
321 2663 592 2718 videatur.
629 2665 774 2737 (om)
811 2664 1119 2721 Lectionem
1160 2682 1375 2738 quoque
1398 2708 1413 2733 ,
1455 2684 1621 2739 quam
1721 2668 1915 2729 sponte
1960 2660 2193 2714 medium
2222 2660 2568 2734 seadjungit.
2625 2678 2711 2718 oo.
2745 2664 2799 2717 lu
2828 2665 2942 2734 ipso
2965 2674 3144 2720 autem
3173 2674 3227 2720 ct
3247 2665 3307 2721 in

74 2752 270 2807 domnus
292 2751 464 2807 abbas
493 2763 577 2807 est
610 2754 876 2819 lecturus,
910 2756 1069 2811 debet
1113 2757 1338 2823 audire;
1391 2760 1485 2811 sed
1528 2757 1619 2812 ubi
1724 2748 1933 2805 1³³8011³
1964 2759 2019 2805 ει
2068 2752 2121 2806 in
2149 2750 2472 2808 Ρεηῑθοοδιο
2505 2755 2571 2808 ad
2599 2753 2830 2809 OmCium
2855 2756 3076 2824 maioris
3104 2758 3303 2823 ""3333.

76 2840 140 2895 vel
176 2844 403 2912 quando,
439 2845 492 2899 in
544 2845 711 2916 ipsius
747 2846 959 2903 abbatis
985 2858 1071 2904 est
1096 2849 1340 2903 arbitrio.
1395 2847 1620 2915 Quando
1722 2853 1778 2899 et
1797 2845 1863 2900 ad
1894 2845 2187 2901 tenendum
2217 2846 2466 2914 chorum,
2500 2848 2614 2917 ipse
2641 2858 2695 2901 et
2725 2864 2847 2902 cum
2872 2864 2941 2904 co
2968 2850 3075 2903 duo
3102 2850 3304 2904 fratres

74 2933 214 3002 major
238 2936 568 2992 matutinalis
613 2938 772 2992 missa
802 2947 885 2993 est
910 2941 1202 3005 cantanda,
1233 2940 1324 2996 ubi
1366 2940 1623 2995 sacerdos
1725 2936 1794 2992 de
1845 2938 2161 2995 melioribus
2185 2938 2522 3003 cantoribus,
2547 2941 2637 3010 qui
2666 2942 2734 2995 ad
2772 2942 2873 2996 boc
2911 2942 3088 2997 idonei
3112 2942 3304 2997 viden-

72 3036 119 3077 σε
141 3038 255 3076 cum-
272 3027 483 3081 caeteris
518 3027 780 3083 ministris
804 3028 1050 3083 vestierit
1070 3068 1091 3094 ,
1133 3028 1275 3083 nulla
1299 3028 1415 3084 vice
1444 3042 1621 3083 arma.

74 3114 163 3168 rius
183 3130 271 3184 per
291 3118 743 3174 consuetudinem
775 3119 1039 3186 defuerit;
1065 3122 1299 3191 primum
1327 3130 1385 3175 ut
1416 3120 1618 3184 videat,

1727 3033 1835 3081 tur.
1873 3027 1975 3094 Qui
2030 3036 2213 3084 tamen
2253 3044 2360 3083 non
2418 3039 2752 3098 prmsunmut
2804 3047 2900 3101 per
2936 3046 2996 3086 se
3024 3032 3306 3095 accedere,

1725 3116 1827 3172 nisi
1858 3118 1973 3187 ipse
1996 3134 2161 3173 manu
2216 3134 2313 3174 sua
2355 3135 2567 3189 cappas
2601 3121 2830 3188 dederit,
2857 3123 2879 3143 ‘
2903 3137 3022 3191 quae
3051 3121 3103 3177 in
3133 3122 3313 3191 capite

72 3205 106 3259 si
129 3217 306 3277 prtesto
328 3210 441 3265 sint
464 3224 656 3266 omnes
706 3226 951 3282 personae
974 3227 1093 3282 quae
1116 3213 1617 3280 suntobsecuturaa,
1647 3191 1693 3254 (ἶ
1726 3207 1912 3263 formae
1934 3224 2149 3281 semper
2171 3211 2240 3266 de
2275 3210 2590 3267 melioribus
2619 3227 2650 3266 a
2678 3211 2881 3279 majore
2917 3213 3147 3268 sacrista
3179 3223 3307 3267 ante

68 3307 112 3350 et
136 3298 374 3369 insinuet,
394 3303 440 3358 si
463 3303 591 3372 quid
616 3317 752 3378 opus
776 3313 880 3371 est,
911 3314 969 3360 ut
1002 3306 1324 3361 insinuetur.
1346 3306 1504 3378 (δατ.)
1534 3305 1622 3361 Si-

70 3387 237 3444 militer
284 3392 419 3446 facit
468 3394 897 3464 quotiescunque
933 3404 1052 3464 post
1090 3405 1386 3451 nocturnos
1444 3396 1621 3451 Evan-

68 3480 263 3551 gelium,
311 3486 395 3540 vel
453 3487 498 3541 si
543 3486 634 3557 qui
668 3487 1034 3542 invitatorium
1064 3489 1295 3543 cauituri
1344 3488 1479 3543 albis
1526 3488 1611 3544 vel

67 3573 224 3643 cappis
250 3576 586 3633 vestiuntur.
619 3574 807 3632 Totius
849 3577 926 3631 rei
956 3589 1040 3632 est
1065 3579 1366 3648 praecipuus
1405 3578 1623 3632 ordina-

66 3677 150 3723 tor.
185 3670 237 3726 Si
281 3673 407 3743 quis
464 3671 630 3727 frater
671 3670 921 3728 infirmus
976 3672 1314 3730 infirmorum
1365 3671 1486 3728 oleo
1538 3680 1625 3728 est

67 3764 335 3837 ungendus,
368 3762 457 3819 vel
485 3762 531 3817 si
558 3760 773 3829 obierit,
805 3763 872 3817 ad
916 3763 1245 3834 sepulturam
1285 3761 1623 3830 eﬂ‘erendus,

66 3852 134 3907 vel
157 3854 197 3909 si
223 3856 342 3926 quis
367 3857 439 3911 de
480 3854 612 3911 foris
640 3855 834 3911 allatus
858 3864 941 3911 est
972 3856 1331 3925 recipiendus,
1365 3856 1466 3927 ipsi
1494 3870 1624 3912 cura

64 3952 150 4008 est,
168 3946 281 4014 quis
310 3946 573 4003 sacerdos
604 3948 878 4012 induatur,
907 3949 1179 4019 quomodo
1209 3960 1459 4022 ungatur,
1490 3965 1626 4016 quo-

63 4034 197 4090 modo
234 4037 443 4093 domini
478 4053 677 4110 corpus
709 4051 1045 4112 apportetur,
1093 4044 1359 4112 quomodo
1381 4058 1621 4098 commu-

64 4130 263 4198 nicetur,
318 4144 377 4189 et
424 4151 547 4205 quae
593 4136 867 4205 collectae,
916 4139 1043 4197 dum
1099 4140 1313 4205 obierit,
1371 4156 1402 4195 a
1447 4142 1628 4212 priore

62 4236 201 4295 super
223 4243 347 4286 eum
379 4229 669 4298 dicantur;
692 4239 748 4286 et
766 4231 894 4287 dum
919 4231 1148 4297 lavatur,
1172 4242 1226 4288 et
1253 4235 1378 4289 dum
1400 4235 1629 4289 vestitur

62 4325 402 4392 etantequam
432 4321 485 4377 in
531 4320 817 4378 ecclesiam
850 4333 1184 4393 apportetur,
1235 4333 1290 4378 et
1338 4324 1467 4393 quid
1496 4338 1627 4378 can-

63 4416 200 4474 tetur,
223 4421 278 4468 et
319 4414 599 4485 quomodo
631 4413 870 4470 tumulus
897 4413 1247 4470 benedicatur
1278 4412 1414 4468 infra
1459 4428 1621 4469 cano-

1727 3299 1961 3365 tertiam,
1991 3301 2073 3355 vel
2112 3302 2160 3355 si
2198 3303 2477 3371 processio
2515 3303 2713 3373 agitur,
2773 3318 2897 3374 post
2927 3321 3045 3360 eam
3101 3319 3323 3375 pra‘pav-

1726 3400 1938 3456 rantur,
1971 3407 2105 3461 quas
2135 3393 2285 3463 prius
2311 3404 2488 3449 tamen
2513 3410 2620 3449 non
2650 3396 2947 3461 distribuit,
2972 3397 3075 3451 nisi
3096 3398 3309 3465 quando

1728 3482 2109 3538 Bcnedicnmas
2159 3484 2385 3539 Domino
2415 3487 2485 3540 ad
2537 3487 2827 3542 instantem
2862 3489 3051 3542 horam
3103 3488 3309 3542 dictum

1726 3573 2164 3630 fueritzetcum
2199 3590 2299 3631 eas
2349 3577 2680 3648 acceperint,
2736 3594 2841 3634 non
2887 3579 3036 3647 prius
3086 3592 3181 3632 eas
3228 3579 3314 3632 in-

1725 3664 1894 3720 duunt
1948 3680 2111 3735 quam
2161 3668 2214 3721 in
2273 3666 2451 3723 locum
2499 3669 2751 3724 stationis
2796 3670 3040 3724 veniunt.
3100 3668 3311 3737 Quibus

1727 3757 1975 3827 ipsemet,
2007 3773 2131 3814 eam
2161 3758 2397 3826 scillam,
2448 3776 2609 3830 quam
2647 3761 2845 3832 pulsat,
2873 3761 2962 3816 alii
2991 3760 3317 3830 pulsandum

1727 3851 2085 3915 commiserit,
2113 3866 2265 3907 suam
2292 3868 2508 3923 quoque
2538 3868 2762 3924 cappam
2794 3853 3024 3909 induens
3053 3869 3111 3909 se
3131 3852 3316 3921 adjun-

1727 3941 1821 4011 git.
1852 3940 2091 4009 Quorum
2126 3943 2171 4000 si
2208 3945 2331 4014 quis
2384 3944 2498 4001 vult
2523 3945 2824 4013 discedere,
2877 3947 3153 4016 praemissa
3181 3960 3316 4000 can-

1731 4034 1890 4088 tanda
1938 4050 2061 4089 eum
2115 4037 2269 4106 signo
2302 4038 2500 4099 missae,
2537 4052 2634 4105 pro
2655 4037 2758 4092 alia
2783 4053 2967 4102 causa,
3000 4053 3123 4093 cum
3155 4037 3313 4107 signo

1731 4126 1965 4182 exeundi
2015 4128 2215 4195 quaerit
2270 4128 2544 4184 licentiam
2576 4145 2604 4182 a
2638 4136 2765 4184 tunc
2789 4130 3036 4184 ordinem
3065 4136 3314 4192 tenente;

1730 4215 1922 4271 deinde
1970 4217 2185 4271 rediens
2229 4219 2294 4270 ad
2321 4218 2555 4286 priorem
2597 4218 2798 4282 locum,
2830 4228 2885 4273 et
2918 4219 3155 4273 armario
3189 4232 3316 4272 cum

1730 4308 1885 4379 signo
1908 4308 2218 4363 discedendi
2252 4309 2486 4364 innuens
2512 4307 2655 4365 facto
2693 4309 2893 4365 ibidem
2932 4317 3060 4362 ante
3087 4316 3140 4361 et
3169 4316 3316 4360 retro

1729 4403 1974 4459 discedit.
2008 4404 2131 4471 Qui,
2177 4404 2221 4458 si
2260 4404 2475 4459 indutus
2511 4412 2595 4458 est
2628 4418 2853 4474 cappam
2878 4403 2945 4456 de
2973 4401 3312 4465 melioribus,

60 4514 163 4557 nem
201 4506 384 4561 missa
426 4505 763 4562 mammam
788 4547 802 4572 ,
857 4515 912 4561 ει
966 4507 1240 4576 quomodo
1287 4506 1625 4577 sepeliatur;
1658 4531 1706 4591 υ
1735 4493 1875 4549 banc
1899 4494 2098 4550 ibidem
2132 4505 2348 4550 exutam
2381 4497 2529 4567 ponit
2558 4511 2720 4565 super
2741 4490 3076 4591 cauet-llum;
3106 4493 3151 4547 si
3183 4508 3325 4591 vero

58 4594 286 4651 omnibus
311 4598 402 4653 liis
434 4597 681 4654 intererit
705 4597 1005 4669 praecipuus
1037 4605 1386 4652 monstrator.

116 4683 223 4752 Ipse
266 4688 724 4759 supervenientes
754 4688 946 4743 breves
973 4685 1351 4743 defunctorum
1400 4685 1629 4741 fratrum

57 4783 349 4831 nostrorum
403 4793 435 4831 a
487 4778 669 4848 priore
696 4777 922 4848 accipit,
956 4785 1012 4831 et
1065 4776 1282 4831 nomina
1332 4790 1520 4830 eorum
1577 4774 1630 4829 in

58 4869 438 4942 niarterIOgio
482 4869 706 4936 scribit,
758 4867 1061 4939 descriptos
1112 4867 1248 4922 alios
1284 4866 1634 4938 pergentibus

58 4955 325 5028 fratribus,
384 4976 487 5031 per
534 4961 777 5015 diversas
812 4959 1120 5029 provincias
1164 4957 1482 5030 distribuit;
1534 4971 1635 5011 nec

55 5044 404 5119 obliviscitur,
453 5053 495 5107 si
528 5053 650 5123 quis
694 5051 863 5106 frater
891 5051 1117 5117 obierit,
1151 5050 1460 5112 missarum,
1490 5046 1635 5117 quod

54 5139 143 5196 rite
199 5142 262 5197 \‘l
297 5143 569 5199 fratribus
594 5143 812 5214 triginta
831 5142 1301 5199 commendantur.
1324 5138 1443 5208 Ipse
1470 5140 1633 5193 etiam

52 5235 263 5291 ostiario
304 5245 366 5294 et
406 5236 836 5307 eleemosynario
881 5234 1049 5290 libros
1097 5231 1443 5287 matutinales
1474 5230 1634 5287 debet

55 5332 419 5396 omamodare,
458 5338 514 5386 et
544 5338 667 5399 post
696 5327 970 5398 hospitum
999 5334 1052 5382 et
1099 5326 1512 5397 peregrinorum
1544 5324 1636 5379 de-

54 5433 278 5487 cessum,
300 5421 510 5492 quibus
540 5430 716 5475 tamen
747 5420 791 5474 si
833 5418 975 5488 apud
1006 5431 1105 5472 nos
1131 5417 1499 5481 infirmautur,
1528 5429 1634 5469 non
1659 5456 1661 5458 -

56 5511 156 5583 ipse
176 5516 268 5572 sed
295 5514 550 5587 plebeius
570 5511 825 5567 sacerdos
857 5510 1123 5580 providet,
1145 5516 1201 5561 ut
1228 5507 1636 5563 communicen-

55 5611 156 5657 tur.
186 5604 268 5659 Ad
326 5618 527 5659 omnes
561 5599 941 5672 processioues
986 5598 1120 5653 nihil
1174 5598 1274 5653 nisi
1323 5596 1467 5667 quod
1522 5597 1638 5664 ipse

53 5692 395 5766 imposuerit,
433 5694 655 5750 omnino
688 5698 959 5747 cantatur.
994 5688 1052 5743 lu
1094 5688 1264 5742 tribus
1306 5687 1493 5743 diebus
1531 5672 1639 5740 an

51 5789 326 5857 sationum
358 5787 435 5842 ad
466 5784 845 5858 imponendum
894 5782 1217 5852 antipbonas
1266 5778 1519 5833 fratribus
1570 5777 1645 5833 ad

1735 4587 1802 4641 de
1826 4588 2187 4643 mediocribus
2212 4590 2401 4643 exiens
2421 4590 2599 4645 adhuc
2619 4605 2681 4644 ca
2705 4586 2946 4653 indutus,
2984 4587 3035 4642 in
3060 4586 3320 4642 vestiario

1734 4679 1885 4735 exuit
1919 4695 2038 4735 eam
2064 4691 2120 4737 et
2149 4680 2483 4750 complicat.‘

1807 4769 1971 4840 (υαν.)
2021 4769 2081 4826 Si
2131 4786 2354 4827 necesse
2403 4778 2510 4838 est,
2545 4777 2723 4840 potest
2753 4775 2966 4823 mutare
2994 4766 3196 4822 fratres
3215 4766 3325 4822 sibi

1737 4862 2078 4919 collaterales
2106 4880 2134 4917 a
2167 4865 2355 4919 dextra
2411 4864 2465 4918 in
2497 4864 2798 4927 sinistram,
2830 4860 2913 4915 vel
2944 4875 2973 4914 a
3010 4861 3233 4915 sinistra
3266 4859 3320 4913 in

1737 4956 2002 5010 dextram.
2040 4954 2398 5010 Thuribulum
2426 4971 2455 5009 a
2485 4970 2753 5010 converso
2799 4952 2902 5008 sibi
2951 4952 3202 5022 primitus
3225 4965 3331 5018 ειν-ν

1736 5054 2008 5116 portatur,
2038 5046 2138 5100 nisi
2163 5047 2313 5115 prior
2368 5045 2447 5098 vel
2475 5043 2655 5113 aliqua
2683 5042 2855 5110 major
2884 5054 3114 5111 persona
3146 5039 3318 5092 inter-

1738 5135 1923 5192 fuerit.
1956 5136 2031 5192 De
2053 5146 2250 5192 caetero
2274 5136 2645 5207 cujuscunque
2673 5133 2881 5189 ordinis
2902 5130 3219 5201 saepedictus
3248 5128 3322 5182 sit

1738 5227 2009 5283 armarius
2051 5242 2211 5283 suum
2268 5242 2378 5282 non
2432 5226 2637 5280 amittit
2684 5222 3071 5293 principatum.
3107 5216 3162 5272 Si
3202 5215 3321 5271 vult

1739 5320 2163 5385 communicare,
2205 5318 2428 5374 ultimus
2450 5327 2534 5373 est
2572 5316 2638 5371 ad
2666 5328 2877 5386 pacem,
2903 5311 3111 5381 primus
3136 5316 3321 5364 autem

1738 5419 1860 5482 post
1918 5411 2306 5466 subdiaconum
2352 5410 2419 5463 ad
2451 5404 2909 5463 communionem.
2958 5402 3033 5457 De
3056 5400 3327 5469 suifraga-

1741 5506 1859 5557 neis
1889 5518 2022 5558 vero
2073 5500 2211 5571 ejus,
2237 5501 2326 5571 qui
2370 5499 2484 5553 vult
2504 5496 2928 5559 communicare,
2953 5503 3082 5549 nutu
3110 5502 3322 5546 tantum

1740 5594 1856 5663 ejus
1914 5594 2124 5650 accedit
2172 5595 2221 5648 in
2275 5607 2375 5646 suo
2427 5590 2638 5654 ordine,
2698 5588 2742 5641 si
2772 5588 2996 5642 chorum
3019 5601 3081 5639 ea
3111 5584 3194 5639 die
3216 5584 3329 5637 scit

1741 5685 2181 5749 communicare;
2215 5684 2297 5738 sin
2335 5690 2518 5737 autem
2557 5680 2780 5751 qutesita
2820 5695 2847 5731 a
2876 5678 3056 5749 priore
3082 5673 3337 5739 licentia,

1745 5779 1873 5835 item
1903 5794 2007 5835 non
2034 5777 2148 5830 sine
2184 5785 2315 5831 nutu
2352 5773 2575 5830 armarii
2624 5771 2854 5838 accedit,
2886 5769 3096 5827 ueteris
3126 5767 3217 5838 qui
3239 5777 3330 5820 res
