3872 6306
576 406 715 465 ’07!)

1638 405 1698 461 s.
1723 402 2089 462 GUILLELMI
2114 398 2403 473 ABBATIS
2444 396 2765 471 mnsam}.

3674 384 3771 466 tom

572 525 797 583 manent
822 516 1039 573 interim
1072 519 1198 575 dum
1227 534 1330 589 pax
1371 522 1549 585 datur,
1579 536 1745 588 agnus
1788 520 1903 583 Dei.
1927 529 1982 574 et
2002 532 2151 574 com-
2179 518 2227 578 Α
2256 515 2349 579 sed
2375 516 2429 571 in
2452 515 2558 581 alia
2588 513 2780 587 majori
2800 519 2855 570 et
2880 512 3098 585 proprie
3120 512 3189 569 ad
3209 511 3531 575 festivitates
3550 515 3770 588 deputata.

569 606 883 662 munionem
931 610 1311 675 cantantibus;
1365 609 1653 678 adjunctis,
1689 610 1734 663 si
1774 625 1908 678 opus
1949 617 2054 679 est,
2086 609 2152 663 de

565 695 819 763 Psalmis,
870 701 1139 769 versibus.
1175 702 1287 764 Nec
1324 703 1391 761 de
1415 702 1541 767 illis,
1581 702 1671 771 qui
1700 702 1919 756 fuerunt
1937 701 2002 755 ad
2030 718 2151 771 gra-v

565 789 749 857 duale,
778 791 861 846 vel
892 792 959 851 ad
988 794 1205 855 alleluia
1234 794 1430 860 notati,
1460 794 1656 864 aliquis
1680 793 2014 860 intromittit,
2044 793 2149 847 nisi

564 880 694 951 ipsi,
725 883 920 951 quibus
944 885 1153 941 libellos
1184 886 1469 942 tribuendo
1516 886 1773 941 innuerit.
1812 884 1917 940 Sed
1944 899 2040 954 pro
2063 884 2150 938 di-

561 975 821 1031 versitate
874 975 1253 1043 festivitatum,
1298 978 1573 1034 dissimilis
1596 992 1812 1049 quoque
1836 978 1998 1033 debet
2023 992 2148 1033 esse

560 1078 846 1133 numerus,
905 1068 1161 1139 utrinque
1210 1073 1546 1129 cantantium
1580 1088 1592 1124 :
1623 1085 1749 1125 nam
1780 1070 1833 1125 in
1867 1071 2005 1125 festo
2026 1087 2148 1140 gra-

562 1153 748 1211 dualia
780 1157 905 1223 duo,
958 1158 1195 1224 alleluia,
1235 1167 1344 1217 tres
1374 1168 1619 1228 cantant,
1658 1161 1712 1216 in
1746 1161 1934 1231 cappis
1961 1169 2146 1217 autem

560 1245 665 1299 tria
714 1248 1017 1318 gradualia,
1062 1262 1293 1319 quatuor
1331 1251 1545 1308 alleluia
1576 1271 1588 1307 :
1618 1254 1670 1308 in
1703 1254 1986 1323 przccipuis
2016 1267 2145 1309 vero

561 1335 719 1391 festis
745 1337 1021 1413 utrinque,
1053 1352 1317 1411 quotquot
1338 1344 1607 1399 armarius
1628 1345 1885 1410 voluerit;
1911 1347 2003 1403 sed
2028 1344 2144 1414 plu-

553 1427 707 1481 ribus
752 1428 966 1495 allelufa
1001 1448 1161 1501 quam
1218 1434 1473 1503 graduale
1523 1437 1850 1497 cantandum
1891 1435 2138 1505 injungit.

554 1532 650 1573 un.
680 1520 887 1579 Domno
912 1524 1094 1578 abbati
1145 1536 1201 1584 et
1225 1528 1445 1583 cuilibet
1475 1530 1741 1584 sacerdoti
1768 1529 2005 1595 intimat,
2032 1528 2147 1598 quo’

553 1624 690 1665 sono
722 1610 945 1682 incipiat
972 1610 1152 1677 Gloria
1182 1616 1234 1668 in
1259 1616 1497 1689 excelsis,
1527 1626 1580 1672 et
1601 1619 1644 1677 si
1669 1633 1804 1688 opus
1834 1618 1995 1673 fuerit
2024 1619 2140 1672 dia-

553 1715 711 1766 cono,
739 1701 821 1757 Ile
842 1705 1021 1759 missa.
1050 1706 1209 1781 (van)
1234 1707 1289 1762 ln
1312 1708 1421 1765 ﬁne
1442 1711 1619 1766 missae
1639 1711 1896 1780 przevenit
1916 1721 2140 1767 cancros

552 1791 611 1847 in
644 1796 903 1873 exuenth
946 1812 1195 1868 cappam,
1230 1808 1284 1859 et
1331 1799 1385 1855 in
1415 1802 1622 1872 agendo
1643 1811 1768 1860 ante
1807 1810 1859 1857 et
1888 1811 2058 1869 retro,
2084 1812 2139 1859 et

2259 622 2346 681 un.
2381 606 2537 666 Solet
2560 606 2723 673 etiam
2756 605 2898 676 apud
2922 621 3023 661 nos
3037 617 3093 661 et
3122 604 3227 660 alia
3252 606 3531 660 commoda
3558 607 3771 667 inbrcvia.

2227 729 2231 732 ~
2256 696 2330 754 tio
2358 712 2463 752 non
2487 697 2694 760 inutilis
2713 696 2833 759 ileri
2862 714 2876 751 :
2906 711 3055 762 nam,
3076 696 3200 771 quia
3237 696 3507 761 armarius
3533 697 3653 755 alias
3675 702 3771 759 adeo

2251 798 2337 846 est
2363 799 2681 861 occupatus,
2705 790 2991 849 committit
3032 789 3264 861 adjutori
3290 804 3413 854 suo,
3436 798 3494 843 ut
3516 791 3596 859 qui
3616 797 3771 849 servio.

2251 881 2364 936 rint
2411 882 2465 937 in
2513 881 2744 952 coquina
2786 895 2976 949 omnes
3005 895 3103 951 per
3137 880 3391 937 ordinem
3415 880 3707 947 conscribat,
3724 901 3771 939 ne

2249 989 2347 1045 per
2393 974 2720 1030 oblivionem
2769 974 3054 1046 quisquam
3104 972 3445 1045 frequentius
3490 989 3641 1043 quam
3676 976 3770 1033 alius

2248 1079 2313 1121 eo
2339 1080 2566 1122 munere
2592 1075 2869 1135 gravetur.
3566 1118 3569 1119 ν

2318 1160 2336 1177 ‘
2367 1155 2813 1228 Quandoquidem
2840 1157 3102 1227 scriptum
3149 1164 3235 1213 est
3260 1169 3371 1225 quo
3398 1155 3581 1212 ordine
3620 1156 3769 1217 fratres

2247 1246 2312 1303 ad
2343 1232 2661 1315 nocturnale
2683 1248 2918 1315 cilicium
2938 1247 3172 1304 debeant
3198 1247 3405 1312 notari,
3430 1258 3630 1317 oportet
3651 1252 3766 1308 etiam

2245 1340 2387 1396 scire
2416 1343 2559 1411 quod
2582 1341 2650 1396 ad
2676 1355 2933 1412 vesperos
2953 1349 3009 1396 et
3030 1341 3357 1395 matutinum
3379 1340 3465 1395 vel
3490 1342 3766 1411 singulorum

2243 1428 2507 1485 festorum
2562 1431 2911 1501 responsoria
2967 1431 3203 1490 debeant
3268 1438 3527 1496 cantare;
3581 1431 3631 1485 in
3670 1434 3767 1488 albis

2242 1518 2442 1589 quippe
2483 1520 2610 1588 duo,
2662 1521 2777 1590 ipso
2820 1520 3245 1583 bebdornadario
3286 1520 3458 1584 altera
3490 1536 3506 1577 :
3534 1522 3585 1577 in
3629 1526 3768 1594 cappis

2241 1608 2347 1664 duo
2370 1623 2493 1663 cum
2519 1609 2941 1667 liebdomadario
2968 1617 3097 1664 tres.
3120 1609 3179 1664 ln
3207 1610 3500 1681 praecipuis
3526 1627 3644 1668 vero
3660 1612 3770 1671 festis

2240 1702 2307 1769 ad
2338 1717 2594 1773 veSperos
2615 1702 2832 1773 quidem
2863 1703 3075 1773 priores
3102 1711 3359 1773 quatuor,
3401 1704 3473 1759 ad
3496 1706 3770 1765 matutinum

2238 1808 2368 1850 vero
2405 1794 2489 1850 vel
2522 1796 2590 1850 ad
2632 1810 2888 1865 vesperas
2932 1796 3201 1853 secundas
3232 1804 3368 1851 tres.
3415 1796 3514 1863 Qui
3541 1797 3706 1867 singuli
3730 1800 3769 1856 in

551 1886 774 1956 deponit
812 1887 1088 1963 signorum
1139 1900 1331 1957 restes,
1365 1900 1570 1959 etcum
1600 1894 1800 1951 dictum
1834 1894 1998 1953 fuerit
2028 1895 2135 1949 Deo
2165 1902 2211 1958 Β
2236 1887 2464 1958 singulis
2512 1886 2665 1943 festis
2716 1888 2905 1943 dicunt
2951 1886 3116 1943 etiam
3168 1887 3535 1951 benedicamus
3572 1888 3768 1948 Domina.

550 1980 759 2048 gratias
781 1996 801 2033 :
830 1980 1037 2045 scillam
1071 1982 1271 2051 pulsat,
1311 1984 1452 2043 sicut
1477 1995 1532 2041 et
1559 1985 1692 2045 fecit
1720 1996 1846 2049 ante
1888 1988 2135 2057 missam,

548 2075 671 2138 post
698 2066 804 2135 Deo
829 2070 1050 2139 gratias,
1072 2071 1293 2141 psalmis
1315 2072 1672 2131 familiaribus
1698 2076 1846 2147 (127)
1873 2076 2061 2133 finitis.

621 2156 818 2228 Verum
845 2161 889 2229 si
920 2171 1002 2225 est
1024 2163 1303 2231 Dominica
1330 2167 1465 2233 dies,
1499 2178 1628 2225 tunc
1657 2181 1936 2240 exspectat
1963 2173 2136 2228 donec

546 2256 765 2313 nicnsm’
806 2252 978 2317 lector
1030 2255 1465 2323 benedictionem
1506 2276 1643 2332 pene
1692 2263 1942 2332 accipiat.
1990 2262 2134 2319 Infra

546 2342 771 2407 missam
810 2360 961 2413 vero,
998 2363 1103 2416 qua
1158 2348 1276 2418 ipse
1304 2350 1391 2409 vel
1432 2353 1596 2420 solus,
1625 2353 1708 2409 vel
1745 2369 1865 2409 cum
1889 2355 2135 2424 pluribus

544 2432 769 2489 chorum
812 2437 971 2507 regit,
1002 2440 1251 2499 etimdem
1298 2442 1516 2507 modum
1553 2444 1847 2502 inelinandi
1886 2448 1998 2505 sive
2020 2448 2130 2513 eri-

544 2524 707 2595 gendi
748 2536 951 2595 servat,
984 2545 1146 2600 quem
1178 2539 1233 2585 et
1255 2541 1446 2589 cantor
1471 2535 1952 2601 hebdomadarius.
1980 2541 1995 2561 ‘
2024 2540 2128 2595 De-

541 2615 750 2684 scripto
808 2616 990 2687 itaque
1046 2621 1260 2691 ordine,
1290 2623 1383 2692 qui
1416 2624 1484 2679 ab
1512 2625 1629 2694 ipso
1669 2628 1935 2682 tenendus
1959 2638 2044 2683 est
2075 2629 2131 2693 in

541 2706 716 2777 ollicio
740 2708 917 2783 missa:
946 2709 1227 2775 festorum.
1279 2715 1574 2778 Dicendum
1607 2733 1825 2788 quoque
1854 2729 1938 2774 est
1990 2736 2128 2790 quo-

539 2797 701 2881 modo
737 2798 788 2853 in
820 2801 1065 2857 dissimili
1097 2803 1413 2867 celebritate
1458 2817 1606 2864 notet
1629 2808 1828 2867 fratres
1857 2810 1913 2864 in
1945 2812 2128 2883 tabula

539 2890 607 2942 ad
630 2880 847 2971 vigilias
878 2904 1291 2971 nocturnorum.

907 3049 917 3056 ,
1103 2990 1330 3047 CAPUT
1370 2991 1537 3049 XXV.

612 3076 887 3141 Quomodo
910 3079 1103 3153 [tatros
1128 3082 1181 3144 in
1213 3083 1432 3152 singulis
1470 3084 1617 3153 festis
1642 3095 1825 3142 notare
1853 3089 2054 3147 debeat.

607 3171 630 3190 '
662 3167 831 3243 igitur
878 3172 930 3225 in
965 3172 1100 3239 albis
1149 3174 1215 3227 ad
1265 3175 1474 3246 singula
1515 3180 1858 3247 responsoria
1887 3182 2127 3254 singulos

537 3269 690 3315 notat
715 3262 911 3318 fratres
937 3282 949 3316 :
978 3266 1043 3319 ad
1086 3264 1174 3320 IV.
1218 3276 1271 3320 et
1302 3267 1432 3325 Vlll.
1463 3269 1619 3337 duos,
1644 3271 1898 3342 adjuncto
1924 3276 2121 3332 domno

535 3349 730 3415 abbate
759 3353 825 3403 ad
856 3352 984 3406 Vlll.
1032 3353 1077 3408 si
1110 3355 1294 3420 adest;
1339 3358 1404 3410 ad
1437 3357 1547 3412 Xll.
1580 3368 1712 3416 tres.
1746 3362 1801 3416 In
1831 3366 2015 3435 cappis
2045 3367 2122 3423 si-

535 3439 739 3500 militer
776 3442 841 3496 ad
865 3443 1074 3513 singula
1122 3450 1465 3516 responsoria
1508 3452 1751 3522 singulos
1780 3454 1998 3523 fratres,
2023 3460 2117 3513 sed

534 3542 787 3603 quartum
842 3545 896 3589 ct
943 3546 1193 3594 octavum
1251 3550 1358 3597 tres
1398 3559 1520 3598 cum
1569 3546 1765 3603 domno
1807 3549 2019 3619 abbate,
2051 3553 2117 3609 ad

534 3634 785 3682 octavum
813 3635 1066 3707 quatuor,
1099 3631 1141 3699 si
1169 3632 1339 3699 adest,
1372 3635 1439 3690 ad
1469 3635 1582 3691 Xll.
1621 3649 1872 3707 quatuor.
1897 3643 1953 3696 ln
1978 3661 2117 3713 prae-

534 3716 709 3789 cipuis
735 3733 861 3773 vero
894 3719 1042 3787 festis
1069 3723 1136 3778 ad
1173 3725 1381 3796 singula
1428 3732 1772 3800 responsoria
1804 3744 1954 3789 notat
1980 3737 2119 3794 duos

532 3803 756 3874 fratres,
786 3807 850 3862 ad
888 3820 1137 3879 quartum
1167 3824 1417 3884 quatuor,
1472 3821 1540 3873 ad
1572 3823 1861 3891 septimum
1891 3834 2021 3892 tres,
2049 3828 2116 3881 ad

536 3906 793 3973 octavum
845 3903 1100 3973 quinque,
1149 3907 1215 3961 ad
1237 3909 1578 3967 undecimum
1608 3922 1737 3981 tres,
1771 3918 1838 3971 ad
1865 3918 2118 3975 duodeci-

532 4005 679 4060 mum
705 4007 798 4061 ses
830 3995 915 4067 vel
934 3995 1133 4065 plures,
1178 4003 1488 4057 sacerdotes
1516 4020 1731 4076 quoque
1752 4008 1831 4070 sic
1856 4022 2118 4068 annotare

532 4082 712 4149 debet,
758 4097 815 4140 ut
861 4088 1040 4144 nullus
1089 4092 1154 4144 ad
1208 4092 1312 4147 hoc
1343 4091 1575 4150 cilicium
1614 4097 1839 4165 idoneus
1891 4102 2117 4171 alicujus

530 4174 856 4233 obedientim
914 4183 1204 4238 occasione
1246 4199 1276 4238 a
1321 4183 1543 4253 majoris
1564 4184 1752 4249 missae
1791 4195 2113 4263 septimana,

527 4273 1083 4342 exceptucellerario,
1112 4277 1409 4337 infirmario
1444 4290 1497 4336 et
1520 4283 1796 4353 capellano
1829 4287 1885 4342 S.
1913 4288 2112 4355 Mariae,

526 4374 588 4415 se
634 4371 880 4426 excuset.
925 4363 1058 4435 Nam
1110 4368 1308 4432 nullus,
1362 4370 1647 4439 cujuslibet
1686 4376 1963 4446 dignitatis
1992 4391 2117 4434 ante

526 4453 939 4517 conversionem
975 4455 1156 4522 fuerit,
1188 4458 1255 4514 ab
1279 4459 1458 4531 aliquo
1488 4463 1666 4519 ofﬁcio
1693 4465 1744 4519 in
1774 4466 2001 4523 ecclesia
2030 4469 2115 4524 vel

2239 1977 2341 2051 Qui
2371 1987 2551 2033 tamen
2591 1987 2738 2045 ante,
2770 1978 2905 2033 liora
2930 1978 3279 2049 competenti,
3315 1980 3387 2035 ab
3435 1980 3658 2035 armario
3678 1992 3771 2036 sunt

2236 2068 2577 2138 providendi,
2623 2078 2680 2124 et
2720 2068 2850 2139 quid
2896 2068 3131 2125 debeant
3182 2084 3387 2129 canere
3435 2074 3768 2141 prtemoncndi.

2236 2159 2353 2225 Hoc
2403 2176 2535 2217 vero
2578 2159 2737 2216 debet
2775 2176 2895 2217 esse
2923 2162 2976 2216 in
3014 2161 3186 2234 ipsius
3213 2162 3647 2233 providentia,ut
3668 2165 3773 2220 sicut

2237 2250 2352 2322 ipsa
2381 2251 2518 2307 festa
2550 2268 2652 2323 pro
2684 2268 2796 2308 sua:
2835 2253 3168 2309 celebritatis
3194 2252 3460 2309 differunt
3483 2251 3769 2319 excellentia,

2234 2345 2351 2419 ipse
2378 2360 2596 2415 quoque
2643 2344 2840 2401 fratres
2884 2344 3198 2401 differentes
3239 2345 3294 2399 in
3328 2344 3533 2401 eisdem
3577 2346 3773 2400 notetad

2235 2438 2562 2502 cantandum
2589 2448 2643 2493 et
2663 2437 2945 2509 legendum
2972 2452 3075 2508 pro
3099 2437 3363 2507 cujusque
3387 2437 3772 2507 perseuerantis

2234 2537 2289 2584 et
2310 2528 2553 2585 scientiae
2574 2528 2984 2593 convenientia;
3010 2529 3115 2584 hoc
3134 2543 3242 2582 non
3271 2527 3451 2582 solum
3477 2528 3772 2597 in.pr.cdictis

2234 2617 2411 2686 festis,
2438 2619 2531 2673 sed
2550 2627 2606 2673 et
2630 2617 2683 2672 in
2708 2616 2832 2673 aliis
2849 2616 3132 2676 duodecim
3155 2616 3491 2673 lectionibus
3503 2618 3768 2682 observans,

2233 2720 2292 2773 ut
2312 2711 2379 2765 ad
2406 2720 2655 2783 quartam
2682 2709 2968 2765 lectionem
3016 2717 3290 2779 provectae
3316 2709 3501 2765 aetatis
3526 2718 3660 2763 notet
3680 2708 3767 2763 fra-

2235 2807 2399 2864 trem,
2424 2798 2552 2859 licet
2574 2798 2800 2867 inferius
2835 2798 3033 2857 habeat
3062 2800 3353 2865 ordinem;
3387 2809 3446 2854 et
3483 2800 3550 2855 ad
3568 2808 3767 2854 octavam

2233 2891 2503 2953 seniorem
2532 2891 2584 2946 in
2615 2891 2794 2948 altiori
2826 2891 2946 2953 loco
2992 2900 3247 2949 stantem.
3296 2891 3564 2959 Similiter
3586 2906 3677 2955 non
3699 2907 3772 2951 ne

2232 2981 2388 3056 gligit
2433 2983 2750 3048 observare,
2781 2992 2841 3037 ut
2882 2984 3102 3053 quando
3127 2999 3229 3043 suo
3252 2983 3337 3048 vel
3388 2984 3496 3039 tria
3523 2984 3683 3055 aliqua
3706 2997 3771 3039 re-

2232 3076 2520 3144 sponsoria
2573 3076 2736 3132 simul
2791 3085 3033 3143 cantant,
3073 3086 3134 3133 ut
3188 3077 3274 3133 vel
3306 3093 3451 3141 unus
3477 3092 3771 3148 eorumpro-

2230 3168 2441 3233 vectior
2492 3170 2565 3239 sit
2604 3178 2802 3237 aetate;
2827 3171 3044 3241 quando
3079 3185 3210 3230 vero
3241 3179 3479 3239 quatuor
3504 3170 3587 3231 vel
3606 3169 3767 3241 plures,

2231 3261 2710 3318 intermisceantur
2736 3262 2846 3322 illis
2876 3262 3082 3332 aliquot
3102 3262 3369 3320 seniores.

2296 3352 2351 3409 Si
2379 3353 2433 3409 in
2456 3354 2695 3415 secunda
2718 3352 2852 3423 feria
2879 3353 3067 3423 primae
3094 3354 3588 3427 Quadragesimalis
3607 3353 3768 3410 hebdo-

2222 3444 2397 3511 madas
2423 3443 2706 3509 duodecim
2736 3444 2997 3505 lectiones
3063 3445 3371 3512 evenerint,
3421 3445 3533 3514 ipse
3566 3444 3769 3514 providet

2221 3545 2279 3589 ut
2315 3535 2489 3606 primo
2514 3534 2801 3605 evangelii,
2832 3535 3025 3591 deinde
3064 3534 3263 3605 regulae
3293 3535 3454 3590 lectio
3494 3535 3543 3587 in
3565 3532 3762 3603 capitulo

2222 3626 2502 3693 recitetur,
2527 3634 2581 3681 et
2603 3626 2670 3681 ad
2693 3625 2853 3682 finem
2881 3626 3164 3696 utriusque
3191 3625 3269 3694 Tu
3299 3636 3475 3681 autem
3502 3622 3767 3696 pronuntia.

2222 3727 2330 3772 tur.
2361 3716 2514 3773 Tunc
2560 3719 2725 3774 etiam
2772 3718 2909 3773 fiunt
2962 3720 3069 3774 duo
3124 3734 3432 3782 sermones.
3474 3718 3692 3772 anterior
3714 3718 3764 3770 de

2221 3810 2382 3877 festo,
2435 3827 2670 3884 sequens
2725 3813 2790 3867 de
2845 3812 3290 3884 Quadragesima.
3345 3812 3475 3868 Sive
3517 3822 3677 3867 autem
3724 3808 3765 3863 in

2222 3901 2416 3957 festivo
2438 3901 2545 3970 die,
2572 3904 2687 3958 sive
2710 3902 2817 3959 alio
2853 3903 3165 3973 contigerit,
3196 3912 3485 3972 postquam
3511 3911 3628 3957 tunc
3648 3899 3768 3954 ordi-

2221 4008 2343 4057 nem
2377 4010 2570 4065 regens
2595 3996 2794 4051 dixerit
2818 3996 3096 4067 loquimini
3125 3996 3190 4051 de
3232 3996 3442 4063 ordine,
3477 3994 3650 4065 ipsein
3673 3992 3767 4047 loco

2220 4099 2319 4141 suo
2347 4086 2541 4141 sedens
2571 4087 2765 4149 recitat
2793 4086 2990 4142 fratres
3026 4097 3081 4143 et
3102 4087 3270 4143 libros
3297 4087 3504 4143 eisdem
3534 4085 3769 4158 praterito

2221 4197 2365 4249 anno
2408 4183 2474 4247 ad
2519 4183 2903 4255 perlegendum
2954 4183 3295 4240 distributos.
3343 4183 3493 4250 Quos
3519 4197 3683 4238 secum
3712 4178 3765 4233 ad

2221 4274 2516 4345 capitulum
2568 4274 2774 4340 delatos
2811 4289 3003 4337 onmes
3035 4275 3102 4329 ad
3130 4289 3318 4331 vocem
3342 4274 3615 4330 recitantis
3631 4285 3768 4341 super

2223 4377 2401 4438 tapete
2447 4378 2785 4425 constratum
2842 4377 3134 4438 reponunt,
3184 4377 3239 4427 et
3294 4368 3563 4424 armarius
3603 4367 3764 4422 iterum

2220 4462 2390 4518 libros
2430 4462 2481 4516 in
2511 4461 2695 4518 futuro
2745 4478 2892 4516 anno
2938 4461 3292 4533 perlegendos
3339 4462 3520 4533 primo
3561 4460 3765 4517 ordinem

526 4550 686 4609 extra
720 4544 1005 4603 ecclesiam
1034 4550 1289 4619 gerendo,
1324 4554 1414 4623 qui
1460 4563 1638 4623 potest
1665 4555 1868 4625 facere,
1892 4562 2114 4616 omnino

2232 4556 2455 4625 regenti,
2514 4569 2676 4625 quem
2724 4554 2810 4610 ille
2854 4554 3107 4620 voluerit,
3153 4553 3347 4615 deinde
3380 4553 3505 4609 aliis
3533 4554 3581 4609 in
3609 4552 3763 4606 dextra

526 4634 833 4703 relaxatur,
862 4640 964 4695 nisi
990 4641 1042 4695 in
1067 4644 1304 4713 capitulo
1328 4647 1481 4701 venia
1510 4650 1872 4717 praecedente,
1908 4653 1960 4706 id
1985 4668 2113 4723 pro-

524 4744 825 4791 mereatur.
862 4737 997 4793 Nam
1054 4742 1290 4796 armario
1316 4744 1478 4798 etiam
1507 4760 1615 4804 non
1650 4746 1777 4803 licet
1823 4749 1992 4804 ullum
2046 4751 2112 4805 ad

525 4828 804 4896 quodlibet
847 4831 1079 4889 cilicium
1122 4833 1361 4891 Sabbato
1392 4836 1443 4889 in
1493 4838 1728 4907 capitulo
1786 4842 2103 4909 pronuntia-

526 4929 640 4973 tum
671 4936 767 4990 per
795 4937 855 4979 se
884 4923 1059 4995 ipsum
1092 4926 1217 4985 inde
1244 4925 1507 4995 relaxare,
1550 4928 1650 4983 nisi
1683 4929 1755 4989 de,
1774 4929 2105 4990 lectionibus

523 5012 873 5080 servitorum,
909 5018 976 5072 de
1001 5016 1371 5087 gradualibus,
1408 5018 1495 5073 vel.
1520 5021 1586 5081 de
1623 5025 2001 5091 responset-iis.
2027 5025 2116 5080 ln-

522 5106 737 5163 terdum
774 5117 952 5162 autem
980 5108 1033 5162 in
1064 5108 1288 5178 praefata
1317 5111 1652 5171 breviatione
1675 5114 1823 5186 (128)
1852 5132 1957 5171 non
1984 5133 2111 5186 per-.-

519 5213 778 5255 sonarum
830 5202 1085 5255 observat
1144 5201 1410 5269 ordinem,
1467 5204 1558 5261 sed
1598 5207 1781 5277 potius
1828 5211 2109 5279 temporis,

521 5306 586 5347 ac
606 5291 959 5349 festivitatem
981 5293 1318 5364 qualitatem.
1357 5298 1413 5353 Si
1438 5301 1654 5368 quando
1680 5301 1803 5356 talis
1832 5302 2111 5359 inbrevia-

520 5383 599 5440 tio
621 5393 710 5439 est
732 5384 965 5456 agenda,
1015 5401 1121 5447 non
1148 5389 1326 5459 agitur
1354 5390 1410 5445 in
1435 5391 1522 5445 illa
1552 5390 1733 5448 tabula
1770 5391 2109 5463 quotidiana,

593 5562 741 5636 (127)
785 5564 986 5619 Psalmi
1008 5567 1299 5636 familiares
1325 5570 1579 5625 dicuntur
1602 5569 1635 5622 ii
1660 5571 1757 5634 qui
1789 5572 1847 5625 in
1868 5574 2109 5630 omnibus

519 5631 603 5711 ξι
615 5633 659 5686 1.
688 5631 1181 5711 lectionibrts'lror'as
1210 5650 1539 5711 sequuntur;
1567 5631 1797 5711 quorum
1820 5642 2109 5711 laboriosa,

519 5705 626 5777 ϋηο
650 5704 886 5777 pluribus
908 5706 1103 5777 odiosa
1134 5704 1391 5777 paulatim
1422 5704 1603 5763 multis
1625 5712 1689 5763 de
1711 5715 1885 5768 causis
1912 5724 1987 5768 est
2011 5704 2108 5769 ad;

520 5775 679 5823 ducta
711 5775 1091 5849 multiplicitas,
1124 5775 1242 5845 arma
1283 5781 1407 5843 quia
1457 5779 1648 5834 multos
1677 5785 1946 5849 gravabat,
1971 5783 2108 5837 mul-

510 5850 715 5917 gorum,
769 5852 815 5897 et
865 5846 1022 5899 totius
1073 5864 1200 5918 pene
1245 5858 1521 5907 conventas
1549 5846 1895 5921 postulatione
1924 5855 1975 5907 in
2004 5856 2104 5911 hac

2218 4656 2371 4718 parte
2402 4648 2572 4719 ipsius
2602 4666 2617 4705 :
2652 4650 2869 4721 adjutor
2906 4664 3036 4705 vero
3066 4650 3184 4721 ejus
3231 4651 3286 4704 in
3315 4647 3491 4704 altera
3519 4657 3653 4719 parte
3679 4644 3765 4699 sia-

2218 4740 2359 4811 gulis
2386 4742 2600 4797 obviam
2623 4742 2690 4798 de
2712 4742 2832 4800 loco
2855 4758 2954 4799 suo
2982 4744 3327 4799 venientibus
3352 4759 3455 4814 pro
3482 4739 3765 4812 accipiendis

2218 4834 2571 4901 distribuunt,
2596 4836 2700 4891 hoc
2732 4845 2912 4893 tamen
2941 4845 3335 4906 praecaventes,
3371 4851 3443 4892 ne
3470 4834 3763 4907 psalterium,
3850 4888 3851 4895 η

2218 4924 2589 4995 liymnarium,
2614 4925 2697 4980 vel
2726 4926 2892 4985 alium
2948 4934 3261 4987 neumatum
3295 4927 3497 4983 librum
3534 4921 3765 4980 alicuide~
3850 4916 3851 4979 ἶ

2218 5016 2420 5071 derint.
2455 5017 2621 5072 Facta
2643 5026 2824 5072 autem
2857 5018 2959 5074 liae
2985 5018 3395 5085 distributione,
3424 5028 3638 5087 uterque
3664 5027 3765 5067 rur-

2218 5125 2336 5175 sum
2362 5126 2459 5165 sua
2494 5110 2548 5170 in
2572 5121 2728 5181 parte
2754 5110 2950 5166 sedens
3001 5110 3245 5181 singulos
3270 5111 3597 5183 singulorum
3626 5107 3765 5161 libros

2218 5204 2450 5265 fratrum
2482 5204 2791 5269 nominibus
2844 5204 2898 5263 in
2926 5204 3077 5261 brevi
3107 5204 3410 5269 ascribunt,
3451 5202 3650 5259 interim
3673 5197 3765 5252 ira-

2219 5296 2414 5364 tribus,
2446 5298 2538 5368 qui
2568 5297 2743 5363 libros
2785 5312 2915 5352 suos
2948 5296 3277 5366 praecedenti
3320 5312 3464 5352 anno
3497 5312 3591 5350 non
3615 5290 3763 5364 perle-

2208 5399 2435 5459 gerunt,
2490 5404 2587 5460 pro
2619 5388 2724 5443 hoc
2771 5388 2987 5442 veniam
3019 5388 3351 5458 petentibus.
3385 5387 3484 5456 Qui
3508 5403 3623 5441 vero
3649 5384 3763 5437 inter

2215 5575 2362 5631 parte
2404 5564 2685 5621 immutata
2722 5574 2815 5618 est.
2852 5565 3024 5619 Verba
3075 5575 3203 5620 sunt
3232 5566 3381 5623 Petri
3408 5564 3523 5626 abb.
3547 5561 3759 5618 Cluniae.

2214 5634 2268 5687 in
2303 5644 2430 5708 stat.
2459 5633 2617 5708 glun.
2658 5651 2776 5708 cap.
2819 5636 2909 5708 2|.
3042 5707 3047 5708 ί
3477 5707 3482 5708 ί
3545 5705 3554 5708 _
3628 5702 3636 5708 _
3732 5700 3741 5708 ,

2289 5702 2738 5774 (128)Breviario,
2773 5706 3103 5770 inb‘reriatio,
3136 5715 3221 5761 est
3247 5707 3519 5763 annotatio
3544 5705 3591 5757 in
3620 5702 3755 5774 brut-ii.

2215 5768 2311 5829 seu
2359 5768 2586 5847 scbeda,
2643 5768 2749 5847 qua
2807 5777 3041 5832 ministri
3070 5768 3260 5831 altaris
3289 5776 3626 5839 notabantur;
3655 5768 3763 5837 VidQ

2216 5846 2521 5920 exetnplum
2554 5846 2694 5921 apud
2718 5848 3044 5919 Guidonem,
3078 5850 3170 5905 lib.
3203 5850 3260 5905 ‘2.
