3886 6308
60 370 63 371 ί
96 378 199 438 itm

1089 356 1500 419 CONSTITUT.
1546 353 1872 412 I‘IiBSAUG.
1905 386 1974 395 —
1999 354 2125 410 LIB.
2157 355 2225 412 Il.

3134 351 3284 409 1078

94 483 460 547 distribuendum
488 480 653 537 libros
680 475 869 542 defuit,
914 480 1099 545 postea
1131 472 1484 530 ascribendus
1516 477 1599 527 est
1625 469 1678 532 Α
1706 481 1810 521 non
1862 466 2201 532 conceditur,
2253 473 2313 519 ut
2364 478 2461 535 per
2487 466 2722 536 aliquam
2762 460 3061 537 regularem
3081 463 3281 519 horam

94 583 215 643 libro,
242 589 384 645 quem
409 574 475 628 ab
519 570 754 626 armario
792 567 1082 638 acceperit.
1117 565 1219 633 Qui
1248 574 1426 621 autem
1458 563 1595 631 vult,

93 677 229 741 potest
252 664 398 719 alium
424 677 543 717 cum
576 674 673 716 suo
701 658 991 714 cambiare.
1024 656 1193 724 Quem
1215 656 1259 711 si
1288 652 1597 725 perlegerit,

95 759 286 815 revoluto
328 771 467 811 anno
492 754 702 806 veniam
751 765 855 804 non
887 748 1051 818 petit;
1081 746 1203 816 quia
1237 761 1340 799 non
1373 743 1602 815 perlegit

95 849 245 901 librum
288 859 435 916 quem
484 844 550 896 ab
608 838 841 894 armario
889 836 1113 906 accepit.
1174 834 1367 889 Libros
1399 834 1610 902 absque

95 940 261 997 licentia
281 948 447 1010 potest
489 936 622 993 foris
666 940 944 1006 praestare,
970 932 1076 989 sed'
1091 944 1197 986 non
1221 931 1338 986 sine
1361 928 1603 984 vadimo-

97 1032 178 1085 nio.
202 1028 350 1100 (I29).

147 1119 539 1188 Quandocunque
581 1117 855 1173 bissextus
894 1114 1170 1180 evenerit,
1220 1111 1508 1169 lectionem
1536 1108 1604 1166 de

96 1209 419 1282 martyrologio
448 1209 561 1279 ipse
590 1209 846 1279 partitur,
876 1207 950 1263 ita
980 1215 1040 1261 ut
1071 1204 1333 1261 medietas
1355 1202 1472 1271 ejus
1496 1216 1603 1257 uno

96 1301 369 1355 etuiedictas
390 1299 555 1354 altero
588 1300 675 1354 dic
699 1299 925 1369 legatur.
956 1298 1012 1352 In
1058 1311 1212 1353 caena
1246 1294 1455 1350 Domini
1492 1294 1606 1363 ipse

97 1398 256 1442 tantum
289 1390 348 1443 de
392 1388 581 1444 hostiis
638 1388 771 1442 facit
812 1386 1148 1451 consecrari,
1201 1385 1333 1441 etin
1359 1383 1605 1452 sequenti

95 1482 158 1536 die
179 1483 271 1551 ipse
293 1480 355 1534 de
375 1478 611 1534 cristaIIo
636 1493 834 1532 novum
864 1477 1014 1533 elicit
1042 1478 1243 1548 ignem,
1270 1484 1323 1529 et
1356 1475 1408 1528 in
1437 1473 1631 1527 Para-'

96 1586 221 1625 scere
239 1570 350 1624 dum
370 1582 581 1623 crucem
608 1580 745 1636 pene
765 1567 1042 1622 adoratam
1067 1580 1186 1621 esse
1211 1564 1422 1628 viderit,
1448 1576 1606 1617 acce-

97 1660 201 1716 lerat
226 1658 270 1713 in
296 1657 538 1712 vestiario
568 1655 971 1725 processionem
1019 1655 1294 1721 ordinare,
1327 1660 1389 1707 ut
1412 1666 1609 1722 corpus

97 1750 263 1805 Domini
323 1750 383 1805 de
432 1748 613 1812 altari,
670 1746 987 1816 ubi-pridie
1027 1746 1368 1803 reconditum
1407 1756 1512 1811 est,
1542 1744 1608 1799 ad

98 1843 229 1910 majus
246 1842 399 1897 altare
424 1847 750 1911 reportetnr.
776 1837 928 1904 Quod
965 1838 1057 1894 [let
1084 1838 1188 1893 isto
1215 1837 1393 1893 modo.
1424 1835 1609 1892 Primo

96 1936 345 1991 sacerdotes
378 1935 479 1990 duo
521 1933 665 1988 albis
692 1941 748 1987 et
802 1932 1092 1988 fanonibus
1136 1930 1306 1985 induti
1336 1944 1457 1984 etim
1479 1943 1611 1985 ean-

98 2028 311 2094 delabris,
361 2030 547 2084 tertius
608 2046 740 2086 vero
793 2046 916 2085 cum
985 2028 1260 2084 thuribulo
1312 2027 1611 2098 procedunt

97 2118 251 2187 (nullus
275 2121 407 2174 enim
437 2134 733 2175 conversus
773 2120 900 2175 huic
920 2119 1095 2175 cilicio
1116 2136 1176 2176 se
1199 2117 1453 2188 admittit)
1476 2130 1610 2185 quos

95 2207 219 2261 etiam
241 2208 319 2263 alii
360 2210 459 2265 duo
504 2209 824 2265 sacerdotes
865 2210 1066 2266 casulis
1090 2208 1262 2265 induti
1288 2214 1608 2276 sequuntur,

96 2300 320 2356 sacerdote
354 2300 779 2357 bebdomadario
842 2311 1121 2372 sequente.
1176 2299 1414 2368 Quorum
1471 2311 1611 2352 unus

97 2390 273 2445 calicem
321 2406 435 2448 cum
487 2407 634 2464 aqua
690 2400 744 2448 et
771 2392 899 2448 vino
933 2407 1040 2448 non
1068 2400 1383 2449 consecrato
1410 2397 1607 2460 portat,

96 2481 199 2537 alter
234 2499 346 2541 vero
390 2486 521 2541 nihil
570 2492 780 2557 portat,
828 2485 922 2541 sed
953 2501 1076 2541 mox
1118 2493 1179 2540 ut
1217 2484 1344 2540 illuc
1372 2485 1610 2551 venitur,

96 2584 247 2641 corpus
280 2574 477 2630 Domini
505 2576 660 2631 dlsco
681 2575 857 2645 operit
894 2584 949 2630 et
983 2568 1506 2631 abbebdomadario
1530 2574 1613 2629 in-

94 2668 316 2717 censatom
357 2664 408 2718 in
460 2664 711 2731 scutella,
768 2666 822 2720 in
875 2680 980 2735 qua
1028 2674 1111 2721 est
1153 2665 1509 2729 reconditum,
1544 2666 1612 2721 ad

97 2754 426 2821 majasraltare
470 2765 734 2827 reportat.
801 2756 953 2824 Quod
1009 2755 1180 2812 altare
1223 2756 1384 2826 paulo
1426 2765 1553 2812 ante
1580 2770 1611 2810 a

96 2841 272 2897 sacrista
295 2845 362 2899 ita
405 2846 685 2915 plicatum,
717 2856 773 2903 et
795 2848 863 2902 ab
893 2847 1085 2903 eodem
1135 2863 1256 2904 mox
1282 2863 1611 2919 superpone-

94 2930 231 2999 batur,
252 2941 581 3008 espansoq'ue
604 2952 765 3007 super
787 2937 916 2992 illud
941 2938 1211 3008 corporali
1244 2953 1274 2992 a
1306 2939 1610 3005 sacerdote,

95 3037 142 3078 ac
162 3025 357 3100 desuper
376 3038 567 3100 patena
596 3044 717 3085 cum
740 3044 971 3099 corpore
1000 3029 1210 3085 Domini
1241 3030 1437 3100 posita,
1467 3030 1611 3085 calix

94 3129 281 3187 quoque,
326 3130 382 3176 ut
410 3134 525 3177 mos
575 3128 681 3186 est,
710 3122 951 3191 ponitur.
991 3120 1067 3175 De
1098 3120 1405 3191 hujusmodi
1429 3128 1607 3175 autem
1638 3136 1681 3195 ρ

94 3205 226 3264 cilicio
258 3226 352 3266 non
407 3212 778 3267 intromittunt
824 3228 885 3268 se
912 3213 1170 3267 diaconus
1200 3226 1300 3267 nec
1328 3212 1607 3278 sacerdos,

93 3299 185 3364 quia
217 3304 434 3371 praedicti
488 3304 805 3360 sacerdotes
854 3304 1027 3359 vicem
1058 3303 1269 3360 illorum
1293 3319 1391 3374 per
1427 3304 1611 3360 omnia

93 3392 308 3460 supplent.
340 3395 439 3451 Sed
485 3405 540 3452 et
568 3396 668 3461 illi,
696 3397 784 3466 qui
826 3397 1149 3452 candelabra
1190 3407 1245 3451 et
1272 3395 1610 3451 thuribulum

94 3488 251 3550 tenent,
271 3497 385 3543 ante
412 3487 584 3544 altare
606 3498 955 3555 stantes,non
978 3487 1278 3553 discedunt,
1296 3486 1609 3557 priusquam

92 3588 237 3630 omnes
269 3582 690 3637 communicasse
732 3581 1001 3637 noverint.
1051 3579 1109 3636 In
1160 3580 1410 3635 timnibus
1460 3594 1609 3649 ergo,

90 3679 180 3732 (ιυω
201 3684 323 3741 saepe
347 3674 517 3731 dictus
553 3674 826 3730 armarius
851 3673 961 3743 agit
988 3681 1079 3727 aut
1104 3674 1338 3739 ordinat,
1370 3687 1611 3728 summo-

92 3766 187 3817 l'ttre
229 3772 385 3829 cavet,
443 3779 507 3819 ne
547 3763 681 3835 quid
710 3770 899 3818 contra
947 3777 1101 3817 usum
1144 3769 1452 3831 priesumat.
1477 3761 1611 3817 Nam

91 3851 135 3895 ut
167 3846 319 3917 aliqua
356 3853 637 3909 evidenter
664 3853 933 3918 dicantur,
971 3867 1076 3907 non
1117 3852 1287 3922 magis
1330 3851 1404 3906 illi
1447 3867 1609 3923 quam

92 3933 181 3990 aliis
212 3950 344 3995 extra
373 3952 518 4015 septa
576 3945 799 4000 claustri
848 3960 945 4015 pro
972 3943 1150 4014 aliqua
1176 3945 1461 4000 occasione
1487 3944 1615 3999 licet

90 4031 310 4122 ngredi,
355 4050 453 4093 nec
479 4045 726 4107 tempore
768 4035 967 4090 silentii
998 4034 1309 4105 aliquando,
1351 4035 1453 4090 nisi
1490 4050 1611 4090 cum

91 4111 262 4215 licentia
284 4121 441 4194 loqui.
466 4125 580 4183 Nec
609 4127 663 4180 in
685 4140 921 4189 camera,
952 4126 1041 4181 ubi
1069 4126 1187 4180 libri
1220 4128 1612 4194 reconduntur,

91 4203 277 4274 aliquem
313 4211 433 4268 facit
473 4216 706 4281 intrare,
763 4215 863 4270 nisi
924 4230 1021 4285 pro
1068 4214 1372 4269 rationabili
1410 4214 1614 4286 aliquid

90 4295 228 4354 adhuc
275 4307 610 4374 appurtandi,
664 4306 751 4361 vel
810 4307 1144 4376 reportandi,
1186 4305 1269 4361 vel
1299 4306 1439 4363 aliud
1463 4307 1614 4376 quid,

89 4386 199 4450 quod
222 4391 283 4445 ad
305 4392 443 4449 illius
473 4396 841 4451 obedientiam
891 4395 1000 4451 illic
1030 4396 1261 4451 faciendi
1293 4397 1618 4453 necessitate

1703 559 1813 614 illic
1842 560 2064 614 sedeant
2089 575 2102 623 ;
2158 558 2252 613 sed
2284 572 2408 612 mox
2440 558 2624 613 audito
2646 558 2798 629 signo
2823 572 2947 615 cum
2972 556 3186 613 caneris
3211 556 3281 609 ad

1700 667 1836 723 opus
1860 650 2071 707 Domini
2107 649 2386 707 festinant.

2255 738 2483 795 eaeor
2500 756 2503 759 -
2522 738 2711 796 xxw.
3310 751 3319 809 ξ

2252 830 2332 887 De
2364 831 2722 901 scriptoribus.

1820 924 1960 979 Sunt
1984 933 2161 979 autem
2190 921 2283 977 alii
2323 921 2640 990 scriptores,
2660 919 2878 991 quibus
2902 918 3201 991 iniungitur
3228 918 3282 975 in

1704 1014 1925 1085 capellis
1947 1014 2014 1068 ad
2052 1011 2396 1069 scribendum
2451 1010 2654 1081 jugiter
2678 1009 2890 1077 sedere,
2929 1021 2985 1065 et
3010 1008 3283 1079 regulares

1706 1107 1871 1163 horas
1902 1104 2103 1161 ibidem
2139 1117 2357 1170 canere,
2389 1102 2638 1172 exceptis
2660 1100 2836 1166 festis,
2872 1115 2994 1171 qua:
3018 1098 3282 1154 feriantur

1705 1206 1761 1253 et
1792 1196 1964 1267 priori
2014 1210 2265 1266 vespera,
2319 1194 2480 1250 tertia
2514 1201 2570 1247 et
2605 1192 2771 1247 missa
2805 1192 3044 1257 illorum,
3080 1204 3201 1261 quae
3229 1190 3286 1246 in

1706 1288 1842 1343 albis
1866 1288 1983 1342 sine
2008 1285 2141 1342 feria
2163 1285 2526 1342 celebrantur.
2569 1284 2651 1339 Ad
2678 1283 2975 1352 capitulum
2998 1292 3048 1339 et
3078 1282 3145 1339 ad
3170 1282 3287 1339 col-

1708 1381 1967 1436 lationem
2019 1379 2207 1435 venire
2233 1394 2340 1434 non
2388 1376 2691 1448 negligunt,
2720 1385 2775 1432 et
2802 1374 2981 1432 oIIicio
3010 1373 3290 1430 defuncto-

1708 1489 1848 1539 rum,
1873 1472 2017 1544 quod
2055 1469 2405 1526 celeberrime
2426 1469 2621 1540 agitur.
2648 1468 2715 1522 Et
2736 1468 2782 1523 si
2808 1466 3023 1537 quando
3051 1479 3289 1536 praesen-

1711 1574 1793 1621 tes
1846 1564 1928 1619 vel
1961 1563 2217 1620 absentes
2267 1561 2463 1617 tabulae
2506 1560 2741 1616 sonitum
2792 1574 2891 1630 pro
2930 1558 3113 1628 aliquo
3163 1570 3289 1611 mox

1712 1654 1919 1727 agendo
1944 1694 1957 1708 .
1995 1692 2009 1707 .
2042 1692 2058 1707 .
2084 1692 2100 1709 .
2124 1651 2351 1708 audiunt
2398 1664 2572 1719 usque
2615 1650 2684 1705 ad
2715 1647 2877 1703 finem
2906 1647 3071 1701 trium
3097 1645 3289 1700 lectio-

1711 1760 1861 1809 num,
1905 1753 1961 1799 et
2006 1741 2339 1814 processioni
2391 1740 2447 1795 in
2490 1738 2718 1809 privatis
2766 1736 2957 1792 diebus
3002 1745 3057 1790 ct
3107 1734 3291 1789 missae

1639 1802 1684 1862 Β
1711 1802 2056 1905 subscquenlti
2085 1847 2255 1903 usque
2278 1839 2400 1902 post
2429 1802 2782 1901 Evangelium
2814 1828 3103 1881 intersunt.
3130 1822 3291 1880 Temo

1711 1944 1845 1999 pore
1880 1927 2107 1999 hyemali
2134 1926 2285 1982 finita
2312 1924 2500 1979 litania
2535 1920 2883 1978 nocturnales
2920 1935 3026 1976 non
3056 1925 3289 1983 mutant,

1712 2021 1884 2076 donec
1910 2020 2147 2089 signum,
2173 2032 2272 2087 per
2296 2014 2440 2085 quod
2462 2013 2660 2068 fratres
2689 2013 2756 2067 ad
2780 2011 3065 2066 lavandum
3088 2022 3292 2064 vocan-

1711 2122 1822 2177 tur,
1853 2112 2096 2167 audiant.
2140 2108 2347 2177 Quibus
2374 2116 2503 2162 tune
2538 2104 2783 2169 mutatis,
2814 2117 2878 2159 ac
2916 2100 3129 2157 caeteris
3170 2112 3296 2168 quas

1712 2212 2014 2275 sequuntur
2044 2200 2302 2271 peractis,
2333 2199 2402 2253 ad
2424 2211 2562 2267 opus
2587 2194 2804 2250 solitum
2839 2191 3087 2256 redeunt,
3120 2202 3297 2260 usque

1710 2294 1839 2351 dum
1866 2293 2042 2362 factis
2092 2291 2265 2347 tribus
2323 2285 2661 2345 orationibus
2704 2285 2915 2356 signum
2954 2280 3198 2354 pulsetur
3224 2278 3297 2335 ad

1713 2384 1968 2451 tertiam;
2021 2391 2149 2436 tunc
2200 2388 2256 2435 et
2300 2378 2401 2449 ipsi
2436 2376 2718 2449 praemissa
2761 2372 3005 2430 oratione
3042 2368 3295 2426 eamdem

1712 2477 1904 2533 horam
1961 2481 2184 2532 cantare
2237 2484 2346 2525 non
2397 2467 2673 2524 differunt.
2716 2463 2922 2536 Siquis
2947 2476 3137 2519 eorum
3164 2473 3296 2517 vero

1713 2575 1837 2638 post
1861 2562 2213 2634 Evangelium
2248 2559 2432 2616 missa:
2458 2557 2686 2627 majoris
2712 2554 2967 2626 privatim
2997 2550 3112 2608 vult
3133 2564 3299 2607 eane-

1712 2674 1792 2725 re,
1824 2658 1892 2713 ab
1914 2655 2122 2711 ordinis
2147 2661 2358 2709 rectore
2378 2652 2433 2706 in
2458 2650 2627 2707 choro
2655 2648 2816 2704 debet
2843 2645 3118 2702 licentiam
3146 2640 3296 2702 acci-

1711 2765 1862 2822 pere.
1906 2747 1965 2803 Si
2009 2745 2131 2817 quis
2161 2744 2327 2801 etiam
2366 2743 2607 2812 ipsorum
2646 2737 2965 2808 sanguinem
3006 2731 3293 2798 minuerit,

1716 2840 1875 2898 tertia
1924 2840 2012 2895 die
2048 2838 2115 2893 ad
2144 2835 2396 2905 primam,
2436 2832 2521 2887 vel
2548 2831 2655 2886 alio
2712 2839 2956 2898 tempore
2979 2826 3050 2883 ad
3082 2823 3297 2882 tertiam
3372 2876 3375 2877 ν

1714 2930 1881 2986 choro
1908 2943 1971 2983 ex
2000 2923 2389 2982 consuetudine
2420 2922 2684 2976 interesse
2711 2918 2889 2974 debet.

2261 3013 2489 3071 CAPUT
2529 3010 2740 3067 XXVII.

2208 3105 2287 3162 De
2309 3105 2520 3161 custode
2549 3103 2799 3159 ecclesiae.

1774 3198 2429 3276 (un.)Apocrisiarius,qui
2445 3195 2681 3253 custodit
2696 3191 2940 3250 ecclesiae
2956 3190 3295 3254 thesaurum,

1712 3306 1771 3353 et
1798 3298 1853 3352 in
1884 3295 2040 3365 cujus
2086 3309 2249 3348 manu
2282 3301 2366 3349 est
2392 3289 2654 3362 quidquid
2693 3303 2723 3343 a
2750 3284 3100 3357 popularibus
3120 3282 3188 3337 ad
3215 3280 3295 3335 al-

1714 3391 1854 3447 taria
1890 3386 2138 3452 oﬂ‘ertur,
2190 3383 2447 3440 sacerdos
2480 3395 2602 3437 esse
2628 3379 2805 3436 debet.
2837 3376 2940 3444 Qui
2967 3383 3026 3430 ut
3062 3372 3296 3429 cilicium

1712 3493 1870 3534 suum
1892 3477 2051 3546 digne
2077 3474 2247 3545 possit
2264 3471 2579 3540 adimplere,
2607 3467 2933 3523 adhibeatur
2958 3464 3008 3519 ei
3034 3461 3296 3518 solatium

1713 3569 2115 3639 aliquantorum
2154 3564 2407 3619 fratrum.
2441 3564 2460 3583 ⁶
2488 3561 2635 3615 Inter
2668 3572 2804 3627 quos
2833 3564 3019 3612 tamen
3045 3561 3131 3609 est
3154 3564 3310 3606 unus.

1714 3658 2083 3734 przestantior,
2105 3656 2195 3728 qui
2226 3656 2399 3710 vicem
2429 3652 2546 3721 ejus
2571 3648 2815 3705 absentis
2839 3647 2969 3717 agit.
2997 3645 3323 3713 ldemergo

1716 3733 2101 3826 apocrisiarius
2130 3744 2467 3820 potestloqui
2498 3746 2550 3798 in
2577 3752 2818 3817 tempore
2845 3736 3046 3795 silentii
3074 3735 3139 3790 de
3165 3733 3297 3789 obeo

1717 3847 1920 3904 dientia
1976 3857 2072 3900 sua
2126 3840 2271 3914 quod
2299 3836 2664 3895 necessarium
2687 3841 2770 3888 est
2791 3846 2913 3887 cum
2937 3826 3175 3900 quolibet
3201 3840 3297 3882 eo-

1716 3937 1961 3993 rumdem
2020 3933 2269 3993 fratrum,
2301 3928 2549 4003 quamvis
2603 3939 2943 3997 nequaquam
2969 3921 3072 3978 sibi
3106 3932 3300 3974 conce-

1717 4031 1905 4097 datur,
1941 4036 2001 4083 ut
2039 4034 2168 4081 tunc
2189 4022 2449 4093 temporis
2503 4021 2866 4075 communiter
2901 4028 3023 4070 cum
3044 4010 3302 4067 omnibus

1719 4122 1991 4192 loquatur,
2046 4124 2273 4185 excepto
2323 4112 2579 4175 sabbato;
2624 4109 2669 4162 si
2715 4107 2854 4162 forte
2884 4113 3011 4158 tunc
3061 4100 3330 4157 brevitas.

1720 4188 1899 4284 spatii,
1923 4218 2017 4265 aut
2044 4204 2478 4265 alianecessitas
2500 4202 2603 4256 hoc
2642 4196 2884 4267 impedit.
2917 4192 3051 4247 Nam
3078 4192 3130 4247 in
3152 4188 3325 4244 omni;

1720 4280 1949 4358 sabbato
2002 4314 2097 4359 eos
2136 4298 2294 4356 debet
2342 4294 2545 4365 pariter
2595 4288 2910 4351 convenire,
2937 4294 2991 4339 ct
3020 4285 3089 4340 de
3116 4280 3306 4336 usibus

1720 4392 1962 4449 ecclesiae
1986 4391 2275 4452 instruere,
2304 4402 2367 4441 ac
2388 4385 2657 4456 praecipue
2672 4382 3088 4448 subsequentem
3105 4371 3309 4429 hebdo-

88 4476 296 4566 pertinet.
342 4482 481 4538 Nihil
523 4485 600 4540 ibi
652 4483 877 4566 scribit,
921 4499 1025 4540 nec
1069 4485 1219 4556 legit,
1268 4500 1367 4541 nec
1409 4495 1611 4565 cantat.
1645 4492 1695 4553 Ι)
1722 4485 1935 4543 madam
1965 4483 2057 4538 uni
2087 4496 2273 4537 eorum
2309 4476 2711 4534 commendare.

89 4559 261 4623 Nullum
295 4572 363 4628 ibi
395 4576 620 4632 verbum
642 4591 765 4630 eum
790 4559 972 4645 aliquo
1010 4576 1244 4643 confert,
1276 4577 1377 4632 nisi
1405 4582 1473 4632 sit
1501 4559 1619 4633 ine-

87 4655 283 4718 vitabilis
321 4681 508 4733 causa,
540 4674 597 4723 et
634 4681 754 4736 quze
782 4683 879 4738 per
907 4660 1062 4738 signa
1092 4667 1354 4723 insinuari
1383 4684 1490 4723 non
1519 4684 1617 4739 po.-

88 4753 185 4805 test.
216 4752 587 4829 Suﬂ‘raganeus
623 4773 753 4813 vero
780 4759 918 4829 ejus,
968 4758 1073 4813 nisi
1100 4757 1167 4813 ab
1194 4773 1259 4813 eo
1285 4759 1541 4826 monitus,
1564 4768 1620 4815 et

88 4847 189 4897 tunc
219 4850 421 4917 quando
449 4851 625 4906 vicem
671 4849 791 4919 ejus
815 4849 1056 4904 absentis
1101 4865 1197 4920 per
1230 4849 1411 4904 omnia
1446 4858 1616 4918 tenet,

88 4944 380 5017 nequaquam
432 4942 559 5003 illuc
579 4943 766 4999 venire
793 4940 970 4998 debet.
996 4941 1141 4997 Infra
1173 4950 1461 5013 utramque
1491 4940 1620 4998 mis-

88 5036 197 5091 sam,
224 5030 265 5084 si
287 5033 488 5103 absque
544 5034 873 5089 detrimento
916 5033 1066 5089 chori
1100 5035 1291 5090 abesse
1314 5036 1539 5105 poterit,
1565 5044 1620 5090 et

87 5126 184 5181 posit
219 5123 510 5193 cymbalum
551 5136 892 5196 percussum,
938 5125 1069 5179 hora
1111 5124 1443 5194 refectionis,
1469 5127 1622 5184 dum-

87 5212 215 5267 modo
258 5220 572 5294 tempestive
601 5219 668 5273 ad
698 5234 941 5274 mensam
977 5227 1248 5286 occurrat,
1300 5220 1353 5274 in
1386 5220 1622 5277 claustro

88 5299 308 5372 scribere,
355 5308 439 5364 vel
497 5308 604 5368 tale
650 5310 779 5379 quid
819 5311 1185 5365 necessarium
1213 5320 1387 5379 potest
1418 5311 1617 5368 facere.

78 5385 173 5472 2Sed
209 5403 257 5448 et
297 5398 414 5455 aliis
457 5401 778 5469 quibusdam
823 5403 1137 5457 conceditur
1164 5410 1286 5471 post
1306 5417 1619 5472 percussum

78 5487 352 5585 i(“yth-Italum
395 5494 466 5549 ibi
522 5496 731 5559 sedere,
764 5496 807 5549 si
849 5496 976 5564 quid
998 5496 1332 5566 scripserint,
1368 5495 1448 5549 vel
1476 5497 1619 5551 aliud

80 5577 304 5651 lquiddam
331 5588 691 5642 necessarium
718 5592 773 5640 et
793 5586 923 5642 utile
946 5585 1189 5642 fecerint.
1215 5585 1419 5653 Quibus
1445 5595 1623 5642 tamen

2265 4568 2490 4627 CAPUT
2527 4565 2759 4622 XXVIII.

2198 4663 2273 4717 De
2306 4660 2537 4732 portorio
2585 4656 2835 4713 ecclesiw.

1798 4766 1815 4783 '
1847 4762 2009 4817 Porta
2055 4772 2271 4828 quoque
2302 4751 2545 4809 ecclesiae
2587 4749 2680 4805 uni
2717 4743 3026 4819 specialiter
3052 4742 3306 4798 commit-

1728 4855 1882 4918 titur,
1914 4853 2005 4924 qui
2035 4866 2155 4907 eam
2185 4863 2399 4918 semper
2434 4843 2649 4900 claudat
2692 4849 2747 4897 et
2788 4840 2996 4910 aperiat
3039 4851 3136 4891 suo
3166 4843 3307 4888 temv

1728 4962 1860 5017 pore
1889 4981 1906 5000 .
1932 4922 2006 4998 Ἐι
2041 4942 2134 5001 hic,
2155 4939 2393 4995 studiose
2423 4934 2543 4990 talis
2572 4932 2809 5004 eligitur,
2835 4929 2925 5000 qui
2954 4926 3136 4999 gravis
3164 4923 3235 4979 sit
3257 4922 3335 4981 in,

1732 5036 2000 5101 moribus,
2025 5049 2123 5088 nec
2152 5030 2219 5085 ad
2251 5029 2419 5086 risum
2453 5025 2648 5093 facilis,
2676 5040 2744 5080 ne
2780 5036 2941 5093 quam
2988 5019 3040 5072 in
3081 5031 3146 5071 eo
3193 5014 3315 5070 loco
3371 5013 3375 5016 ’

1733 5130 2010 5186 levitatem
2078 5126 2351 5180 intrantes
2414 5119 2501 5175 vel
2566 5124 2826 5177 exeuntes
2885 5105 3312 5179 deprehendant.

1736 5238 1828 5279 un.
1861 5221 1927 5276 Et
1975 5226 2056 5274 est
2103 5217 2152 5272 ei
2190 5216 2295 5271 hoc
2341 5211 2563 5273 omnino
2608 5205 2979 5268 interdictum,
3010 5207 3068 5253 ut
3102 5193 3317 5267 quando

1737 5313 1939 5371 claudit
1979 5311 2066 5366 vel
2106 5309 2310 5385 aperit,
2342 5322 2440 5379 pro
2477 5304 2619 5360 nulla
2669 5298 2950 5356 occasione
3002 5293 3086 5347 vel
3126 5287 3316 5359 pedem

1736 5414 1888 5461 extra
1931 5378 2173 5473 pet-tath
2193 5378 2499 5471 protendat.
2534 5393 2670 5448 Hinc
2696 5392 2740 5446 si
2768 5384 3057 5457 aliquando
3085 5378 3319 5449 contige-

1737 5500 1841 5563 rit,
1883 5499 1900 5517 ‘
1932 5469 1989 5549 ut
2019 5469 2217 5565 hospes
2265 5490 2460 5560 aliquis
2497 5485 2639 5541 infra
2670 5481 2966 5555 capitulum
2999 5479 3053 5533 in
3089 5469 3325 5529 ecclesia

1743 5598 2047 5654 remaneat,
2077 5585 2162 5642 vel
2189 5585 2232 5641 si
2262 5583 2382 5643 talis
2407 5588 2490 5637 cst
2519 5578 2803 5644 festivitas,
2829 5575 2881 5630 in
2910 5586 3011 5644 qua
3045 5567 3333 5641 pbylactc~

72 5810 73 5813 η
153 5755 281 5833 (120)
331 5761 726 5836 Vadimonium,
782 5769 1017 5838 vadiunt,
1066 5762 1334 5835 wadium,
1383 5764 1597 5840 pignus,
1639 5764 1932 5835 ﬁdeiussio.
