  <div class='ocr_page' id='page_1' title='image "/cluster/home/n/w/nwhite01/storage/ocr_20150623/150/hvd.32044015473788/543.png"; bbox 0 0 3886 6308; ppageno 0'>
   <div class='ocr_carea' id='block_1_1' title="bbox 511 326 654 387">
    <p class='ocr_par' dir='ltr' id='par_1_1' title="bbox 511 326 654 387">
     <span class='ocr_line' id='line_1_1' title="bbox 511 326 654 387; baseline -0.028 0"><span class='ocrx_word' id='word_1_1' title='bbox 511 326 654 387; x_wconf 61' lang='grc'><strong>1079</strong></span> 
     </span>
    </p>
   </div>
   <div class='ocr_carea' id='block_1_2' title="bbox 511 434 2161 512">
    <p class='ocr_par' dir='ltr' id='par_1_2' title="bbox 511 434 2161 512">
     <span class='ocr_line' id='line_1_2' title="bbox 511 434 2161 512; baseline -0.01 -13"><span class='ocrx_word' id='word_1_2' title='bbox 511 447 592 505; x_wconf 69' lang='lat' dir='ltr'><strong>ria</strong></span> <span class='ocrx_word' id='word_1_3' title='bbox 617 446 767 512; x_wconf 73' lang='grc'><strong>(150)</strong></span> <span class='ocrx_word' id='word_1_4' title='bbox 786 443 933 498; x_wconf 77' lang='lat' dir='ltr'><strong>circa</strong></span> <span class='ocrx_word' id='word_1_5' title='bbox 976 444 1148 497; x_wconf 79' lang='lat' dir='ltr'><strong>altare</strong></span> <span class='ocrx_word' id='word_1_6' title='bbox 1192 440 1298 494; x_wconf 87' lang='lat' dir='ltr'><strong>sint</strong></span> <span class='ocrx_word' id='word_1_7' title='bbox 1349 450 1642 507; x_wconf 88' lang='lat' dir='ltr'><strong>suspensa,</strong></span> <span class='ocrx_word' id='word_1_8' title='bbox 1684 435 1793 489; x_wconf 92' lang='lat' dir='ltr'><strong>illic</strong></span> <span class='ocrx_word' id='word_1_9' title='bbox 1821 439 2079 491; x_wconf 82' lang='lat' dir='ltr'><strong>moratur,</strong></span> <span class='ocrx_word' id='word_1_10' title='bbox 2112 434 2161 492; x_wconf 76' lang='grc' dir='ltr'>Α</span> 
     </span>
    </p>
   </div>
   <div class='ocr_carea' id='block_1_3' title="bbox 506 523 2080 603">
    <p class='ocr_par' dir='ltr' id='par_1_3' title="bbox 506 523 2080 603">
     <span class='ocr_line' id='line_1_3' title="bbox 506 523 2080 603; baseline -0.009 -11"><span class='ocrx_word' id='word_1_11' title='bbox 506 546 563 592; x_wconf 82' lang='grc' dir='ltr'>οι</span> <span class='ocrx_word' id='word_1_12' title='bbox 592 537 809 590; x_wconf 93' lang='lat' dir='ltr'><strong>interim</strong></span> <span class='ocrx_word' id='word_1_13' title='bbox 838 536 1014 603; x_wconf 90' lang='lat' dir='ltr'><strong>legere</strong></span> <span class='ocrx_word' id='word_1_14' title='bbox 1046 548 1153 587; x_wconf 88' lang='lat' dir='ltr'><strong>non</strong></span> <span class='ocrx_word' id='word_1_15' title='bbox 1191 530 1525 603; x_wconf 67' lang='lat' dir='ltr'><strong>prohibetur.</strong></span> <span class='ocrx_word' id='word_1_16' title='bbox 1563 526 1761 581; x_wconf 86' lang='lat' dir='ltr'><strong>Lectus</strong></span> <span class='ocrx_word' id='word_1_17' title='bbox 1795 523 1910 592; x_wconf 88' lang='lat' dir='ltr'><strong>ejus</strong></span> <span class='ocrx_word' id='word_1_18' title='bbox 1950 526 2080 578; x_wconf 74' lang='lat' dir='ltr'><strong>ante</strong></span> 
     </span>
    </p>
   </div>
   <div class='ocr_carea' id='block_1_4' title="bbox 507 610 2083 691">
    <p class='ocr_par' dir='ltr' id='par_1_4' title="bbox 507 610 2083 691">
     <span class='ocr_line' id='line_1_4' title="bbox 507 610 2083 691; baseline -0.01 -13"><span class='ocrx_word' id='word_1_19' title='bbox 507 624 826 680; x_wconf 87' lang='lat' dir='ltr'><strong>Sacristiam</strong></span> <span class='ocrx_word' id='word_1_20' title='bbox 865 622 1021 691; x_wconf 84' lang='lat' dir='ltr'><strong>juxta</strong></span> <span class='ocrx_word' id='word_1_21' title='bbox 1066 622 1263 675; x_wconf 89' lang='lat' dir='ltr'><strong>ostium</strong></span> <span class='ocrx_word' id='word_1_22' title='bbox 1296 633 1389 687; x_wconf 91' lang='lat' dir='ltr'><strong>per</strong></span> <span class='ocrx_word' id='word_1_23' title='bbox 1427 616 1570 686; x_wconf 89' lang='lat' dir='ltr'><strong>quod</strong></span> <span class='ocrx_word' id='word_1_24' title='bbox 1614 616 1667 669; x_wconf 92' lang='lat' dir='ltr'><strong>in</strong></span> <span class='ocrx_word' id='word_1_25' title='bbox 1697 614 1916 669; x_wconf 77' lang='lat' dir='ltr'><strong>sinistra</strong></span> <span class='ocrx_word' id='word_1_26' title='bbox 1940 610 2083 663; x_wconf 83' lang='lat' dir='ltr'><strong>absi-</strong></span> 
     </span>
    </p>
   </div>
   <div class='ocr_carea' id='block_1_5' title="bbox 506 702 2107 785">
    <p class='ocr_par' dir='ltr' id='par_1_5' title="bbox 506 702 2107 785">
     <span class='ocr_line' id='line_1_5' title="bbox 506 702 2107 785; baseline -0.011 -15"><span class='ocrx_word' id='word_1_27' title='bbox 506 718 574 770; x_wconf 83' lang='lat' dir='ltr'><strong>tle</strong></span> <span class='ocrx_word' id='word_1_28' title='bbox 598 715 746 785; x_wconf 79' lang='grc'><strong>(151)</strong></span> <span class='ocrx_word' id='word_1_29' title='bbox 779 715 832 768; x_wconf 91' lang='lat' dir='ltr'><strong>in</strong></span> <span class='ocrx_word' id='word_1_30' title='bbox 875 713 1136 768; x_wconf 77' lang='lat' dir='ltr'><strong>inferiora</strong></span> <span class='ocrx_word' id='word_1_31' title='bbox 1169 710 1412 766; x_wconf 67' lang='lat' dir='ltr'><strong>ecclesiae</strong></span> <span class='ocrx_word' id='word_1_32' title='bbox 1446 708 1697 768; x_wconf 86' lang='lat' dir='ltr'><strong>intratur,</strong></span> <span class='ocrx_word' id='word_1_33' title='bbox 1729 702 1934 773; x_wconf 88' lang='lat' dir='ltr'><strong>positus</strong></span> <span class='ocrx_word' id='word_1_34' title='bbox 1977 707 2107 754; x_wconf 79' lang='lat' dir='ltr'><strong>cst.-</strong></span> 
     </span>
    </p>
   </div>
   <div class='ocr_carea' id='block_1_6' title="bbox 508 790 2081 867">
    <p class='ocr_par' dir='ltr' id='par_1_6' title="bbox 508 790 2081 867">
     <span class='ocr_line' id='line_1_6' title="bbox 508 790 2081 867; baseline -0.011 -7"><span class='ocrx_word' id='word_1_35' title='bbox 508 821 596 860; x_wconf 78' lang='lat' dir='ltr'><strong>uo.</strong></span> <span class='ocrx_word' id='word_1_36' title='bbox 628 805 833 859; x_wconf 68' lang='lat' dir='ltr'><strong>Praeter</strong></span> <span class='ocrx_word' id='word_1_37' title='bbox 861 813 1099 867; x_wconf 69' lang='lat' dir='ltr'><strong>cancros</strong></span> <span class='ocrx_word' id='word_1_38' title='bbox 1120 811 1203 857; x_wconf 90' lang='lat' dir='ltr'><strong>est</strong></span> <span class='ocrx_word' id='word_1_39' title='bbox 1249 800 1322 854; x_wconf 83' lang='lat' dir='ltr'><strong>illi</strong></span> <span class='ocrx_word' id='word_1_40' title='bbox 1368 797 1467 852; x_wconf 92' lang='lat' dir='ltr'><strong>soli</strong></span> <span class='ocrx_word' id='word_1_41' title='bbox 1503 796 1824 864; x_wconf 87' lang='lat' dir='ltr'><strong>injunctum,</strong></span> <span class='ocrx_word' id='word_1_42' title='bbox 1848 800 1906 844; x_wconf 91' lang='lat' dir='ltr'><strong>ut</strong></span> <span class='ocrx_word' id='word_1_43' title='bbox 1933 790 2081 844; x_wconf 91' lang='lat' dir='ltr'><strong>omni</strong></span> 
     </span>
    </p>
   </div>
   <div class='ocr_carea' id='block_1_7' title="bbox 505 878 2082 967">
    <p class='ocr_par' dir='ltr' id='par_1_7' title="bbox 505 878 2082 967">
     <span class='ocr_line' id='line_1_7' title="bbox 505 878 2082 967; baseline -0.011 -19"><span class='ocrx_word' id='word_1_44' title='bbox 505 895 733 967; x_wconf 74' lang='lat' dir='ltr'><strong>sabbato</strong></span> <span class='ocrx_word' id='word_1_45' title='bbox 758 893 995 947; x_wconf 82' lang='lat' dir='ltr'><strong>conchas</strong></span> <span class='ocrx_word' id='word_1_46' title='bbox 1036 901 1089 946; x_wconf 89' lang='lat' dir='ltr'><strong>et</strong></span> <span class='ocrx_word' id='word_1_47' title='bbox 1122 887 1575 946; x_wconf 88' lang='lat' dir='ltr'><strong>candelabrorum-</strong></span> <span class='ocrx_word' id='word_1_48' title='bbox 1603 891 1837 953; x_wconf 86' lang='lat' dir='ltr'><strong>pateras,</strong></span> <span class='ocrx_word' id='word_1_49' title='bbox 1866 881 1918 934; x_wconf 88' lang='lat' dir='ltr'><strong>in</strong></span> <span class='ocrx_word' id='word_1_50' title='bbox 1957 878 2082 949; x_wconf 84' lang='lat' dir='ltr'><strong>qui-</strong></span> 
     </span>
    </p>
   </div>
   <div class='ocr_carea' id='block_1_8' title="bbox 506 966 2081 1047">
    <p class='ocr_par' dir='ltr' id='par_1_8' title="bbox 506 966 2081 1047">
     <span class='ocr_line' id='line_1_8' title="bbox 506 966 2081 1047; baseline -0.011 -11"><span class='ocrx_word' id='word_1_51' title='bbox 506 984 607 1047; x_wconf 76' lang='lat' dir='ltr'><strong>bus</strong></span> <span class='ocrx_word' id='word_1_52' title='bbox 644 981 883 1035; x_wconf 77' lang='lat' dir='ltr'><strong>candela:</strong></span> <span class='ocrx_word' id='word_1_53' title='bbox 926 980 1139 1042; x_wconf 80' lang='lat' dir='ltr'><strong>ardent,</strong></span> <span class='ocrx_word' id='word_1_54' title='bbox 1176 978 1458 1047; x_wconf 79' lang='lat' dir='ltr'><strong>diligenter</strong></span> <span class='ocrx_word' id='word_1_55' title='bbox 1495 973 1742 1037; x_wconf 89' lang='lat' dir='ltr'><strong>abradat,</strong></span> <span class='ocrx_word' id='word_1_56' title='bbox 1771 985 1837 1025; x_wconf 90' lang='lat' dir='ltr'><strong>ne</strong></span> <span class='ocrx_word' id='word_1_57' title='bbox 1881 966 2081 1037; x_wconf 91' lang='lat' dir='ltr'><strong>aliquid</strong></span> 
     </span>
    </p>
   </div>
   <div class='ocr_carea' id='block_1_9' title="bbox 505 1058 2080 1133">
    <p class='ocr_par' dir='ltr' id='par_1_9' title="bbox 505 1058 2080 1133">
     <span class='ocr_line' id='line_1_9' title="bbox 505 1058 2080 1133; baseline -0.008 -8"><span class='ocrx_word' id='word_1_58' title='bbox 505 1091 570 1127; x_wconf 73' lang='lat' dir='ltr'><strong>ex</strong></span> <span class='ocrx_word' id='word_1_59' title='bbox 596 1075 916 1128; x_wconf 89' lang='lat' dir='ltr'><strong>decurrente</strong></span> <span class='ocrx_word' id='word_1_60' title='bbox 946 1086 1067 1125; x_wconf 88' lang='lat' dir='ltr'><strong>cera</strong></span> <span class='ocrx_word' id='word_1_61' title='bbox 1106 1075 1400 1124; x_wconf 80' lang='lat' dir='ltr'><strong>remaneat.</strong></span> <span class='ocrx_word' id='word_1_62' title='bbox 1434 1064 1609 1119; x_wconf 89' lang='lat' dir='ltr'><strong>Simili</strong></span> <span class='ocrx_word' id='word_1_63' title='bbox 1653 1076 1866 1133; x_wconf 85' lang='lat' dir='ltr'><strong>quoque</strong></span> <span class='ocrx_word' id='word_1_64' title='bbox 1904 1058 2080 1114; x_wconf 90' lang='lat' dir='ltr'><strong>studio</strong></span> 
     </span>
    </p>
   </div>
   <div class='ocr_carea' id='block_1_10' title="bbox 506 1153 2077 1233">
    <p class='ocr_par' dir='ltr' id='par_1_10' title="bbox 506 1153 2077 1233">
     <span class='ocr_line' id='line_1_10' title="bbox 506 1153 2077 1233; baseline -0.008 -17"><span class='ocrx_word' id='word_1_65' title='bbox 506 1174 678 1229; x_wconf 83' lang='lat' dir='ltr'><strong>totum</strong></span> <span class='ocrx_word' id='word_1_66' title='bbox 708 1163 1074 1233; x_wconf 90' lang='lat' dir='ltr'><strong>pavimentum</strong></span> <span class='ocrx_word' id='word_1_67' title='bbox 1099 1198 1115 1224; x_wconf 91' lang='lat'><strong>,</strong></span> <span class='ocrx_word' id='word_1_68' title='bbox 1147 1158 1289 1229; x_wconf 92' lang='lat' dir='ltr'><strong>quod</strong></span> <span class='ocrx_word' id='word_1_69' title='bbox 1335 1157 1480 1212; x_wconf 89' lang='lat' dir='ltr'><strong>circa</strong></span> <span class='ocrx_word' id='word_1_70' title='bbox 1534 1154 1708 1222; x_wconf 84' lang='lat' dir='ltr'><strong>majus</strong></span> <span class='ocrx_word' id='word_1_71' title='bbox 1748 1153 1922 1208; x_wconf 86' lang='lat' dir='ltr'><strong>altare</strong></span> <span class='ocrx_word' id='word_1_72' title='bbox 1959 1161 2077 1216; x_wconf 91' lang='lat' dir='ltr'><strong>est,</strong></span> 
     </span>
    </p>
   </div>
   <div class='ocr_carea' id='block_1_11' title="bbox 505 1234 2079 1322">
    <p class='ocr_par' dir='ltr' id='par_1_11' title="bbox 505 1234 2079 1322">
     <span class='ocr_line' id='line_1_11' title="bbox 505 1234 2079 1322; baseline -0.011 -14"><span class='ocrx_word' id='word_1_73' title='bbox 505 1234 656 1321; x_wconf 72' lang='lat' dir='ltr'><strong>prius</strong></span> <span class='ocrx_word' id='word_1_74' title='bbox 703 1268 841 1322; x_wconf 85' lang='lat' dir='ltr'><strong>aqua</strong></span> <span class='ocrx_word' id='word_1_75' title='bbox 887 1250 1064 1304; x_wconf 84' lang='lat' dir='ltr'><strong>infusa</strong></span> <span class='ocrx_word' id='word_1_76' title='bbox 1101 1256 1325 1318; x_wconf 85' lang='lat' dir='ltr'><strong>purgat,</strong></span> <span class='ocrx_word' id='word_1_77' title='bbox 1370 1256 1427 1303; x_wconf 85' lang='lat' dir='ltr'><strong>et</strong></span> <span class='ocrx_word' id='word_1_78' title='bbox 1471 1253 1787 1301; x_wconf 67' lang='lat' dir='ltr'><strong>cancrorum</strong></span> <span class='ocrx_word' id='word_1_79' title='bbox 1828 1240 2079 1296; x_wconf 80' lang='lat' dir='ltr'><strong>altarium</strong></span> 
     </span>
    </p>
   </div>
   <div class='ocr_carea' id='block_1_12' title="bbox 504 1340 1367 1412">
    <p class='ocr_par' dir='ltr' id='par_1_12' title="bbox 504 1340 1367 1412">
     <span class='ocr_line' id='line_1_12' title="bbox 504 1340 1367 1412; baseline -0.007 -15"><span class='ocrx_word' id='word_1_80' title='bbox 504 1343 872 1412; x_wconf 72' lang='lat' dir='ltr'><strong>pavimentum</strong></span> <span class='ocrx_word' id='word_1_81' title='bbox 900 1356 1059 1408; x_wconf 88' lang='lat' dir='ltr'><strong>scopa</strong></span> <span class='ocrx_word' id='word_1_82' title='bbox 1091 1340 1367 1392; x_wconf 90' lang='lat' dir='ltr'><strong>emundat.</strong></span> 
     </span>
    </p>
   </div>
   <div class='ocr_carea' id='block_1_13' title="bbox 534 1421 2079 1503">
    <p class='ocr_par' dir='ltr' id='par_1_13' title="bbox 534 1421 2079 1503">
     <span class='ocr_line' id='line_1_13' title="bbox 534 1421 2079 1503; baseline -0.01 -15"><span class='ocrx_word' id='word_1_83' title='bbox 534 1498 537 1499; x_wconf 19' lang='grc' dir='ltr'><em>ν</em></span> <span class='ocrx_word' id='word_1_84' title='bbox 577 1431 737 1503; x_wconf 67' lang='lat' dir='ltr'><strong>(van)</strong></span> <span class='ocrx_word' id='word_1_85' title='bbox 763 1430 974 1489; x_wconf 80' lang='lat' dir='ltr'><strong>Claudit</strong></span> <span class='ocrx_word' id='word_1_86' title='bbox 997 1430 1161 1483; x_wconf 90' lang='lat' dir='ltr'><strong>etiam</strong></span> <span class='ocrx_word' id='word_1_87' title='bbox 1191 1436 1248 1483; x_wconf 87' lang='lat' dir='ltr'><strong>et</strong></span> <span class='ocrx_word' id='word_1_88' title='bbox 1270 1427 1447 1497; x_wconf 89' lang='lat' dir='ltr'><strong>aperit</strong></span> <span class='ocrx_word' id='word_1_89' title='bbox 1479 1424 1722 1481; x_wconf 81' lang='lat' dir='ltr'><strong>ecclesia:</strong></span> <span class='ocrx_word' id='word_1_90' title='bbox 1749 1422 1894 1477; x_wconf 84' lang='lat' dir='ltr'><strong>fores</strong></span> <span class='ocrx_word' id='word_1_91' title='bbox 1915 1421 2079 1474; x_wconf 90' lang='lat' dir='ltr'><strong>variis</strong></span> 
     </span>
    </p>
   </div>
   <div class='ocr_carea' id='block_1_14' title="bbox 505 1517 2078 1592">
    <p class='ocr_par' dir='ltr' id='par_1_14' title="bbox 505 1517 2078 1592">
     <span class='ocr_line' id='line_1_14' title="bbox 505 1517 2078 1592; baseline -0.008 -14"><span class='ocrx_word' id='word_1_92' title='bbox 505 1524 679 1579; x_wconf 87' lang='lat' dir='ltr'><strong>modis</strong></span> <span class='ocrx_word' id='word_1_93' title='bbox 702 1539 797 1592; x_wconf 86' lang='lat' dir='ltr'><strong>per</strong></span> <span class='ocrx_word' id='word_1_94' title='bbox 826 1523 1036 1577; x_wconf 88' lang='lat' dir='ltr'><strong>diversa</strong></span> <span class='ocrx_word' id='word_1_95' title='bbox 1067 1529 1329 1589; x_wconf 87' lang='lat' dir='ltr'><strong>tempora.</strong></span> <span class='ocrx_word' id='word_1_96' title='bbox 1360 1517 1491 1571; x_wconf 86' lang='lat' dir='ltr'><strong>Nam</strong></span> <span class='ocrx_word' id='word_1_97' title='bbox 1522 1532 1645 1571; x_wconf 89' lang='lat' dir='ltr'><strong>cum</strong></span> <span class='ocrx_word' id='word_1_98' title='bbox 1686 1524 1814 1569; x_wconf 90' lang='lat' dir='ltr'><strong>ante</strong></span> <span class='ocrx_word' id='word_1_99' title='bbox 1859 1522 2078 1568; x_wconf 88' lang='lat' dir='ltr'><strong>noctur-</strong></span> 
     </span>
    </p>
   </div>
   <div class='ocr_carea' id='block_1_15' title="bbox 503 1602 2077 1681">
    <p class='ocr_par' dir='ltr' id='par_1_15' title="bbox 503 1602 2077 1681">
     <span class='ocr_line' id='line_1_15' title="bbox 503 1602 2077 1681; baseline -0.008 -14"><span class='ocrx_word' id='word_1_100' title='bbox 503 1629 604 1681; x_wconf 83' lang='lat' dir='ltr'><strong>nos</strong></span> <span class='ocrx_word' id='word_1_101' title='bbox 652 1612 816 1666; x_wconf 85' lang='lat' dir='ltr'><strong>ﬁnitis</strong></span> <span class='ocrx_word' id='word_1_102' title='bbox 855 1610 1162 1679; x_wconf 91' lang='lat' dir='ltr'><strong>quindecim</strong></span> <span class='ocrx_word' id='word_1_103' title='bbox 1208 1610 1292 1663; x_wconf 91' lang='lat' dir='ltr'><strong>vel</strong></span> <span class='ocrx_word' id='word_1_104' title='bbox 1330 1604 1549 1677; x_wconf 73' lang='lat' dir='ltr'><strong>triginta</strong></span> <span class='ocrx_word' id='word_1_105' title='bbox 1596 1606 1835 1676; x_wconf 85' lang='lat' dir='ltr'><strong>psalmis,</strong></span> <span class='ocrx_word' id='word_1_106' title='bbox 1876 1613 1983 1656; x_wconf 80' lang='lat' dir='ltr'><strong>tam</strong></span> <span class='ocrx_word' id='word_1_107' title='bbox 2023 1602 2077 1656; x_wconf 93' lang='lat' dir='ltr'><strong>in</strong></span> 
     </span>
    </p>
   </div>
   <div class='ocr_carea' id='block_1_16' title="bbox 502 1698 2078 1772">
    <p class='ocr_par' dir='ltr' id='par_1_16' title="bbox 502 1698 2078 1772">
     <span class='ocr_line' id='line_1_16' title="bbox 502 1698 2078 1772; baseline -0.004 -16"><span class='ocrx_word' id='word_1_108' title='bbox 502 1704 696 1772; x_wconf 84' lang='lat' dir='ltr'><strong>hyeme</strong></span> <span class='ocrx_word' id='word_1_109' title='bbox 726 1715 887 1770; x_wconf 84' lang='lat' dir='ltr'><strong>quam</strong></span> <span class='ocrx_word' id='word_1_110' title='bbox 912 1702 964 1754; x_wconf 91' lang='lat' dir='ltr'><strong>in</strong></span> <span class='ocrx_word' id='word_1_111' title='bbox 994 1709 1180 1755; x_wconf 60' lang='lat' dir='ltr'><strong>testate</strong></span> <span class='ocrx_word' id='word_1_112' title='bbox 1200 1714 1291 1753; x_wconf 90' lang='lat' dir='ltr'><strong>eas</strong></span> <span class='ocrx_word' id='word_1_113' title='bbox 1313 1713 1526 1766; x_wconf 87' lang='lat' dir='ltr'><strong>semper</strong></span> <span class='ocrx_word' id='word_1_114' title='bbox 1546 1698 1774 1766; x_wconf 86' lang='lat' dir='ltr'><strong>aperiat;</strong></span> <span class='ocrx_word' id='word_1_115' title='bbox 1804 1698 1856 1750; x_wconf 92' lang='lat' dir='ltr'><strong>in</strong></span> <span class='ocrx_word' id='word_1_116' title='bbox 1882 1698 2078 1765; x_wconf 88' lang='lat' dir='ltr'><strong>hyeme</strong></span> 
     </span>
    </p>
   </div>
   <div class='ocr_carea' id='block_1_17' title="bbox 1577 308 2732 376">
    <p class='ocr_par' dir='ltr' id='par_1_17' title="bbox 1577 308 2732 376">
     <span class='ocr_line' id='line_1_17' title="bbox 1577 308 2732 376; baseline -0.012 0"><span class='ocrx_word' id='word_1_117' title='bbox 1577 320 1636 375; x_wconf 76' lang='lat' dir='ltr'><strong>S.</strong></span> <span class='ocrx_word' id='word_1_118' title='bbox 1678 315 2049 376; x_wconf 73' lang='lat' dir='ltr'><strong>CUILLELMI</strong></span> <span class='ocrx_word' id='word_1_119' title='bbox 2088 312 2381 373; x_wconf 72' lang='lat' dir='ltr'><strong>ABBATIS</strong></span> <span class='ocrx_word' id='word_1_120' title='bbox 2407 308 2732 366; x_wconf 78' lang='lat' dir='ltr'><strong>HIRSAUG.</strong></span> 
     </span>
    </p>
   </div>
   <div class='ocr_carea' id='block_1_18' title="bbox 3614 305 3751 360">
    <p class='ocr_par' dir='ltr' id='par_1_18' title="bbox 3614 305 3751 360">
     <span class='ocr_line' id='line_1_18' title="bbox 3614 305 3751 360; baseline 0 0"><span class='ocrx_word' id='word_1_121' title='bbox 3614 305 3751 360; x_wconf 65' lang='lat'><strong>1080</strong></span> 
     </span>
    </p>
   </div>
   <div class='ocr_carea' id='block_1_19' title="bbox 2261 415 3749 485">
    <p class='ocr_par' dir='ltr' id='par_1_19' title="bbox 2261 415 3749 485">
     <span class='ocr_line' id='line_1_19' title="bbox 2261 415 3749 485; baseline -0.006 -2"><span class='ocrx_word' id='word_1_122' title='bbox 2261 444 2351 483; x_wconf 82' lang='lat' dir='ltr'><strong>uo.</strong></span> <span class='ocrx_word' id='word_1_123' title='bbox 2387 424 2572 483; x_wconf 82' lang='lat' dir='ltr'><strong>Factis</strong></span> <span class='ocrx_word' id='word_1_124' title='bbox 2623 420 2796 476; x_wconf 82' lang='lat' dir='ltr'><strong>tribus</strong></span> <span class='ocrx_word' id='word_1_125' title='bbox 2839 416 3207 481; x_wconf 86' lang='lat' dir='ltr'><strong>orationibus,</strong></span> <span class='ocrx_word' id='word_1_126' title='bbox 3270 415 3451 485; x_wconf 85' lang='lat' dir='ltr'><strong>pulsat</strong></span> <span class='ocrx_word' id='word_1_127' title='bbox 3486 431 3645 471; x_wconf 81' lang='lat' dir='ltr'><strong>unum</strong></span> <span class='ocrx_word' id='word_1_128' title='bbox 3690 419 3749 474; x_wconf 81' lang='lat' dir='ltr'><strong>de</strong></span> 
     </span>
    </p>
   </div>
   <div class='ocr_carea' id='block_1_20' title="bbox 2184 507 3745 586">
    <p class='ocr_par' dir='ltr' id='par_1_20' title="bbox 2184 507 3745 586">
     <span class='ocr_line' id='line_1_20' title="bbox 2184 507 3745 586; baseline -0.005 -14"><span class='ocrx_word' id='word_1_129' title='bbox 2184 518 2480 585; x_wconf 87' lang='lat' dir='ltr'><strong>majoribus</strong></span> <span class='ocrx_word' id='word_1_130' title='bbox 2529 513 2697 586; x_wconf 79' lang='lat' dir='ltr'><strong>signis</strong></span> <span class='ocrx_word' id='word_1_131' title='bbox 2728 525 2897 581; x_wconf 90' lang='lat' dir='ltr'><strong>usque</strong></span> <span class='ocrx_word' id='word_1_132' title='bbox 2942 511 3008 564; x_wconf 89' lang='lat' dir='ltr'><strong>ad</strong></span> <span class='ocrx_word' id='word_1_133' title='bbox 3062 508 3333 578; x_wconf 80' lang='lat' dir='ltr'><strong>psalmum</strong></span> <span class='ocrx_word' id='word_1_134' title='bbox 3365 507 3591 565; x_wconf 53' lang='lat' dir='ltr'><strong>Laetatur;</strong></span> <span class='ocrx_word' id='word_1_135' title='bbox 3622 526 3745 564; x_wconf 66' lang='lat' dir='ltr'><strong>uti.</strong></span> 
     </span>
    </p>
   </div>
   <div class='ocr_carea' id='block_1_21' title="bbox 2186 588 3749 678">
    <p class='ocr_par' dir='ltr' id='par_1_21' title="bbox 2186 588 3749 678">
     <span class='ocr_line' id='line_1_21' title="bbox 2186 588 3749 678; baseline -0.004 -17"><span class='ocrx_word' id='word_1_136' title='bbox 2186 588 2342 678; x_wconf 58' lang='lat' dir='ltr'><strong>(eam)</strong></span> <span class='ocrx_word' id='word_1_137' title='bbox 2380 606 2662 667; x_wconf 89' lang='lat' dir='ltr'><strong>Secundo,</strong></span> <span class='ocrx_word' id='word_1_138' title='bbox 2705 602 2913 671; x_wconf 89' lang='lat' dir='ltr'><strong>signum</strong></span> <span class='ocrx_word' id='word_1_139' title='bbox 2949 600 3092 671; x_wconf 87' lang='lat' dir='ltr'><strong>quod</strong></span> <span class='ocrx_word' id='word_1_140' title='bbox 3125 600 3306 654; x_wconf 91' lang='lat' dir='ltr'><strong>minus</strong></span> <span class='ocrx_word' id='word_1_141' title='bbox 3335 607 3439 663; x_wconf 88' lang='lat' dir='ltr'><strong>est,</strong></span> <span class='ocrx_word' id='word_1_142' title='bbox 3467 599 3749 669; x_wconf 75' lang='lat' dir='ltr'><strong>aliquantu-</strong></span> 
     </span>
    </p>
   </div>
   <div class='ocr_carea' id='block_1_22' title="bbox 2185 688 3750 764">
    <p class='ocr_par' dir='ltr' id='par_1_22' title="bbox 2185 688 3750 764">
     <span class='ocr_line' id='line_1_22' title="bbox 2185 688 3750 764; baseline -0.005 -12"><span class='ocrx_word' id='word_1_143' title='bbox 2185 699 2317 762; x_wconf 88' lang='lat' dir='ltr'><strong>lum,</strong></span> <span class='ocrx_word' id='word_1_144' title='bbox 2351 698 2419 750; x_wconf 91' lang='lat' dir='ltr'><strong>ad</strong></span> <span class='ocrx_word' id='word_1_145' title='bbox 2468 694 2713 764; x_wconf 80' lang='lat' dir='ltr'><strong>Requiem</strong></span> <span class='ocrx_word' id='word_1_146' title='bbox 2766 699 3048 755; x_wconf 74' lang='lat' dir='ltr'><strong>wtcrnam,</strong></span> <span class='ocrx_word' id='word_1_147' title='bbox 3091 703 3263 758; x_wconf 86' lang='lat' dir='ltr'><strong>usque</strong></span> <span class='ocrx_word' id='word_1_148' title='bbox 3321 688 3454 743; x_wconf 87' lang='lat' dir='ltr'><strong>dum</strong></span> <span class='ocrx_word' id='word_1_149' title='bbox 3503 691 3649 745; x_wconf 74' lang='lat' dir='ltr'><strong>linit:</strong></span> <span class='ocrx_word' id='word_1_150' title='bbox 3687 690 3750 744; x_wconf 80' lang='lat' dir='ltr'><strong>sit</strong></span> 
     </span>
    </p>
   </div>
   <div class='ocr_carea' id='block_1_23' title="bbox 2194 779 3747 849">
    <p class='ocr_par' dir='ltr' id='par_1_23' title="bbox 2194 779 3747 849">
     <span class='ocr_line' id='line_1_23' title="bbox 2194 779 3747 849; baseline -0.005 -6"><span class='ocrx_word' id='word_1_151' title='bbox 2194 789 2370 844; x_wconf 90' lang='lat' dir='ltr'><strong>oratio</strong></span> <span class='ocrx_word' id='word_1_152' title='bbox 2398 785 2672 842; x_wconf 87' lang='lat' dir='ltr'><strong>Dominica</strong></span> <span class='ocrx_word' id='word_1_153' title='bbox 2696 800 2818 837; x_wconf 88' lang='lat' dir='ltr'><strong>cum</strong></span> <span class='ocrx_word' id='word_1_154' title='bbox 2841 782 3084 837; x_wconf 88' lang='lat' dir='ltr'><strong>collecta.</strong></span> <span class='ocrx_word' id='word_1_155' title='bbox 3102 780 3354 845; x_wconf 83' lang='lat' dir='ltr'><strong>Tertio,a</strong></span> <span class='ocrx_word' id='word_1_156' title='bbox 3370 779 3535 849; x_wconf 61' lang='grc' dir='ltr'><em>Κρής</em></span> <span class='ocrx_word' id='word_1_157' title='bbox 3555 780 3747 845; x_wconf 67' lang='lat' dir='ltr'><strong>altis&quot;,</strong></span> 
     </span>
    </p>
   </div>
   <div class='ocr_carea' id='block_1_24' title="bbox 2183 871 3748 948">
    <p class='ocr_par' dir='ltr' id='par_1_24' title="bbox 2183 871 3748 948">
     <span class='ocr_line' id='line_1_24' title="bbox 2183 871 3748 948; baseline -0.004 -14"><span class='ocrx_word' id='word_1_158' title='bbox 2183 893 2354 948; x_wconf 88' lang='lat' dir='ltr'><strong>usque</strong></span> <span class='ocrx_word' id='word_1_159' title='bbox 2378 877 2503 933; x_wconf 89' lang='lat' dir='ltr'><strong>dum</strong></span> <span class='ocrx_word' id='word_1_160' title='bbox 2535 876 2663 930; x_wconf 87' lang='lat' dir='ltr'><strong>item</strong></span> <span class='ocrx_word' id='word_1_161' title='bbox 2705 873 2928 929; x_wconf 77' lang='lat' dir='ltr'><strong>ﬁniatur</strong></span> <span class='ocrx_word' id='word_1_162' title='bbox 2955 872 3130 927; x_wconf 80' lang='lat' dir='ltr'><strong>oratio</strong></span> <span class='ocrx_word' id='word_1_163' title='bbox 3166 871 3453 925; x_wconf 86' lang='lat' dir='ltr'><strong>Dominica</strong></span> <span class='ocrx_word' id='word_1_164' title='bbox 3505 887 3623 926; x_wconf 79' lang='lat' dir='ltr'><strong>cum</strong></span> <span class='ocrx_word' id='word_1_165' title='bbox 3653 872 3748 927; x_wconf 82' lang='lat' dir='ltr'><strong>eol-</strong></span> 
     </span>
    </p>
   </div>
   <div class='ocr_carea' id='block_1_25' title="bbox 2182 958 3744 1034">
    <p class='ocr_par' dir='ltr' id='par_1_25' title="bbox 2182 958 3744 1034">
     <span class='ocr_line' id='line_1_25' title="bbox 2182 958 3744 1034; baseline -0.007 -8"><span class='ocrx_word' id='word_1_166' title='bbox 2182 971 2344 1026; x_wconf 90' lang='lat' dir='ltr'><strong>lecta.</strong></span> <span class='ocrx_word' id='word_1_167' title='bbox 2392 967 2631 1034; x_wconf 88' lang='lat' dir='ltr'><strong>Quarto,</strong></span> <span class='ocrx_word' id='word_1_168' title='bbox 2681 965 2831 1020; x_wconf 84' lang='lat' dir='ltr'><strong>ﬁnita</strong></span> <span class='ocrx_word' id='word_1_169' title='bbox 2874 962 3141 1027; x_wconf 87' lang='lat' dir='ltr'><strong>collecta,</strong></span> <span class='ocrx_word' id='word_1_170' title='bbox 3183 962 3254 1016; x_wconf 89' lang='lat' dir='ltr'><strong>ad</strong></span> <span class='ocrx_word' id='word_1_171' title='bbox 3302 960 3414 1016; x_wconf 76' lang='lat' dir='ltr'><strong>Per</strong></span> <span class='ocrx_word' id='word_1_172' title='bbox 3465 958 3744 1029; x_wconf 60' lang='lat' dir='ltr'><strong>Dasium,</strong></span> 
     </span>
    </p>
   </div>
   <div class='ocr_carea' id='block_1_26' title="bbox 2181 1052 3732 1133">
    <p class='ocr_par' dir='ltr' id='par_1_26' title="bbox 2181 1052 3732 1133">
     <span class='ocr_line' id='line_1_26' title="bbox 2181 1052 3732 1133; baseline -0.006 -17"><span class='ocrx_word' id='word_1_173' title='bbox 2181 1063 2464 1133; x_wconf 85' lang='lat' dir='ltr'><strong>pulsantur</strong></span> <span class='ocrx_word' id='word_1_174' title='bbox 2496 1060 2676 1114; x_wconf 85' lang='lat' dir='ltr'><strong>omnia</strong></span> <span class='ocrx_word' id='word_1_175' title='bbox 2704 1057 2889 1127; x_wconf 89' lang='lat' dir='ltr'><strong>signa,</strong></span> <span class='ocrx_word' id='word_1_176' title='bbox 2918 1054 3005 1110; x_wconf 89' lang='lat' dir='ltr'><strong>vel</strong></span> <span class='ocrx_word' id='word_1_177' title='bbox 3049 1055 3095 1109; x_wconf 88' lang='lat' dir='ltr'><strong>si</strong></span> <span class='ocrx_word' id='word_1_178' title='bbox 3129 1061 3212 1109; x_wconf 85' lang='lat' dir='ltr'><strong>est</strong></span> <span class='ocrx_word' id='word_1_179' title='bbox 3236 1053 3454 1123; x_wconf 78' lang='lat' dir='ltr'><strong>privata</strong></span> <span class='ocrx_word' id='word_1_180' title='bbox 3482 1052 3616 1117; x_wconf 86' lang='lat' dir='ltr'><strong>dies,</strong></span> <span class='ocrx_word' id='word_1_181' title='bbox 3640 1053 3732 1107; x_wconf 84' lang='lat' dir='ltr'><strong>duo</strong></span> 
     </span>
    </p>
   </div>
   <div class='ocr_carea' id='block_1_27' title="bbox 2184 1144 3739 1221">
    <p class='ocr_par' dir='ltr' id='par_1_27' title="bbox 2184 1144 3739 1221">
     <span class='ocr_line' id='line_1_27' title="bbox 2184 1144 3739 1221; baseline -0.006 -14"><span class='ocrx_word' id='word_1_182' title='bbox 2184 1153 2250 1207; x_wconf 90' lang='lat' dir='ltr'><strong>ad</strong></span> <span class='ocrx_word' id='word_1_183' title='bbox 2280 1150 2440 1221; x_wconf 79' lang='lat' dir='ltr'><strong>Kyrie</strong></span> <span class='ocrx_word' id='word_1_184' title='bbox 2460 1150 2675 1204; x_wconf 75' lang='lat' dir='ltr'><strong>eleisou.</strong></span> <span class='ocrx_word' id='word_1_185' title='bbox 2700 1147 2859 1221; x_wconf 67' lang='grc' dir='ltr'><strong>(ναν.)</strong></span> <span class='ocrx_word' id='word_1_186' title='bbox 2882 1147 2965 1202; x_wconf 85' lang='lat' dir='ltr'><strong>Ad</strong></span> <span class='ocrx_word' id='word_1_187' title='bbox 2989 1146 3235 1200; x_wconf 87' lang='lat' dir='ltr'><strong>ultimam</strong></span> <span class='ocrx_word' id='word_1_188' title='bbox 3266 1144 3587 1199; x_wconf 87' lang='lat' dir='ltr'><strong>incisionem</strong></span> <span class='ocrx_word' id='word_1_189' title='bbox 3630 1159 3739 1198; x_wconf 60' lang='lat' dir='ltr'><strong>can.</strong></span> 
     </span>
    </p>
   </div>
   <div class='ocr_carea' id='block_1_28' title="bbox 2184 1234 3745 1310">
    <p class='ocr_par' dir='ltr' id='par_1_28' title="bbox 2184 1234 3745 1310">
     <span class='ocr_line' id='line_1_28' title="bbox 2184 1234 3745 1310; baseline -0.004 -15"><span class='ocrx_word' id='word_1_190' title='bbox 2184 1242 2409 1296; x_wconf 91' lang='lat' dir='ltr'><strong>ticorum</strong></span> <span class='ocrx_word' id='word_1_191' title='bbox 2449 1241 2711 1310; x_wconf 83' lang='lat' dir='ltr'><strong>graduum</strong></span> <span class='ocrx_word' id='word_1_192' title='bbox 2748 1248 2875 1293; x_wconf 87' lang='lat' dir='ltr'><strong>ante</strong></span> <span class='ocrx_word' id='word_1_193' title='bbox 2915 1238 3077 1292; x_wconf 86' lang='lat' dir='ltr'><strong>linem</strong></span> <span class='ocrx_word' id='word_1_194' title='bbox 3106 1235 3295 1307; x_wconf 86' lang='lat' dir='ltr'><strong>psalmi</strong></span> <span class='ocrx_word' id='word_1_195' title='bbox 3344 1234 3636 1300; x_wconf 60' lang='lat' dir='ltr'><strong>iumento;</strong></span> <span class='ocrx_word' id='word_1_196' title='bbox 3673 1234 3745 1288; x_wconf 69' lang='grc' dir='ltr'><strong>ττι</strong></span> 
     </span>
    </p>
   </div>
   <div class='ocr_carea' id='block_1_29' title="bbox 2181 1324 3743 1402">
    <p class='ocr_par' dir='ltr' id='par_1_29' title="bbox 2181 1324 3743 1402">
     <span class='ocr_line' id='line_1_29' title="bbox 2181 1324 3743 1402; baseline -0.006 -15"><span class='ocrx_word' id='word_1_197' title='bbox 2181 1333 2225 1387; x_wconf 89' lang='lat' dir='ltr'><strong>si</strong></span> <span class='ocrx_word' id='word_1_198' title='bbox 2258 1332 2478 1402; x_wconf 80' lang='lat' dir='ltr'><strong>triginta</strong></span> <span class='ocrx_word' id='word_1_199' title='bbox 2524 1330 2845 1395; x_wconf 87' lang='lat' dir='ltr'><strong>recitantur,</strong></span> <span class='ocrx_word' id='word_1_200' title='bbox 2891 1328 3131 1383; x_wconf 68' lang='lat' dir='ltr'><strong>Laudat:</strong></span> <span class='ocrx_word' id='word_1_201' title='bbox 3155 1326 3443 1380; x_wconf 81' lang='lat' dir='ltr'><strong>Dominum</strong></span> <span class='ocrx_word' id='word_1_202' title='bbox 3490 1331 3553 1379; x_wconf 82' lang='lat' dir='ltr'><strong>de</strong></span> <span class='ocrx_word' id='word_1_203' title='bbox 3598 1324 3743 1388; x_wconf 69' lang='lat' dir='ltr'><strong>edit,</strong></span> 
     </span>
    </p>
   </div>
   <div class='ocr_carea' id='block_1_30' title="bbox 2181 1416 3745 1478">
    <p class='ocr_par' dir='ltr' id='par_1_30' title="bbox 2181 1416 3745 1478">
     <span class='ocr_line' id='line_1_30' title="bbox 2181 1416 3745 1478; baseline -0.003 -2"><span class='ocrx_word' id='word_1_204' title='bbox 2181 1423 2425 1478; x_wconf 91' lang='lat' dir='ltr'><strong>accendit</strong></span> <span class='ocrx_word' id='word_1_205' title='bbox 2454 1422 2595 1476; x_wconf 90' lang='lat' dir='ltr'><strong>idem</strong></span> <span class='ocrx_word' id='word_1_206' title='bbox 2636 1424 2772 1476; x_wconf 88' lang='lat' dir='ltr'><strong>duos</strong></span> <span class='ocrx_word' id='word_1_207' title='bbox 2822 1434 3008 1475; x_wconf 90' lang='lat' dir='ltr'><strong>cereos</strong></span> <span class='ocrx_word' id='word_1_208' title='bbox 3036 1418 3382 1473; x_wconf 90' lang='lat' dir='ltr'><strong>eandelabris</strong></span> <span class='ocrx_word' id='word_1_209' title='bbox 3411 1416 3601 1473; x_wconf 78' lang='lat' dir='ltr'><strong>aﬂixos</strong></span> <span class='ocrx_word' id='word_1_210' title='bbox 3640 1430 3745 1472; x_wconf 81' lang='lat' dir='ltr'><strong>ante</strong></span> 
     </span>
    </p>
   </div>
   <div class='ocr_carea' id='block_1_31' title="bbox 2181 1510 3746 1580">
    <p class='ocr_par' dir='ltr' id='par_1_31' title="bbox 2181 1510 3746 1580">
     <span class='ocr_line' id='line_1_31' title="bbox 2181 1510 3746 1580; baseline -0.003 -13"><span class='ocrx_word' id='word_1_211' title='bbox 2181 1514 2373 1580; x_wconf 90' lang='lat' dir='ltr'><strong>altare,</strong></span> <span class='ocrx_word' id='word_1_212' title='bbox 2418 1522 2473 1568; x_wconf 90' lang='lat' dir='ltr'><strong>et</strong></span> <span class='ocrx_word' id='word_1_213' title='bbox 2519 1514 2737 1567; x_wconf 88' lang='lat' dir='ltr'><strong>tertimn</strong></span> <span class='ocrx_word' id='word_1_214' title='bbox 2782 1521 2930 1567; x_wconf 91' lang='lat' dir='ltr'><strong>retro</strong></span> <span class='ocrx_word' id='word_1_215' title='bbox 2968 1512 3165 1567; x_wconf 90' lang='lat' dir='ltr'><strong>altare.</strong></span> <span class='ocrx_word' id='word_1_216' title='bbox 3195 1515 3214 1531; x_wconf 79' lang='lat'><strong><em>&#39;</em></strong></span> <span class='ocrx_word' id='word_1_217' title='bbox 3252 1510 3409 1577; x_wconf 83' lang='lat' dir='ltr'><strong>Quod</strong></span> <span class='ocrx_word' id='word_1_218' title='bbox 3451 1511 3500 1565; x_wconf 91' lang='lat' dir='ltr'><strong>si</strong></span> <span class='ocrx_word' id='word_1_219' title='bbox 3538 1510 3649 1579; x_wconf 86' lang='lat' dir='ltr'><strong>ipse</strong></span> <span class='ocrx_word' id='word_1_220' title='bbox 3679 1510 3746 1563; x_wconf 88' lang='lat' dir='ltr'><strong>in-</strong></span> 
     </span>
    </p>
   </div>
   <div class='ocr_carea' id='block_1_32' title="bbox 2185 1599 3749 1673">
    <p class='ocr_par' dir='ltr' id='par_1_32' title="bbox 2185 1599 3749 1673">
     <span class='ocr_line' id='line_1_32' title="bbox 2185 1599 3749 1673; baseline -0.002 -16"><span class='ocrx_word' id='word_1_221' title='bbox 2185 1603 2393 1657; x_wconf 89' lang='lat' dir='ltr'><strong>terdum</strong></span> <span class='ocrx_word' id='word_1_222' title='bbox 2422 1602 2646 1672; x_wconf 85' lang='lat' dir='ltr'><strong>privatis</strong></span> <span class='ocrx_word' id='word_1_223' title='bbox 2667 1601 2859 1657; x_wconf 87' lang='lat' dir='ltr'><strong>diebus</strong></span> <span class='ocrx_word' id='word_1_224' title='bbox 2892 1610 3014 1672; x_wconf 90' lang='lat' dir='ltr'><strong>post</strong></span> <span class='ocrx_word' id='word_1_225' title='bbox 3045 1616 3303 1658; x_wconf 88' lang='lat' dir='ltr'><strong>accensos</strong></span> <span class='ocrx_word' id='word_1_226' title='bbox 3330 1614 3525 1655; x_wconf 82' lang='lat' dir='ltr'><strong>cereos</strong></span> <span class='ocrx_word' id='word_1_227' title='bbox 3557 1600 3622 1654; x_wconf 84' lang='lat' dir='ltr'><strong>ad</strong></span> <span class='ocrx_word' id='word_1_228' title='bbox 3648 1599 3749 1673; x_wconf 63' lang='lat' dir='ltr'><strong>pel~</strong></span> 
     </span>
    </p>
   </div>
   <div class='ocr_carea' id='block_1_33' title="bbox 2181 1691 3747 1762">
    <p class='ocr_par' dir='ltr' id='par_1_33' title="bbox 2181 1691 3747 1762">
     <span class='ocr_line' id='line_1_33' title="bbox 2181 1691 3747 1762; baseline -0.001 -14"><span class='ocrx_word' id='word_1_229' title='bbox 2181 1694 2409 1748; x_wconf 89' lang='lat' dir='ltr'><strong>sandum</strong></span> <span class='ocrx_word' id='word_1_230' title='bbox 2444 1694 2759 1762; x_wconf 85' lang='lat' dir='ltr'><strong>tempestive</strong></span> <span class='ocrx_word' id='word_1_231' title='bbox 2798 1710 2903 1747; x_wconf 92' lang='lat' dir='ltr'><strong>non</strong></span> <span class='ocrx_word' id='word_1_232' title='bbox 2947 1694 3264 1758; x_wconf 85' lang='lat' dir='ltr'><strong>revertitur,</strong></span> <span class='ocrx_word' id='word_1_233' title='bbox 3306 1694 3377 1747; x_wconf 88' lang='lat' dir='ltr'><strong>ab</strong></span> <span class='ocrx_word' id='word_1_234' title='bbox 3412 1691 3597 1761; x_wconf 79' lang='lat' dir='ltr'><strong>aliquo</strong></span> <span class='ocrx_word' id='word_1_235' title='bbox 3638 1705 3747 1747; x_wconf 73' lang='lat' dir='ltr'><strong>mn-</strong></span> 
     </span>
    </p>
   </div>
   <div class='ocr_carea' id='block_1_34' title="bbox 505 1782 3751 1857">
    <p class='ocr_par' dir='ltr' id='par_1_34' title="bbox 505 1782 3751 1857">
     <span class='ocr_line' id='line_1_34' title="bbox 505 1782 3751 1857; baseline -0.003 -13"><span class='ocrx_word' id='word_1_236' title='bbox 505 1805 686 1857; x_wconf 85' lang='lat' dir='ltr'><strong>tamen</strong></span> <span class='ocrx_word' id='word_1_237' title='bbox 720 1792 886 1846; x_wconf 82' lang='lat' dir='ltr'><strong>ﬁnitis</strong></span> <span class='ocrx_word' id='word_1_238' title='bbox 926 1792 1134 1845; x_wconf 89' lang='lat' dir='ltr'><strong>duobus</strong></span> <span class='ocrx_word' id='word_1_239' title='bbox 1167 1790 1446 1847; x_wconf 83' lang='lat' dir='ltr'><strong>nocturnis</strong></span> <span class='ocrx_word' id='word_1_240' title='bbox 1475 1800 1598 1844; x_wconf 86' lang='lat' dir='ltr'><strong>ante</strong></span> <span class='ocrx_word' id='word_1_241' title='bbox 1624 1790 1857 1844; x_wconf 74' lang='lat' dir='ltr'><strong>ofﬁcium</strong></span> <span class='ocrx_word' id='word_1_242' title='bbox 1887 1788 2078 1843; x_wconf 83' lang='lat' dir='ltr'><strong>defun-</strong></span> <span class='ocrx_word' id='word_1_243' title='bbox 2106 1788 2154 1847; x_wconf 88' lang='lat' dir='ltr'><strong>B</strong></span> <span class='ocrx_word' id='word_1_244' title='bbox 2183 1786 2457 1857; x_wconf 86' lang='lat' dir='ltr'><strong>sociorum</strong></span> <span class='ocrx_word' id='word_1_245' title='bbox 2514 1784 2633 1855; x_wconf 86' lang='lat' dir='ltr'><strong>ejus</strong></span> <span class='ocrx_word' id='word_1_246' title='bbox 2688 1784 2951 1854; x_wconf 89' lang='lat' dir='ltr'><strong>pulsatur.</strong></span> <span class='ocrx_word' id='word_1_247' title='bbox 3006 1784 3143 1838; x_wconf 86' lang='lat' dir='ltr'><strong>Tres</strong></span> <span class='ocrx_word' id='word_1_248' title='bbox 3194 1793 3377 1837; x_wconf 87' lang='lat' dir='ltr'><strong>autem</strong></span> <span class='ocrx_word' id='word_1_249' title='bbox 3426 1782 3574 1837; x_wconf 82' lang='lat' dir='ltr'><strong>cerei</strong></span> <span class='ocrx_word' id='word_1_250' title='bbox 3625 1791 3751 1836; x_wconf 84' lang='lat' dir='ltr'><strong>retro</strong></span> 
     </span>
    </p>
   </div>
   <div class='ocr_carea' id='block_1_35' title="bbox 503 1880 2073 1952">
    <p class='ocr_par' dir='ltr' id='par_1_35' title="bbox 503 1880 2073 1952">
     <span class='ocr_line' id='line_1_35' title="bbox 503 1880 2073 1952; baseline -0.003 -14"><span class='ocrx_word' id='word_1_251' title='bbox 503 1895 736 1947; x_wconf 88' lang='lat' dir='ltr'><strong>ctorum,</strong></span> <span class='ocrx_word' id='word_1_252' title='bbox 763 1884 903 1952; x_wconf 89' lang='lat' dir='ltr'><strong>quod</strong></span> <span class='ocrx_word' id='word_1_253' title='bbox 936 1884 989 1937; x_wconf 88' lang='lat' dir='ltr'><strong>in</strong></span> <span class='ocrx_word' id='word_1_254' title='bbox 1015 1892 1172 1938; x_wconf 92' lang='lat' dir='ltr'><strong>nocte</strong></span> <span class='ocrx_word' id='word_1_255' title='bbox 1201 1891 1470 1948; x_wconf 85' lang='lat' dir='ltr'><strong>cantatur,</strong></span> <span class='ocrx_word' id='word_1_256' title='bbox 1499 1896 1712 1950; x_wconf 86' lang='lat' dir='ltr'><strong>semper</strong></span> <span class='ocrx_word' id='word_1_257' title='bbox 1739 1896 1832 1936; x_wconf 90' lang='lat' dir='ltr'><strong>eas</strong></span> <span class='ocrx_word' id='word_1_258' title='bbox 1853 1880 2073 1945; x_wconf 81' lang='lat' dir='ltr'><strong>claudit,</strong></span> 
     </span>
    </p>
   </div>
   <div class='ocr_carea' id='block_1_36' title="bbox 503 1970 2076 2043">
    <p class='ocr_par' dir='ltr' id='par_1_36' title="bbox 503 1970 2076 2043">
     <span class='ocr_line' id='line_1_36' title="bbox 503 1970 2076 2043; baseline -0.001 -17"><span class='ocrx_word' id='word_1_259' title='bbox 503 1982 667 2043; x_wconf 80' lang='lat' dir='ltr'><strong>atque</strong></span> <span class='ocrx_word' id='word_1_260' title='bbox 692 1973 763 2027; x_wconf 87' lang='lat' dir='ltr'><strong>ita</strong></span> <span class='ocrx_word' id='word_1_261' title='bbox 799 1981 1117 2042; x_wconf 87' lang='lat' dir='ltr'><strong>permanent</strong></span> <span class='ocrx_word' id='word_1_262' title='bbox 1150 1986 1319 2041; x_wconf 86' lang='lat' dir='ltr'><strong>usque</strong></span> <span class='ocrx_word' id='word_1_263' title='bbox 1350 1972 1473 2025; x_wconf 88' lang='lat' dir='ltr'><strong>dum</strong></span> <span class='ocrx_word' id='word_1_264' title='bbox 1515 1971 1665 2024; x_wconf 88' lang='lat' dir='ltr'><strong>scilla</strong></span> <span class='ocrx_word' id='word_1_265' title='bbox 1705 1979 1831 2025; x_wconf 83' lang='lat' dir='ltr'><strong>ante</strong></span> <span class='ocrx_word' id='word_1_266' title='bbox 1860 1970 2076 2025; x_wconf 85' lang='lat' dir='ltr'><strong>tertiam</strong></span> 
     </span>
    </p>
   </div>
   <div class='ocr_carea' id='block_1_37' title="bbox 500 2062 2070 2135">
    <p class='ocr_par' dir='ltr' id='par_1_37' title="bbox 500 2062 2070 2135">
     <span class='ocr_line' id='line_1_37' title="bbox 500 2062 2070 2135; baseline -0.001 -17"><span class='ocrx_word' id='word_1_267' title='bbox 500 2065 784 2135; x_wconf 80' lang='lat' dir='ltr'><strong>pulsetur:</strong></span> <span class='ocrx_word' id='word_1_268' title='bbox 821 2065 1078 2134; x_wconf 77' lang='lat' dir='ltr'><strong>ﬁnitaque</strong></span> <span class='ocrx_word' id='word_1_269' title='bbox 1131 2065 1293 2119; x_wconf 89' lang='lat' dir='ltr'><strong>missa</strong></span> <span class='ocrx_word' id='word_1_270' title='bbox 1354 2063 1658 2117; x_wconf 86' lang='lat' dir='ltr'><strong>tuatutinali</strong></span> <span class='ocrx_word' id='word_1_271' title='bbox 1693 2062 1895 2117; x_wconf 87' lang='lat' dir='ltr'><strong>claudit</strong></span> <span class='ocrx_word' id='word_1_272' title='bbox 1946 2076 2070 2127; x_wconf 88' lang='lat' dir='ltr'><strong>eas,</strong></span> 
     </span>
    </p>
   </div>
   <div class='ocr_carea' id='block_1_38' title="bbox 501 2150 2076 2219">
    <p class='ocr_par' dir='ltr' id='par_1_38' title="bbox 501 2150 2076 2219">
     <span class='ocr_line' id='line_1_38' title="bbox 501 2150 2076 2219; baseline -0.003 -13"><span class='ocrx_word' id='word_1_273' title='bbox 501 2150 805 2218; x_wconf 74' lang='lat' dir='ltr'><strong>clauszeqne</strong></span> <span class='ocrx_word' id='word_1_274' title='bbox 865 2159 1187 2219; x_wconf 88' lang='lat' dir='ltr'><strong>permanent</strong></span> <span class='ocrx_word' id='word_1_275' title='bbox 1251 2164 1420 2216; x_wconf 84' lang='lat' dir='ltr'><strong>usque</strong></span> <span class='ocrx_word' id='word_1_276' title='bbox 1475 2157 1597 2217; x_wconf 88' lang='lat' dir='ltr'><strong>post</strong></span> <span class='ocrx_word' id='word_1_277' title='bbox 1647 2157 1895 2214; x_wconf 80' lang='lat' dir='ltr'><strong>sextam;</strong></span> <span class='ocrx_word' id='word_1_278' title='bbox 1952 2156 2076 2202; x_wconf 86' lang='lat' dir='ltr'><strong>tunc</strong></span> 
     </span>
    </p>
   </div>
   <div class='ocr_carea' id='block_1_39' title="bbox 502 2237 2073 2311">
    <p class='ocr_par' dir='ltr' id='par_1_39' title="bbox 502 2237 2073 2311">
     <span class='ocr_line' id='line_1_39' title="bbox 502 2237 2073 2311; baseline -0.004 -16"><span class='ocrx_word' id='word_1_279' title='bbox 502 2242 815 2311; x_wconf 84' lang='lat' dir='ltr'><strong>aperiuntur</strong></span> <span class='ocrx_word' id='word_1_280' title='bbox 856 2250 908 2293; x_wconf 83' lang='lat' dir='ltr'><strong>et</strong></span> <span class='ocrx_word' id='word_1_281' title='bbox 934 2240 1094 2294; x_wconf 81' lang='lat' dir='ltr'><strong>missa</strong></span> <span class='ocrx_word' id='word_1_282' title='bbox 1125 2239 1271 2293; x_wconf 84' lang='lat' dir='ltr'><strong>ﬁnita</strong></span> <span class='ocrx_word' id='word_1_283' title='bbox 1316 2254 1484 2308; x_wconf 89' lang='lat' dir='ltr'><strong>usque</strong></span> <span class='ocrx_word' id='word_1_284' title='bbox 1527 2239 1594 2291; x_wconf 88' lang='lat' dir='ltr'><strong>ad</strong></span> <span class='ocrx_word' id='word_1_285' title='bbox 1642 2253 1894 2306; x_wconf 83' lang='lat' dir='ltr'><strong>vesperas</strong></span> <span class='ocrx_word' id='word_1_286' title='bbox 1924 2237 2073 2291; x_wconf 52' lang='lat' dir='ltr'><strong>clauq</strong></span> 
     </span>
    </p>
   </div>
   <div class='ocr_carea' id='block_1_40' title="bbox 501 2327 2076 2399">
    <p class='ocr_par' dir='ltr' id='par_1_40' title="bbox 501 2327 2076 2399">
     <span class='ocr_line' id='line_1_40' title="bbox 501 2327 2076 2399; baseline -0.002 -14"><span class='ocrx_word' id='word_1_287' title='bbox 501 2329 719 2385; x_wconf 88' lang='lat' dir='ltr'><strong>duntur.</strong></span> <span class='ocrx_word' id='word_1_288' title='bbox 741 2329 869 2385; x_wconf 79' lang='lat' dir='ltr'><strong>Post</strong></span> <span class='ocrx_word' id='word_1_289' title='bbox 891 2329 1164 2399; x_wconf 83' lang='lat' dir='ltr'><strong>regulares</strong></span> <span class='ocrx_word' id='word_1_290' title='bbox 1187 2344 1442 2398; x_wconf 88' lang='lat' dir='ltr'><strong>vesperas</strong></span> <span class='ocrx_word' id='word_1_291' title='bbox 1461 2327 1785 2382; x_wconf 90' lang='lat' dir='ltr'><strong>clauduntur</strong></span> <span class='ocrx_word' id='word_1_292' title='bbox 1810 2329 1881 2382; x_wconf 91' lang='lat' dir='ltr'><strong>ita</strong></span> <span class='ocrx_word' id='word_1_293' title='bbox 1908 2342 2076 2395; x_wconf 93' lang='lat' dir='ltr'><strong>usque</strong></span> 
     </span>
    </p>
   </div>
   <div class='ocr_carea' id='block_1_41' title="bbox 500 2420 2075 2490">
    <p class='ocr_par' dir='ltr' id='par_1_41' title="bbox 500 2420 2075 2490">
     <span class='ocr_line' id='line_1_41' title="bbox 500 2420 2075 2490; baseline -0.001 -14"><span class='ocrx_word' id='word_1_294' title='bbox 500 2421 567 2487; x_wconf 89' lang='lat' dir='ltr'><strong>ad</strong></span> <span class='ocrx_word' id='word_1_295' title='bbox 607 2431 903 2476; x_wconf 88' lang='lat' dir='ltr'><strong>nocturnos</strong></span> <span class='ocrx_word' id='word_1_296' title='bbox 955 2436 1342 2490; x_wconf 83' lang='lat' dir='ltr'><strong>permansurae.</strong></span> <span class='ocrx_word' id='word_1_297' title='bbox 1383 2420 1442 2474; x_wconf 92' lang='lat' dir='ltr'><strong>ln</strong></span> <span class='ocrx_word' id='word_1_298' title='bbox 1492 2429 1681 2475; x_wconf 73' lang='lat' dir='ltr'><strong>mstate</strong></span> <span class='ocrx_word' id='word_1_299' title='bbox 1728 2420 1911 2488; x_wconf 82' lang='lat' dir='ltr'><strong>itaque</strong></span> <span class='ocrx_word' id='word_1_300' title='bbox 1951 2435 2075 2475; x_wconf 92' lang='lat' dir='ltr'><strong>cum</strong></span> 
     </span>
    </p>
   </div>
   <div class='ocr_carea' id='block_1_42' title="bbox 499 2496 2076 2581">
    <p class='ocr_par' dir='ltr' id='par_1_42' title="bbox 499 2496 2076 2581">
     <span class='ocr_line' id='line_1_42' title="bbox 499 2496 2076 2581; baseline -0.002 -14"><span class='ocrx_word' id='word_1_301' title='bbox 499 2496 685 2567; x_wconf 79' lang='lat' dir='ltr'><strong>statim</strong></span> <span class='ocrx_word' id='word_1_302' title='bbox 720 2521 839 2581; x_wconf 90' lang='lat' dir='ltr'><strong>post</strong></span> <span class='ocrx_word' id='word_1_303' title='bbox 888 2511 1214 2565; x_wconf 85' lang='lat' dir='ltr'><strong>matutinum</strong></span> <span class='ocrx_word' id='word_1_304' title='bbox 1264 2510 1567 2580; x_wconf 82' lang='lat' dir='ltr'><strong>regularem</strong></span> <span class='ocrx_word' id='word_1_305' title='bbox 1618 2509 1969 2575; x_wconf 89' lang='lat' dir='ltr'><strong>clauduntur;</strong></span> <span class='ocrx_word' id='word_1_306' title='bbox 2008 2510 2076 2564; x_wconf 86' lang='lat' dir='ltr'><strong>ad</strong></span> 
     </span>
    </p>
   </div>
   <div class='ocr_carea' id='block_1_43' title="bbox 497 2599 2078 2673">
    <p class='ocr_par' dir='ltr' id='par_1_43' title="bbox 497 2599 2078 2673">
     <span class='ocr_line' id='line_1_43' title="bbox 497 2599 2078 2673; baseline -0.001 -17"><span class='ocrx_word' id='word_1_307' title='bbox 497 2603 728 2673; x_wconf 89' lang='lat' dir='ltr'><strong>primam</strong></span> <span class='ocrx_word' id='word_1_308' title='bbox 782 2603 1136 2671; x_wconf 88' lang='lat' dir='ltr'><strong>aperiuntur,</strong></span> <span class='ocrx_word' id='word_1_309' title='bbox 1192 2610 1248 2656; x_wconf 92' lang='lat' dir='ltr'><strong>et</strong></span> <span class='ocrx_word' id='word_1_310' title='bbox 1314 2616 1484 2670; x_wconf 88' lang='lat' dir='ltr'><strong>usque</strong></span> <span class='ocrx_word' id='word_1_311' title='bbox 1546 2602 1672 2655; x_wconf 88' lang='lat' dir='ltr'><strong>dum</strong></span> <span class='ocrx_word' id='word_1_312' title='bbox 1740 2599 2078 2655; x_wconf 88' lang='lat' dir='ltr'><strong>matutinalis</strong></span> 
     </span>
    </p>
   </div>
   <div class='ocr_carea' id='block_1_44' title="bbox 499 2691 2075 2763">
    <p class='ocr_par' dir='ltr' id='par_1_44' title="bbox 499 2691 2075 2763">
     <span class='ocr_line' id='line_1_44' title="bbox 499 2691 2075 2763; baseline -0.003 -16"><span class='ocrx_word' id='word_1_313' title='bbox 499 2694 664 2749; x_wconf 86' lang='lat' dir='ltr'><strong>missa</strong></span> <span class='ocrx_word' id='word_1_314' title='bbox 706 2694 945 2759; x_wconf 78' lang='lat' dir='ltr'><strong>finiatur,</strong></span> <span class='ocrx_word' id='word_1_315' title='bbox 976 2701 1180 2763; x_wconf 86' lang='lat' dir='ltr'><strong>patent.</strong></span> <span class='ocrx_word' id='word_1_316' title='bbox 1208 2691 1336 2760; x_wconf 70' lang='lat' dir='ltr'><strong>Qua:</strong></span> <span class='ocrx_word' id='word_1_317' title='bbox 1368 2701 1495 2747; x_wconf 89' lang='lat' dir='ltr'><strong>tunc</strong></span> <span class='ocrx_word' id='word_1_318' title='bbox 1524 2692 1720 2747; x_wconf 74' lang='lat' dir='ltr'><strong>clausa:</strong></span> <span class='ocrx_word' id='word_1_319' title='bbox 1749 2694 1816 2746; x_wconf 89' lang='lat' dir='ltr'><strong>ad</strong></span> <span class='ocrx_word' id='word_1_320' title='bbox 1855 2692 2075 2748; x_wconf 80' lang='lat' dir='ltr'><strong>missam</strong></span> 
     </span>
    </p>
   </div>
   <div class='ocr_carea' id='block_1_45' title="bbox 500 2780 2073 2856">
    <p class='ocr_par' dir='ltr' id='par_1_45' title="bbox 500 2780 2073 2856">
     <span class='ocr_line' id='line_1_45' title="bbox 500 2780 2073 2856; baseline -0.006 -14"><span class='ocrx_word' id='word_1_321' title='bbox 500 2785 839 2856; x_wconf 84' lang='lat' dir='ltr'><strong>aperiuntur,</strong></span> <span class='ocrx_word' id='word_1_322' title='bbox 868 2797 1055 2853; x_wconf 82' lang='lat' dir='ltr'><strong>p05tea</strong></span> <span class='ocrx_word' id='word_1_323' title='bbox 1102 2797 1275 2851; x_wconf 91' lang='lat' dir='ltr'><strong>usque</strong></span> <span class='ocrx_word' id='word_1_324' title='bbox 1320 2782 1388 2835; x_wconf 91' lang='lat' dir='ltr'><strong>ad</strong></span> <span class='ocrx_word' id='word_1_325' title='bbox 1435 2796 1684 2850; x_wconf 85' lang='lat' dir='ltr'><strong>vesperas</strong></span> <span class='ocrx_word' id='word_1_326' title='bbox 1731 2780 2073 2835; x_wconf 85' lang='lat' dir='ltr'><strong>obserantur.</strong></span> 
     </span>
    </p>
   </div>
   <div class='ocr_carea' id='block_1_46' title="bbox 502 2868 2077 2942">
    <p class='ocr_par' dir='ltr' id='par_1_46' title="bbox 502 2868 2077 2942">
     <span class='ocr_line' id='line_1_46' title="bbox 502 2868 2077 2942; baseline -0.005 -14"><span class='ocrx_word' id='word_1_327' title='bbox 502 2874 708 2939; x_wconf 81' lang='lat' dir='ltr'><strong>Quibus</strong></span> <span class='ocrx_word' id='word_1_328' title='bbox 742 2874 909 2928; x_wconf 77' lang='lat' dir='ltr'><strong>{initis</strong></span> <span class='ocrx_word' id='word_1_329' title='bbox 951 2887 1120 2942; x_wconf 86' lang='lat' dir='ltr'><strong>usque</strong></span> <span class='ocrx_word' id='word_1_330' title='bbox 1147 2872 1212 2924; x_wconf 90' lang='lat' dir='ltr'><strong>ad</strong></span> <span class='ocrx_word' id='word_1_331' title='bbox 1247 2879 1543 2924; x_wconf 90' lang='lat' dir='ltr'><strong>nocturnos</strong></span> <span class='ocrx_word' id='word_1_332' title='bbox 1575 2869 1793 2924; x_wconf 91' lang='lat' dir='ltr'><strong>omnino</strong></span> <span class='ocrx_word' id='word_1_333' title='bbox 1820 2868 2077 2923; x_wconf 87' lang='lat' dir='ltr'><strong>claudun-</strong></span> 
     </span>
    </p>
   </div>
   <div class='ocr_carea' id='block_1_47' title="bbox 499 2956 2079 3033">
    <p class='ocr_par' dir='ltr' id='par_1_47' title="bbox 499 2956 2079 3033">
     <span class='ocr_line' id='line_1_47' title="bbox 499 2956 2079 3033; baseline -0.006 -16"><span class='ocrx_word' id='word_1_334' title='bbox 499 2976 611 3023; x_wconf 89' lang='lat' dir='ltr'><strong>tur.</strong></span> <span class='ocrx_word' id='word_1_335' title='bbox 650 2964 708 3017; x_wconf 89' lang='lat' dir='ltr'><strong>ln</strong></span> <span class='ocrx_word' id='word_1_336' title='bbox 739 2963 1159 3033; x_wconf 80' lang='lat' dir='ltr'><strong>Quadragesima</strong></span> <span class='ocrx_word' id='word_1_337' title='bbox 1210 2960 1438 3030; x_wconf 86' lang='lat' dir='ltr'><strong>privatis</strong></span> <span class='ocrx_word' id='word_1_338' title='bbox 1469 2958 1657 3013; x_wconf 90' lang='lat' dir='ltr'><strong>diebus</strong></span> <span class='ocrx_word' id='word_1_339' title='bbox 1702 2968 1821 3028; x_wconf 88' lang='lat' dir='ltr'><strong>post</strong></span> <span class='ocrx_word' id='word_1_340' title='bbox 1858 2956 2079 3011; x_wconf 81' lang='lat' dir='ltr'><strong>matuti-</strong></span> 
     </span>
    </p>
   </div>
   <div class='ocr_carea' id='block_1_48' title="bbox 496 3046 2078 3121">
    <p class='ocr_par' dir='ltr' id='par_1_48' title="bbox 496 3046 2078 3121">
     <span class='ocr_line' id='line_1_48' title="bbox 496 3046 2078 3121; baseline -0.004 -14"><span class='ocrx_word' id='word_1_341' title='bbox 496 3053 679 3109; x_wconf 88' lang='lat' dir='ltr'><strong>nalem</strong></span> <span class='ocrx_word' id='word_1_342' title='bbox 728 3053 947 3107; x_wconf 88' lang='lat' dir='ltr'><strong>missam</strong></span> <span class='ocrx_word' id='word_1_343' title='bbox 993 3052 1343 3115; x_wconf 87' lang='lat' dir='ltr'><strong>clauduntur,</strong></span> <span class='ocrx_word' id='word_1_344' title='bbox 1374 3064 1548 3121; x_wconf 85' lang='lat' dir='ltr'><strong>usque</strong></span> <span class='ocrx_word' id='word_1_345' title='bbox 1586 3051 1714 3105; x_wconf 91' lang='lat' dir='ltr'><strong>dum</strong></span> <span class='ocrx_word' id='word_1_346' title='bbox 1758 3047 1970 3118; x_wconf 85' lang='lat' dir='ltr'><strong>vesperi</strong></span> <span class='ocrx_word' id='word_1_347' title='bbox 2017 3046 2078 3101; x_wconf 88' lang='lat' dir='ltr'><strong>li-</strong></span> 
     </span>
    </p>
   </div>
   <div class='ocr_carea' id='block_1_49' title="bbox 2181 1873 3747 1945">
    <p class='ocr_par' dir='ltr' id='par_1_49' title="bbox 2181 1873 3747 1945">
     <span class='ocr_line' id='line_1_49' title="bbox 2181 1873 3747 1945; baseline -0.003 -15"><span class='ocrx_word' id='word_1_348' title='bbox 2181 1877 2354 1932; x_wconf 90' lang='lat' dir='ltr'><strong>altare</strong></span> <span class='ocrx_word' id='word_1_349' title='bbox 2379 1874 2551 1945; x_wconf 90' lang='lat' dir='ltr'><strong>majus</strong></span> <span class='ocrx_word' id='word_1_350' title='bbox 2576 1877 2832 1945; x_wconf 87' lang='lat' dir='ltr'><strong>pendent,</strong></span> <span class='ocrx_word' id='word_1_351' title='bbox 2859 1890 3089 1944; x_wconf 90' lang='lat' dir='ltr'><strong>quorum</strong></span> <span class='ocrx_word' id='word_1_352' title='bbox 3121 1873 3333 1928; x_wconf 90' lang='lat' dir='ltr'><strong>medius</strong></span> <span class='ocrx_word' id='word_1_353' title='bbox 3367 1873 3457 1945; x_wconf 89' lang='lat' dir='ltr'><strong>(de</strong></span> <span class='ocrx_word' id='word_1_354' title='bbox 3483 1889 3592 1942; x_wconf 88' lang='lat' dir='ltr'><strong>quo</strong></span> <span class='ocrx_word' id='word_1_355' title='bbox 3624 1887 3747 1942; x_wconf 70' lang='lat' dir='ltr'><strong>pra:-</strong></span> 
     </span>
    </p>
   </div>
   <div class='ocr_carea' id='block_1_50' title="bbox 2180 1963 3746 2037">
    <p class='ocr_par' dir='ltr' id='par_1_50' title="bbox 2180 1963 3746 2037">
     <span class='ocr_line' id='line_1_50' title="bbox 2180 1963 3746 2037; baseline -0.004 -14"><span class='ocrx_word' id='word_1_356' title='bbox 2180 1969 2384 2024; x_wconf 91' lang='lat' dir='ltr'><strong>dictum</strong></span> <span class='ocrx_word' id='word_1_357' title='bbox 2416 1966 2521 2037; x_wconf 89' lang='lat' dir='ltr'><strong>est)</strong></span> <span class='ocrx_word' id='word_1_358' title='bbox 2545 1967 2789 2037; x_wconf 87' lang='lat' dir='ltr'><strong>quotidie</strong></span> <span class='ocrx_word' id='word_1_359' title='bbox 2818 1966 2885 2020; x_wconf 88' lang='lat' dir='ltr'><strong>ad</strong></span> <span class='ocrx_word' id='word_1_360' title='bbox 2916 1976 3211 2021; x_wconf 85' lang='lat' dir='ltr'><strong>nocturnos</strong></span> <span class='ocrx_word' id='word_1_361' title='bbox 3253 1976 3307 2020; x_wconf 85' lang='lat' dir='ltr'><strong>et</strong></span> <span class='ocrx_word' id='word_1_362' title='bbox 3356 1978 3649 2034; x_wconf 87' lang='lat' dir='ltr'><strong>vesperos,</strong></span> <span class='ocrx_word' id='word_1_363' title='bbox 3698 1963 3746 2016; x_wconf 83' lang='lat' dir='ltr'><strong>in</strong></span> 
     </span>
    </p>
   </div>
   <div class='ocr_carea' id='block_1_51' title="bbox 2179 2055 3752 2119">
    <p class='ocr_par' dir='ltr' id='par_1_51' title="bbox 2179 2055 3752 2119">
     <span class='ocr_line' id='line_1_51' title="bbox 2179 2055 3752 2119; baseline -0.006 0"><span class='ocrx_word' id='word_1_364' title='bbox 2179 2063 2457 2119; x_wconf 90' lang='lat' dir='ltr'><strong>duodecim</strong></span> <span class='ocrx_word' id='word_1_365' title='bbox 2482 2062 2803 2117; x_wconf 88' lang='lat' dir='ltr'><strong>lectionibus</strong></span> <span class='ocrx_word' id='word_1_366' title='bbox 2824 2060 2890 2113; x_wconf 87' lang='lat' dir='ltr'><strong>ad</strong></span> <span class='ocrx_word' id='word_1_367' title='bbox 2912 2061 3133 2115; x_wconf 86' lang='lat' dir='ltr'><strong>missam</strong></span> <span class='ocrx_word' id='word_1_368' title='bbox 3157 2058 3502 2115; x_wconf 88' lang='lat' dir='ltr'><strong>accenditur.</strong></span> <span class='ocrx_word' id='word_1_369' title='bbox 3530 2057 3585 2110; x_wconf 86' lang='lat' dir='ltr'><strong>lu</strong></span> <span class='ocrx_word' id='word_1_370' title='bbox 3617 2055 3752 2110; x_wconf 73' lang='lat' dir='ltr'><strong>testis</strong></span> 
     </span>
    </p>
   </div>
   <div class='ocr_carea' id='block_1_52' title="bbox 2176 2149 3752 2219">
    <p class='ocr_par' dir='ltr' id='par_1_52' title="bbox 2176 2149 3752 2219">
     <span class='ocr_line' id='line_1_52' title="bbox 2176 2149 3752 2219; baseline -0.004 -11"><span class='ocrx_word' id='word_1_371' title='bbox 2176 2170 2305 2209; x_wconf 88' lang='lat' dir='ltr'><strong>vero</strong></span> <span class='ocrx_word' id='word_1_372' title='bbox 2347 2153 2592 2209; x_wconf 89' lang='lat' dir='ltr'><strong>albarum</strong></span> <span class='ocrx_word' id='word_1_373' title='bbox 2620 2153 2725 2207; x_wconf 93' lang='lat' dir='ltr'><strong>duo</strong></span> <span class='ocrx_word' id='word_1_374' title='bbox 2760 2152 2825 2205; x_wconf 90' lang='lat' dir='ltr'><strong>ad</strong></span> <span class='ocrx_word' id='word_1_375' title='bbox 2858 2160 3154 2205; x_wconf 91' lang='lat' dir='ltr'><strong>nocturnos</strong></span> <span class='ocrx_word' id='word_1_376' title='bbox 3186 2159 3240 2205; x_wconf 90' lang='lat' dir='ltr'><strong>et</strong></span> <span class='ocrx_word' id='word_1_377' title='bbox 3274 2158 3390 2219; x_wconf 79' lang='lat' dir='ltr'><strong>tres</strong></span> <span class='ocrx_word' id='word_1_378' title='bbox 3431 2149 3504 2202; x_wconf 84' lang='lat' dir='ltr'><strong>ad</strong></span> <span class='ocrx_word' id='word_1_379' title='bbox 3538 2161 3752 2217; x_wconf 77' lang='lat' dir='ltr'><strong>evange-</strong></span> 
     </span>
    </p>
   </div>
   <div class='ocr_carea' id='block_1_53' title="bbox 2178 2242 3750 2310">
    <p class='ocr_par' dir='ltr' id='par_1_53' title="bbox 2178 2242 3750 2310">
     <span class='ocr_line' id='line_1_53' title="bbox 2178 2242 3750 2310; baseline -0.008 -10"><span class='ocrx_word' id='word_1_380' title='bbox 2178 2246 2333 2310; x_wconf 89' lang='lat' dir='ltr'><strong>lium,</strong></span> <span class='ocrx_word' id='word_1_381' title='bbox 2362 2245 2523 2301; x_wconf 91' lang='lat' dir='ltr'><strong>simul</strong></span> <span class='ocrx_word' id='word_1_382' title='bbox 2555 2253 2738 2299; x_wconf 88' lang='lat' dir='ltr'><strong>autetn</strong></span> <span class='ocrx_word' id='word_1_383' title='bbox 2766 2244 2834 2297; x_wconf 85' lang='lat' dir='ltr'><strong>ad</strong></span> <span class='ocrx_word' id='word_1_384' title='bbox 2864 2244 3086 2297; x_wconf 89' lang='lat' dir='ltr'><strong>missam</strong></span> <span class='ocrx_word' id='word_1_385' title='bbox 3116 2251 3172 2298; x_wconf 90' lang='lat' dir='ltr'><strong>et</strong></span> <span class='ocrx_word' id='word_1_386' title='bbox 3206 2242 3275 2298; x_wconf 89' lang='lat' dir='ltr'><strong>ad</strong></span> <span class='ocrx_word' id='word_1_387' title='bbox 3298 2250 3561 2309; x_wconf 85' lang='lat' dir='ltr'><strong>utrosque</strong></span> <span class='ocrx_word' id='word_1_388' title='bbox 3584 2254 3750 2310; x_wconf 70' lang='lat' dir='ltr'><strong>vespe-</strong></span> 
     </span>
    </p>
   </div>
   <div class='ocr_carea' id='block_1_54' title="bbox 2178 2331 3753 2403">
    <p class='ocr_par' dir='ltr' id='par_1_54' title="bbox 2178 2331 3753 2403">
     <span class='ocr_line' id='line_1_54' title="bbox 2178 2331 3753 2403; baseline -0.006 -12"><span class='ocrx_word' id='word_1_389' title='bbox 2178 2351 2267 2391; x_wconf 88' lang='lat' dir='ltr'><strong>ros</strong></span> <span class='ocrx_word' id='word_1_390' title='bbox 2324 2336 2713 2391; x_wconf 90' lang='lat' dir='ltr'><strong>illnmiuantur.</strong></span> <span class='ocrx_word' id='word_1_391' title='bbox 2754 2336 2808 2389; x_wconf 95' lang='lat' dir='ltr'><strong>ln</strong></span> <span class='ocrx_word' id='word_1_392' title='bbox 2856 2332 3187 2403; x_wconf 87' lang='lat' dir='ltr'><strong>quibuslibet</strong></span> <span class='ocrx_word' id='word_1_393' title='bbox 3229 2342 3413 2386; x_wconf 85' lang='lat' dir='ltr'><strong>autem</strong></span> <span class='ocrx_word' id='word_1_394' title='bbox 3451 2331 3753 2386; x_wconf 81' lang='lat' dir='ltr'><strong>eminentio-</strong></span> 
     </span>
    </p>
   </div>
   <div class='ocr_carea' id='block_1_55' title="bbox 2179 2422 3753 2494">
    <p class='ocr_par' dir='ltr' id='par_1_55' title="bbox 2179 2422 3753 2494">
     <span class='ocr_line' id='line_1_55' title="bbox 2179 2422 3753 2494; baseline -0.003 -16"><span class='ocrx_word' id='word_1_395' title='bbox 2179 2425 2331 2480; x_wconf 88' lang='lat' dir='ltr'><strong>ribus</strong></span> <span class='ocrx_word' id='word_1_396' title='bbox 2383 2425 2452 2479; x_wconf 90' lang='lat' dir='ltr'><strong>ad</strong></span> <span class='ocrx_word' id='word_1_397' title='bbox 2499 2434 2761 2493; x_wconf 90' lang='lat' dir='ltr'><strong>utrosque</strong></span> <span class='ocrx_word' id='word_1_398' title='bbox 2821 2438 3075 2494; x_wconf 87' lang='lat' dir='ltr'><strong>vesperos</strong></span> <span class='ocrx_word' id='word_1_399' title='bbox 3106 2434 3163 2478; x_wconf 92' lang='lat' dir='ltr'><strong>et</strong></span> <span class='ocrx_word' id='word_1_400' title='bbox 3214 2433 3518 2478; x_wconf 84' lang='lat' dir='ltr'><strong>nocturnos</strong></span> <span class='ocrx_word' id='word_1_401' title='bbox 3570 2422 3753 2491; x_wconf 80' lang='lat' dir='ltr'><strong>pariter</strong></span> 
     </span>
    </p>
   </div>
   <div class='ocr_carea' id='block_1_56' title="bbox 2176 2512 3751 2582">
    <p class='ocr_par' dir='ltr' id='par_1_56' title="bbox 2176 2512 3751 2582">
     <span class='ocr_line' id='line_1_56' title="bbox 2176 2512 3751 2582; baseline -0.003 -14"><span class='ocrx_word' id='word_1_402' title='bbox 2176 2523 2337 2568; x_wconf 88' lang='lat' dir='ltr'><strong>erunt</strong></span> <span class='ocrx_word' id='word_1_403' title='bbox 2404 2515 2771 2578; x_wconf 89' lang='lat' dir='ltr'><strong>accendendi;</strong></span> <span class='ocrx_word' id='word_1_404' title='bbox 2828 2515 2923 2570; x_wconf 87' lang='lat' dir='ltr'><strong>sed</strong></span> <span class='ocrx_word' id='word_1_405' title='bbox 3005 2513 3073 2569; x_wconf 88' lang='lat' dir='ltr'><strong>ad</strong></span> <span class='ocrx_word' id='word_1_406' title='bbox 3137 2513 3382 2569; x_wconf 83' lang='lat' dir='ltr'><strong>Gloriam</strong></span> <span class='ocrx_word' id='word_1_407' title='bbox 3437 2512 3751 2582; x_wconf 83' lang='lat' dir='ltr'><strong>responsorii</strong></span> 
     </span>
    </p>
   </div>
   <div class='ocr_carea' id='block_1_57' title="bbox 2178 2605 3753 2679">
    <p class='ocr_par' dir='ltr' id='par_1_57' title="bbox 2178 2605 3753 2679">
     <span class='ocr_line' id='line_1_57' title="bbox 2178 2605 3753 2679; baseline -0.001 -19"><span class='ocrx_word' id='word_1_408' title='bbox 2178 2606 2354 2661; x_wconf 83' lang='lat' dir='ltr'><strong>octavi</strong></span> <span class='ocrx_word' id='word_1_409' title='bbox 2402 2607 2804 2679; x_wconf 76' lang='lat' dir='ltr'><strong>exstinguendi.</strong></span> <span class='ocrx_word' id='word_1_410' title='bbox 2836 2607 2990 2662; x_wconf 84' lang='lat' dir='ltr'><strong>Tunc</strong></span> <span class='ocrx_word' id='word_1_411' title='bbox 3037 2621 3273 2677; x_wconf 83' lang='lat' dir='ltr'><strong>namque</strong></span> <span class='ocrx_word' id='word_1_412' title='bbox 3302 2605 3492 2677; x_wconf 76' lang='lat' dir='ltr'><strong>viginti</strong></span> <span class='ocrx_word' id='word_1_413' title='bbox 3540 2614 3753 2675; x_wconf 83' lang='lat' dir='ltr'><strong>quatuor</strong></span> 
     </span>
    </p>
   </div>
   <div class='ocr_carea' id='block_1_58' title="bbox 2180 2697 3755 2769">
    <p class='ocr_par' dir='ltr' id='par_1_58' title="bbox 2180 2697 3755 2769">
     <span class='ocr_line' id='line_1_58' title="bbox 2180 2697 3755 2769; baseline 0.001 -18"><span class='ocrx_word' id='word_1_414' title='bbox 2180 2699 2417 2753; x_wconf 61' lang='lat' dir='ltr'><strong>candela:</strong></span> <span class='ocrx_word' id='word_1_415' title='bbox 2437 2713 2654 2754; x_wconf 88' lang='lat' dir='ltr'><strong>sursum</strong></span> <span class='ocrx_word' id='word_1_416' title='bbox 2679 2699 2734 2753; x_wconf 91' lang='lat' dir='ltr'><strong>in</strong></span> <span class='ocrx_word' id='word_1_417' title='bbox 2761 2700 2996 2754; x_wconf 89' lang='lat' dir='ltr'><strong>circuitu</strong></span> <span class='ocrx_word' id='word_1_418' title='bbox 3023 2698 3212 2754; x_wconf 91' lang='lat' dir='ltr'><strong>altaris</strong></span> <span class='ocrx_word' id='word_1_419' title='bbox 3238 2699 3436 2769; x_wconf 67' lang='lat' dir='ltr'><strong>posita</strong></span> <span class='ocrx_word' id='word_1_420' title='bbox 3463 2697 3755 2753; x_wconf 81' lang='lat' dir='ltr'><strong>accendun-</strong></span> 
     </span>
    </p>
   </div>
   <div class='ocr_carea' id='block_1_59' title="bbox 2179 2786 3756 2859">
    <p class='ocr_par' dir='ltr' id='par_1_59' title="bbox 2179 2786 3756 2859">
     <span class='ocr_line' id='line_1_59' title="bbox 2179 2786 3756 2859; baseline 0.002 -19"><span class='ocrx_word' id='word_1_421' title='bbox 2179 2795 2288 2841; x_wconf 89' lang='lat' dir='ltr'><strong>tur.</strong></span> <span class='ocrx_word' id='word_1_422' title='bbox 2322 2788 2405 2843; x_wconf 87' lang='lat' dir='ltr'><strong>Ad</strong></span> <span class='ocrx_word' id='word_1_423' title='bbox 2436 2789 2657 2844; x_wconf 88' lang='lat' dir='ltr'><strong>missam</strong></span> <span class='ocrx_word' id='word_1_424' title='bbox 2684 2804 2813 2845; x_wconf 88' lang='lat' dir='ltr'><strong>vero</strong></span> <span class='ocrx_word' id='word_1_425' title='bbox 2842 2788 2917 2844; x_wconf 91' lang='lat' dir='ltr'><strong>illi</strong></span> <span class='ocrx_word' id='word_1_426' title='bbox 2965 2798 3076 2845; x_wconf 87' lang='lat' dir='ltr'><strong>tres</strong></span> <span class='ocrx_word' id='word_1_427' title='bbox 3103 2789 3464 2855; x_wconf 86' lang='lat' dir='ltr'><strong>accendendi,</strong></span> <span class='ocrx_word' id='word_1_428' title='bbox 3492 2789 3583 2844; x_wconf 81' lang='lat' dir='ltr'><strong>sed</strong></span> <span class='ocrx_word' id='word_1_429' title='bbox 3607 2786 3756 2859; x_wconf 78' lang='lat' dir='ltr'><strong>quin-</strong></span> 
     </span>
    </p>
   </div>
   <div class='ocr_carea' id='block_1_60' title="bbox 2180 2877 3753 2951">
    <p class='ocr_par' dir='ltr' id='par_1_60' title="bbox 2180 2877 3753 2951">
     <span class='ocr_line' id='line_1_60' title="bbox 2180 2877 3753 2951; baseline 0.001 -21"><span class='ocrx_word' id='word_1_430' title='bbox 2180 2890 2287 2947; x_wconf 92' lang='lat' dir='ltr'><strong>que</strong></span> <span class='ocrx_word' id='word_1_431' title='bbox 2316 2877 2383 2932; x_wconf 91' lang='lat' dir='ltr'><strong>de</strong></span> <span class='ocrx_word' id='word_1_432' title='bbox 2410 2878 2497 2935; x_wconf 90' lang='lat' dir='ltr'><strong>his</strong></span> <span class='ocrx_word' id='word_1_433' title='bbox 2527 2887 2655 2935; x_wconf 90' lang='lat' dir='ltr'><strong>sunt</strong></span> <span class='ocrx_word' id='word_1_434' title='bbox 2680 2878 2827 2934; x_wconf 89' lang='lat' dir='ltr'><strong>circa</strong></span> <span class='ocrx_word' id='word_1_435' title='bbox 2854 2879 3029 2934; x_wconf 88' lang='lat' dir='ltr'><strong>altare</strong></span> <span class='ocrx_word' id='word_1_436' title='bbox 3059 2880 3113 2934; x_wconf 91' lang='lat' dir='ltr'><strong>in</strong></span> <span class='ocrx_word' id='word_1_437' title='bbox 3143 2890 3302 2951; x_wconf 91' lang='lat' dir='ltr'><strong>parte</strong></span> <span class='ocrx_word' id='word_1_438' title='bbox 3322 2877 3610 2934; x_wconf 83' lang='lat' dir='ltr'><strong>Orientali.</strong></span> <span class='ocrx_word' id='word_1_439' title='bbox 3636 2877 3753 2932; x_wconf 72' lang='lat' dir='ltr'><strong>Itan</strong></span> 
     </span>
    </p>
   </div>
   <div class='ocr_carea' id='block_1_61' title="bbox 2182 2965 3753 3040">
    <p class='ocr_par' dir='ltr' id='par_1_61' title="bbox 2182 2965 3753 3040">
     <span class='ocr_line' id='line_1_61' title="bbox 2182 2965 3753 3040; baseline 0.002 -22"><span class='ocrx_word' id='word_1_440' title='bbox 2182 2965 2248 3019; x_wconf 89' lang='lat' dir='ltr'><strong>ad</strong></span> <span class='ocrx_word' id='word_1_441' title='bbox 2300 2965 2561 3022; x_wconf 88' lang='lat' dir='ltr'><strong>lectiones</strong></span> <span class='ocrx_word' id='word_1_442' title='bbox 2588 2967 2843 3022; x_wconf 87' lang='lat' dir='ltr'><strong>observat</strong></span> <span class='ocrx_word' id='word_1_443' title='bbox 2875 2974 2939 3022; x_wconf 88' lang='lat' dir='ltr'><strong>ut</strong></span> <span class='ocrx_word' id='word_1_444' title='bbox 2966 2967 3147 3023; x_wconf 88' lang='lat' dir='ltr'><strong>lumen</strong></span> <span class='ocrx_word' id='word_1_445' title='bbox 3185 2984 3311 3024; x_wconf 89' lang='lat' dir='ltr'><strong>cum</strong></span> <span class='ocrx_word' id='word_1_446' title='bbox 3341 2984 3455 3039; x_wconf 87' lang='lat' dir='ltr'><strong>quo</strong></span> <span class='ocrx_word' id='word_1_447' title='bbox 3488 2967 3753 3040; x_wconf 74' lang='lat' dir='ltr'><strong>legendu-</strong></span> 
     </span>
    </p>
   </div>
   <div class='ocr_carea' id='block_1_62' title="bbox 2180 3057 3756 3127">
    <p class='ocr_par' dir='ltr' id='par_1_62' title="bbox 2180 3057 3756 3127">
     <span class='ocr_line' id='line_1_62' title="bbox 2180 3057 3756 3127; baseline 0.002 -18"><span class='ocrx_word' id='word_1_448' title='bbox 2180 3064 2284 3122; x_wconf 87' lang='lat' dir='ltr'><strong>est,</strong></span> <span class='ocrx_word' id='word_1_449' title='bbox 2316 3069 2528 3127; x_wconf 86' lang='lat' dir='ltr'><strong>semper</strong></span> <span class='ocrx_word' id='word_1_450' title='bbox 2570 3058 2638 3111; x_wconf 91' lang='lat' dir='ltr'><strong>ad</strong></span> <span class='ocrx_word' id='word_1_451' title='bbox 2671 3057 2919 3111; x_wconf 91' lang='lat' dir='ltr'><strong>ultimum</strong></span> <span class='ocrx_word' id='word_1_452' title='bbox 2946 3057 3217 3127; x_wconf 88' lang='lat' dir='ltr'><strong>psalmum</strong></span> <span class='ocrx_word' id='word_1_453' title='bbox 3270 3067 3662 3114; x_wconf 80' lang='lat' dir='ltr'><strong>nocturnorum</strong></span> <span class='ocrx_word' id='word_1_454' title='bbox 3697 3070 3756 3112; x_wconf 73' lang='lat' dir='ltr'><strong>eo</strong></span> 
     </span>
    </p>
   </div>
   <div class='ocr_carea' id='block_1_63' title="bbox 500 3132 3743 3219">
    <p class='ocr_par' dir='ltr' id='par_1_63' title="bbox 500 3132 3743 3219">
     <span class='ocr_line' id='line_1_63' title="bbox 500 3132 3743 3219; baseline 0.002 -23"><span class='ocrx_word' id='word_1_455' title='bbox 500 3144 740 3201; x_wconf 90' lang='lat' dir='ltr'><strong>niantur.</strong></span> <span class='ocrx_word' id='word_1_456' title='bbox 805 3144 862 3198; x_wconf 86' lang='lat' dir='ltr'><strong>In</strong></span> <span class='ocrx_word' id='word_1_457' title='bbox 918 3136 1201 3198; x_wconf 89' lang='lat' dir='ltr'><strong>duodecim</strong></span> <span class='ocrx_word' id='word_1_458' title='bbox 1257 3143 1575 3197; x_wconf 88' lang='lat' dir='ltr'><strong>lectionibus</strong></span> <span class='ocrx_word' id='word_1_459' title='bbox 1623 3150 1731 3195; x_wconf 90' lang='lat' dir='ltr'><strong>tam</strong></span> <span class='ocrx_word' id='word_1_460' title='bbox 1782 3140 1834 3194; x_wconf 92' lang='lat' dir='ltr'><strong>in</strong></span> <span class='ocrx_word' id='word_1_461' title='bbox 1877 3132 2413 3215; x_wconf 72' lang='lat' dir='ltr'><strong>hyemeC&#39;tempore</strong></span> <span class='ocrx_word' id='word_1_462' title='bbox 2458 3145 2686 3216; x_wconf 71' lang='lat' dir='ltr'><strong>afferat,</strong></span> <span class='ocrx_word' id='word_1_463' title='bbox 2740 3158 2801 3203; x_wconf 88' lang='lat' dir='ltr'><strong>ut</strong></span> <span class='ocrx_word' id='word_1_464' title='bbox 2850 3149 3039 3205; x_wconf 88' lang='lat' dir='ltr'><strong>lectori</strong></span> <span class='ocrx_word' id='word_1_465' title='bbox 3097 3150 3166 3204; x_wconf 91' lang='lat' dir='ltr'><strong>ad</strong></span> <span class='ocrx_word' id='word_1_466' title='bbox 3223 3147 3464 3204; x_wconf 79' lang='lat' dir='ltr'><strong>Gloriam</strong></span> <span class='ocrx_word' id='word_1_467' title='bbox 3521 3148 3743 3219; x_wconf 67' lang='lat' dir='ltr'><strong>ejusdem</strong></span> 
     </span>
    </p>
   </div>
   <div class='ocr_carea' id='block_1_64' title="bbox 497 3231 2072 3304">
    <p class='ocr_par' dir='ltr' id='par_1_64' title="bbox 497 3231 2072 3304">
     <span class='ocr_line' id='line_1_64' title="bbox 497 3231 2072 3304; baseline -0.003 -17"><span class='ocrx_word' id='word_1_468' title='bbox 497 3250 663 3303; x_wconf 89' lang='lat' dir='ltr'><strong>quam</strong></span> <span class='ocrx_word' id='word_1_469' title='bbox 691 3236 744 3289; x_wconf 92' lang='lat' dir='ltr'><strong>in</strong></span> <span class='ocrx_word' id='word_1_470' title='bbox 779 3244 968 3289; x_wconf 64' lang='lat' dir='ltr'><strong>aestate</strong></span> <span class='ocrx_word' id='word_1_471' title='bbox 989 3235 1056 3288; x_wconf 90' lang='lat' dir='ltr'><strong>ad</strong></span> <span class='ocrx_word' id='word_1_472' title='bbox 1097 3233 1331 3299; x_wconf 84' lang='lat' dir='ltr'><strong>scillam,</strong></span> <span class='ocrx_word' id='word_1_473' title='bbox 1358 3250 1477 3304; x_wconf 68' lang='lat' dir='ltr'><strong>quae</strong></span> <span class='ocrx_word' id='word_1_474' title='bbox 1507 3242 1626 3304; x_wconf 87' lang='lat' dir='ltr'><strong>post</strong></span> <span class='ocrx_word' id='word_1_475' title='bbox 1665 3231 2072 3301; x_wconf 79' lang='lat' dir='ltr'><strong>complctorium</strong></span> 
     </span>
    </p>
   </div>
   <div class='ocr_carea' id='block_1_65' title="bbox 499 3321 2074 3399">
    <p class='ocr_par' dir='ltr' id='par_1_65' title="bbox 499 3321 2074 3399">
     <span class='ocr_line' id='line_1_65' title="bbox 499 3321 2074 3399; baseline -0.006 -14"><span class='ocrx_word' id='word_1_476' title='bbox 499 3336 677 3391; x_wconf 77' lang='lat' dir='ltr'><strong>sonat,</strong></span> <span class='ocrx_word' id='word_1_477' title='bbox 709 3327 1049 3399; x_wconf 87' lang='lat' dir='ltr'><strong>aperiuntur.</strong></span> <span class='ocrx_word' id='word_1_478' title='bbox 1096 3324 1346 3379; x_wconf 88' lang='lat' dir='ltr'><strong>Studiose</strong></span> <span class='ocrx_word' id='word_1_479' title='bbox 1395 3335 1572 3377; x_wconf 89' lang='lat' dir='ltr'><strong>tamen</strong></span> <span class='ocrx_word' id='word_1_480' title='bbox 1612 3324 1755 3393; x_wconf 78' lang='lat' dir='ltr'><strong>agit,</strong></span> <span class='ocrx_word' id='word_1_481' title='bbox 1786 3333 1844 3375; x_wconf 93' lang='lat' dir='ltr'><strong>ut</strong></span> <span class='ocrx_word' id='word_1_482' title='bbox 1884 3322 1928 3377; x_wconf 91' lang='lat' dir='ltr'><strong>si</strong></span> <span class='ocrx_word' id='word_1_483' title='bbox 1954 3321 2074 3390; x_wconf 90' lang='lat' dir='ltr'><strong>quis</strong></span> 
     </span>
    </p>
   </div>
   <div class='ocr_carea' id='block_1_66' title="bbox 494 3404 2073 3486">
    <p class='ocr_par' dir='ltr' id='par_1_66' title="bbox 494 3404 2073 3486">
     <span class='ocr_line' id='line_1_66' title="bbox 494 3404 2073 3486; baseline -0.004 -14"><span class='ocrx_word' id='word_1_484' title='bbox 494 3404 589 3472; x_wconf 84' lang='lat' dir='ltr'><strong>eas</strong></span> <span class='ocrx_word' id='word_1_485' title='bbox 613 3432 641 3481; x_wconf 88' lang='lat' dir='ltr'><strong>a</strong></span> <span class='ocrx_word' id='word_1_486' title='bbox 672 3418 848 3486; x_wconf 92' lang='lat' dir='ltr'><strong>primo</strong></span> <span class='ocrx_word' id='word_1_487' title='bbox 877 3431 1033 3471; x_wconf 89' lang='lat' dir='ltr'><strong>mane</strong></span> <span class='ocrx_word' id='word_1_488' title='bbox 1059 3430 1231 3484; x_wconf 89' lang='lat' dir='ltr'><strong>usque</strong></span> <span class='ocrx_word' id='word_1_489' title='bbox 1258 3424 1378 3485; x_wconf 91' lang='lat' dir='ltr'><strong>post</strong></span> <span class='ocrx_word' id='word_1_490' title='bbox 1406 3414 1813 3483; x_wconf 84' lang='lat' dir='ltr'><strong>completorium</strong></span> <span class='ocrx_word' id='word_1_491' title='bbox 1848 3426 2073 3481; x_wconf 88' lang='lat' dir='ltr'><strong>percus-</strong></span> 
     </span>
    </p>
   </div>
   <div class='ocr_carea' id='block_1_67' title="bbox 494 3500 2073 3575">
    <p class='ocr_par' dir='ltr' id='par_1_67' title="bbox 494 3500 2073 3575">
     <span class='ocr_line' id='line_1_67' title="bbox 494 3500 2073 3575; baseline -0.003 -16"><span class='ocrx_word' id='word_1_492' title='bbox 494 3506 659 3570; x_wconf 85' lang='lat' dir='ltr'><strong>serit,</strong></span> <span class='ocrx_word' id='word_1_493' title='bbox 698 3514 753 3559; x_wconf 92' lang='lat' dir='ltr'><strong>et</strong></span> <span class='ocrx_word' id='word_1_494' title='bbox 783 3504 868 3561; x_wconf 91' lang='lat' dir='ltr'><strong>vel</strong></span> <span class='ocrx_word' id='word_1_495' title='bbox 904 3506 1017 3575; x_wconf 87' lang='lat' dir='ltr'><strong>ipse</strong></span> <span class='ocrx_word' id='word_1_496' title='bbox 1046 3505 1279 3560; x_wconf 90' lang='lat' dir='ltr'><strong>audierit</strong></span> <span class='ocrx_word' id='word_1_497' title='bbox 1312 3503 1394 3557; x_wconf 89' lang='lat' dir='ltr'><strong>vel</strong></span> <span class='ocrx_word' id='word_1_498' title='bbox 1436 3503 1503 3556; x_wconf 90' lang='lat' dir='ltr'><strong>ab</strong></span> <span class='ocrx_word' id='word_1_499' title='bbox 1534 3501 1640 3555; x_wconf 89' lang='lat' dir='ltr'><strong>alio</strong></span> <span class='ocrx_word' id='word_1_500' title='bbox 1668 3502 1959 3570; x_wconf 90' lang='lat' dir='ltr'><strong>comperit,</strong></span> <span class='ocrx_word' id='word_1_501' title='bbox 2006 3500 2073 3554; x_wconf 89' lang='lat' dir='ltr'><strong>ad</strong></span> 
     </span>
    </p>
   </div>
   <div class='ocr_carea' id='block_1_68' title="bbox 494 3592 2073 3666">
    <p class='ocr_par' dir='ltr' id='par_1_68' title="bbox 494 3592 2073 3666">
     <span class='ocr_line' id='line_1_68' title="bbox 494 3592 2073 3666; baseline -0.004 -14"><span class='ocrx_word' id='word_1_502' title='bbox 494 3596 842 3666; x_wconf 80' lang='lat' dir='ltr'><strong>aperiendum</strong></span> <span class='ocrx_word' id='word_1_503' title='bbox 892 3605 1111 3665; x_wconf 86' lang='lat' dir='ltr'><strong>paratus</strong></span> <span class='ocrx_word' id='word_1_504' title='bbox 1162 3596 1249 3648; x_wconf 92' lang='lat' dir='ltr'><strong>sit.</strong></span> <span class='ocrx_word' id='word_1_505' title='bbox 1288 3599 1304 3615; x_wconf 78' lang='lat'><strong><em>‘</em></strong></span> <span class='ocrx_word' id='word_1_506' title='bbox 1337 3593 1481 3660; x_wconf 83' lang='lat' dir='ltr'><strong>Quas</strong></span> <span class='ocrx_word' id='word_1_507' title='bbox 1526 3594 1689 3647; x_wconf 89' lang='lat' dir='ltr'><strong>etiam</strong></span> <span class='ocrx_word' id='word_1_508' title='bbox 1744 3592 2073 3647; x_wconf 85' lang='lat' dir='ltr'><strong>claudendas</strong></span> 
     </span>
    </p>
   </div>
   <div class='ocr_carea' id='block_1_69' title="bbox 496 3684 2071 3755">
    <p class='ocr_par' dir='ltr' id='par_1_69' title="bbox 496 3684 2071 3755">
     <span class='ocr_line' id='line_1_69' title="bbox 496 3684 2071 3755; baseline -0.004 -15"><span class='ocrx_word' id='word_1_509' title='bbox 496 3696 647 3741; x_wconf 87' lang='lat' dir='ltr'><strong>tanto</strong></span> <span class='ocrx_word' id='word_1_510' title='bbox 682 3687 882 3755; x_wconf 83' lang='lat' dir='ltr'><strong>impetu</strong></span> <span class='ocrx_word' id='word_1_511' title='bbox 915 3687 983 3739; x_wconf 88' lang='lat' dir='ltr'><strong>ad</strong></span> <span class='ocrx_word' id='word_1_512' title='bbox 1012 3687 1242 3740; x_wconf 89' lang='lat' dir='ltr'><strong>invicem</strong></span> <span class='ocrx_word' id='word_1_513' title='bbox 1275 3685 1540 3755; x_wconf 86' lang='lat' dir='ltr'><strong>impingit,</strong></span> <span class='ocrx_word' id='word_1_514' title='bbox 1567 3692 1624 3737; x_wconf 92' lang='grc' dir='ltr'><strong>ιιι</strong></span> <span class='ocrx_word' id='word_1_515' title='bbox 1654 3694 1981 3747; x_wconf 80' lang='lat' dir='ltr'><strong>conventus,</strong></span> <span class='ocrx_word' id='word_1_516' title='bbox 2025 3684 2071 3735; x_wconf 85' lang='lat' dir='ltr'><strong>si</strong></span> 
     </span>
    </p>
   </div>
   <div class='ocr_carea' id='block_1_70' title="bbox 500 3775 2072 3845">
    <p class='ocr_par' dir='ltr' id='par_1_70' title="bbox 500 3775 2072 3845">
     <span class='ocr_line' id='line_1_70' title="bbox 500 3775 2072 3845; baseline -0.003 -14"><span class='ocrx_word' id='word_1_517' title='bbox 500 3786 587 3831; x_wconf 87' lang='lat' dir='ltr'><strong>est</strong></span> <span class='ocrx_word' id='word_1_518' title='bbox 622 3777 675 3830; x_wconf 92' lang='lat' dir='ltr'><strong>in</strong></span> <span class='ocrx_word' id='word_1_519' title='bbox 725 3778 923 3840; x_wconf 89' lang='lat' dir='ltr'><strong>choro,</strong></span> <span class='ocrx_word' id='word_1_520' title='bbox 968 3777 1154 3833; x_wconf 89' lang='lat' dir='ltr'><strong>audire</strong></span> <span class='ocrx_word' id='word_1_521' title='bbox 1178 3777 1366 3845; x_wconf 89' lang='lat' dir='ltr'><strong>possit.</strong></span> <span class='ocrx_word' id='word_1_522' title='bbox 1394 3775 1464 3829; x_wconf 91' lang='lat' dir='ltr'><strong>Ut</strong></span> <span class='ocrx_word' id='word_1_523' title='bbox 1505 3784 1681 3830; x_wconf 88' lang='lat' dir='ltr'><strong>autem</strong></span> <span class='ocrx_word' id='word_1_524' title='bbox 1716 3782 1863 3829; x_wconf 90' lang='lat' dir='ltr'><strong>tanto</strong></span> <span class='ocrx_word' id='word_1_525' title='bbox 1896 3775 2072 3842; x_wconf 87' lang='lat' dir='ltr'><strong>aptior</strong></span> 
     </span>
    </p>
   </div>
   <div class='ocr_carea' id='block_1_71' title="bbox 497 3856 2071 3930">
    <p class='ocr_par' dir='ltr' id='par_1_71' title="bbox 497 3856 2071 3930">
     <span class='ocr_line' id='line_1_71' title="bbox 497 3856 2071 3930; baseline -0.002 -9"><span class='ocrx_word' id='word_1_526' title='bbox 497 3856 622 3924; x_wconf 74' lang='lat' dir='ltr'><strong>case</strong></span> <span class='ocrx_word' id='word_1_527' title='bbox 652 3866 831 3921; x_wconf 83' lang='lat' dir='ltr'><strong>valeat</strong></span> <span class='ocrx_word' id='word_1_528' title='bbox 864 3867 985 3921; x_wconf 88' lang='lat' dir='ltr'><strong>huic</strong></span> <span class='ocrx_word' id='word_1_529' title='bbox 1010 3866 1216 3930; x_wconf 82' lang='lat' dir='ltr'><strong>ollicio,</strong></span> <span class='ocrx_word' id='word_1_530' title='bbox 1248 3873 1517 3920; x_wconf 89' lang='lat' dir='ltr'><strong>conventu</strong></span> <span class='ocrx_word' id='word_1_531' title='bbox 1546 3874 1798 3919; x_wconf 88' lang='lat' dir='ltr'><strong>manente</strong></span> <span class='ocrx_word' id='word_1_532' title='bbox 1823 3865 1876 3917; x_wconf 91' lang='lat' dir='ltr'><strong>in</strong></span> <span class='ocrx_word' id='word_1_533' title='bbox 1898 3864 2071 3919; x_wconf 88' lang='lat' dir='ltr'><strong>eccle-</strong></span> 
     </span>
    </p>
   </div>
   <div class='ocr_carea' id='block_1_72' title="bbox 498 3950 1526 4026">
    <p class='ocr_par' dir='ltr' id='par_1_72' title="bbox 498 3950 1526 4026">
     <span class='ocr_line' id='line_1_72' title="bbox 498 3950 1526 4026; baseline -0.004 -15"><span class='ocrx_word' id='word_1_534' title='bbox 498 3950 578 4011; x_wconf 78' lang='lat' dir='ltr'><strong>sia</strong></span> <span class='ocrx_word' id='word_1_535' title='bbox 605 3964 785 4011; x_wconf 84' lang='lat' dir='ltr'><strong>manet</strong></span> <span class='ocrx_word' id='word_1_536' title='bbox 814 3965 868 4010; x_wconf 90' lang='lat' dir='ltr'><strong>cl</strong></span> <span class='ocrx_word' id='word_1_537' title='bbox 896 3958 1009 4026; x_wconf 88' lang='lat' dir='ltr'><strong>ipse</strong></span> <span class='ocrx_word' id='word_1_538' title='bbox 1035 3956 1085 4010; x_wconf 88' lang='lat' dir='ltr'><strong>iu</strong></span> <span class='ocrx_word' id='word_1_539' title='bbox 1120 3955 1311 4009; x_wconf 83' lang='lat' dir='ltr'><strong>minori</strong></span> <span class='ocrx_word' id='word_1_540' title='bbox 1340 3956 1526 4008; x_wconf 85' lang='lat' dir='ltr'><strong>choro.</strong></span> 
     </span>
    </p>
   </div>
   <div class='ocr_carea' id='block_1_73' title="bbox 1063 4044 1516 4103">
    <p class='ocr_par' dir='ltr' id='par_1_73' title="bbox 1063 4044 1516 4103">
     <span class='ocr_line' id='line_1_73' title="bbox 1063 4044 1516 4103; baseline -0.007 -3"><span class='ocrx_word' id='word_1_541' title='bbox 1063 4044 1290 4103; x_wconf 84' lang='lat' dir='ltr'><strong>CAPUT</strong></span> <span class='ocrx_word' id='word_1_542' title='bbox 1329 4044 1516 4098; x_wconf 72' lang='lat' dir='ltr'><strong>XXIX.</strong></span> 
     </span>
    </p>
   </div>
   <div class='ocr_carea' id='block_1_74' title="bbox 874 4137 1689 4197">
    <p class='ocr_par' dir='ltr' id='par_1_74' title="bbox 874 4137 1689 4197">
     <span class='ocr_line' id='line_1_74' title="bbox 874 4137 1689 4197; baseline 0.005 -6"><span class='ocrx_word' id='word_1_543' title='bbox 874 4138 952 4191; x_wconf 81' lang='lat' dir='ltr'><strong>De</strong></span> <span class='ocrx_word' id='word_1_544' title='bbox 992 4139 1395 4197; x_wconf 81' lang='lat' dir='ltr'><strong>hebdomadario</strong></span> <span class='ocrx_word' id='word_1_545' title='bbox 1440 4137 1689 4195; x_wconf 70' lang='lat' dir='ltr'><strong>ecclesia’.</strong></span> 
     </span>
    </p>
   </div>
   <div class='ocr_carea' id='block_1_75' title="bbox 564 4228 2069 4301">
    <p class='ocr_par' dir='ltr' id='par_1_75' title="bbox 564 4228 2069 4301">
     <span class='ocr_line' id='line_1_75' title="bbox 564 4228 2069 4301; baseline 0 -18"><span class='ocrx_word' id='word_1_546' title='bbox 564 4230 909 4300; x_wconf 78' lang='lat' dir='ltr'><strong>(un.)Caeteri</strong></span> <span class='ocrx_word' id='word_1_547' title='bbox 940 4230 1272 4300; x_wconf 89' lang='lat' dir='ltr'><strong>septimanas</strong></span> <span class='ocrx_word' id='word_1_548' title='bbox 1303 4242 1429 4283; x_wconf 89' lang='lat' dir='ltr'><strong>suas</strong></span> <span class='ocrx_word' id='word_1_549' title='bbox 1461 4229 1511 4282; x_wconf 93' lang='lat' dir='ltr'><strong>in</strong></span> <span class='ocrx_word' id='word_1_550' title='bbox 1535 4230 1772 4301; x_wconf 89' lang='lat' dir='ltr'><strong>qualibet</strong></span> <span class='ocrx_word' id='word_1_551' title='bbox 1792 4228 2069 4284; x_wconf 90' lang='lat' dir='ltr'><strong>Dominica</strong></span> 
     </span>
    </p>
   </div>
   <div class='ocr_carea' id='block_1_76' title="bbox 494 4320 2070 4393">
    <p class='ocr_par' dir='ltr' id='par_1_76' title="bbox 494 4320 2070 4393">
     <span class='ocr_line' id='line_1_76' title="bbox 494 4320 2070 4393; baseline -0.001 -16"><span class='ocrx_word' id='word_1_552' title='bbox 494 4330 790 4377; x_wconf 80' lang='lat' dir='ltr'><strong>nocturnos</strong></span> <span class='ocrx_word' id='word_1_553' title='bbox 833 4320 1125 4391; x_wconf 88' lang='lat' dir='ltr'><strong>incipiente</strong></span> <span class='ocrx_word' id='word_1_554' title='bbox 1149 4322 1385 4375; x_wconf 87' lang='lat' dir='ltr'><strong>vicissim</strong></span> <span class='ocrx_word' id='word_1_555' title='bbox 1410 4320 1635 4385; x_wconf 81' lang='lat' dir='ltr'><strong>faciunt,</strong></span> <span class='ocrx_word' id='word_1_556' title='bbox 1663 4335 1728 4375; x_wconf 90' lang='lat' dir='ltr'><strong>eo</strong></span> <span class='ocrx_word' id='word_1_557' title='bbox 1756 4322 1915 4376; x_wconf 89' lang='lat' dir='ltr'><strong>modo</strong></span> <span class='ocrx_word' id='word_1_558' title='bbox 1966 4336 2070 4393; x_wconf 91' lang='lat' dir='ltr'><strong>quo</strong></span> 
     </span>
    </p>
   </div>
   <div class='ocr_carea' id='block_1_77' title="bbox 493 4412 2071 4482">
    <p class='ocr_par' dir='ltr' id='par_1_77' title="bbox 493 4412 2071 4482">
     <span class='ocr_line' id='line_1_77' title="bbox 493 4412 2071 4482; baseline -0.003 -13"><span class='ocrx_word' id='word_1_559' title='bbox 493 4412 574 4469; x_wconf 84' lang='lat' dir='ltr'><strong>eis</strong></span> <span class='ocrx_word' id='word_1_560' title='bbox 609 4423 691 4465; x_wconf 89' lang='lat' dir='ltr'><strong>est</strong></span> <span class='ocrx_word' id='word_1_561' title='bbox 729 4413 1057 4482; x_wconf 68' lang='lat' dir='ltr'><strong>praeﬁnitum</strong></span> <span class='ocrx_word' id='word_1_562' title='bbox 1094 4429 1123 4466; x_wconf 90' lang='lat' dir='ltr'><strong>a</strong></span> <span class='ocrx_word' id='word_1_563' title='bbox 1155 4414 1404 4476; x_wconf 85' lang='lat' dir='ltr'><strong>sacrista,</strong></span> <span class='ocrx_word' id='word_1_564' title='bbox 1445 4412 1896 4482; x_wconf 89' lang='lat' dir='ltr'><strong>etunusquisque</strong></span> <span class='ocrx_word' id='word_1_565' title='bbox 1934 4428 2071 4482; x_wconf 81' lang='lat' dir='ltr'><strong>Opus</strong></span> 
     </span>
    </p>
   </div>
   <div class='ocr_carea' id='block_1_78' title="bbox 496 4500 2068 4572">
    <p class='ocr_par' dir='ltr' id='par_1_78' title="bbox 496 4500 2068 4572">
     <span class='ocr_line' id='line_1_78' title="bbox 496 4500 2068 4572; baseline 0.001 -18"><span class='ocrx_word' id='word_1_566' title='bbox 496 4500 664 4555; x_wconf 86' lang='lat' dir='ltr'><strong>habet</strong></span> <span class='ocrx_word' id='word_1_567' title='bbox 712 4512 771 4567; x_wconf 87' lang='lat' dir='ltr'><strong>ut</strong></span> <span class='ocrx_word' id='word_1_568' title='bbox 824 4502 953 4570; x_wconf 92' lang='lat' dir='ltr'><strong>quid</strong></span> <span class='ocrx_word' id='word_1_569' title='bbox 992 4518 1088 4572; x_wconf 90' lang='lat' dir='ltr'><strong>per</strong></span> <span class='ocrx_word' id='word_1_570' title='bbox 1127 4502 1519 4557; x_wconf 88' lang='lat' dir='ltr'><strong>hebdomadam</strong></span> <span class='ocrx_word' id='word_1_571' title='bbox 1553 4500 1793 4559; x_wconf 79' lang='lat' dir='ltr'><strong>facturus</strong></span> <span class='ocrx_word' id='word_1_572' title='bbox 1822 4502 1916 4566; x_wconf 86' lang='lat' dir='ltr'><strong>sit,</strong></span> <span class='ocrx_word' id='word_1_573' title='bbox 1948 4502 2068 4556; x_wconf 88' lang='lat' dir='ltr'><strong>dili-</strong></span> 
     </span>
    </p>
   </div>
   <div class='ocr_carea' id='block_1_79' title="bbox 494 4589 2066 4660">
    <p class='ocr_par' dir='ltr' id='par_1_79' title="bbox 494 4589 2066 4660">
     <span class='ocr_line' id='line_1_79' title="bbox 494 4589 2066 4660; baseline 0.002 -18"><span class='ocrx_word' id='word_1_574' title='bbox 494 4598 689 4659; x_wconf 88' lang='lat' dir='ltr'><strong>genter</strong></span> <span class='ocrx_word' id='word_1_575' title='bbox 730 4592 991 4644; x_wconf 90' lang='lat' dir='ltr'><strong>attendat.</strong></span> <span class='ocrx_word' id='word_1_576' title='bbox 1017 4593 1034 4611; x_wconf 79' lang='lat'><strong>‘</strong></span> <span class='ocrx_word' id='word_1_577' title='bbox 1066 4591 1247 4645; x_wconf 86' lang='lat' dir='ltr'><strong>Primo</strong></span> <span class='ocrx_word' id='word_1_578' title='bbox 1295 4607 1524 4660; x_wconf 82' lang='lat' dir='ltr'><strong>namque</strong></span> <span class='ocrx_word' id='word_1_579' title='bbox 1573 4590 1653 4660; x_wconf 93' lang='grc' dir='ltr'>(ιιι</span> <span class='ocrx_word' id='word_1_580' title='bbox 1698 4589 1841 4660; x_wconf 80' lang='lat' dir='ltr'><strong>dixi)</strong></span> <span class='ocrx_word' id='word_1_581' title='bbox 1872 4590 1939 4645; x_wconf 90' lang='lat' dir='ltr'><strong>ad</strong></span> <span class='ocrx_word' id='word_1_582' title='bbox 1973 4607 2066 4645; x_wconf 76' lang='lat' dir='ltr'><strong>no-</strong></span> 
     </span>
    </p>
   </div>
   <div class='ocr_carea' id='block_1_80' title="bbox 496 4682 2066 4754">
    <p class='ocr_par' dir='ltr' id='par_1_80' title="bbox 496 4682 2066 4754">
     <span class='ocr_line' id='line_1_80' title="bbox 496 4682 2066 4754; baseline 0.001 -19"><span class='ocrx_word' id='word_1_583' title='bbox 496 4688 717 4739; x_wconf 90' lang='lat' dir='ltr'><strong>cturnos</strong></span> <span class='ocrx_word' id='word_1_584' title='bbox 745 4690 1026 4751; x_wconf 85' lang='lat' dir='ltr'><strong>postquam</strong></span> <span class='ocrx_word' id='word_1_585' title='bbox 1057 4684 1389 4754; x_wconf 85' lang='lat' dir='ltr'><strong>horologium</strong></span> <span class='ocrx_word' id='word_1_586' title='bbox 1412 4683 1758 4746; x_wconf 86' lang='lat' dir='ltr'><strong>ceciderit,et</strong></span> <span class='ocrx_word' id='word_1_587' title='bbox 1778 4682 2066 4750; x_wconf 70' lang='lat' dir='ltr'><strong>praedictus</strong></span> 
     </span>
    </p>
   </div>
   <div class='ocr_carea' id='block_1_81' title="bbox 494 4773 2066 4845">
    <p class='ocr_par' dir='ltr' id='par_1_81' title="bbox 494 4773 2066 4845">
     <span class='ocr_line' id='line_1_81' title="bbox 494 4773 2066 4845; baseline -0.001 -18"><span class='ocrx_word' id='word_1_588' title='bbox 494 4774 721 4827; x_wconf 69' lang='lat' dir='ltr'><strong>saerisna</strong></span> <span class='ocrx_word' id='word_1_589' title='bbox 749 4774 962 4843; x_wconf 87' lang='lat' dir='ltr'><strong>pulsare</strong></span> <span class='ocrx_word' id='word_1_590' title='bbox 990 4774 1200 4829; x_wconf 90' lang='lat' dir='ltr'><strong>scillam</strong></span> <span class='ocrx_word' id='word_1_591' title='bbox 1232 4777 1508 4845; x_wconf 85' lang='lat' dir='ltr'><strong>inceperit,</strong></span> <span class='ocrx_word' id='word_1_592' title='bbox 1539 4774 1653 4843; x_wconf 89' lang='lat' dir='ltr'><strong>ipse</strong></span> <span class='ocrx_word' id='word_1_593' title='bbox 1674 4787 1795 4828; x_wconf 85' lang='lat' dir='ltr'><strong>eam</strong></span> <span class='ocrx_word' id='word_1_594' title='bbox 1818 4773 1883 4827; x_wconf 91' lang='lat' dir='ltr'><strong>de</strong></span> <span class='ocrx_word' id='word_1_595' title='bbox 1904 4787 2066 4826; x_wconf 89' lang='lat' dir='ltr'><strong>manu</strong></span> 
     </span>
    </p>
   </div>
   <div class='ocr_carea' id='block_1_82' title="bbox 493 4862 2067 4934">
    <p class='ocr_par' dir='ltr' id='par_1_82' title="bbox 493 4862 2067 4934">
     <span class='ocr_line' id='line_1_82' title="bbox 493 4862 2067 4934; baseline -0.001 -15"><span class='ocrx_word' id='word_1_596' title='bbox 493 4863 640 4919; x_wconf 85' lang='lat' dir='ltr'><strong>illius</strong></span> <span class='ocrx_word' id='word_1_597' title='bbox 671 4865 869 4933; x_wconf 88' lang='lat' dir='ltr'><strong>accipit</strong></span> <span class='ocrx_word' id='word_1_598' title='bbox 892 4879 954 4918; x_wconf 88' lang='lat' dir='ltr'><strong>ac</strong></span> <span class='ocrx_word' id='word_1_599' title='bbox 980 4865 1161 4917; x_wconf 89' lang='lat' dir='ltr'><strong>tandiu</strong></span> <span class='ocrx_word' id='word_1_600' title='bbox 1186 4866 1384 4933; x_wconf 84' lang='lat' dir='ltr'><strong>pulsat,</strong></span> <span class='ocrx_word' id='word_1_601' title='bbox 1408 4879 1579 4934; x_wconf 85' lang='lat' dir='ltr'><strong>usque</strong></span> <span class='ocrx_word' id='word_1_602' title='bbox 1606 4866 1733 4918; x_wconf 88' lang='lat' dir='ltr'><strong>dmn</strong></span> <span class='ocrx_word' id='word_1_603' title='bbox 1756 4878 1951 4933; x_wconf 91' lang='lat' dir='ltr'><strong>pueros</strong></span> <span class='ocrx_word' id='word_1_604' title='bbox 1980 4862 2067 4918; x_wconf 88' lang='lat' dir='ltr'><strong>vel</strong></span> 
     </span>
    </p>
   </div>
   <div class='ocr_carea' id='block_1_83' title="bbox 487 4952 2061 5027">
    <p class='ocr_par' dir='ltr' id='par_1_83' title="bbox 487 4952 2061 5027">
     <span class='ocr_line' id='line_1_83' title="bbox 487 4952 2061 5027; baseline 0.002 -23"><span class='ocrx_word' id='word_1_605' title='bbox 487 4952 740 5027; x_wconf 85' lang='lat' dir='ltr'><strong>juvenem</strong></span> <span class='ocrx_word' id='word_1_606' title='bbox 795 4953 860 5005; x_wconf 87' lang='lat' dir='ltr'><strong>ad</strong></span> <span class='ocrx_word' id='word_1_607' title='bbox 911 4953 1011 5006; x_wconf 88' lang='lat' dir='ltr'><strong>hoc</strong></span> <span class='ocrx_word' id='word_1_608' title='bbox 1063 4953 1372 5020; x_wconf 89' lang='lat' dir='ltr'><strong>deputatum</strong></span> <span class='ocrx_word' id='word_1_609' title='bbox 1415 4970 1539 5009; x_wconf 90' lang='lat' dir='ltr'><strong>cum</strong></span> <span class='ocrx_word' id='word_1_610' title='bbox 1586 4955 1793 5010; x_wconf 85' lang='lat' dir='ltr'><strong>laterna</strong></span> <span class='ocrx_word' id='word_1_611' title='bbox 1823 4957 2061 5010; x_wconf 91' lang='lat' dir='ltr'><strong>chorum</strong></span> 
     </span>
    </p>
   </div>
   <div class='ocr_carea' id='block_1_84' title="bbox 493 5042 2067 5115">
    <p class='ocr_par' dir='ltr' id='par_1_84' title="bbox 493 5042 2067 5115">
     <span class='ocr_line' id='line_1_84' title="bbox 493 5042 2067 5115; baseline 0.003 -19"><span class='ocrx_word' id='word_1_612' title='bbox 493 5042 705 5097; x_wconf 90' lang='lat' dir='ltr'><strong>intrare</strong></span> <span class='ocrx_word' id='word_1_613' title='bbox 736 5043 947 5097; x_wconf 84' lang='lat' dir='ltr'><strong>viderit.</strong></span> <span class='ocrx_word' id='word_1_614' title='bbox 993 5043 1180 5099; x_wconf 88' lang='lat' dir='ltr'><strong>Potest</strong></span> <span class='ocrx_word' id='word_1_615' title='bbox 1223 5054 1403 5100; x_wconf 88' lang='lat' dir='ltr'><strong>tamen</strong></span> <span class='ocrx_word' id='word_1_616' title='bbox 1433 5046 1648 5101; x_wconf 89' lang='lat' dir='ltr'><strong>interim</strong></span> <span class='ocrx_word' id='word_1_617' title='bbox 1679 5047 1783 5101; x_wconf 92' lang='lat' dir='ltr'><strong>alio</strong></span> <span class='ocrx_word' id='word_1_618' title='bbox 1808 5048 1924 5102; x_wconf 86' lang='lat' dir='ltr'><strong>vice</strong></span> <span class='ocrx_word' id='word_1_619' title='bbox 1951 5046 2067 5115; x_wconf 88' lang='lat' dir='ltr'><strong>ejus</strong></span> 
     </span>
    </p>
   </div>
   <div class='ocr_carea' id='block_1_85' title="bbox 490 5133 2063 5203">
    <p class='ocr_par' dir='ltr' id='par_1_85' title="bbox 490 5133 2063 5203">
     <span class='ocr_line' id='line_1_85' title="bbox 490 5133 2063 5203; baseline 0.001 -16"><span class='ocrx_word' id='word_1_620' title='bbox 490 5133 698 5195; x_wconf 84' lang='lat' dir='ltr'><strong>scillam</strong></span> <span class='ocrx_word' id='word_1_621' title='bbox 762 5134 1051 5203; x_wconf 80' lang='lat' dir='ltr'><strong>pulsante,</strong></span> <span class='ocrx_word' id='word_1_622' title='bbox 1120 5136 1165 5190; x_wconf 90' lang='lat' dir='ltr'><strong>si</strong></span> <span class='ocrx_word' id='word_1_623' title='bbox 1223 5151 1445 5192; x_wconf 90' lang='lat' dir='ltr'><strong>necesse</strong></span> <span class='ocrx_word' id='word_1_624' title='bbox 1497 5145 1622 5201; x_wconf 88' lang='lat' dir='ltr'><strong>est,</strong></span> <span class='ocrx_word' id='word_1_625' title='bbox 1688 5137 2063 5192; x_wconf 89' lang='lat' dir='ltr'><strong>dormitorium</strong></span> 
     </span>
    </p>
   </div>
   <div class='ocr_carea' id='block_1_86' title="bbox 487 5227 2065 5291">
    <p class='ocr_par' dir='ltr' id='par_1_86' title="bbox 487 5227 2065 5291">
     <span class='ocr_line' id='line_1_86' title="bbox 487 5227 2065 5291; baseline 0.004 -13"><span class='ocrx_word' id='word_1_626' title='bbox 487 5227 822 5291; x_wconf 83' lang='lat' dir='ltr'><strong>ascendere,</strong></span> <span class='ocrx_word' id='word_1_627' title='bbox 878 5229 1000 5287; x_wconf 88' lang='lat' dir='ltr'><strong>inde</strong></span> <span class='ocrx_word' id='word_1_628' title='bbox 1058 5229 1333 5283; x_wconf 87' lang='lat' dir='ltr'><strong>redeundo</strong></span> <span class='ocrx_word' id='word_1_629' title='bbox 1385 5229 1451 5285; x_wconf 85' lang='lat' dir='ltr'><strong>ad</strong></span> <span class='ocrx_word' id='word_1_630' title='bbox 1503 5228 1823 5285; x_wconf 85' lang='lat' dir='ltr'><strong>lavalorium</strong></span> <span class='ocrx_word' id='word_1_631' title='bbox 1873 5244 2065 5284; x_wconf 89' lang='lat' dir='ltr'><strong>manus</strong></span> 
     </span>
    </p>
   </div>
   <div class='ocr_carea' id='block_1_87' title="bbox 489 5310 2064 5391">
    <p class='ocr_par' dir='ltr' id='par_1_87' title="bbox 489 5310 2064 5391">
     <span class='ocr_line' id='line_1_87' title="bbox 489 5310 2064 5391; baseline 0.003 -20"><span class='ocrx_word' id='word_1_632' title='bbox 489 5310 745 5381; x_wconf 81' lang='lat' dir='ltr'><strong>abluere;</strong></span> <span class='ocrx_word' id='word_1_633' title='bbox 781 5320 924 5391; x_wconf 85' lang='lat' dir='ltr'><strong>quod</strong></span> <span class='ocrx_word' id='word_1_634' title='bbox 973 5329 1025 5375; x_wconf 93' lang='lat' dir='ltr'><strong>et</strong></span> <span class='ocrx_word' id='word_1_635' title='bbox 1069 5336 1283 5391; x_wconf 89' lang='lat' dir='ltr'><strong>semper</strong></span> <span class='ocrx_word' id='word_1_636' title='bbox 1334 5322 1389 5375; x_wconf 89' lang='lat' dir='ltr'><strong>in</strong></span> <span class='ocrx_word' id='word_1_637' title='bbox 1428 5319 1714 5375; x_wconf 85' lang='lat' dir='ltr'><strong>duodecim</strong></span> <span class='ocrx_word' id='word_1_638' title='bbox 1744 5320 2064 5376; x_wconf 88' lang='lat' dir='ltr'><strong>lectionibus</strong></span> 
     </span>
    </p>
   </div>
   <div class='ocr_carea' id='block_1_88' title="bbox 487 5406 861 5461">
    <p class='ocr_par' dir='ltr' id='par_1_88' title="bbox 487 5406 861 5461">
     <span class='ocr_line' id='line_1_88' title="bbox 487 5406 861 5461; baseline 0.003 -2"><span class='ocrx_word' id='word_1_639' title='bbox 487 5406 643 5461; x_wconf 88' lang='lat' dir='ltr'><strong>debet</strong></span> <span class='ocrx_word' id='word_1_640' title='bbox 665 5407 861 5461; x_wconf 80' lang='lat' dir='ltr'><strong>facere.</strong></span> 
     </span>
    </p>
   </div>
   <div class='ocr_carea' id='block_1_89' title="bbox 557 5540 2063 5617">
    <p class='ocr_par' dir='ltr' id='par_1_89' title="bbox 557 5540 2063 5617">
     <span class='ocr_line' id='line_1_89' title="bbox 557 5540 2063 5617; baseline 0.005 -23"><span class='ocrx_word' id='word_1_641' title='bbox 557 5540 1088 5617; x_wconf 50' lang='lat' dir='ltr'><strong>tiSOLIj/zilactet‘in,</strong></span> <span class='ocrx_word' id='word_1_642' title='bbox 1115 5546 1331 5607; x_wconf 69' lang='lat' dir='ltr'><strong>arculaz,</strong></span> <span class='ocrx_word' id='word_1_643' title='bbox 1364 5546 1554 5610; x_wconf 67' lang='lat' dir='ltr'><strong>theca},</strong></span> <span class='ocrx_word' id='word_1_644' title='bbox 1578 5544 1633 5600; x_wconf 82' lang='lat' dir='ltr'><strong>in</strong></span> <span class='ocrx_word' id='word_1_645' title='bbox 1656 5543 1850 5617; x_wconf 80' lang='lat' dir='ltr'><strong>quibus</strong></span> <span class='ocrx_word' id='word_1_646' title='bbox 1878 5560 2063 5603; x_wconf 85' lang='lat' dir='ltr'><strong>recon-</strong></span> 
     </span>
    </p>
   </div>
   <div class='ocr_carea' id='block_1_90' title="bbox 487 5606 1119 5680">
    <p class='ocr_par' dir='ltr' id='par_1_90' title="bbox 487 5606 1119 5680">
     <span class='ocr_line' id='line_1_90' title="bbox 487 5606 1119 5680; baseline 0.011 -19"><span class='ocrx_word' id='word_1_647' title='bbox 487 5609 654 5680; x_wconf 70' lang='lat' dir='ltr'><strong>duntu</strong></span> <span class='ocrx_word' id='word_1_648' title='bbox 664 5606 698 5663; x_wconf 70' lang='grc' dir='ltr'><strong>τ’</strong></span> <span class='ocrx_word' id='word_1_649' title='bbox 713 5611 823 5665; x_wconf 80' lang='lat' dir='ltr'><strong>SS.</strong></span> <span class='ocrx_word' id='word_1_650' title='bbox 846 5606 1119 5680; x_wconf 70' lang='lat' dir='ltr'><strong>Reliquiae.</strong></span> 
     </span>
    </p>
   </div>
   <div class='ocr_carea' id='block_1_91' title="bbox 560 5678 1570 5767">
    <p class='ocr_par' dir='ltr' id='par_1_91' title="bbox 560 5678 1570 5767">
     <span class='ocr_line' id='line_1_91' title="bbox 560 5678 1570 5767; baseline 0.009 -35"><span class='ocrx_word' id='word_1_651' title='bbox 560 5678 707 5763; x_wconf 70' lang='grc'><strong>(151)</strong></span> <span class='ocrx_word' id='word_1_652' title='bbox 739 5680 882 5767; x_wconf 59' lang='grc' dir='ltr'>ἁψὶς,</span> <span class='ocrx_word' id='word_1_653' title='bbox 914 5678 1131 5749; x_wconf 58' lang='lat' dir='ltr'><strong>Abanta,</strong></span> <span class='ocrx_word' id='word_1_654' title='bbox 1162 5682 1363 5751; x_wconf 74' lang='lat' dir='ltr'><strong>fornix,</strong></span> <span class='ocrx_word' id='word_1_655' title='bbox 1393 5697 1570 5747; x_wconf 79' lang='lat' dir='ltr'><strong>arcus.</strong></span> 
     </span>
    </p>
   </div>
   <div class='ocr_carea' id='block_1_92' title="bbox 2173 3238 3747 3310">
    <p class='ocr_par' dir='ltr' id='par_1_92' title="bbox 2173 3238 3747 3310">
     <span class='ocr_line' id='line_1_92' title="bbox 2173 3238 3747 3310; baseline 0.001 -17"><span class='ocrx_word' id='word_1_656' title='bbox 2173 3238 2362 3309; x_wconf 88' lang='lat' dir='ltr'><strong>psalmi</strong></span> <span class='ocrx_word' id='word_1_657' title='bbox 2386 3240 2452 3294; x_wconf 88' lang='lat' dir='ltr'><strong>ad</strong></span> <span class='ocrx_word' id='word_1_658' title='bbox 2478 3241 2702 3310; x_wconf 82' lang='lat' dir='ltr'><strong>gradum</strong></span> <span class='ocrx_word' id='word_1_659' title='bbox 2726 3250 2853 3295; x_wconf 91' lang='lat' dir='ltr'><strong>ante</strong></span> <span class='ocrx_word' id='word_1_660' title='bbox 2879 3251 2933 3296; x_wconf 90' lang='lat' dir='ltr'><strong>et</strong></span> <span class='ocrx_word' id='word_1_661' title='bbox 2958 3250 3104 3296; x_wconf 81' lang='lat' dir='ltr'><strong>retro</strong></span> <span class='ocrx_word' id='word_1_662' title='bbox 3144 3240 3368 3297; x_wconf 78' lang='lat' dir='ltr'><strong>facienti</strong></span> <span class='ocrx_word' id='word_1_663' title='bbox 3395 3252 3453 3297; x_wconf 90' lang='lat' dir='ltr'><strong>et</strong></span> <span class='ocrx_word' id='word_1_664' title='bbox 3480 3243 3555 3297; x_wconf 87' lang='lat' dir='ltr'><strong>ad</strong></span> <span class='ocrx_word' id='word_1_665' title='bbox 3583 3241 3747 3297; x_wconf 83' lang='lat' dir='ltr'><strong>analo-</strong></span> 
     </span>
    </p>
   </div>
   <div class='ocr_carea' id='block_1_93' title="bbox 2177 3329 3449 3401">
    <p class='ocr_par' dir='ltr' id='par_1_93' title="bbox 2177 3329 3449 3401">
     <span class='ocr_line' id='line_1_93' title="bbox 2177 3329 3449 3401; baseline 0.007 -21"><span class='ocrx_word' id='word_1_666' title='bbox 2177 3329 2324 3399; x_wconf 83' lang='lat' dir='ltr'><strong>gium</strong></span> <span class='ocrx_word' id='word_1_667' title='bbox 2348 3333 2517 3397; x_wconf 90' lang='lat' dir='ltr'><strong>eunti,</strong></span> <span class='ocrx_word' id='word_1_668' title='bbox 2544 3332 2657 3401; x_wconf 89' lang='lat' dir='ltr'><strong>ipse</strong></span> <span class='ocrx_word' id='word_1_669' title='bbox 2679 3332 3007 3388; x_wconf 89' lang='lat' dir='ltr'><strong>discedendo</strong></span> <span class='ocrx_word' id='word_1_670' title='bbox 3036 3349 3140 3389; x_wconf 87' lang='lat' dir='ltr'><strong>non</strong></span> <span class='ocrx_word' id='word_1_671' title='bbox 3167 3343 3449 3389; x_wconf 86' lang='lat' dir='ltr'><strong>occurrat.</strong></span> 
     </span>
    </p>
   </div>
   <div class='ocr_carea' id='block_1_94' title="bbox 2248 3420 3753 3493">
    <p class='ocr_par' dir='ltr' id='par_1_94' title="bbox 2248 3420 3753 3493">
     <span class='ocr_line' id='line_1_94' title="bbox 2248 3420 3753 3493; baseline 0.001 -18"><span class='ocrx_word' id='word_1_672' title='bbox 2248 3421 2384 3490; x_wconf 83' lang='lat' dir='ltr'><strong>(uo).</strong></span> <span class='ocrx_word' id='word_1_673' title='bbox 2417 3420 2561 3491; x_wconf 83' lang='lat' dir='ltr'><strong>Ergo</strong></span> <span class='ocrx_word' id='word_1_674' title='bbox 2585 3424 2650 3476; x_wconf 90' lang='lat' dir='ltr'><strong>ad</strong></span> <span class='ocrx_word' id='word_1_675' title='bbox 2683 3437 2879 3477; x_wconf 88' lang='lat' dir='ltr'><strong>nouam</strong></span> <span class='ocrx_word' id='word_1_676' title='bbox 2912 3423 3220 3485; x_wconf 82' lang='lat' dir='ltr'><strong>lectionem,</strong></span> <span class='ocrx_word' id='word_1_677' title='bbox 3253 3438 3377 3493; x_wconf 73' lang='lat' dir='ltr'><strong>qua:</strong></span> <span class='ocrx_word' id='word_1_678' title='bbox 3392 3433 3480 3478; x_wconf 90' lang='lat' dir='ltr'><strong>est</strong></span> <span class='ocrx_word' id='word_1_679' title='bbox 3513 3424 3581 3477; x_wconf 91' lang='lat' dir='ltr'><strong>de</strong></span> <span class='ocrx_word' id='word_1_680' title='bbox 3602 3424 3753 3478; x_wconf 72' lang='lat' dir='ltr'><strong>Evan-</strong></span> 
     </span>
    </p>
   </div>
   <div class='ocr_carea' id='block_1_95' title="bbox 2176 3509 3751 3580">
    <p class='ocr_par' dir='ltr' id='par_1_95' title="bbox 2176 3509 3751 3580">
     <span class='ocr_line' id='line_1_95' title="bbox 2176 3509 3751 3580; baseline 0.001 -18"><span class='ocrx_word' id='word_1_681' title='bbox 2176 3509 2337 3579; x_wconf 84' lang='lat' dir='ltr'><strong>gelio,</strong></span> <span class='ocrx_word' id='word_1_682' title='bbox 2378 3511 2432 3565; x_wconf 91' lang='lat' dir='ltr'><strong>in</strong></span> <span class='ocrx_word' id='word_1_683' title='bbox 2483 3510 2627 3575; x_wconf 91' lang='lat' dir='ltr'><strong>loco,</strong></span> <span class='ocrx_word' id='word_1_684' title='bbox 2677 3514 2769 3566; x_wconf 90' lang='lat' dir='ltr'><strong>ubi</strong></span> <span class='ocrx_word' id='word_1_685' title='bbox 2817 3514 3093 3580; x_wconf 75' lang='lat' dir='ltr'><strong>expositor</strong></span> <span class='ocrx_word' id='word_1_686' title='bbox 3145 3513 3386 3568; x_wconf 76' lang='lat' dir='ltr'><strong>homilia:</strong></span> <span class='ocrx_word' id='word_1_687' title='bbox 3434 3514 3751 3573; x_wconf 85' lang='lat' dir='ltr'><strong>nominatur,</strong></span> 
     </span>
    </p>
   </div>
   <div class='ocr_carea' id='block_1_96' title="bbox 2178 3600 3751 3658">
    <p class='ocr_par' dir='ltr' id='par_1_96' title="bbox 2178 3600 3751 3658">
     <span class='ocr_line' id='line_1_96' title="bbox 2178 3600 3751 3658; baseline 0.003 -6"><span class='ocrx_word' id='word_1_688' title='bbox 2178 3600 2353 3654; x_wconf 88' lang='lat' dir='ltr'><strong>adhuc</strong></span> <span class='ocrx_word' id='word_1_689' title='bbox 2380 3608 2434 3655; x_wconf 89' lang='lat' dir='ltr'><strong>et</strong></span> <span class='ocrx_word' id='word_1_690' title='bbox 2464 3601 2683 3655; x_wconf 89' lang='lat' dir='ltr'><strong>tertium</strong></span> <span class='ocrx_word' id='word_1_691' title='bbox 2707 3611 2835 3657; x_wconf 89' lang='lat' dir='ltr'><strong>ante</strong></span> <span class='ocrx_word' id='word_1_692' title='bbox 2862 3602 3035 3657; x_wconf 89' lang='lat' dir='ltr'><strong>altare</strong></span> <span class='ocrx_word' id='word_1_693' title='bbox 3059 3617 3276 3658; x_wconf 89' lang='lat' dir='ltr'><strong>cereum</strong></span> <span class='ocrx_word' id='word_1_694' title='bbox 3324 3604 3602 3658; x_wconf 76' lang='lat' dir='ltr'><strong>accendit.</strong></span> <span class='ocrx_word' id='word_1_695' title='bbox 3637 3603 3751 3656; x_wconf 82' lang='lat' dir='ltr'><strong>Cum</strong></span> 
     </span>
    </p>
   </div>
   <div class='ocr_carea' id='block_1_97' title="bbox 2176 3688 3753 3762">
    <p class='ocr_par' dir='ltr' id='par_1_97' title="bbox 2176 3688 3753 3762">
     <span class='ocr_line' id='line_1_97' title="bbox 2176 3688 3753 3762; baseline 0.003 -20"><span class='ocrx_word' id='word_1_696' title='bbox 2176 3688 2429 3744; x_wconf 87' lang='lat' dir='ltr'><strong>sacerdos</strong></span> <span class='ocrx_word' id='word_1_697' title='bbox 2453 3690 2695 3744; x_wconf 86' lang='lat' dir='ltr'><strong>dicturus</strong></span> <span class='ocrx_word' id='word_1_698' title='bbox 2710 3700 2793 3745; x_wconf 91' lang='lat' dir='ltr'><strong>est</strong></span> <span class='ocrx_word' id='word_1_699' title='bbox 2814 3692 3118 3757; x_wconf 87' lang='lat' dir='ltr'><strong>collectam,</strong></span> <span class='ocrx_word' id='word_1_700' title='bbox 3145 3692 3271 3747; x_wconf 87' lang='lat' dir='ltr'><strong>huic</strong></span> <span class='ocrx_word' id='word_1_701' title='bbox 3287 3693 3458 3746; x_wconf 87' lang='lat' dir='ltr'><strong>etiam</strong></span> <span class='ocrx_word' id='word_1_702' title='bbox 3481 3693 3753 3762; x_wconf 81' lang='lat' dir='ltr'><strong>providens</strong></span> 
     </span>
    </p>
   </div>
   <div class='ocr_carea' id='block_1_98' title="bbox 2176 3777 3751 3852">
    <p class='ocr_par' dir='ltr' id='par_1_98' title="bbox 2176 3777 3751 3852">
     <span class='ocr_line' id='line_1_98' title="bbox 2176 3777 3751 3852; baseline 0.004 -22"><span class='ocrx_word' id='word_1_703' title='bbox 2176 3777 2355 3832; x_wconf 90' lang='lat' dir='ltr'><strong>lumen</strong></span> <span class='ocrx_word' id='word_1_704' title='bbox 2384 3789 2673 3849; x_wconf 87' lang='lat' dir='ltr'><strong>apportat,</strong></span> <span class='ocrx_word' id='word_1_705' title='bbox 2722 3781 2774 3834; x_wconf 91' lang='lat' dir='ltr'><strong>in</strong></span> <span class='ocrx_word' id='word_1_706' title='bbox 2824 3781 3108 3837; x_wconf 90' lang='lat' dir='ltr'><strong>duodecim</strong></span> <span class='ocrx_word' id='word_1_707' title='bbox 3161 3780 3495 3837; x_wconf 89' lang='lat' dir='ltr'><strong>lectionibus</strong></span> <span class='ocrx_word' id='word_1_708' title='bbox 3524 3782 3751 3852; x_wconf 70' lang='lat' dir='ltr'><strong>quidem,</strong></span> 
     </span>
    </p>
   </div>
   <div class='ocr_carea' id='block_1_99' title="bbox 2174 3870 3754 3943">
    <p class='ocr_par' dir='ltr' id='par_1_99' title="bbox 2174 3870 3754 3943">
     <span class='ocr_line' id='line_1_99' title="bbox 2174 3870 3754 3943; baseline 0.004 -21"><span class='ocrx_word' id='word_1_709' title='bbox 2174 3879 2231 3922; x_wconf 84' lang='lat' dir='ltr'><strong>et</strong></span> <span class='ocrx_word' id='word_1_710' title='bbox 2261 3870 2311 3921; x_wconf 93' lang='lat' dir='ltr'><strong>in</strong></span> <span class='ocrx_word' id='word_1_711' title='bbox 2348 3871 2585 3935; x_wconf 89' lang='lat' dir='ltr'><strong>octavis,</strong></span> <span class='ocrx_word' id='word_1_712' title='bbox 2625 3872 2762 3927; x_wconf 89' lang='lat' dir='ltr'><strong>etin</strong></span> <span class='ocrx_word' id='word_1_713' title='bbox 2792 3886 2980 3928; x_wconf 88' lang='lat' dir='ltr'><strong>eorum</strong></span> <span class='ocrx_word' id='word_1_714' title='bbox 3009 3872 3282 3927; x_wconf 89' lang='lat' dir='ltr'><strong>similibus</strong></span> <span class='ocrx_word' id='word_1_715' title='bbox 3323 3874 3591 3943; x_wconf 82' lang='lat' dir='ltr'><strong>precibus</strong></span> <span class='ocrx_word' id='word_1_716' title='bbox 3632 3886 3754 3943; x_wconf 71' lang='lat' dir='ltr'><strong>pene</strong></span> 
     </span>
    </p>
   </div>
   <div class='ocr_carea' id='block_1_100' title="bbox 2177 3958 3751 4032">
    <p class='ocr_par' dir='ltr' id='par_1_100' title="bbox 2177 3958 3751 4032">
     <span class='ocr_line' id='line_1_100' title="bbox 2177 3958 3751 4032; baseline 0.002 -22"><span class='ocrx_word' id='word_1_717' title='bbox 2177 3958 2342 4013; x_wconf 87' lang='lat' dir='ltr'><strong>linitis</strong></span> <span class='ocrx_word' id='word_1_718' title='bbox 2373 3977 2386 4012; x_wconf 93' lang='lat'>:</span> <span class='ocrx_word' id='word_1_719' title='bbox 2414 3964 2427 3977; x_wconf 80' lang='lat'><em>’</em></span> <span class='ocrx_word' id='word_1_720' title='bbox 2459 3960 2512 4014; x_wconf 91' lang='lat' dir='ltr'><strong>in</strong></span> <span class='ocrx_word' id='word_1_721' title='bbox 2539 3961 2624 4016; x_wconf 90' lang='lat' dir='ltr'><strong>his</strong></span> <span class='ocrx_word' id='word_1_722' title='bbox 2651 3970 2829 4016; x_wconf 90' lang='lat' dir='ltr'><strong>autem</strong></span> <span class='ocrx_word' id='word_1_723' title='bbox 2868 3961 3079 4027; x_wconf 85' lang='lat' dir='ltr'><strong>diebus,</strong></span> <span class='ocrx_word' id='word_1_724' title='bbox 3108 3962 3330 4031; x_wconf 87' lang='lat' dir='ltr'><strong>quando</strong></span> <span class='ocrx_word' id='word_1_725' title='bbox 3351 3961 3554 4032; x_wconf 82' lang='lat' dir='ltr'><strong>psalmi</strong></span> <span class='ocrx_word' id='word_1_726' title='bbox 3580 3974 3751 4032; x_wconf 63' lang='lat' dir='ltr'><strong>preces</strong></span> 
     </span>
    </p>
   </div>
   <div class='ocr_carea' id='block_1_101' title="bbox 2176 4044 3749 4118">
    <p class='ocr_par' dir='ltr' id='par_1_101' title="bbox 2176 4044 3749 4118">
     <span class='ocr_line' id='line_1_101' title="bbox 2176 4044 3749 4118; baseline -0.001 -17"><span class='ocrx_word' id='word_1_727' title='bbox 2176 4044 2512 4116; x_wconf 89' lang='lat' dir='ltr'><strong>sequuntur,</strong></span> <span class='ocrx_word' id='word_1_728' title='bbox 2566 4048 2708 4103; x_wconf 75' lang='lat' dir='ltr'><strong>infra</strong></span> <span class='ocrx_word' id='word_1_729' title='bbox 2754 4050 3055 4118; x_wconf 88' lang='lat' dir='ltr'><strong>psalmum,</strong></span> <span class='ocrx_word' id='word_1_730' title='bbox 3113 4048 3325 4103; x_wconf 85' lang='lat' dir='ltr'><strong>Inclina</strong></span> <span class='ocrx_word' id='word_1_731' title='bbox 3356 4066 3379 4105; x_wconf 74' lang='grc' dir='ltr'><em>ε</em></span> <span class='ocrx_word' id='word_1_732' title='bbox 3412 4050 3469 4104; x_wconf 90' lang='lat' dir='ltr'><strong>in</strong></span> <span class='ocrx_word' id='word_1_733' title='bbox 3521 4052 3749 4105; x_wconf 73' lang='lat' dir='ltr'><strong>Advertit</strong></span> 
     </span>
    </p>
   </div>
   <div class='ocr_carea' id='block_1_102' title="bbox 2174 4136 3751 4209">
    <p class='ocr_par' dir='ltr' id='par_1_102' title="bbox 2174 4136 3751 4209">
     <span class='ocr_line' id='line_1_102' title="bbox 2174 4136 3751 4209; baseline 0.003 -18"><span class='ocrx_word' id='word_1_734' title='bbox 2174 4152 2302 4191; x_wconf 85' lang='lat' dir='ltr'><strong>vero</strong></span> <span class='ocrx_word' id='word_1_735' title='bbox 2332 4136 2564 4201; x_wconf 87' lang='lat' dir='ltr'><strong>Domini,</strong></span> <span class='ocrx_word' id='word_1_736' title='bbox 2592 4147 2646 4193; x_wconf 90' lang='lat' dir='ltr'><strong>et</strong></span> <span class='ocrx_word' id='word_1_737' title='bbox 2675 4138 2727 4192; x_wconf 83' lang='lat' dir='ltr'><strong>iit</strong></span> <span class='ocrx_word' id='word_1_738' title='bbox 2765 4138 3195 4209; x_wconf 81' lang='lat' dir='ltr'><strong>Quadragesima</strong></span> <span class='ocrx_word' id='word_1_739' title='bbox 3230 4148 3360 4194; x_wconf 87' lang='lat' dir='ltr'><strong>ante</strong></span> <span class='ocrx_word' id='word_1_740' title='bbox 3399 4154 3617 4209; x_wconf 80' lang='lat' dir='ltr'><strong>preces.</strong></span> <span class='ocrx_word' id='word_1_741' title='bbox 3642 4136 3751 4194; x_wconf 73' lang='lat' dir='ltr'><strong>OG-</strong></span> 
     </span>
    </p>
   </div>
   <div class='ocr_carea' id='block_1_103' title="bbox 2175 4226 3749 4289">
    <p class='ocr_par' dir='ltr' id='par_1_103' title="bbox 2175 4226 3749 4289">
     <span class='ocr_line' id='line_1_103' title="bbox 2175 4226 3749 4289; baseline 0.005 -8"><span class='ocrx_word' id='word_1_742' title='bbox 2175 4226 2328 4281; x_wconf 89' lang='lat' dir='ltr'><strong>cialis</strong></span> <span class='ocrx_word' id='word_1_743' title='bbox 2355 4235 2533 4281; x_wconf 91' lang='lat' dir='ltr'><strong>autem</strong></span> <span class='ocrx_word' id='word_1_744' title='bbox 2566 4228 2705 4284; x_wconf 90' lang='lat' dir='ltr'><strong>liber</strong></span> <span class='ocrx_word' id='word_1_745' title='bbox 2752 4229 2944 4284; x_wconf 90' lang='lat' dir='ltr'><strong>subtus</strong></span> <span class='ocrx_word' id='word_1_746' title='bbox 2978 4229 3212 4284; x_wconf 81' lang='lat' dir='ltr'><strong>formam</strong></span> <span class='ocrx_word' id='word_1_747' title='bbox 3255 4237 3393 4285; x_wconf 85' lang='lat' dir='ltr'><strong>ante</strong></span> <span class='ocrx_word' id='word_1_748' title='bbox 3428 4229 3749 4289; x_wconf 71' lang='lat' dir='ltr'><strong>sacerdote-</strong></span> 
     </span>
    </p>
   </div>
   <div class='ocr_carea' id='block_1_104' title="bbox 2175 4317 3751 4391">
    <p class='ocr_par' dir='ltr' id='par_1_104' title="bbox 2175 4317 3751 4391">
     <span class='ocr_line' id='line_1_104' title="bbox 2175 4317 3751 4391; baseline 0.002 -20"><span class='ocrx_word' id='word_1_749' title='bbox 2175 4335 2202 4371; x_wconf 90' lang='lat' dir='ltr'><strong>a</strong></span> <span class='ocrx_word' id='word_1_750' title='bbox 2235 4317 2488 4388; x_wconf 78' lang='lat' dir='ltr'><strong>praedicto</strong></span> <span class='ocrx_word' id='word_1_751' title='bbox 2520 4317 2689 4374; x_wconf 89' lang='lat' dir='ltr'><strong>l‘ratre</strong></span> <span class='ocrx_word' id='word_1_752' title='bbox 2731 4320 2943 4391; x_wconf 90' lang='lat' dir='ltr'><strong>positus</strong></span> <span class='ocrx_word' id='word_1_753' title='bbox 2964 4319 3112 4390; x_wconf 88' lang='lat' dir='ltr'><strong>jacet</strong></span> <span class='ocrx_word' id='word_1_754' title='bbox 3141 4319 3385 4386; x_wconf 84' lang='lat' dir='ltr'><strong>assidue,</strong></span> <span class='ocrx_word' id='word_1_755' title='bbox 3422 4328 3485 4374; x_wconf 92' lang='lat' dir='ltr'><strong>ut</strong></span> <span class='ocrx_word' id='word_1_756' title='bbox 3524 4320 3751 4376; x_wconf 75' lang='lat' dir='ltr'><strong>cominus</strong></span> 
     </span>
    </p>
   </div>
   <div class='ocr_carea' id='block_1_105' title="bbox 2174 4411 3749 4483">
    <p class='ocr_par' dir='ltr' id='par_1_105' title="bbox 2174 4411 3749 4483">
     <span class='ocr_line' id='line_1_105' title="bbox 2174 4411 3749 4483; baseline 0.003 -21"><span class='ocrx_word' id='word_1_757' title='bbox 2174 4422 2295 4463; x_wconf 92' lang='lat' dir='ltr'><strong>eum</strong></span> <span class='ocrx_word' id='word_1_758' title='bbox 2341 4411 2512 4479; x_wconf 85' lang='lat' dir='ltr'><strong>possit</strong></span> <span class='ocrx_word' id='word_1_759' title='bbox 2550 4411 2778 4478; x_wconf 89' lang='lat' dir='ltr'><strong>habere,</strong></span> <span class='ocrx_word' id='word_1_760' title='bbox 2806 4413 2910 4468; x_wconf 90' lang='lat' dir='ltr'><strong>nisi</strong></span> <span class='ocrx_word' id='word_1_761' title='bbox 2939 4427 3062 4467; x_wconf 91' lang='lat' dir='ltr'><strong>eum</strong></span> <span class='ocrx_word' id='word_1_762' title='bbox 3095 4412 3293 4483; x_wconf 89' lang='lat' dir='ltr'><strong>aliquis</strong></span> <span class='ocrx_word' id='word_1_763' title='bbox 3325 4413 3398 4468; x_wconf 88' lang='lat' dir='ltr'><strong>ad</strong></span> <span class='ocrx_word' id='word_1_764' title='bbox 3446 4426 3749 4468; x_wconf 69' lang='lat' dir='ltr'><strong>monumen-</strong></span> 
     </span>
    </p>
   </div>
   <div class='ocr_carea' id='block_1_106' title="bbox 2176 4500 3749 4575">
    <p class='ocr_par' dir='ltr' id='par_1_106' title="bbox 2176 4500 3749 4575">
     <span class='ocr_line' id='line_1_106' title="bbox 2176 4500 3749 4575; baseline 0.003 -21"><span class='ocrx_word' id='word_1_765' title='bbox 2176 4509 2290 4555; x_wconf 89' lang='lat' dir='ltr'><strong>tum</strong></span> <span class='ocrx_word' id='word_1_766' title='bbox 2323 4500 2569 4556; x_wconf 83' lang='lat' dir='ltr'><strong>auferat:</strong></span> <span class='ocrx_word' id='word_1_767' title='bbox 2594 4501 2943 4571; x_wconf 68' lang='lat' dir='ltr'><strong>quatstionari</strong></span> <span class='ocrx_word' id='word_1_768' title='bbox 2979 4513 3182 4568; x_wconf 86' lang='lat' dir='ltr'><strong>tamen,</strong></span> <span class='ocrx_word' id='word_1_769' title='bbox 3210 4518 3279 4558; x_wconf 90' lang='lat' dir='ltr'><strong>ne</strong></span> <span class='ocrx_word' id='word_1_770' title='bbox 3307 4502 3361 4558; x_wconf 92' lang='lat' dir='ltr'><strong>in</strong></span> <span class='ocrx_word' id='word_1_771' title='bbox 3390 4518 3498 4559; x_wconf 88' lang='lat' dir='ltr'><strong>suo</strong></span> <span class='ocrx_word' id='word_1_772' title='bbox 3527 4513 3749 4575; x_wconf 73' lang='lat' dir='ltr'><strong>tempore</strong></span> 
     </span>
    </p>
   </div>
   <div class='ocr_carea' id='block_1_107' title="bbox 2174 4590 3749 4661">
    <p class='ocr_par' dir='ltr' id='par_1_107' title="bbox 2174 4590 3749 4661">
     <span class='ocr_line' id='line_1_107' title="bbox 2174 4590 3749 4661; baseline 0.003 -17"><span class='ocrx_word' id='word_1_773' title='bbox 2174 4590 2345 4656; x_wconf 86' lang='lat' dir='ltr'><strong>desit,</strong></span> <span class='ocrx_word' id='word_1_774' title='bbox 2390 4599 2677 4661; x_wconf 61' lang='lat' dir='ltr'><strong>praecavet,</strong></span> <span class='ocrx_word' id='word_1_775' title='bbox 2717 4592 2956 4661; x_wconf 86' lang='lat' dir='ltr'><strong>alioquin</strong></span> <span class='ocrx_word' id='word_1_776' title='bbox 2993 4592 3435 4648; x_wconf 82' lang='lat' dir='ltr'><strong>inclamationetn</strong></span> <span class='ocrx_word' id='word_1_777' title='bbox 3480 4609 3596 4651; x_wconf 88' lang='lat' dir='ltr'><strong>non</strong></span> <span class='ocrx_word' id='word_1_778' title='bbox 3635 4592 3749 4649; x_wconf 68' lang='lat' dir='ltr'><strong>edu-</strong></span> 
     </span>
    </p>
   </div>
   <div class='ocr_carea' id='block_1_108' title="bbox 2171 4682 3745 4755">
    <p class='ocr_par' dir='ltr' id='par_1_108' title="bbox 2171 4682 3745 4755">
     <span class='ocr_line' id='line_1_108' title="bbox 2171 4682 3745 4755; baseline 0.003 -20"><span class='ocrx_word' id='word_1_779' title='bbox 2171 4682 2299 4753; x_wconf 86' lang='lat' dir='ltr'><strong>giet.</strong></span> <span class='ocrx_word' id='word_1_780' title='bbox 2322 4682 2391 4736; x_wconf 84' lang='lat' dir='ltr'><strong>At</strong></span> <span class='ocrx_word' id='word_1_781' title='bbox 2411 4683 2458 4737; x_wconf 92' lang='lat' dir='ltr'><strong>si</strong></span> <span class='ocrx_word' id='word_1_782' title='bbox 2500 4682 2755 4739; x_wconf 86' lang='lat' dir='ltr'><strong>sacerdos</strong></span> <span class='ocrx_word' id='word_1_783' title='bbox 2796 4683 2939 4739; x_wconf 91' lang='lat' dir='ltr'><strong>idem</strong></span> <span class='ocrx_word' id='word_1_784' title='bbox 2967 4684 3051 4739; x_wconf 87' lang='lat' dir='ltr'><strong>vel</strong></span> <span class='ocrx_word' id='word_1_785' title='bbox 3078 4692 3302 4755; x_wconf 88' lang='lat' dir='ltr'><strong>propter</strong></span> <span class='ocrx_word' id='word_1_786' title='bbox 3332 4689 3543 4741; x_wconf 77' lang='lat' dir='ltr'><strong>festum</strong></span> <span class='ocrx_word' id='word_1_787' title='bbox 3572 4702 3675 4743; x_wconf 72' lang='lat' dir='ltr'><strong>non</strong></span> <span class='ocrx_word' id='word_1_788' title='bbox 3702 4686 3745 4739; x_wconf 75' lang='lat' dir='ltr'><strong>ie</strong></span> 
     </span>
    </p>
   </div>
   <div class='ocr_carea' id='block_1_109' title="bbox 2170 4771 3745 4843">
    <p class='ocr_par' dir='ltr' id='par_1_109' title="bbox 2170 4771 3745 4843">
     <span class='ocr_line' id='line_1_109' title="bbox 2170 4771 3745 4843; baseline 0 -18"><span class='ocrx_word' id='word_1_789' title='bbox 2170 4772 2288 4827; x_wconf 85' lang='lat' dir='ltr'><strong>loco</strong></span> <span class='ocrx_word' id='word_1_790' title='bbox 2326 4788 2425 4826; x_wconf 88' lang='lat' dir='ltr'><strong>suo</strong></span> <span class='ocrx_word' id='word_1_791' title='bbox 2471 4771 2539 4826; x_wconf 92' lang='lat' dir='ltr'><strong>ad</strong></span> <span class='ocrx_word' id='word_1_792' title='bbox 2566 4772 2891 4828; x_wconf 88' lang='lat' dir='ltr'><strong>matutinum</strong></span> <span class='ocrx_word' id='word_1_793' title='bbox 2938 4781 2993 4827; x_wconf 90' lang='lat' dir='ltr'><strong>et</strong></span> <span class='ocrx_word' id='word_1_794' title='bbox 3038 4773 3106 4827; x_wconf 90' lang='lat' dir='ltr'><strong>ad</strong></span> <span class='ocrx_word' id='word_1_795' title='bbox 3154 4786 3420 4843; x_wconf 75' lang='lat' dir='ltr'><strong>vesperae</strong></span> <span class='ocrx_word' id='word_1_796' title='bbox 3470 4785 3628 4841; x_wconf 87' lang='lat' dir='ltr'><strong>stat,</strong></span> <span class='ocrx_word' id='word_1_797' title='bbox 3678 4775 3745 4825; x_wconf 79' lang='lat' dir='ltr'><strong>vel</strong></span> 
     </span>
    </p>
   </div>
   <div class='ocr_carea' id='block_1_110' title="bbox 2171 4862 3746 4931">
    <p class='ocr_par' dir='ltr' id='par_1_110' title="bbox 2171 4862 3746 4931">
     <span class='ocr_line' id='line_1_110' title="bbox 2171 4862 3746 4931; baseline 0.001 -15"><span class='ocrx_word' id='word_1_798' title='bbox 2171 4862 2332 4917; x_wconf 89' lang='lat' dir='ltr'><strong>alium</strong></span> <span class='ocrx_word' id='word_1_799' title='bbox 2355 4862 2527 4916; x_wconf 87' lang='lat' dir='ltr'><strong>vicem</strong></span> <span class='ocrx_word' id='word_1_800' title='bbox 2555 4878 2707 4917; x_wconf 83' lang='lat' dir='ltr'><strong>suam</strong></span> <span class='ocrx_word' id='word_1_801' title='bbox 2735 4878 2895 4931; x_wconf 79' lang='lat' dir='ltr'><strong>agere</strong></span> <span class='ocrx_word' id='word_1_802' title='bbox 2912 4872 3088 4931; x_wconf 79' lang='lat' dir='ltr'><strong>rogat,</strong></span> <span class='ocrx_word' id='word_1_803' title='bbox 3115 4864 3580 4920; x_wconf 87' lang='lat' dir='ltr'><strong>hebdomadarius</strong></span> <span class='ocrx_word' id='word_1_804' title='bbox 3610 4881 3746 4921; x_wconf 62' lang='lat' dir='ltr'><strong>ennio</strong></span> 
     </span>
    </p>
   </div>
   <div class='ocr_carea' id='block_1_111' title="bbox 2173 4952 3745 5025">
    <p class='ocr_par' dir='ltr' id='par_1_111' title="bbox 2173 4952 3745 5025">
     <span class='ocr_line' id='line_1_111' title="bbox 2173 4952 3745 5025; baseline 0.003 -19"><span class='ocrx_word' id='word_1_805' title='bbox 2173 4952 2293 5007; x_wconf 91' lang='lat' dir='ltr'><strong>dem</strong></span> <span class='ocrx_word' id='word_1_806' title='bbox 2327 4952 2523 5006; x_wconf 82' lang='lat' dir='ltr'><strong>lihrtmt</strong></span> <span class='ocrx_word' id='word_1_807' title='bbox 2555 4967 2675 5007; x_wconf 91' lang='lat' dir='ltr'><strong>enm</strong></span> <span class='ocrx_word' id='word_1_808' title='bbox 2725 4952 2925 5007; x_wconf 86' lang='lat' dir='ltr'><strong>lumine</strong></span> <span class='ocrx_word' id='word_1_809' title='bbox 2970 4953 3267 5019; x_wconf 88' lang='lat' dir='ltr'><strong>sacerdoti,</strong></span> <span class='ocrx_word' id='word_1_810' title='bbox 3302 4955 3621 5025; x_wconf 83' lang='lat' dir='ltr'><strong>quicunque</strong></span> <span class='ocrx_word' id='word_1_811' title='bbox 3654 4962 3745 5017; x_wconf 73' lang='lat' dir='ltr'><strong>at,</strong></span> 
     </span>
    </p>
   </div>
   <div class='ocr_carea' id='block_1_112' title="bbox 2174 5043 3745 5115">
    <p class='ocr_par' dir='ltr' id='par_1_112' title="bbox 2174 5043 3745 5115">
     <span class='ocr_line' id='line_1_112' title="bbox 2174 5043 3745 5115; baseline 0.001 -17"><span class='ocrx_word' id='word_1_812' title='bbox 2174 5043 2241 5098; x_wconf 92' lang='lat' dir='ltr'><strong>ad</strong></span> <span class='ocrx_word' id='word_1_813' title='bbox 2290 5043 2508 5099; x_wconf 85' lang='lat' dir='ltr'><strong>easdem</strong></span> <span class='ocrx_word' id='word_1_814' title='bbox 2546 5044 2689 5097; x_wconf 88' lang='lat' dir='ltr'><strong>vices</strong></span> <span class='ocrx_word' id='word_1_815' title='bbox 2721 5052 2969 5113; x_wconf 89' lang='lat' dir='ltr'><strong>apportat</strong></span> <span class='ocrx_word' id='word_1_816' title='bbox 3022 5053 3076 5099; x_wconf 93' lang='lat' dir='ltr'><strong>et</strong></span> <span class='ocrx_word' id='word_1_817' title='bbox 3119 5054 3381 5115; x_wconf 88' lang='lat' dir='ltr'><strong>reportat.</strong></span> <span class='ocrx_word' id='word_1_818' title='bbox 3424 5046 3551 5102; x_wconf 67' lang='lat' dir='ltr'><strong>Mox</strong></span> <span class='ocrx_word' id='word_1_819' title='bbox 3596 5046 3745 5104; x_wconf 70' lang='lat' dir='ltr'><strong>etia-</strong></span> 
     </span>
    </p>
   </div>
   <div class='ocr_carea' id='block_1_113' title="bbox 2169 5135 3747 5208">
    <p class='ocr_par' dir='ltr' id='par_1_113' title="bbox 2169 5135 3747 5208">
     <span class='ocr_line' id='line_1_113' title="bbox 2169 5135 3747 5208; baseline -0.001 -18"><span class='ocrx_word' id='word_1_820' title='bbox 2169 5146 2291 5205; x_wconf 91' lang='lat' dir='ltr'><strong>post</strong></span> <span class='ocrx_word' id='word_1_821' title='bbox 2330 5135 2713 5195; x_wconf 78' lang='lat' dir='ltr'><strong>Benedicamus</strong></span> <span class='ocrx_word' id='word_1_822' title='bbox 2760 5137 3024 5202; x_wconf 83' lang='lat' dir='ltr'><strong>Domino,</strong></span> <span class='ocrx_word' id='word_1_823' title='bbox 3078 5138 3121 5192; x_wconf 90' lang='lat' dir='ltr'><strong>si</strong></span> <span class='ocrx_word' id='word_1_824' title='bbox 3176 5137 3477 5208; x_wconf 86' lang='lat' dir='ltr'><strong>antiphona</strong></span> <span class='ocrx_word' id='word_1_825' title='bbox 3535 5138 3747 5207; x_wconf 78' lang='lat' dir='ltr'><strong>alicujus</strong></span> 
     </span>
    </p>
   </div>
   <div class='ocr_carea' id='block_1_114' title="bbox 2172 5225 3743 5298">
    <p class='ocr_par' dir='ltr' id='par_1_114' title="bbox 2172 5225 3743 5298">
     <span class='ocr_line' id='line_1_114' title="bbox 2172 5225 3743 5298; baseline 0 -15"><span class='ocrx_word' id='word_1_826' title='bbox 2172 5230 2293 5283; x_wconf 74' lang='lat' dir='ltr'><strong>festi</strong></span> <span class='ocrx_word' id='word_1_827' title='bbox 2329 5243 2433 5283; x_wconf 90' lang='lat' dir='ltr'><strong>non</strong></span> <span class='ocrx_word' id='word_1_828' title='bbox 2472 5230 2737 5298; x_wconf 87' lang='lat' dir='ltr'><strong>sequitur,</strong></span> <span class='ocrx_word' id='word_1_829' title='bbox 2765 5229 3069 5284; x_wconf 91' lang='lat' dir='ltr'><strong>benedictio</strong></span> <span class='ocrx_word' id='word_1_830' title='bbox 3097 5229 3165 5284; x_wconf 89' lang='lat' dir='ltr'><strong>ab</strong></span> <span class='ocrx_word' id='word_1_831' title='bbox 3204 5228 3390 5297; x_wconf 87' lang='lat' dir='ltr'><strong>aliquo</strong></span> <span class='ocrx_word' id='word_1_832' title='bbox 3421 5245 3532 5284; x_wconf 91' lang='lat' dir='ltr'><strong>non</strong></span> <span class='ocrx_word' id='word_1_833' title='bbox 3556 5225 3743 5298; x_wconf 76' lang='lat' dir='ltr'><strong>accipi-</strong></span> 
     </span>
    </p>
   </div>
   <div class='ocr_carea' id='block_1_115' title="bbox 2172 5310 3745 5385">
    <p class='ocr_par' dir='ltr' id='par_1_115' title="bbox 2172 5310 3745 5385">
     <span class='ocr_line' id='line_1_115' title="bbox 2172 5310 3745 5385; baseline -0.002 -12"><span class='ocrx_word' id='word_1_834' title='bbox 2172 5329 2281 5385; x_wconf 87' lang='lat' dir='ltr'><strong>tur,</strong></span> <span class='ocrx_word' id='word_1_835' title='bbox 2322 5321 2610 5377; x_wconf 73' lang='lat' dir='ltr'><strong>eXsliuctis</strong></span> <span class='ocrx_word' id='word_1_836' title='bbox 2665 5322 2919 5375; x_wconf 84' lang='lat' dir='ltr'><strong>omnibus</strong></span> <span class='ocrx_word' id='word_1_837' title='bbox 2973 5321 3146 5376; x_wconf 83' lang='lat' dir='ltr'><strong>cereis</strong></span> <span class='ocrx_word' id='word_1_838' title='bbox 3200 5321 3253 5374; x_wconf 86' lang='lat' dir='ltr'><strong>in</strong></span> <span class='ocrx_word' id='word_1_839' title='bbox 3282 5310 3523 5375; x_wconf 73' lang='lat' dir='ltr'><strong>circuitu</strong></span> <span class='ocrx_word' id='word_1_840' title='bbox 3572 5318 3745 5373; x_wconf 74' lang='lat' dir='ltr'><strong>altaris</strong></span> 
     </span>
    </p>
   </div>
   <div class='ocr_carea' id='block_1_116' title="bbox 2168 5404 3740 5482">
    <p class='ocr_par' dir='ltr' id='par_1_116' title="bbox 2168 5404 3740 5482">
     <span class='ocr_line' id='line_1_116' title="bbox 2168 5404 3740 5482; baseline 0.002 -18"><span class='ocrx_word' id='word_1_841' title='bbox 2168 5411 2341 5476; x_wconf 90' lang='lat' dir='ltr'><strong>illum,</strong></span> <span class='ocrx_word' id='word_1_842' title='bbox 2366 5412 2454 5479; x_wconf 90' lang='lat' dir='ltr'><strong>qui</strong></span> <span class='ocrx_word' id='word_1_843' title='bbox 2482 5411 2630 5480; x_wconf 87' lang='lat' dir='ltr'><strong>prius</strong></span> <span class='ocrx_word' id='word_1_844' title='bbox 2650 5410 2874 5465; x_wconf 88' lang='lat' dir='ltr'><strong>ardebat</strong></span> <span class='ocrx_word' id='word_1_845' title='bbox 2903 5411 2954 5465; x_wconf 91' lang='lat' dir='ltr'><strong>in</strong></span> <span class='ocrx_word' id='word_1_846' title='bbox 2978 5410 3186 5465; x_wconf 87' lang='lat' dir='ltr'><strong>concha</strong></span> <span class='ocrx_word' id='word_1_847' title='bbox 3220 5409 3393 5482; x_wconf 69' lang='lat'><strong>(139.),</strong></span> <span class='ocrx_word' id='word_1_848' title='bbox 3422 5404 3740 5467; x_wconf 63' lang='lat' dir='ltr'><strong>reaccemﬁt.</strong></span> 
     </span>
    </p>
   </div>
   <div class='ocr_carea' id='block_1_117' title="bbox 2245 5535 3741 5619">
    <p class='ocr_par' dir='ltr' id='par_1_117' title="bbox 2245 5535 3741 5619">
     <span class='ocr_line' id='line_1_117' title="bbox 2245 5535 3741 5619; baseline -0.003 -17"><span class='ocrx_word' id='word_1_849' title='bbox 2245 5547 2394 5619; x_wconf 74' lang='grc'><strong>(1⁵52)</strong></span> <span class='ocrx_word' id='word_1_850' title='bbox 2424 5544 2634 5619; x_wconf 70' lang='lat' dir='ltr'><strong>Concita</strong></span> <span class='ocrx_word' id='word_1_851' title='bbox 2669 5554 2753 5619; x_wconf 90' lang='lat' dir='ltr'><strong>e_s_t</strong></span> <span class='ocrx_word' id='word_1_852' title='bbox 2786 5546 3565 5619; x_wconf 48' lang='lat' dir='ltr'><strong>candelabrumfaticavum,</strong></span> 
     </span>
    </p>
   </div>
   <div class='ocr_carea' id='block_1_118' title="bbox 2175 5612 3738 5697">
    <p class='ocr_par' dir='ltr' id='par_1_118' title="bbox 2175 5612 3738 5697">
     <span class='ocr_line' id='line_1_118' title="bbox 2175 5612 3738 5697; baseline -0.003 -26"><span class='ocrx_word' id='word_1_853' title='bbox 2175 5612 2333 5683; x_wconf 78' lang='lat' dir='ltr'><strong>fune,</strong></span> <span class='ocrx_word' id='word_1_854' title='bbox 2375 5612 2460 5671; x_wconf 66' lang='lat' dir='ltr'><strong>&#39;ch</strong></span> <span class='ocrx_word' id='word_1_855' title='bbox 2502 5615 2768 5697; x_wconf 76' lang='lat' dir='ltr'><strong>eatenulis</strong></span> <span class='ocrx_word' id='word_1_856' title='bbox 2811 5617 3067 5687; x_wconf 87' lang='lat' dir='ltr'><strong>suspendi</strong></span> <span class='ocrx_word' id='word_1_857' title='bbox 3124 5615 3277 5672; x_wconf 88' lang='lat' dir='ltr'><strong>solet.</strong></span> <span class='ocrx_word' id='word_1_858' title='bbox 3334 5616 3469 5672; x_wconf 72' lang='lat' dir='ltr'><strong>Vide</strong></span> <span class='ocrx_word' id='word_1_859' title='bbox 3519 5612 3738 5670; x_wconf 74' lang='lat' dir='ltr'><strong>indicet!</strong></span> 
     </span>
    </p>
   </div>
   <div class='ocr_carea' id='block_1_119' title="bbox 2174 5697 2757 5751">
    <p class='ocr_par' dir='ltr' id='par_1_119' title="bbox 2174 5697 2757 5751">
     <span class='ocr_line' id='line_1_119' title="bbox 2174 5697 2757 5751; baseline -0.003 -10"><span class='ocrx_word' id='word_1_860' title='bbox 2174 5704 2367 5751; x_wconf 81' lang='lat' dir='ltr'><strong>vocum</strong></span> <span class='ocrx_word' id='word_1_861' title='bbox 2397 5697 2757 5751; x_wconf 64' lang='lat' dir='ltr'><strong>exoticat&#39;um.</strong></span> 
     </span>
    </p>
   </div>
   <div class='ocr_carea' id='block_1_120' title="bbox 3760 5788 3779 5815">
    <p class='ocr_par' dir='ltr' id='par_1_120' title="bbox 3760 5788 3779 5815">
     <span class='ocr_line' id='line_1_120' title="bbox 3760 5788 3779 5815; baseline 0 0"><span class='ocrx_word' id='word_1_862' title='bbox 3760 5788 3779 5815; x_wconf 71' lang='grc' dir='ltr'><strong>ι</strong></span> 
     </span>
    </p>
   </div>
  </div>
