3886 6308
1178 220 1209 243 J‘

120 323 226 383 “illi

118 445 208 490 tam
236 435 282 487 in
321 430 402 486 die
436 444 603 507 quam
635 428 688 489 in
744 440 901 486 nocte
943 446 1219 487 arsurum:
1278 434 1380 489 nisi
1424 444 1641 505 propter
1671 440 1717 501 Α

116 524 224 578 alios
247 535 488 574 accensos
514 519 923 589 exstingnntur;
951 523 1199 576 accendit
1236 533 1291 578 et
1326 525 1477 579 illum
1512 541 1641 580 can-

115 612 300 667 delabro
335 610 543 663 aliixum
584 618 637 664 et
666 624 828 679 super
850 611 1073 681 gradum
1099 614 1272 682 ponit,
1318 628 1377 668 ut
1399 626 1642 685 portetur

115 706 165 759 ad
195 702 592 771 procrssiouem,
620 715 739 769 qua:
784 702 900 756 lieri
931 701 1068 758 solet
1108 704 1176 757 ad
1204 703 1263 760 S.
1302 704 1528 762 Mariam
1558 707 1642 763 vel

114 796 158 850 S.
176 796 399 847 (Zruceut.
1362 844 1363 847 η

120 872 123 875 λ
166 885 426 940 Sciendum
458 892 638 940 tamen
668 900 974 959 nunquam,
1022 886 1127 943 nisi
1159 886 1346 946 formae
1377 893 1643 963 tapetibus

113 978 195 1032 sint
215 984 463 1046 cooperta:
481 1015 495 1037 ,
532 974 658 1029 illuc
687 974 959 1031 ali'erenda
984 991 1104 1033 esse
1128 978 1234 1034 duo
1263 980 1583 1039 candelabra
1621 1000 1639 1037 :

111 1084 204 1139 quae
221 1076 270 1121 et
291 1081 494 1137 semper
511 1078 636 1121 ante
660 1066 832 1123 altare
860 1066 918 1122 S.
958 1066 1139 1125 Mariae
1173 1060 1300 1126 sunt
1328 1073 1593 1141 ponenda.
1613 1068 1641 1095 ’⁸⁵

110 1160 172 1213 Ad
196 1158 246 1211 S.
268 1158 484 1212 Crucem
514 1158 778 1227 praevenit
814 1171 1160 1223 conventum,
1189 1169 1249 1215 ut
1295 1163 1361 1216 ad
1406 1162 1643 1219 basilicas

108 1243 341 1297 columnas
365 1241 656 1307 candelas,
701 1251 967 1312 quotquot
1015 1243 1311 1311 suliiciant,
1354 1247 1466 1319 (un.
1502 1249 1639 1318 var.)

108 1332 253 1403 alligat
278 1333 545 1398 ardentes,
592 1333 664 1388 ita
702 1348 943 1401 arsuras,
974 1350 1145 1406 usque
1191 1338 1317 1392 dum
1346 1339 1644 1397 abcesserit

105 1430 374 1478 conventus.
398 1421 479 1477 Ad
503 1431 750 1479 sanctam
789 1423 1015 1480 Mariam
1052 1440 1212 1493 vero,
1254 1430 1473 1499 quando
1513 1430 1643 1487 illuc

105 1516 336 1585 processio
358 1515 555 1584 agitur,
596 1524 861 1586 quotquot
886 1517 1089 1571 lumina
1138 1529 1266 1574 sunt
1294 1522 1638 1588 necessaria,

106 1615 146 1659 et
168 1621 306 1658 unum
331 1606 395 1661 de
420 1606 505 1661 his
540 1608 733 1673 tribus,
766 1623 885 1677 qua:
908 1609 1146 1678 pendent
1183 1610 1240 1664 in
1269 1610 1505 1681 capitulo
1533 1614 1642 1668 sci-

107 1696 201 1749 lit-ct
227 1695 450 1764 proxima
480 1697 723 1766 ejusdem
746 1698 991 1753 ecclesia:
1019 1698 1224 1756 foribus
1244 1701 1519 1769 accendit;
1549 1717 1642 1758 ac-

106 1788 249 1839 retulit
275 1789 427 1841 etiam
458 1790 513 1842 in
565 1789 748 1854 festis,
781 1804 900 1858 quae
942 1790 996 1843 in
1046 1790 1231 1861 cappis
1274 1791 1638 1863 celebrantur,
1673 1797 1718 1855 Β

108 1890 191 1933 tres
210 1895 377 1934 cereos
412 1890 540 1935 ante
582 1880 755 1949 majus
783 1880 952 1936 altare
1004 1882 1059 1938 in
1102 1884 1293 1952 majori
1319 1886 1550 1942 ecclesia
1574 1889 1643 1943 ad

106 1970 300 2041 singulas
332 1972 511 2037 horas,
545 1972 649 2028 nisi
684 1973 749 2026 ad
780 1974 1211 2043 completorium.
1243 1978 1450 2033 Aurora
1485 1994 1643 2049 appa-

108 2072 233 2143 rente
250 2064 548 2119 sacerdotes
577 2065 816 2135 privatas
859 2068 1053 2123 missas
1096 2069 1357 2139 incipiunt
1400 2082 1640 2130 cantare.

107 2153 167 2205 Ad
199 2169 317 2222 quas
356 2156 491 2209 idem
524 2156 978 2213 hebdomadarins
1001 2162 1185 2216 statim
1215 2173 1336 2233 post
1360 2164 1647 2220 Benedicti-

106 2260 193 2297 mus
218 2244 442 2313 Domino,
471 2248 719 2303 accensis
758 2250 989 2317 primum
1023 2254 1090 2306 ad
1119 2253 1178 2307 S.
1208 2254 1434 2310 Mariam
1462 2256 1546 2311 vel
1576 2258 1657 2312 ad.

105 2336 287 2391 Crucem
310 2340 579 2408 prmdictis
608 2340 921 2407 luminibus,
961 2345 976 2363 ⁶
1019 2344 1212 2400 deinde
1257 2361 1395 2415 pexo
1442 2348 1639 2417 capite,

104 2430 409 2502 manibusque
433 2432 636 2486 ablutis
655 2475 671 2499 ,
701 2434 885 2487 vinum
939 2443 994 2488 et
1044 2452 1239 2504 aquam
1269 2439 1545 2508 providet,
1573 2455 1642 2495 ne

104 2521 223 2573 lratri
248 2522 307 2575 ad
346 2523 672 2576 sacrificium
713 2526 1121 2593 praeparandum
1156 2526 1411 2596 deputato
1436 2569 1452 2595 ,
1495 2540 1657 2600 poste

103 2624 229 2677 quam
246 2618 295 2665 et
330 2611 441 2681 ipse
465 2613 658 2667 eodem
702 2622 943 2684 tempore
975 2626 1135 2687 caput
1157 2619 1387 2688 pexerit,
1419 2634 1643 2678 manus-

102 2718 180 2770 que
202 2704 433 2771 abluerit,
472 2706 674 2763 desint.
711 2706 855 2765 Idem
884 2724 1121 2781 namque
1143 2710 1335 2778 frater,
1362 2712 1454 2781 qui
1479 2712 1641 2768 debet

102 2806 193 2845 esse
209 2784 442 2852 sacerdOs
467 2804 561 2852 aut
591 2796 847 2854 diaconus
867 2799 1128 2868 quotidie,
1145 2800 1248 2857 nisi
1263 2801 1317 2856 in
1338 2800 1640 2858 Parasceve

102 2892 141 2934 et
160 2883 366 2943 Sabbato
388 2899 580 2945 sancto
606 2899 727 2959 post
763 2892 1106 2959 matutinum,
1141 2893 1223 2950 vel
1257 2895 1308 2949 in
1338 2895 1532 2966 hyeme
1557 2896 1639 2950 in-

102 2971 158 3024 fra
180 2974 396 3032 litaniam
424 2987 555 3033 ante
580 2979 871 3049 capitulum
899 3022 916 3046 ,
965 2991 1018 3037 et
1051 2992 1177 3040 ante
1204 2985 1424 3056 majoris
1459 2985 1637 3041 missa:

100 3068 385 3137 evangelium
414 3085 609 3126 omnes
636 3072 832 3128 calices
858 3075 926 3127 ad
958 3075 1154 3132 missas
1194 3078 1435 3147 privatas
1468 3079 1636 3148 perti-

101 3168 252 3215 netues
280 3163 511 3219 breviter
544 3164 723 3229 lavat,
763 3165 957 3221 hostiis
995 3171 1366 3239 superpositis,
1416 3173 1542 3228 vino
1580 3182 1636 3227 et

99 3264 202 3318 aqua
229 3252 404 3310 infusis
422 3255 489 3309 ad
518 3256 840 3310 sacrificium
865 3268 1154 3330 praeparat,
1181 3270 1239 3315 ut
1257 3277 1378 3317 cum
1404 3264 1633 3333 primum

99 3344 357 3399 sacerdotes
378 3346 731 3411 accesserint,
763 3348 946 3402 omnia
975 3359 1163 3417 parata
1189 3351 1488 3407 inveniant.

147 3433 267 3489 idem
298 3437 405 3507 ipse
446 3439 502 3493 in
539 3439 684 3492 omni
710 3450 902 3508 quarta
952 3440 1091 3497 feria
1128 3450 1185 3497 et
1216 3441 1476 3507 Sabbato,
1504 3458 1640 3512 qua-

98 3526 328 3601 liscunque
368 3533 439 3588 sit
488 3533 629 3598 dies,
664 3532 716 3587 in
762 3533 972 3589 festivis
1001 3535 1217 3604 quidem
1253 3543 1376 3606 post
1415 3535 1637 3591 matuti-
1670 3572 1671 3575 η

96 3634 212 3685 ιιιιηι,
242 3623 287 3677 in
310 3625 535 3694 privatis
558 3640 686 3680 vero
711 3634 833 3694 post
868 3627 1068 3696 prioris
1098 3627 1276 3684 missa:
1298 3628 1634 3698 evangelium

96 3723 221 3778 supra
258 3715 418 3772 dictos
444 3716 649 3773 calices
677 3716 861 3789 digitis
906 3718 1136 3773 interius
1174 3720 1356 3775 missis
1395 3721 1637 3776 studiose

95 3797 226 3855 lavat.
244 3804 484 3871 Quotidie
505 3822 720 3877 quoque
746 3815 873 3863 ante
902 3807 1089 3863 boram
1116 3809 1349 3879 prandii,
1375 3825 1496 3865 cum
1521 3809 1633 3879 jam

94 3892 283 3960 amplius
310 3897 450 3951 nulla
499 3897 572 3953 sit
614 3898 779 3952 missa
825 3898 1103 3964 canentia,
1144 3909 1387 3956 recenset
1419 3916 1539 3967 eos,
1579 3911 1637 3956 et
1670 3926 1671 3929 η

94 3994 219 4039 caute
240 3989 512 4059 perspicit,
539 3989 584 4043 si
614 3988 743 4058 quid
769 3988 823 4043 in
855 3989 935 4045 eis
959 3990 1026 4044 de
1049 4006 1274 4063 corpore
1295 3991 1510 4049 Domini
1536 3993 1636 4048 ad-

94 4072 281 4132 haereat.
306 4078 453 4144 Quod
480 4080 528 4134 si
555 4078 737 4146 fuerit,
766 4080 881 4150 ipse
901 4079 987 4135 vel
1017 4080 1154 4138 alius
1189 4090 1324 4138 nutu
1368 4082 1487 4153 ejus
1522 4091 1636 4140 sta-

102 4162 176 4217 tim
198 4167 436 4227 absumit.
465 4169 737 4226 ltecenset
756 4169 921 4225 etiam
948 4170 1116 4227 libros
1141 4173 1416 4241 missales,
1454 4191 1520 4232 ac
1545 4188 1636 4233 ve-

94 4254 306 4314 stimenta
332 4259 695 4316 sacerdotalia
720 4300 735 4325 ,
764 4275 885 4330 qua:
903 4261 971 4316 ad
1001 4262 1219 4318 eosdem
1248 4263 1445 4320 calices
1473 4264 1635 4334 perti-

93 4354 219 4409 nent,
246 4358 299 4403 et
334 4350 521 4406 vinum
562 4366 684 4405 cum
706 4365 878 4420 aqua;
904 4350 971 4407 de
1014 4351 1252 4421 praefatis
1294 4353 1541 4424 ampullis
1579 4353 1633 4409 in

91 4436 340 4504 amphoras
385 4438 643 4495 refundit.
690 4439 940 4496 Attamen
980 4450 1161 4497 autem
1207 4442 1521 4513 priusquam
1568 4443 1635 4500 de
1660 4462 1714 4524 ι)

90 4524 357 4593 huiusmodi
385 4530 565 4588 ofﬁcio
585 4547 646 4588 se
676 4533 1023 4600 intromittat,
1064 4534 1319 4604 przefattts
1345 4535 1639 4592 hebdoma—

89 4613 244 4674 durius
268 4622 742 4693 armarium,quod
768 4630 853 4678 est
874 4624 1298 4689 tricameratum,
1322 4635 1548 4693 reserat,
1581 4627 1636 4683 in

90 4716 178 4773 quo
196 4710 381 4768 calices
403 4713 650 4784 praedicti
674 4713 729 4768 in
752 4728 1027 4785 supremo,
1054 4714 1422 4785 corporalibus
1443 4731 1636 4786 super-

91 4796 268 4864 positis,
288 4804 678 4869 rcconduntur;
708 4819 796 4863 un.
821 4803 874 4857 in
891 4804 1069 4859 medio
1092 4804 1281 4861 hostiae.
1308 4804 1634 4873 etcandelaz,

91 4890 188 4944 sine
213 4896 402 4963 quibus
442 4895 588 4949 nulla
635 4904 718 4950 est
764 4895 929 4950 missa
969 4897 1244 4962 canenda;
1277 4896 1329 4950 in
1364 4897 1471 4952 imo
1506 4888 1638 4954 vero

91 4982 305 5050 autpullaz
328 4984 563 5053 majores
588 4992 644 5039 et
669 4984 928 5040 minores.
960 4984 1192 5056 Majores
1218 4987 1435 5056 quidem
1458 4990 1526 5043 ad
1557 4990 1638 5044 vi-

93 5084 218 5139 num,
255 5076 490 5132 minores
554 5092 681 5133 vero
723 5077 793 5133 ad
838 5092 1057 5146 aquam,
1104 5085 1159 5133 et
1210 5077 1523 5146 amphoram
1581 5079 1638 5134 in

92 5172 181 5226 qua
202 5163 375 5221 vinum
406 5170 473 5222 de
502 5168 725 5225 cellario
760 5166 983 5222 allatum
1029 5168 1276 5223 habetur.
1302 5173 1316 5189 '
1344 5169 1442 5224 Est
1480 5169 1553 5225 ibi
1582 5178 1639 5226 et

92 5251 209 5308 aliud
236 5259 601 5326 armariolum,
626 5259 680 5314 in
710 5275 819 5330 quo
854 5259 979 5314 libri
1004 5260 1264 5325 missales,
1293 5261 1382 5331 qui
1411 5262 1477 5316 ad
1499 5277 1640 5331 pra:-

94 5339 243 5402 dictns
264 5349 458 5407 calices
487 5354 792 5424 pertinent,
816 5368 940 5409 eum
965 5353 1302 5409 vestimentis
1324 5354 1637 5410 sacerdota-

93 5426 213 5488 libus
242 5450 541 5496 servantur.
575 5443 899 5499 Forinsecus
934 5453 1114 5497 autem
1149 5444 1313 5497 etiam
1357 5444 1477 5498 dum
1520 5456 1639 5497 am-

95 5524 229 5591 pulla:
255 5540 378 5583 sunt
412 5532 692 5602 implenda:
715 5577 729 5603 ,
782 5534 848 5589 de
883 5534 1079 5604 quibus
1109 5532 1350 5587 funditur
1378 5541 1639 5604 quantum

98 5612 153 5664 ad
180 5620 489 5676 sacrificium
515 5624 579 5679 de
604 5640 744 5695 aqua
764 5632 848 5680 est
880 5625 1234 5681 miscendum.
1269 5623 1374 5679 Sed
1407 5624 1493 5678 illa
1523 5640 1640 5679 am-

97 5700 261 5776 l’hm.
293 5708 355 5763 de
398 5726 499 5781 qua
544 5730 739 5771 manus
775 5716 1068 5773 abluuntur
1128 5730 1370 5772 seorsum
1398 5713 1636 5793 ponitur.

1664 3130 1706 3188 C

1165 316 1577 380 CONST'TUT.
1618 322 1943 381 HIRSAUG.
1981 356 2053 366 -—
2090 322 2218 381 LIB.
2246 323 2313 381 ll.

3181 326 3320 389 1089.

1746 437 1932 492 Altera
1962 453 2092 494 vero
2123 439 2175 493 in
2203 451 2432 494 caverna
2462 452 2629 509 prope
2657 432 2980 506 armarium,
3012 440 3066 496 in
3095 456 3201 511 quo
3231 457 3322 499 ca—

1742 531 1873 587 lices
1922 544 2226 602 caueraque
2268 531 2544 589 ustcnn’lia
2588 533 2844 601 prazdicta
2888 542 3196 600 servantur,
3239 545 3318 592 est

1740 624 1934 695 posita.
1962 624 2018 677 In
2049 625 2294 679 eamdem
2322 624 2609 679 cavernam
2647 624 2884 681 minores
2915 626 3163 697 ampulla:
3177 628 3321 683 dilu-

1740 714 1863 770 culo
1885 730 2023 785 aqua
2055 714 2287 785 impletae
2311 730 2341 769 a
2366 715 2535 769 fratre
2559 716 2815 784 praedicto
2839 728 3129 786 ponuntur,
3147 727 3206 776 et
3241 719 3322 775 sic

1740 807 1912 863 donec
1941 807 2117 862 missae
2155 809 2378 880 privata:
2415 822 2481 862 ex
2506 815 2620 863 toto
2648 807 2755 862 sint
2784 807 3087 876 celebrate,
3112 811 3184 867 ibi
3240 811 3323 867 di-

1740 896 2052 962 mittuntur;
2079 907 2135 952 et
2188 912 2292 952 non
2334 898 2459 963 nisi,
2489 895 2756 968 quantum
2808 899 2879 953 ad
2925 914 3018 955 eas
3048 903 3322 959 canendas

1740 993 2215 1055 transportantur;
2246 986 2341 1043 sed
2371 995 2498 1042 tunc
2539 987 2607 1043 ad
2645 986 2913 1057 ampullas
2939 989 3208 1047 vinearias
3240 1006 3323 1047 re-

1739 1087 2034 1148 ponuntur.
2877 1077 2880 1080 ’

1818 1172 1932 1225 (un.
1980 1169 2118 1239 var.)
2147 1169 2340 1225 Vinum
2363 1177 2541 1225 autem
2578 1170 2645 1225 de
2674 1183 2781 1240 quo
2808 1171 3125 1227 sumendum
3150 1181 3232 1228 est
3259 1174 3323 1227 ad

1740 1262 2065 1317 sacrificium
2094 1262 2148 1316 in
2180 1261 2399 1317 cellario
2429 1262 2482 1314 in
2514 1261 2604 1315 tali
2627 1276 2830 1330 cuppa,
2859 1258 2979 1331 qua:
3009 1273 3093 1318 est
3120 1276 3321 1329 serata,

1741 1362 2007 1406 servatur.
2034 1350 2114 1403 Ad
2147 1350 2285 1404 hanc
2312 1350 2564 1418 quotiens
2589 1350 3047 1405 hebdomadarius
3083 1366 3326 1407 accesse-

1743 1445 1832 1508 rit,
1864 1458 1968 1498 non
1999 1442 2158 1497 modo
2185 1457 2407 1506 manus,
2437 1442 2531 1496 sed
2565 1440 2726 1495 etiam
2752 1441 3058 1497 duciculum
3099 1451 3154 1498 et
3202 1442 3325 1497 fun-

1742 1535 1867 1589 dum
1907 1549 2093 1604 cupps:
2145 1533 2197 1585 in
2250 1534 2479 1588 circuitu
2528 1526 2760 1586 duciculi
2815 1522 3103 1603 diligenter
3154 1534 3324 1597 lavat,

1742 1641 1901 1696 quam
1930 1625 2128 1694 aliquid
2154 1623 2222 1680 de
2247 1626 2374 1679 vino
2395 1624 2643 1695 accipiat.
2668 1623 2864 1679 Vinum
2886 1625 3031 1695 quod
3054 1626 3107 1682 in
3131 1624 3324 1696 majori

1742 1715 1969 1771 ecclesia
2001 1715 2082 1769 vel
2114 1716 2181 1769 ad
2206 1714 2264 1769 S.
2300 1714 2524 1773 Mariam
2571 1723 2841 1779 remanet,
2882 1715 2934 1769 in
2967 1716 3205 1771 crastino
3232 1731 3323 1773 re-

1745 1818 1926 1879 portat
1962 1809 2014 1863 in
2061 1807 2371 1873 cellarium,
2409 1816 2469 1861 ut
2506 1807 2801 1862 misceatur
2848 1816 3003 1864 aceto
3045 1823 3143 1880 per
3171 1809 3324 1864 vina-

1746 1901 1906 1955 rium.
1945 1898 2003 1953 Si
2028 1908 2117 1954 est'
2146 1912 2211 1953 eo
2251 1907 2512 1967 tempore,
2536 1913 2647 1969 quo
2672 1898 2845 1967 prima
2903 1914 3026 1955 cum
3075 1900 3191 1970 ipsa
3238 1900 3343 1957 die

1746 1992 2038 2062 incipiente
2065 1989 2300 2054 canitur,
2331 1982 2460 2043 tunc
2502 2002 2561 2044 se
2612 1988 2714 2043 rite
2760 1990 2827 2043 ad
2857 1989 3150 2045 familiares
3182 1980 3327 2060 psal—

1746 2101 1863 2138 mos
1889 2080 2223 2136 diurnalibus
2244 2079 2459 2146 caleiat,
2492 2094 2685 2133 manus
2714 2094 2778 2134 ac
2818 2079 3009 2134 faciem
3054 2080 3219 2145 lavat,
3264 2096 3328 2135 ac

1746 2187 1998 2227 reversus
2049 2171 2115 2224 ad
2148 2169 2391 2223 litaniam
2420 2183 2544 2222 cum
2595 2169 2859 2239 amphora
2913 2170 3120 2239 majore
3169 2170 3327 2239 plena

1745 2279 1908 2332 aqua,
1945 2270 2234 2331 antequam
2266 2268 2379 2314 tota
2403 2258 2642 2313 finiatur.
2671 2258 2816 2315 idem
2844 2260 3087 2315 recitatis
3115 2268 3324 2315 tantum

1744 2361 2058 2407 sanctorum
2091 2347 2399 2404 nominibus
2430 2348 2572 2404 levat
2602 2362 2679 2414 se,
2715 2348 2855 2403 sicut
2885 2359 2941 2404 et
2980 2364 3123 2420 saepe
3148 2349 3327 2405 dictus

1744 2444 1947 2508 frater,
2001 2451 2056 2496 et
2117 2440 2387 2497 accelerat
2436 2440 2620 2495 vinum
2672 2448 2728 2496 et
2774 2455 2971 2510 aquam
3015 2450 3325 2512 apportare.

1741 2536 1945 2592 Altaris
1973 2534 2212 2590 tabulam
2253 2534 2345 2589 tali
2389 2533 2477 2588 die
2512 2547 2623 2587 non
2653 2531 3003 2604 diseooperit,
3035 2542 3327 2604 antequam

1741 2624 1919 2697 pulset
1963 2624 2190 2689 scillam,
2237 2623 2307 2679 de
2354 2614 2460 2693 qua
2518 2612 2732 2693 signum
2784 2624 2947 2678 datur
2976 2624 3233 2680 fratribus
3259 2625 3329 2680 ad

1740 2717 2108 2781 calciandum;
2152 2714 2208 2770 in
2238 2721 2426 2769 testate
2461 2727 2595 2769 vero
2621 2712 2707 2768 vel
2739 2713 2950 2784 quoties
2978 2715 3063 2771 bis
3090 2715 3325 2772 comedi-

1742 2817 1850 2873 tur,
1879 2814 2007 2861 ante
2030 2807 2283 2876 primam.
2313 2802 2421 2858 Sed
2444 2815 2476 2857 e
2500 2811 2692 2859 contra
2719 2803 2786 2858 ad
2816 2804 3039 2860 missam
3066 2845 3081 2871 ,
3137 2804 3327 2861 litania

1739 2898 2077 2969 praecedente
2108 2895 2161 2950 in
2186 2895 2323 2956 loco,
2352 2894 2434 2949 sin
2459 2903 2641 2949 autem
2662 2894 2731 2949 ad
2755 2892 3048 2951 familiares
3070 2895 3324 2965 psalmos,

1738 2990 2132 3061 qualiscunque
2161 2986 2234 3042 sit
2256 2986 2393 3050 dies,
2420 2998 2484 3039 ea
2513 2984 2780 3054 contegit;
2807 2984 2902 3040 sed
2928 2984 2984 3040 in
3028 2984 3327 3040 Dominicis

1739 3082 1931 3136 diebus
1960 3078 2167 3133 duobus
2199 3075 2412 3141 albatis,
2461 3085 2521 3130 ut
2555 3074 2725 3131 vicem
2761 3090 2915 3130 suam
2967 3075 3022 3130 in
3071 3077 3173 3131 hoc
3226 3076 3329 3129 int-

1739 3172 1941 3243 pleant,
1992 3168 2187 3224 innuit.
2232 3166 2361 3222 Post
2405 3166 2624 3222 missam
2653 3179 2786 3220 vero
2824 3164 3239 3235 discooperitur,
3271 3175 3328 3221 et

1738 3263 1817 3318 sic
1847 3276 2016 3331 usque
2038 3267 2161 3330 post
2190 3271 2444 3327 veSperas
2473 3254 2789 3311 dimittitur.
2828 3254 2883 3309 In
2909 3254 3110 3325 vigiliis
3142 3263 3327 3309 autem

1746 3349 2125 3422 principalium
2182 3346 2444 3402 festorum
2501 3346 2569 3399 ad
2620 3345 2839 3400 missam
2876 3360 2981 3399 non
3032 3345 3325 3414 detegitur,

1737 3457 1927 3497 verum
1957 3442 2010 3495 in
2064 3438 2317 3494 omnibus
2363 3436 2535 3500 festis,
2567 3450 2687 3504 qua:
2737 3435 2790 3488 in
2843 3434 3028 3503 cappis
3064 3443 3323 3501 aguntur,

1738 3528 1920 3587 ablato
1946 3529 2186 3601 ejusdem
2213 3526 2401 3581 altaris
2438 3524 2733 3589 velamine,
2773 3538 2871 3593 pro
2898 3538 2963 3579 eo
2991 3523 3211 3592 pallium
3256 3522 3324 3576 ad

1738 3626 1959 3679 missam
1990 3622 2210 3693 ponitur
2232 3634 2329 3690 per
2369 3618 2676 3683 sacristam,
2711 3617 2793 3673 sic
2821 3616 3199 3673 dimittendum
3227 3630 3324 3673 us-

1738 3731 1843 3787 que
1881 3723 2003 3787 post
2030 3711 2464 3784 completorium.

2330 3822 2555 3878 CAPUT
2586 3821 2756 3877 XXX.

1744 3917 2015 3984 Juomodo
2060 3894 2129 3968 ad
2172 3913 2406 3983 singulas
2443 3914 2599 3984 horas
2624 3894 2836 3981 pulsare
2866 3910 3078 3978 debeat,
3125 3918 3174 3965 et
3200 3910 3327 3981 quid

2252 3985 2400 4038 aliud
2421 3983 2573 4053 oﬂicii
2606 3992 2816 4052 agatur.

1808 4076 1950 4149 (υυ.)
1981 4075 2171 4144 Signa,
2210 4089 2330 4145 qum
2357 4073 2615 4143 pulsanda
2652 4081 2774 4127 sunt
2793 4070 2860 4126 ad
2890 4070 3129 4141 singulas
3164 4069 3334 4130 horas

1737 4170 2008 4226 sollicitus
2052 4176 2260 4235 est,nt
2300 4165 2472 4235 pulset
2504 4154 2846 4234 tempestive;
2896 4161 2972 4216 ita
3020 4169 3235 4225 tamen,
3263 4169 3327 4217 ut

1736 4262 1869 4317 nihil
1901 4267 2221 4332 praesumat,
2263 4256 2366 4312 nisi
2398 4256 2582 4326 jussus
2623 4270 2653 4309 a
2684 4254 2908 4324 majore,
2936 4260 2993 4308 et
3027 4250 3325 4307 secundum

1738 4352 1880 4423 quod
1913 4366 2010 4423 per
2037 4364 2193 4407 usum
2222 4357 2304 4403 est
2326 4345 2702 4401 constitutum.
2727 4342 2954 4410 Quando
2983 4340 3180 4395 fratres
3202 4347 3333 4395 ante

1740 4443 1976 4506 tertiam,
1999 4440 2084 4495 vel
2113 4446 2239 4493 ante
2263 4450 2458 4491 nonam
2481 4433 2660 4487 lavant
2687 4445 2895 4493 manus,
2925 4438 3033 4486 stat
3056 4430 3192 4499 ipse,
3240 4426 3333 4487 vel

1740 4533 1887 4590 sedet
1918 4528 2057 4583 infra
2078 4528 2232 4597 juxta
2260 4525 2457 4581 ostium
2488 4522 2762 4587 ecclesiae;
2792 4528 2989 4576 etcum
3019 4534 3219 4590 pueros
3238 4517 3332 4575 vel

1731 4620 2006 4692 juvenem,
2035 4618 2101 4672 ad
2122 4615 2275 4684 cujus
2303 4613 2580 4668 introitum
2608 4613 2675 4667 ad
2698 4620 2994 4667 nocturnos
3019 4608 3154 4665 solet
3179 4609 3330 4673 scilla

1743 4710 1965 4775 dimitti,
1991 4708 2102 4777 jam
2134 4722 2193 4763 se
2217 4705 2412 4761 viderit
2447 4704 2679 4769 lavasse,
2722 4702 2941 4773 pulsare
2979 4702 3190 4773 signum
3221 4715 3329 4755 non

1741 4806 1941 4861 tardat.
1992 4802 2169 4857 Factis
2206 4809 2386 4856 autem
2438 4798 2613 4853 tribus
2668 4797 3035 4861 orationibus,
3068 4795 3152 4849 vel
3177 4795 3221 4849 si
3247 4804 3331 4851 cst

1741 4906 1869 4952 ante
1900 4910 2099 4951 nonam
2140 4908 2245 4947 ttna
2268 4935 2282 4959 ,
2313 4891 2487 4961 majus
2514 4891 2735 4961 signum
2758 4884 2955 4961 pulsat.
2998 4888 3081 4943 Ad
3118 4896 3329 4945 sextam

1739 5005 1891 5054 vero,
1922 5002 2045 5044 cum
2091 4985 2322 5056 primum
2356 4983 2624 5054 sanguine
2670 4982 2904 5036 minutos
2944 4994 3171 5050 pransus
3211 4994 3331 5041 esse

1740 5080 2078 5153 cognoverit,
2110 5076 2316 5148 pulsat;
2370 5076 2415 5130 si
2472 5082 2651 5129 autem
2710 5072 2783 5127 illi
2827 5072 3038 5136 desunt,
3088 5070 3333 5139 pulsare,

1741 5173 1846 5228 nisi
1870 5171 2075 5240 jussus,
2108 5183 2216 5223 non
2244 5166 2546 5238 [tt-resumit.
2578 5162 2729 5232 Quod
2759 5174 2815 5217 et
2834 5170 2955 5232 post
2976 5160 3337 5219 nihilominus

1742 5263 2033 5327 observat;
2063 5272 2378 5329 quanquam
2411 5256 2539 5311 illud
2568 5254 2797 5326 spatium
2828 5250 3023 5306 debeat
3061 5263 3181 5305 esse
3208 5248 3331 5302 bre-

1739 5353 2045 5409 vissimum.
2074 5349 2209 5405 Nam
2237 5366 2342 5405 non
2381 5346 2613 5418 amplius
2646 5346 2771 5409 erit,
2799 5357 2962 5413 quam
2995 5350 3052 5395 ut
3074 5338 3328 5395 sacerdos

1744 5444 2036 5513 czcterique
2067 5442 2134 5496 ad
2174 5440 2436 5509 majorem
2472 5440 2700 5493 missam-
2722 5432 2973 5489 servituri
2999 5473 3023 5499 ,.
3046 5445 3106 5485 se
3148 5428 3333 5483 lavare

1745 5535 2010 5600 debeant,
2048 5545 2112 5588 ut
2144 5532 2254 5587 sint
2290 5528 2462 5601 parati
2506 5527 2577 5581 ad
2605 5524 2956 5580 induendum.
2985 5523 3055 5576 At
3097 5521 3140 5576 si
3172 5525 3329 5581 sexta

1743 5626 2003 5695 majorem
2041 5623 2264 5678 missam
2300 5617 2670 5687 subsequitur,
2716 5614 2888 5669 donec
2915 5611 3203 5667 servitores
3234 5622 3330 5663 co-

1744 5720 2166 5795 quinteaceepto
2194 5716 2308 5787 jam
2344 5713 2514 5770 mixto
2556 5701 3110 5779 redire'pcrspexerit,
3144 5699 3324 5777 pulsa-
