3872 6306
2358 217 2399 240 ’Β

454 301 593 358 1083
1476 346 1481 351 .
1511 295 1570 353 S.
1606 291 1982 353 GUILLELMI

2161 290 2299 348 ms
2327 290 2656 351 lllllSAUG.
3576 262 3690 348 lost

451 417 585 474 tioni
614 432 672 472 se
697 430 804 471 non
829 411 1087 479 admittit,
1115 419 1169 469 et
1194 410 1439 467 eamdem
1470 411 1826 481 pulsatiouem
1854 409 2038 466 tandiu
2068 415 2119 476 Α
2216 408 2348 465 Cum
2375 422 2503 464 vero
2527 405 2781 464 sacerdos
2798 400 3093 477 exterique
3122 401 3355 458 ministri
3390 400 3443 455 in
3470 411 3695 459 revestla.

451 509 704 578 protelat,
735 521 1016 577 quousque
1039 518 1229 560 omnes
1255 518 1392 574 pene
1418 502 1702 559 advenisse
1730 510 2038 574 cognoscat.
2147 498 2227 555 ria
2250 500 2599 564 conveniunt,
2626 507 2683 554 et
2706 507 2955 553 cantatur
2999 496 3162 550 missa
3206 493 3285 547 vel
3319 491 3486 562 major
3513 492 3587 548 vel
3613 496 3696 550 mi.

449 597 508 653 ld
538 599 711 668 ipsum
749 598 816 651 de
846 611 988 653 nona
1020 596 1310 661 observat;
1334 594 1487 651 sedet
1527 595 1672 650 enim
1697 585 1837 649 inm
1866 593 2043 649 eccle-
2145 605 2265 658 nor,
2314 591 2429 662 ipse
2466 589 2919 647 hebdomadarius
2958 586 3201 643 ecclesia:
3237 599 3450 655 semper
3475 587 3697 642 candela-

452 687 590 744 siam
636 687 790 755 juxta
839 686 1071 751 ostium;
1102 685 1205 740 nisi
1250 685 1324 741 sit
1377 683 1685 739 universale
1732 681 2039 753 jejunium:
2143 680 2238 737 bra
2270 697 2391 737 cum
2419 681 2593 737 cereis
2635 680 2701 736 de
2748 679 2928 744 altari,
2960 686 3165 732 textum
3223 674 3514 744 Evangelii,
3550 685 3602 730 et
3641 676 3697 734 de

450 776 607 845 Quod
637 775 682 831 si
715 774 907 839 fuerit,
935 784 1223 845 postquam
1250 772 1484 830 ministri
1524 786 1583 829 se
1608 779 1842 838 exuunt,
1876 785 2044 841 parvo
2146 773 2437 828 armariolo
2487 773 2867 829 lectiouarium
2905 770 3082 825 affert.
3136 768 3270 823 Nam
3315 768 3456 823 liber
3491 769 3697 827 missalis

454 865 603 921 facto
635 863 946 931 intervallo,
976 862 1172 934 pulsat.
2141 866 2347 937 jugiter
2376 865 2521 934 jacet
2542 864 2695 933 juxta
2726 873 3036 935 paraturam
3069 859 3371 916 sacerdotis
3405 859 3563 930 (135).
3603 867 3619 883 ·
3646 862 3697 921 Et

529 955 797 1013 Observat
825 969 1071 1025 quoque,
1096 962 1154 1008 ut
1190 969 1220 1009 a
1267 952 1565 1009 festivitate
1600 951 1657 1007 S.
1688 950 1849 1006 Luca!
1876 964 2045 1004 evan-
2148 956 2191 1011 si
2219 963 2302 1011 est
2323 956 2375 1010 in
2400 956 2613 1026 hyeme,
2648 955 2733 1011 vel
2766 955 2881 1029 ipse
2911 954 2996 1010 vel
3020 954 3200 1009 socius
3242 953 3360 1023 ejus
3402 967 3592 1021 prunas
3623 971 3697 1008 ar.

454 1044 681 1114 gelistm,
717 1058 889 1114 usque
913 1042 980 1098 ad
1005 1042 1443 1097 Purillcationem
1474 1041 1533 1096 S.
1565 1039 1780 1105 Mariae,
1832 1038 2074 1109 quoties
2149 1045 2337 1100 dentes
2368 1046 2434 1101 de
2476 1045 2709 1117 regulari
2759 1046 2989 1115 coquina
3036 1044 3211 1099 eidem
3255 1052 3502 1112 opponat
3543 1057 3697 1099 εαςετ,

456 1136 542 1191 bis
596 1135 901 1201 reﬁcimus,
956 1133 1139 1190 statim
1180 1142 1303 1203 post
1352 1133 1638 1203 prandium
1678 1130 1830 1187 finito
1854 1145 2048 1195 versu,
2150 1136 2282 1193 doti.

457 1240 654 1281 nouam
712 1225 916 1296 pulset;
950 1224 1076 1294 quia
1128 1233 1258 1279 tunc
1306 1224 1603 1279 servitores
1650 1237 1775 1277 cum
1827 1235 1889 1275 ea
1940 1237 1986 1272 Ill

2220 1229 2510 1299 Postquam
2542 1227 2694 1284 ﬁnita
2728 1228 2892 1285 missa
2920 1227 3026 1282 Deo
3062 1227 3263 1298 gratias
3299 1226 3511 1287 dicitur,
3536 1226 3595 1280 ad
3626 1242 3701 1281 no-

458 1332 869 1395 exspectamus,
902 1335 1079 1389 nomne
1123 1331 1251 1374 ante
1288 1333 1543 1389 vesperos
1583 1317 1649 1371 ad
1679 1315 1965 1370 bibendum
1995 1313 2049 1366 in
2151 1308 2299 1387 nam,
2324 1321 2367 1378 si
2398 1321 2520 1376 talis
2545 1330 2624 1377 est
2667 1321 2803 1387 dies,
2850 1320 2932 1377 vel
2964 1319 3009 1375 si
3057 1330 3137 1375 est
3185 1318 3615 1389 Quadragesima,
3651 1320 3701 1373 ad

459 1415 803 1472 rcfectorium
848 1413 1110 1468 redimus.
1143 1410 1377 1465 Privatis
1409 1410 1598 1465 diebus
1619 1405 1884 1478 quottidie
1929 1410 2052 1474 post
2151 1427 2409 1483 vesperas
2460 1412 2659 1483 pulsat.
2734 1412 3173 1482 Quotiescunque
3241 1410 3464 1464 missam
3523 1409 3703 1479 signum

459 1508 753 1579 εεψῖῑυίυω
782 1505 947 1577 Paulo
970 1515 1095 1559 “me
1123 1503 1356 1567 ιθτιίτιιηι
1390 1502 1457 1568 εῖν
1490 1502 1727 1570 ῑηίιιιεηη,
1771 1512 1891 1553 eam
1919 1512 2045 1551 mox
2152 1520 2310 1560 noua:
2344 1504 2712 1574 subsequitur,
2760 1513 2885 1575 post
2930 1513 3130 1559 tactam
3157 1502 3462 1557 orationem
3491 1499 3702 1569 aliquan-

461 1599 833 1670 subsequitur,
860 1596 1065 1655 scillam
1110 1596 1323 1665 pulsat,
1356 1610 1451 1665 per
1497 1608 1657 1663 quam
1710 1590 2048 1646 sacerdolem
2154 1598 2324 1653 tulum
2376 1596 2578 1652 diutius
2636 1595 2778 1650 idem
2824 1596 3037 1665 signum
3084 1592 3352 1664 pulsatur.
3413 1589 3468 1643 ln
3514 1588 3711 1659 privatis

461 1705 586 1746 cum
616 1689 826 1745 ceteris
854 1687 1139 1751 ministris,
1176 1694 1234 1741 ut
1278 1701 1338 1741 se
1374 1693 1680 1755 praeparent
1719 1682 1784 1737 ad
1816 1680 1985 1735 vestie

2177 1690 2367 1756 liehus,
2399 1687 2640 1757 exceptis
2680 1686 2918 1757 quinque
2951 1683 3333 1756 principalium
3366 1680 3570 1751 vigiliis,
3599 1696 3706 1751 qua-

462 1782 622 1847 dum,
674 1790 1021 1852 prmmoneat.
1066 1779 1503 1846 Quotiescunque
1555 1776 1833 1847 processio
1886 1775 1991 1828 nud

2181 1796 2271 1835 unr
2303 1788 2603 1849 temporum
2634 1776 2896 1842 sabbatis,
2940 1775 3111 1829 tribus
3141 1773 3333 1830 diebus
3371 1772 3710 1843 (legationum,

462 1871 693 1941 pedibus
722 1878 805 1924 est
829 1870 1055 1940 agenda,
1081 1867 1305 1923 dimisso
1332 1865 1488 1934 signo
1514 1864 1580 1919 ad
1609 1864 1714 1918 Per
1731 1862 2047 1917 Dominum:
2151 1877 2207 1923 ct
2233 1868 2451 1937 quando
2490 1880 2606 1920 uva:
2651 1863 3058 1920 benedictionos
3078 1863 3303 1929 dantur,
3329 1870 3503 1932 portat
3530 1862 3576 1915 in
3598 1860 3711 1915 ηῐρ.

466 1959 726 2014 fratribus
774 1959 827 2013 in
873 1967 1058 2014 aestate
1091 1956 1158 2012 ad
1188 1954 1536 2024 surgendum,
1586 1953 1693 2008 alio
1720 1962 1995 2023 tempore:

2172 1960 2385 2016 :torium
2418 1959 2574 2014 binas
2599 1956 2852 2013 scntellas
2881 1970 3004 2011 cum
3037 1953 3231 2009 bostiis
3255 1953 3323 2007 ad
3348 1953 3565 2022 priorem
3593 1952 3701 2007 mis-

465 2050 889 2108 discalciandum
955 2049 1216 2105 innuitur.
1267 2045 1496 2102 Crucem
1558 2060 1721 2115 super
1777 2044 1949 2099 altare
1997 2052 2055 2099 et
2155 2066 2271 2107 sam
2314 2050 2532 2114 oblatis,
2584 2058 2640 2104 et
2678 2064 2843 2120 super
2892 2061 3137 2102 mensam
3175 2044 3522 2116 principalem
3562 2042 3716 2113 ponit,

464 2157 663 2213 aquam
690 2157 852 2213 super
878 2141 1102 2212 gradum
1133 2138 1303 2209 ponit,
1333 2146 1392 2192 ut
1419 2151 1559 2207 pene
1605 2136 1751 2191 finita
1798 2136 2051 2199 collecta,
2155 2143 2223 2198 de
2255 2140 2453 2212 quibus
2484 2139 2683 2212 singuli
2719 2140 2803 2210 (ut
2841 2137 3089 2208 superius
3135 2134 3363 2199 dictum)
3413 2135 3499 2205 qui
3546 2133 3707 2187 nolueo

471 2247 595 2301 qua:
617 2246 648 2286 a
678 2231 960 2287 sacerdote
989 2230 1131 2285 inter
1157 2226 1618 2299 procumbendum
1649 2226 1876 2290 dicitur,
1903 2240 1932 2279 a
1961 2225 2053 2279 ba-
2155 2242 2307 2299 runt,
2347 2240 2441 2285 aut
2486 2246 2592 2285 non
2639 2236 2932 2299 potuerunt
2975 2226 3402 2291 communicare,
3452 2222 3703 2293 accipiant.

467 2321 593 2393 iulis
611 2337 820 2383 earum.
851 2323 922 2377 ibi
966 2321 1323 2392 aecipiantur.
1358 2319 1413 2374 In
1462 2326 1651 2373 testate
1678 2331 1893 2386 quoque
1917 2330 2053 2385 quo-
2158 2323 2476 2379 Refectioue
2503 2330 2779 2377 transacta
2804 2319 3023 2376 easdem
3047 2317 3312 2373 scutellas
3344 2319 3410 2372 de
3448 2329 3618 2371 mensa
3641 2327 3711 2369 re-

469 2414 574 2469 ties
600 2412 798 2469 fratres
841 2412 1012 2469 sentel
1063 2411 1402 2475 reficiuntur,
1435 2408 1629 2481 majori
1663 2408 1820 2478 signo
1861 2408 1914 2461 in
1943 2422 2064 2463 me-
2157 2413 2309 2484 cipit,
2346 2427 2575 2482 quarum
2622 2410 2912 2467 maximam
2943 2418 3181 2481 peracta:
3228 2406 3565 2464 hebdomade
3610 2417 3715 2476 pre-

470 2502 609 2558 ridie
634 2501 905 2557 excitandi
932 2510 1079 2556 sunt.
1128 2522 1129 2525 η
1390 2518 1393 2521 ·
2157 2509 2386 2558 curator
2445 2500 2514 2557 ad
2565 2501 2791 2572 gradum
2841 2498 2910 2554 ab
2958 2511 3024 2552 eo
3074 2496 3299 2569 accipit,
3354 2507 3410 2551 et
3464 2495 3537 2551 sic
3576 2496 3723 2567 primi

540 2592 622 2648 Ad
650 2602 938 2662 utramque
969 2592 1188 2646 missam
1220 2588 1449 2661 singula,
1474 2586 1670 2657 quibus
1708 2600 1843 2657 opus
1873 2586 2059 2653 fuerit,
2159 2602 2384 2648 exeunt.

470 2684 737 2755 providet,
786 2690 843 2739 et
876 2684 1052 2754 primo
1089 2681 1335 2746 calicem,
1386 2694 1508 2734 cum
1554 2693 1662 2748 quo
1698 2687 1779 2733 est
1807 2677 2061 2735 sacerdos
2230 2684 2527 2755 Postquam
2560 2682 2613 2738 in
2648 2681 2933 2739 ecclesiam
2976 2687 3198 2737 ventum
3241 2678 3426 2745 fuerit,
3471 2677 3713 2734 scutellam

469 2775 776 2841 oblaturus,
799 2783 922 2845 post
951 2773 1231 2828 introitum
1252 2770 1415 2825 lavat.
1456 2783 1546 2825 uo.
1582 2770 1695 2824 Duo
1724 2779 1904 2824 autem
1934 2777 2063 2824 sunt
2162 2775 2310 2831 socio
2334 2773 2643 2838 committit,
2676 2782 2735 2827 ut
2763 2770 3047 2842 expeditus
3077 2768 3286 2827 scillam
3319 2768 3525 2838 pulsare
3548 2768 3712 2839 possit.

471 2866 692 2931 calices,
736 2865 913 2920 minor
949 2865 1017 2918 ad
1063 2861 1433 2917 matutinalem
1480 2861 1723 2926 missam,
1776 2859 1950 2929 major
1992 2860 2061 2914 ad
2163 2865 2297 2921 Nam
2322 2866 2390 2922 ad
2415 2858 2561 2919 illum
2591 2865 2842 2935 pertinet,
2877 2870 3081 2919 uteam
3109 2876 3333 2933 semper
3357 2870 3472 2932 post
3491 2860 3715 2916 refectio-

474 2954 764 3027 publicam.
796 2954 863 3008 rlu
894 2952 1173 3007 duodecim
1204 2949 1545 3013 lectionibus,
1581 2949 1705 3018 quia
1749 2949 1816 3003 ad
1863 2948 2061 3004 missas
2164 2971 2288 3013 nom
2315 2971 2372 3012 ci
2398 2958 2463 3011 ad
2492 2956 2835 3012 collationem
2858 2956 3028 3026 possit
3062 2955 3304 3027 pulsare,
3337 2965 3391 3010 ct
3413 2962 3611 3024 propter
3632 2953 3715 3008 hoc

476 3063 585 3102 non
606 3045 854 3113 offertur,
879 3043 981 3100 uisi
1012 3043 1080 3099 ab
1104 3060 1209 3099 uno
1230 3043 1416 3108 choro,
1443 3041 1510 3097 ad
1536 3042 1636 3097 hoc
1664 3056 1823 3096 uuam
1855 3047 2061 3094 tantum
2101 3113 2138 3120 Δ
2164 3049 2373 3120 primus
2402 3050 2453 3104 in
2493 3049 2720 3105 chorum
2753 3048 2917 3103 venit,
2955 3049 3031 3104 De
3077 3049 3336 3104 mandato
3376 3057 3542 3103 autem
3579 3055 3630 3101 ει
3659 3046 3717 3100 ἀρ

477 3144 753 3206 pateuam,
799 3143 853 3189 et
890 3150 1051 3188 uuam
1110 3150 1232 3188 cum
1282 3134 1406 3190 vino
1459 3141 1711 3203 apportat
1752 3130 2006 3201 ampulla!

2186 3142 2479 3208 :ollatioue,
2509 3141 2553 3197 si
2584 3142 2697 3197 lucc
2733 3149 2839 3196 tam
2867 3154 2989 3195 sero
3013 3150 3249 3213 aguntur
3278 3141 3423 3212 (quia
3469 3140 3571 3210 ipse
3610 3147 3715 3192 tunc

478 3224 628 3290 Quas
660 3223 801 3279 lecto
840 3224 1120 3294 cvangelio
1149 3223 1312 3293 priori
1342 3223 1623 3279 accedenti
1656 3226 1823 3277 donat
1860 3222 1914 3276 in
1946 3236 2007 3275 m:

2185 3249 2349 3290 nmen
2386 3242 2514 3290 ante
2556 3235 2794 3306 priorem
2841 3232 3040 3303 portet)
3082 3232 3265 3287 socius
3309 3232 3425 3302 ejus
3467 3246 3554 3301 pro
3589 3229 3714 3285 scilla

482 3330 607 3379 nus,
648 3325 708 3369 ut
744 3314 953 3370 offerat.
1004 3316 1200 3370 Verum
1243 3316 1309 3370 ad
1354 3316 1612 3386 majorem
1657 3315 1875 3368 missam
1916 3312 2011 3383 prii

2183 3326 2430 3395 pulsanda
2470 3326 2755 3382 ecclesiam
2796 3339 2906 3394 prre
2933 3322 3145 3379 caneris
3176 3324 3362 3377 intrat.
3403 3322 3475 3377 Ea
3519 3321 3597 3375 die
3631 3335 3712 3391 qua

484 3404 663 3461 lnuuit
685 3406 801 3469 uni,
827 3404 1032 3460 scilicet
1080 3405 1245 3473 priori
1280 3405 1577 3469 claustrali,
1609 3415 1668 3459 ut
1698 3419 1796 3473 pro
1836 3417 1896 3458 se
1934 3402 2013 3457 olli

2187 3415 2371 3471 'ratres
2398 3415 2566 3471 semel
2611 3414 2882 3478 reﬁciunt,
2924 3421 2978 3468 et
3008 3413 3060 3467 in
3099 3417 3343 3468 crastino
3373 3410 3631 3467 duodecim
3655 3410 3716 3464 lc-

484 3502 587 3549 rat.
630 3493 686 3549 Si
721 3505 898 3551 autem
921 3493 1116 3550 festum
1143 3496 1194 3549 in
1219 3496 1423 3565 cappis,
1468 3495 1553 3550 vel
1600 3496 1651 3548 iu
1687 3494 1824 3549 albis
1861 3493 2065 3564 agitur,
2169 3504 2380 3560 ctione;
2401 3511 2655 3575 aguntur,
2691 3502 2894 3558 formas
2919 3500 3068 3574 (154)
3103 3516 3210 3556 non
3246 3500 3406 3556 debet
3436 3499 3716 3569 complicari;

484 3601 593 3641 uon
632 3585 701 3641 ab
723 3585 828 3640 alio
854 3602 1014 3656 quam
1048 3603 1078 3640 a
1101 3587 1315 3656 seipse;
1356 3587 1401 3642 si
1440 3597 1619 3641 tamen
1657 3586 1875 3655 poterit,
1906 3583 2011 3638 oﬂ’e

2179 3597 2482 3666 priusquam
2521 3595 2799 3650 ministros
2835 3594 2940 3650 scit
2966 3595 3035 3649 de
3073 3594 3367 3648 refectorio
3414 3591 3708 3652 convenisse,

486 3686 593 3730 tur.
636 3677 703 3732 Et
742 3688 962 3747 propter
1011 3693 1104 3733 eos
1149 3679 1345 3749 quibus
1379 3678 1597 3733 libuerit
1644 3677 2015 3733 communicar

2186 3696 2232 3740 ll
2276 3687 2320 3740 si
2355 3685 2494 3740 forte
2522 3685 2699 3740 brevis
2728 3684 2957 3754 alicujus
2983 3684 3223 3740 defuncti
3250 3683 3600 3754 superveniat,
3627 3680 3715 3735 fn-

486 3770 778 3824 mittuntur
809 3770 861 3823 in
903 3770 987 3824 die
1032 3769 1310 3825 Dominica
1339 3770 1530 3825 hostia:
1574 3768 1831 3838 quinque,
1866 3768 1916 3821 in
1953 3766 2072 3822 aliis
2173 3788 2285 3833 "es
2320 3778 2462 3832 imor
2483 3775 2641 3831 ofﬁcii
2678 3777 2931 3833 εοιιρειοε
2967 3790 3129 3847 super
3175 3775 3385 3831 formas
3417 3789 3478 3829 se
3514 3779 3718 3843 ρωειετ.

487 3861 704 3917 nonnisi
727 3871 854 3928 tres,
894 3874 1120 3932 excepto
1147 3863 1198 3915 in
1234 3863 1484 3916 maximis
1511 3860 1681 3915 festis.
1721 3860 1852 3916 Item
1882 3860 1951 3915 ab
1979 3876 2070 3914 ar-
2171 3881 2303 3922 nere
2330 3867 2573 3931 vaieaut;
2601 3867 2694 3921 sed
2723 3875 2899 3921 tamen
2940 3864 3136 3936 vigilia:
3184 3862 3552 3935 principaliqu
3585 3860 3716 3913 festo.

488 3953 663 4007 mario
720 3954 1052 4023 providetur,
1101 3960 1158 4007 ut
1205 3961 1365 4007 tanta:
1420 3953 1720 4015 mittantur,
1770 3966 1836 4005 ex
1877 3940 2105 4021 quibus
2173 3973 2293 4013 rum
2317 3955 2681 4026 excipiuntur,
2715 3955 2767 4009 in
2791 3955 2987 4024 quibus
3013 3953 3209 4010 fratres
3251 3969 3354 4009 nec
3388 3954 3455 4007 ad
3496 3948 3713 4019 majorem

488 4057 679 4099 omnes
703 4045 911 4115 possint
939 4042 1361 4099 communicare.
1414 4041 1470 4095 In
1513 4042 1739 4112 privatis
1779 4042 1969 4099 diebus
2003 4042 2072 4098 ad
2173 4048 2417 4113 missam,
2442 4062 2540 4101 nec
2561 4054 2742 4117 postea
2771 4052 3210 4117 prosternuntur.
3741 4092 3747 4110 ,

489 4133 723 4203 priorem
760 4136 1002 4196 missam,
1043 4133 1167 4202 quia
1198 4148 1387 4188 omnes
1425 4131 1678 4199 offerunt,
1726 4142 1879 4188 curat
1929 4132 2071 4189 idem
2246 4142 2472 4209 Quando
2518 4141 2585 4195 ad
2640 4154 2895 4209 vesperas
2951 4136 3151 4209 pulsat,
3212 4137 3357 4191 hunc
3401 4133 3622 4190 ordinem
3673 4131 3749 4185 in'

490 4221 963 4287 behdomadarius,
994 4232 1055 4277 ut
1086 4232 1162 4279 tot
1190 4224 1388 4279 calices
1433 4224 1733 4279 mediocres
1759 4226 1825 4281 ad
1852 4226 1953 4280 hoc
1985 4239 2075 4293 5,0—
2173 4232 2475 4305 pnlsationc
2505 4235 2775 4290 observat.
2816 4229 2871 4285 Si
2900 4229 3042 4283 Deus
3081 4229 3323 4293 auribus,
3355 4242 3458 4281 non
3483 4233 3714 4285 cantatur,

490 4310 600 4367 lum
645 4313 815 4369 factos
843 4329 966 4369 cum
999 4316 1121 4369 vino
1165 4316 1217 4369 in
1257 4323 1507 4386 promptu
1565 4316 1783 4380 habeat,
1834 4326 1965 4387 quot
2004 4315 2074 4371 ad
2175 4335 2405 4380 utesta
2439 4325 2694 4381 Kalendis
2726 4322 3042 4380 Novembris
3073 4338 3245 4393 usque
3295 4321 3364 4378 ad
3419 4315 3716 4392 Septuagesi-

490 4402 825 4459 offerendum
849 4404 1139 4473 sufficiant,
1174 4415 1223 4462 et
1261 4422 1419 4476 pares
1441 4427 1563 4466 cum
1594 4408 1786 4464 hostiis
1807 4418 2019 4477 patenat

2186 4433 2322 4471 mam
2345 4419 2473 4489 (isto
2505 4418 2648 4473 enim
2681 4427 2923 4487 tempore
2969 4422 3130 4471 noctu
3164 4414 3385 4470 canitur
3413 4421 3530 4484 post
3552 4408 3715 4465 oratio-

493 4492 2076 4566 (υαν·)(1υ⁰⁵ίηίυιυβοτθοσοΐειιάίΤι’θινίιιυεωιιιοίΐθιίοο
2107 4466 2577 4579 Dnem)\scillam
2630 4466 3023 4577 aliquarntulum
3065 4506 3288 4570 diutius,
3338 4466 3498 4574 quam
3544 4502 3714 4569 signum

492 4586 591 4641 riis
619 4587 831 4653 tribuit,
873 4588 1186 4659 incipiensa
1225 4593 1422 4662 priore.
1449 4593 1566 4661 Quo
1592 4592 1736 4648 facto
1770 4594 1822 4647 in
1853 4593 2075 4649 sinistro
2178 4616 2355 4667 nonan,
2392 4600 2607 4670 quando
2641 4599 2805 4654 missa
2836 4597 3103 4667 sequitur,
3128 4594 3317 4649 trahit.
3364 4592 3422 4648 Si
3451 4605 3571 4647 vero
3597 4586 3715 4643 caui-

493 4677 664 4731 choro
690 4676 742 4730 in
768 4677 873 4733 line
901 4675 1089 4734 forma:
1117 4696 1175 4737 se
1201 4680 1367 4748 locat,
1394 4691 1581 4737 tenens
1608 4682 1660 4737 in
1682 4698 1845 4737 manu
1882 4682 2077 4738 scutel-
2178 4700 2268 4745 ιυι-
2291 4699 2413 4762 post
2438 4670 2637 4744 factum
2665 4687 2990 4752 orationem,
3028 4697 3309 4755 quousque
3351 4682 3487 4737 idem
3526 4676 3717 4751 psalmus

496 4768 601 4821 lam
636 4768 826 4825 hostiis
851 4769 1129 4838 refertam,
1166 4788 1303 4844 quas
1342 4788 1464 4828 cum
1508 4783 1765 4843 argenteo
1804 4774 2078 4829 cochleari
2180 4783 2418 4849 ﬁniatur,
2447 4798 2567 4837 eam
2609 4782 2797 4836 trahit.
2837 4779 2953 4846 Qua
2983 4778 3205 4832 dimissa
3254 4784 3384 4830 ante
3418 4774 3623 4829 chorum
3658 4781 3718 4821 εε-

496 4858 846 4919 otTercutibus
879 4863 1170 4933 distribuit,
1201 4866 1406 4922 habens
1446 4881 1476 4921 a
1508 4866 1678 4922 latere
1711 4865 2079 4922 hcbdomada-
2180 4848 2340 4939 cedit,
2366 4883 2420 4929 et
2448 4875 2675 4929 eandem
2704 4873 3005 4929 orationem
3032 4869 3179 4935 facit,
3211 4868 3350 4923 sicut
3381 4873 3437 4920 et
3464 4864 3719 4931 illam,qtt.'e

495 4950 636 5005 rium
669 4962 898 5022 peracta:
928 4956 1297 5022 hebdomadte,
1342 4957 1433 5026 qui
1475 4966 1528 5013 et
1563 4957 1678 5025 ipse
1724 4963 1912 5011 tenens
1960 4972 2078 5010 am-
2182 4980 2399 5030 nonam,
2430 4964 2645 5035 quando
2678 4979 2783 5017 non
2825 4962 2925 5018 nisi
2977 4959 3145 5017 semel
3186 4957 3451 5024 reﬁcitur,
3494 4949 3716 5027 prmcedil.

496 5042 695 5112 pullam
726 5046 791 5100 de
821 5047 965 5113 vino,
993 5047 1343 5104 offerentibus
1368 5048 1769 5115 subministrat,
1801 5057 1854 5102 ct
1886 5047 1987 5118 ipsi
2014 5048 2082 5102 ad
2183 5052 2517 5108 Percontatis
2550 5061 2729 5106 autem
2757 5051 2968 5106 duobus
3008 5048 3374 5120 sequentibus
3396 5044 3619 5116 psalmis,
3654 5053 3717 5093 se-

497 5132 744 5190 ultimum
792 5135 1044 5193 offerunt.
1087 5138 1167 5192 Ad
1206 5138 1465 5207 majorem
1508 5138 1730 5193 missam
1778 5154 1881 5193 non
1919 5136 2082 5191 oll‘cr-
2184 5145 2417 5199 cundum
2468 5143 2645 5213 pulsat
2690 5143 2901 5209 signum
2933 5158 2947 5195 :
2982 5140 3122 5209 quod
3173 5138 3326 5209 prius
3368 5154 3476 5193 non
3522 5130 3718 5190 dimittit,

501 5232 608 5289 tur,
640 5227 741 5281 uisi
767 5229 834 5282 ab
856 5244 965 5285 uno
990 5229 1185 5294 choro;
1226 5230 1350 5298 quia
1390 5230 1671 5298 pauciores
1715 5231 1911 5285 calices
1947 5244 2084 5299 prte-
2185 5253 2345 5307 quam
2395 5246 2504 5291 tres
2548 5236 2752 5307 primos
2800 5231 2947 5303 (135)
2987 5231 3296 5301 quindecim
3338 5228 3589 5301 graduum
3614 5218 3719 5293 psal-

500 5331 779 5389 parautur,
812 5330 867 5375 et
893 5320 1343 5376 hebdomadarius
1380 5321 1527 5377 solus
1565 5329 1672 5377 stat
1699 5322 1763 5376 ad
1808 5321 2086 5392 porrigen-
2188 5343 2305 5384 mos
2348 5328 2528 5382 ﬁnitos
2554 5306 2678 5381 csse
2720 5324 2951 5381 noverit.
3000 5321 3243 5377 Tertium
3288 5334 3420 5375 vero
3464 5316 3645 5385 signum
3671 5306 3718 5360 ad

501 5411 625 5464 dum
668 5412 873 5465 hostias
908 5408 1275 5465 offerentibus.
2187 5420 2488 5491 proximam
2529 5418 2749 5489 ῃιηνὶαηι
2778 5424 2905 5470 ante
2949 5414 3216 5486 psalmum
3264 5411 3422 5481 Srrpe
3450 5413 3720 5477 expugnate

572 5523 729 5601 (155).
762 5522 1129 5601 Dubiunrnou
1158 5534 1261 5588 est,
1299 5526 1402 5601 hoc
1436 5524 1807 5601 a‘Wilhclmo
1844 5524 2085 5601 additum
2263 5530 2417 5599 (154)
2455 5529 2715 5601 Scamna,
2750 5526 2940 5601 sedilia
2968 5526 3020 5578 in
3047 5524 3235 5601 choro.
3295 5519 3429 5601 Yide
3457 5528 3641 5601 supra;

502 5577 644 5672 esse,
687 5577 954 5672 siquidem
983 5594 1140 5672 juxta
1170 5577 1808 5672 triginagniio'un;'15s
1850 5577 2088 5672 etiam
2267 5577 2416 5672 (issi
2456 5577 2511 5654 id
2531 5577 3237 5672 “ξέῑ,’“’ρέξῖιιίῖςίααυαιρς
3286 5591 3415 5647 dion
3444 5605 3456 5642 ε
3486 5577 3545 5643 αδ
3568 5577 3722 5653 quitus

503 5662 802 5794 ἓὶτέἴξῑὶεηι
850 5662 1121 5757 quaedam
1157 5667 1429 5724 addidisse
1488 5668 1717 5740 ipsemet
1764 5667 1818 5725 in
1869 5666 2089 5739 prologo
2193 5662 2357 5729 etiam
2397 5662 2668 5741 superius.
