3886 6308
141 395 251 454 1985
890 338 893 347 Γ
1160 380 1576 444 (ΖΟΝΞΊῚΤΗΤ.
1610 379 1675 435 III

1837 379 1936 438 se.
1976 412 2046 425 -
2084 382 2212 439 us.
2254 355 2317 438 n.
3207 324 3364 431 1086‘

140 519 235 567 mu
268 503 466 578 pulsare
509 502 713 575 incipit.
759 501 876 571 Quo
908 500 1091 557 itidem
1133 500 1377 567 dimisso,
1421 507 1543 569 post
1592 497 1656 551 li-
1687 500 1735 559 Λ
1765 496 2003 551 studiose
2053 496 2217 563 lavat,
2275 509 2465 552 omnes
2522 508 2650 550 vero
2698 487 2961 562 ampullas
3005 488 3236 560 majores
3291 496 3347 542 et

140 620 239 661 nem
272 600 419 655 tn’um
465 599 786 670 psalmorum
837 604 1134 667 exspectat,
1180 592 1352 663 usque
1398 593 1451 646 in
1498 590 1659 645 finem
1761 586 2021 652 minores,
2051 587 2095 642 si
2128 586 2407 642 duodecim
2454 593 2583 640 sunt
2631 584 2910 649 lectiones,
2960 589 3082 652 post
3127 579 3373 635 matuti-r

138 700 562 769 precnm,cttunc
599 690 703 743 alio
735 688 1043 759 adjuvante,
1097 685 1273 757 pulsat
1321 698 1493 754 usque
1534 681 1660 735 dum
1763 695 1921 744 num;
1969 678 2051 733 sin
2104 689 2305 745 autem,
2365 688 2487 749 post
2536 676 2887 748 evangelium
2916 673 3115 745 prioris
3170 671 3350 726 missa:

139 758 344 841 sumciat.
384 781 580 848 Quibus
600 758 815 850 pulsare
838 778 1194 842 cessantibus,
1215 776 1490 842 sacerdos,
1524 790 1663 844 prze-
1763 781 1941 843 portat
1969 770 2036 824 ad
2068 771 2439 840 aqumductum
2472 777 2527 822 et
2555 766 2962 837 diligentissime
3002 758 3173 828 lavat;
3242 758 3383 818 una"

141 875 346 932 tcrmisso
398 872 753 926 benedicamtts
814 869 1070 935 Domino,
1127 883 1381 939 vcsperas
1422 868 1661 924 inchoat.
1764 859 2380 917 etiamtaliferramento
2398 857 2634 927 velligno
2651 855 2839 909 adhoc
2856 853 3225 923 proviso,cum
3245 845 3375 920 nuo-

140 963 361 1019 Similiter
384 961 512 1015 ordo
544 959 790 1030 pulsandi
836 960 888 1014 in
926 959 1114 1015 eadem
1144 957 1444 1028 psalmodia
1473 960 1665 1014 obser-
1765 953 1904 1006 bene
1927 951 2096 1021 possit
2123 964 2215 1004 eas
2241 949 2295 1003 in
2320 948 2486 1002 fundo
2517 947 2734 1001 fricare.
2775 943 2913 999 Huic
2939 951 3117 996 autem
3147 939 3355 1011 ampul-

138 1063 282 1119 vatur,
302 1053 343 1107 si
374 1050 546 1107 omnia
570 1050 725 1119 signa
756 1049 1056 1119 pulsantur,
1097 1026 1339 1118 escepto,
1367 1049 1509 1119 quod
1539 1056 1667 1102 tunc
1768 1039 1945 1095 larum
1989 1032 2269 1104 lavationi,
2311 1027 2474 1093 etiam
2503 1037 2548 1093 si
2578 1048 2873 1092 conversus
2918 1032 3011 1099 sit,
3059 1039 3239 1102 potest
3293 1026 3368 1085 se1

140 1142 280 1213 major
320 1141 537 1198 sacrista
583 1118 788 1196 scillam
836 1139 1047 1210 pulsare
1091 1140 1299 1210 incipit.
1340 1118 1395 1193 In
1428 1138 1669 1205 Quadra-
1768 1132 2166 1196 intromittere;
2196 1145 2321 1185 nam
2348 1138 2404 1186 et
2433 1129 2651 1195 calices,
2683 1127 2735 1182 in
2763 1118 2960 1198 quibus
2982 1123 3119 1179 solet
3148 1120 3371 1205 offerri;

140 1233 305 1303 gesima
338 1245 461 1286 vero
496 1244 557 1284 ea
586 1231 693 1295 die,
735 1245 841 1299 qua
887 1230 1163 1300 processio
1208 1229 1405 1299 agitur,
1444 1242 1570 1283 mox
1613 1236 1672 1283 ut
1770 1234 1995 1298 possunt
2021 1240 2051 1279 a
2080 1239 2340 1280 converso
2362 1222 2549 1291 lavari,
2576 1222 2701 1293 quia
2726 1236 2830 1293 non
2861 1202 3354 1279 sunt‘consecrati;
3396 1210 3397 1213 “

142 1325 308 1394 aliquot
330 1320 395 1377 de
418 1322 676 1377 fratribus
705 1324 869 1392 pedes
912 1321 1199 1384 abluet-int,
1244 1321 1386 1374 Deus
1430 1320 1675 1385 auribus,
1771 1315 1840 1371 ad
1872 1318 2011 1371 hunc
2036 1330 2252 1385 quoque
2283 1315 2536 1384 pertinet,
2581 1322 2639 1366 ut
2670 1310 2843 1367 tribus
2883 1309 3073 1366 diebus
3107 1307 3373 1378 Rogatio-‘

140 1414 372 1484 incipitur.
424 1412 503 1467 Ad
545 1426 799 1481 veSperas
841 1412 1089 1467 accendit
1132 1411 1403 1477 candelas,
1456 1411 1671 1465 interim
1772 1421 1901 1462 num
1926 1405 1992 1459 ad
2022 1404 2390 1458 matutinalem
2434 1402 2656 1457 missam
2685 1402 2701 1422 ⁶
2727 1399 2996 1456 sacerdoti
3040 1405 3093 1453 et
3133 1390 3375 1451 diacono“

141 1506 242 1560 dum
264 1504 409 1562 simul
452 1504 695 1575 pulsatur
725 1523 738 1557 :
769 1504 967 1574 quibus
1021 1502 1213 1569 ﬁnitis,
1266 1518 1387 1557 cum
1440 1503 1674 1573 primum
1773 1507 1955 1554 vestes
1987 1498 2209 1568 majoris
2235 1498 2413 1551 missa:
2434 1504 2489 1550 et
2516 1493 2847 1551 ceroferario
2877 1489 3207 1547 thuribulum
3237 1502 3359 1542 cum

141 1597 302 1656 fratres
321 1598 383 1653 de
406 1598 572 1652 choro
597 1596 853 1663 exierint,
894 1598 1043 1651 socio
1082 1605 1359 1666 assumpto
1399 1595 1453 1649 in
1498 1594 1677 1648 mino-
1776 1605 1963 1645 acerra
2001 1590 2367 1653 administret,
2408 1587 2543 1642 duos
2582 1587 2747 1641 etiam
2786 1597 2974 1640 cereos
3022 1590 3147 1636 ante
3192 1577 3365 1633 altare

142 1703 235 1744 rem
262 1688 489 1753 chorum,
520 1686 606 1741 vel
632 1685 767 1740 alias
788 1685 1009 1750 secedit,
1037 1685 1124 1741 ubi
1154 1700 1184 1739 a
1216 1694 1481 1740 conventu
1506 1684 1678 1739 videri
1776 1678 2058 1747 accendat,
2090 1692 2145 1735 et
2170 1677 2418 1734 baucalia
2460 1675 2609 1747 (156)
2648 1675 2790 1731 sicut
2824 1675 2882 1729 in
2915 1672 3168 1728 omnibus
3192 1669 3362 1736 festis,

142 1792 226 1831 non
248 1778 419 1846 possit,
470 1785 527 1832 et
574 1786 856 1846 postquam
902 1775 1090 1831 altaris
1127 1776 1361 1831 tabulam
1415 1775 1675 1847 contegit,
1779 1787 1901 1844 qua:
1943 1772 1998 1827 in
2027 1770 2166 1827 albis
2199 1777 2456 1841 aguntur,
2487 1767 2541 1822 in
2582 1764 2820 1837 capitulo
2860 1763 3148 1835 expandat.

143 1868 194 1922 ad
218 1868 266 1923 S.
294 1867 503 1922 Mariam
537 1878 662 1939 post
686 1876 1015 1923 conventum
1054 1868 1222 1924 vadit.
1708 1857 1760 1918 B
2110 1878 2113 1881 π
2333 1856 2564 1913 CAPUT
2612 1852 2804 1911 XXXI.

196 1958 431 2030 Tempore
467 1958 703 2029 hyemali
759 1958 997 2027 interim,
1043 1960 1169 2013 dum
1219 1960 1285 2013 ad
1336 1958 1681 2015 collationem
2260 1950 2395 2006 Item
2434 1949 2499 2004 de
2536 1945 2881 2019 apocrisario.

143 2029 366 2123 pulsatur,
388 2052 430 2106 si
456 2061 569 2105 tam
604 2066 727 2106 sero
754 2051 935 2116 fuerit,
983 2052 1083 2106 tria
1119 2051 1402 2106 luminaria
1432 2052 1483 2105 in
1527 2051 1680 2121 capi-
1855 2044 1995 2119 (un)
2035 2043 2190 2099 Nunc
2236 2051 2295 2098 ut
2320 2042 2388 2097 de
2436 2040 2551 2110 ipso
2580 2035 2930 2109 apocrisiario
2980 2029 3369 2103 aliquantulum
3406 2050 3409 2059 ι

145 2120 233 2196 tulo
272 2142 526 2198 accendit.
586 2141 861 2197 Interdum
909 2151 1111 2209 autem,
1156 2141 1201 2197 si
1245 2142 1523 2197 ministros
1574 2120 1683 2197 tam
1785 2138 1984 2202 dicam,
2018 2135 2085 2191 de
2113 2135 2216 2189 hoc
2249 2131 2392 2201 quod
2415 2146 2445 2185 a
2475 2125 2825 2201 popularibus
2847 2122 3072 2181 oﬂ'ertur
3099 2120 3381 2176 decimum

144 2247 241 2288 sero
263 2248 464 2290 coenare
489 2235 798 2306 contigerit,
833 2245 962 2290 ante
992 2234 1334 2290 collationem
1379 2252 1441 2289 ea
1480 2250 1684 2290 accen-
1786 2230 2071 2288 denarium
2113 2236 2169 2282 et
2205 2238 2375 2297 panes
2408 2237 2477 2279 ex
2520 2222 2733 2292 integro
2780 2218 2873 2273 dat
2907 2210 3368 2284 eleemosynario:

146 2324 247 2380 dere
279 2340 374 2381 non
420 2303 664 2397 negligit:
700 2325 818 2392 Quo
858 2325 976 2380 viso
1023 2325 1219 2381 fratres
1262 2327 1685 2396 subsequuntur,
1786 2340 1886 2381 ova
1911 2332 1966 2379 et
1986 2335 2175 2377 caseos
2196 2327 2529 2387 ceterasque
2550 2308 2958 2369 manducabiles
2978 2306 3187 2380 species
3206 2303 3389 2360 celle-'

145 2414 276 2468 etiam
294 2415 335 2469 sl
359 2393 670 2470 mandatum
703 2415 774 2469 sit
796 2415 1086 2486 agendum,
1124 2424 1180 2470 et
1221 2414 1295 2470 ita
1336 2393 1684 2486 exspectant;
1788 2412 1957 2477 rario,
1980 2412 1998 2433 ‘
2022 2408 2269 2482 quamvis
2293 2403 2597 2474 huiusmodi
2628 2401 2913 2474 speciebus
2942 2398 3011 2455 ad
3042 2410 3170 2453 usus
3192 2393 3369 2450 eccle-
3412 2422 3421 2434 κ

146 2506 247 2576 quia
290 2523 381 2563 nec
424 2507 741 2563 mandatum
796 2522 897 2563 nec
948 2507 1169 2564 collatio
1214 2522 1472 2577 unquam,
1516 2507 1690 2563 donec
1789 2507 1886 2562 sire
1912 2503 2071 2559 liceat
2100 2502 2201 2557 sibi
2230 2496 2625 2569 aliquantulum
2648 2492 2906 2549 retinere.
2963 2505 3054 2546 no.
3081 2487 3156 2543 De
3179 2493 3387 2555 czetero'

148 2600 341 2657 ministri
365 2601 428 2656 de
450 2598 741 2657 refectorio
780 2600 1023 2666 redeant,
1065 2576 1373 2671 incipiatur.
1413 2600 1532 2669 Ipse
1552 2616 1690 2671 quo—
1792 2608 2130 2669 quaecunque
2152 2590 2217 2647 ad
2259 2604 2451 2646 manus
2489 2584 2605 2655 ejus
2647 2582 2914 2649 venerint,
2957 2576 3376 2650 expenditprae-

148 2702 231 2755 que
252 2690 468 2745 medium
491 2690 562 2745 de
588 2690 792 2745 eisdem
844 2664 1135 2753 luminibus
1177 2664 1311 2744 ante
1359 2664 1697 2746 ordinis-re-
1793 2664 1949 2757 cipue
1995 2685 2064 2739 ad
2111 2690 2257 2739 sarta
2296 2689 2441 2737 tecta
2482 2675 2728 2733 ecclesiae
2762 2669 3138 2733 instauranda,
3182 2682 3250 2722 ne
3274 2664 3378 2719 ali-

149 2787 320 2834 ctorem
363 2780 415 2836 in
465 2780 815 2837 refectorimn
861 2793 1083 2853 portans
1128 2781 1453 2838 candelabro
1496 2782 1691 2853 ailigit,
1794 2781 2010 2854 quando
2055 2777 2384 2841 dilabantur,
2438 2780 2493 2827 et
2518 2765 2937 2833 ad‘luminaria,
2984 2772 3041 2820 et
3069 2760 3139 2816 ad
3184 2768 3378 2815 caetera

148 2870 262 2935 Quod
306 2886 459 2942 super
498 2888 745 2928 mensam
796 2874 1143 2945 princ'palem
1188 2875 1419 2945 positum
1469 2849 1695 2931 inv.rnit.
1796 2849 1915 2947 quae
1943 2879 2068 2928 sum
2111 2871 2164 2925 in
2204 2866 2433 2923 ecclesia
2471 2860 2779 2919 necessaria
2812 2866 2869 2913 et
2902 2855 3079 2911 utilia.
3121 2852 3202 2906 Ad
3246 2849 3389 2935 refef

148 2959 252 3017 inde
292 2965 628 3032 revertendo,
656 2981 722 3021 eo
754 2982 862 3036 quo
883 2967 1033 3037 prius
1070 2968 1280 3033 ordine,
1309 2969 1560 3023 eumdem
1607 2983 1697 3023 rc-
1796 2941 2025 3022 etorium
2076 2961 2170 3016 dat
2203 2956 2483 3021 candelas,
2522 2954 2589 3009 ad
2632 2947 3014 3010 inlirtnariam,
3054 2941 3380 3003 camerario,

148 3062 319 3109 olorem
351 3072 527 3128 usque
548 3057 604 3112 in
629 3024 854 3113 chorum
883 3024 1159 3127 praecedit.
1200 3024 1425 3114 Si'vero
1457 3059 1547 3115 ille
1569 3068 1698 3115 ante
1799 3051 2006 3111 custodi
2050 3050 2345 3120 hospitum,
2374 3047 2571 3101 domno
2604 3039 2790 3125 abbati
2820 3046 2875 3092 et
2913 3034 3083 3107 priori
3111 3024 3393 3102 quoquatn'

150 3144 336 3202 chorum
362 3164 456 3217 pro
480 3148 668 3215 aliqua
712 3149 1039 3204 necessitate
1087 3150 1317 3216 recedit,
1363 3151 1467 3207 iste
1517 3163 1696 3207 tamen
1728 3200 1765 3217 η
1802 3148 1976 3212 ituris,
2001 3144 2090 3214 qui
2118 3155 2392 3211 nunquam
2418 3137 2535 3192 sine
2560 3122 2761 3187 lumine
2783 3127 3075 3184 dormiunt.
3122 3123 3386 3189 “Insuper

149 3252 248 3293 cum
269 3240 455 3296 lumine
481 3241 539 3296 in
568 3242 791 3296 chorum
821 3241 1096 3310 praecedit,
1123 3251 1183 3297 ut
1210 3242 1326 3297 viso
1357 3242 1559 3299 lumine
1590 3259 1695 3297 non
1724 3213 1767 3257 υ
1801 3241 1978 3294 iumen
2008 3213 2171 3292 unum
2197 3232 2446 3306 providet
2470 3230 2523 3286 in
2552 3226 2782 3283 fratrum
2808 3216 3161 3277 dormitorio;
3185 3213 3387 3310 Praeter

149 3328 203 3382 sit
230 3346 361 3386 mora
399 3332 449 3385 in
480 3330 693 3399 agendo
728 3331 937 3385 ordine.
980 3330 1243 3386 Similiter
1278 3330 1428 3399 facit,
1458 3332 1698 3402 quoties-
1799 3331 1914 3385 haec
1936 3301 2270 3399 quaecunque
2296 3323 2363 3378 ad
2407 3319 2737 3380 mandatum,
2770 3311 2913 3382 quod
2939 3310 2998 3363 iit
3020 3322 3118 3379 per
3146 3301 3395 3373 singulas

152 3436 332 3492 cunque
375 3423 440 3477 ad
478 3422 827 3478 collationem
871 3424 1052 3477 lumen
1099 3423 1465 3477 necessarium
1516 3424 1698 3478 fuerit.
1802 3394 2351 3490 septimanam—sunt
2400 3406 2749 3471 necessaria;
2787 3404 2854 3458 de
2894 3415 2992 3456 Sua
3041 3394 3387 3492 administrat
3444 3422 3449 3427 ’

150 3509 407 3569 Ριωιιίοιιιε
462 3516 602 3570 ordo
661 3514 713 3567 in
777 3514 1038 3583 portando
1094 3512 1297 3567 lumine
1358 3515 1522 3568 etiam
1575 3524 1702 3569 tunc
1802 3479 2263 3567 obedientiaauo.
2302 3506 2383 3559 Ad
2415 3504 2528 3558 haec
2563 3497 2774 3561 omnia,
2804 3507 2872 3549 ne
2899 3484 3189 3583 aliquando
3217 3479 3389 3536 facul-

150 3600 451 3672 ubscrvatnr,
486 3604 708 3674 quando
741 3603 878 3657 infra
908 3603 1186 3658 collectam
1213 3618 1374 3659 causa
1406 3604 1619 3659 bibendi
1649 3606 1701 3658 in
1804 3611 1889 3655 tas
1934 3598 2167 3661 dclii-iat,
2213 3595 2377 3649 habet
2412 3604 2572 3646 unam
2618 3584 2801 3641 villam
2852 3578 2987 3636 satis
3022 3577 3223 3631 bonam
3264 3580 3389 3623 cum

153 3693 463 3753 refeclOrium
519 3696 646 3751 itur.
702 3695 854 3763 Quod
901 3695 943 3750 si
985 3695 1123 3751 forte
1157 3696 1466 3765 contigerit,
1503 3704 1561 3750 ut
1595 3710 1702 3750 non
1807 3690 2070 3755 decimis,
2110 3685 2285 3741 vincis
2318 3692 2372 3739 et
2410 3681 2575 3753 agris.

154 3784 207 3837 ad
230 3786 518 3851 collectam,
548 3788 641 3842 sed
670 3787 723 3841 in
754 3787 1039 3842 refectorio
1065 3802 1200 3857 opus
1233 3763 1553 3853 sit—lumine,
1579 3796 1707 3842 tunc
2359 3768 2588 3826 CAPUT
2627 3763 2840 3857 XXIIII.

155 3874 502 3933 refectorarius
555 3894 770 3932 cereum
812 3893 975 3947 super
1018 3893 1261 3932 mensam
1317 3878 1492 3948 ponit,
1540 3851 1703 3949 quem
2197 3867 2274 3923 De
2312 3864 2495 3923 hostiis
2536 3856 2793 3930 faciendis
2833 3851 3004 3924 (I37).
3046 3884 3049 3885 ν

154 3970 410 4033 praedictus
460 3935 921 4025 hebdomadarius
971 3980 1097 4025 ante
1146 3935 1383 4039 priorem
1431 3935 1490 4024 in
1532 3935 1708 4025 cccie-
1885 3961 2023 4036 (uo.)
2056 3960 2207 4028 Quod
2241 3957 2476 4028 pertinet
2502 3952 2569 4006 ad
2592 3944 2992 4004 Eucharistiam
3018 3946 3074 3993 et
3098 3935 3165 3991 ad
3202 3948 3397 4005 corpus

153 4058 267 4113 δίτυη
312 4062 568 4130 portabit.
1809 4054 2051 4118 Domini;
2084 4043 2210 4120 quia
2237 4047 2455 4118 dignum
2491 4049 2573 4096 est
2608 4048 2665 4094 ut
2698 4051 2821 4093 cum
2880 4042 3096 4087 summa
3137 4039 3399 4081 reveren-

214 4149 260 4205 ln
300 4162 485 4209 testate
516 4169 646 4209 vero
689 4154 755 4209 ad
813 4154 1121 4209 mandatum
1183 4167 1454 4222 nunquam
1509 4150 1711 4206 omittit
1813 4148 1887 4202 tia
1915 4155 1969 4201 et
2001 4140 2281 4213 diligentia
2306 4148 2548 4208 geratur,
2583 4127 2797 4222 expedit
2826 4133 2884 4222 ut
2914 4123 3027 4222 ias?
3060 4129 3396 4222 (ιυοίιιξθβθα

155 4243 355 4297 eundem
392 4245 639 4301 ordinem
677 4246 925 4314 portandi
969 4245 1207 4300 luminis.
1248 4247 1379 4300 Post
1419 4242 1712 4312 eompleto—
1815 4234 1968 4293 reudi
2019 4231 2211 4287 modus
2256 4243 2362 4282 non
2411 4231 2674 4278 taceatur.
2731 4213 2889 4314 (ναςο)
2936 4209 3176 4314 Ῑῗτί¹η¹¹¹¹¹
3225 4203 3399 4314 nisi“?

217 4292 355 4297 an---
1250 4292 1270 4300 _
1297 4292 1378 4298 ___
1423 4292 1679 4312 πψτη--

157 4330 273 4387 rium
303 4335 351 4388 in
391 4336 583 4390 ordine
605 4350 704 4390 suo
726 4336 791 4389 ad
815 4336 1181 4406 aspersionem
1231 4350 1384 4403 aqua:
1433 4332 1687 4403 prazcedit

1869 4330 2172 4385 umentum,
2198 4320 2263 4373 de
2293 4331 2399 4386 quo
2442 4313 2636 4367 futura:
2662 4315 2789 4363 sunt
2828 4301 3038 4363 IIOSlIiP,
3073 4292 3401 4395 quantumlio

156 4434 199 4475 et
218 4423 327 4481 inzie
349 4427 403 4481 in
429 4428 696 4483 min‘nrem
720 4428 942 4482 chorum
972 4428 1209 4491 divertit,
1241 4392 1713 4497 ibique.moratur,
1816 4420 1909 4475 bet
1934 4416 2136 4471 bonum
2161 4412 2228 4468 sit
2258 4404 2578 4464 naturaliter
2602 4410 2655 4457 et
2681 4410 2899 4469 purum,
2929 4402 3107 4445 tamen
3132 4392 3401 4488 granatim
3472 4422 3475 4427 .

157 4509 305 4569 donec
355 4524 654 4572 conventus
711 4525 1073 4586 pertranseat,
1126 4525 1183 4570 ut
1224 4488 1498 4570 claustrali
1548 4488 1712 4584 priori
1740 4508 2056 4592 Deligitnr,
2114 4517 2217 4558 nec
2264 4514 2361 4569 per
2402 4495 2537 4592 alias
2582 4501 2844 4592 personas
2888 4492 3199 4592 quant‘ptirt'
3254 4488 3401 4592 ιρεῗε

362 4565 653 4572 --_-_-_____
712 4565 1073 4586 τπηνηηη,
1230 4565 1497 4570 --η-.-μη
1833 4565 1836 4566 ,
1891 4565 1921 4579 υ
2042 4565 2053 4571 ,
2266 4565 2281 4569 -

158 4604 447 4663 absconsam
501 4625 625 4664 cum
678 4608 880 4663 lumine
930 4609 1189 4679 porrigat.
1248 4606 1366 4674 Quo
1406 4605 1550 4661 facto
1592 4565 2039 4663 cumufratres,
2069 4594 2275 4651 scilicet
2304 4584 2639 4661 apocrisiarii
2666 4581 2963 4652 adjutores,
2994 4565 3405 4639 ‘etaiiquando

158 4695 322 4754 circuli
350 4702 595 4757 omnium
633 4702 931 4771 signorum,
979 4716 1100 4770 qua:
1146 4701 1201 4754 in
1244 4716 1351 4753 uno
1379 4698 1555 4753 ferreo
1585 4712 1718 4767 qua-
1819 4691 1961 4749 infra
1995 4686 2286 4758 capitulum
2334 4697 2428 4754 per
2472 4676 2705 4734 novitios
2752 4671 2989 4728 nondum
3031 4668 3401 4771 consecratos.

158 4790 379 4852 dridente
414 4796 593 4853 solent
621 4809 740 4851 esse
765 4793 998 4850 collecti.
1040 4792 1243 4848 Ilorum
1274 4793 1569 4862 signorum,
1597 4804 1719 4861 quae
1819 4784 1954 4842 Cum
2010 4782 2081 4835 ita
2132 4776 2296 4832 fuerit
2350 4772 2579 4827 electum
2606 4810 2620 4835 ,
2669 4766 2882 4862 lavatur
2924 4757 3166 4862 studiose
3192 4758 3309 4862 ...ει
3350 4757 3404 4862 in

161 4839 378 4852 mw"...
414 4839 593 4853 νων...
622 4839 739 4851 Wa-
767 4839 998 4850 πων-..
1040 4839 1243 4848 ---.--...
1274 4839 1569 4862 -.ηηυηηη
1836 4839 1848 4842 -
3155 4847 3163 4857 ⁸
3207 4844 3220 4856 .

160 4886 215 4937 axi
242 4897 529 4943 nocturnos
565 4887 827 4958 pulsanda
881 4894 1024 4950 sunt,
1073 4884 1307 4939 circulos
1366 4883 1615 4938 ordinate
1665 4881 1718 4936 in
1820 4890 2002 4950 panno
2032 4870 2201 4927 nitido
2223 4865 2417 4922 diffuso
2456 4863 2689 4918 siccatur
2713 4857 2779 4912 ad
2804 4854 2990 4958 solem.
3031 4847 3316 4916 Colligitur
3350 4839 3413 4892 in‘

160 4988 303 5030 unum
331 4977 546 5032 dentem
570 4977 793 5045 colligit,
820 4990 888 5030 ne
915 4975 981 5030 ad
1004 4984 1295 5030 nocturnos
1318 4974 1487 5045 possit
1510 4985 1718 5038 errare,
1823 4980 2060 5026 saccum,
2088 4960 2178 5031 qui
2210 4959 2278 5013 ad
2313 4959 2414 5012 hoc
2439 4953 2612 5009 solum
2640 4951 2704 5005 de
2728 4961 2906 5045 panno
2949 4943 3089 4997 bono
3113 4946 3409 5045 eopserv'a-

333 5021 546 5032 ..νη-ν...
572 5021 793 5045 νυ...ο.-,
821 5021 887 5030 ..-
915 5021 981 5030 π..
1004 5021 1294 5030 -.η-...πη
1359 5021 1486 5029 η---
1514 5021 1652 5027 ---η
1672 5021 1718 5038 Ὗ,
1826 5021 1841 5022 η
2048 5021 2057 5026 -
2106 5021 2122 5031 ,

160 5062 285 5119 apud
315 5082 411 5136 pro
434 5067 540 5121 alio
572 5067 898 5136 arripiendo.
1319 5021 1347 5045 Γ
1828 5065 1933 5111 tur.
1976 5070 2064 5109 un.
2094 5052 2148 5107 In
2171 5065 2276 5123 quo
2298 5046 2582 5103 collectum
2610 5035 3020 5097 eonnnendatur
3050 5029 3140 5084 uni
3182 5021 3410 5136 mutulo,

230 5112 285 5119 ς-..
315 5112 409 5136 ,ην
434 5112 538 5121 ...η
572 5112 898 5136 .....,..-....-.
2194 5114 2207 5123 .
3352 5112 3383 5121 ..

222 5155 272 5212 In
300 5157 428 5213 feria
466 5169 656 5230 quarta
690 5160 824 5213 etin
851 5157 1087 5213 Sabbato
1110 5157 1305 5211 calices
1342 5156 1408 5209 ad
1433 5154 1722 5225 puhlicam,
1830 5158 1939 5206 tam
1985 5144 2224 5201 moribus
2272 5154 2433 5210 quam
2479 5144 2637 5191 attate
2688 5140 2904 5230 maturo
2944 5121 3177 5230 b00500:
3224 5112 3409 5230 sur-1":

222 5205 272 5212 φ
300 5205 428 5213 η..-
694 5205 744 5212 -_
853 5205 1082 5213 “nm-
1113 5205 1302 5211 ηπ---

159 5256 209 5301 et
227 5251 287 5303 ad
320 5254 641 5307 matutiuam
676 5252 894 5306 missam
941 5252 1274 5320 pertinentes
1302 5249 1366 5320 (si
1395 5259 1571 5301 tamen
1612 5247 1692 5315 ips

1885 5236 1989 5309 ar.)
2018 5234 2119 5303 Qui
2147 5205 2369 5303 portans
2391 5227 2520 5283 illud
2548 5223 2614 5278 ad
2646 5216 3039 5314 molendinmn,
3070 5205 3264 5263 mdiam
3288 5213 3414 5320 pu:

166 5296 287 5303 ﬂ-.-
676 5296 894 5306 ....w._...
941 5296 1273 5320 puum..-“
1304 5296 1366 5320 κ-.
1612 5296 1689 5315 -r-

162 5345 235 5391 est
277 5341 524 5396 sacerdos
566 5341 650 5395 vel
705 5340 985 5403 diaconus,
1039 5354 1164 5392 nam
1206 5339 1249 5392 si
1305 5339 1407 5392 hoc
1457 5353 1562 5391 non
1617 5343 1696 5389 est

1880 5338 1945 5393 ιι,
1970 5296 2271 5395 Inpleritque
2308 5334 2408 5390 per
2452 5312 2632 5370 omnia
2661 5324 2785 5364 eum
2830 5300 3054 5360 cortinis
3094 5306 3308 5403 sursum
3334 5296 3414 5403 "et

164 5376 235 5391 νυ.
277 5376 524 5396 “tu...”
573 5376 650 5395 ηι
706 5376 985 5403 u...w......,
1207 5376 1249 5392 ο.
1305 5376 1407 5392 ..υν
1457 5376 1562 5391 ..υ..
1618 5376 1723 5401 -...,
1831 5376 1945 5399 υτ-.
2310 5376 2327 5390 .
3374 5377 3386 5389 ,

164 5428 405 5486 vicarium
434 5435 501 5488 ad
530 5433 631 5487 hoc
656 5431 933 5501 acquirit.)
973 5439 1087 5501 post
1112 5430 1387 5484 introitum
1414 5427 1729 5482 earumdem
1833 5420 2083 5476 deorsum
2109 5433 2122 5468 :
2147 5414 2383 5481 seipsum
2415 5401 2760 5501 induit‘alba,
2809 5403 3071 5501 ausu-prar
3096 5376 3417 5501 QDN-:3“:

219 5481 405 5486 ---η-η
434 5481 501 5488 __
532 5481 630 5487 -.η
657 5481 754 5501 η,
974 5481 1083 5501 rh,
1536 5481 1541 5482 γ
1656 5481 1661 5482 ,

167 5521 440 5579 missarum
462 5534 635 5595 parat.
676 5523 887 5579 Calices
908 5530 1088 5577 autem
1117 5537 1239 5577 cum
1261 5520 1458 5589 quibus
1482 5517 1701 5572 offertur

1884 5521 1922 5563 Il
1955 5506 2125 5581 (158).
2167 5503 2341 5573 Super
2374 5492 2670 5558 humerale,
2721 5500 2779 5544 ut
2826 5484 2900 5542 nil
2941 5485 3009 5539 de
3050 5481 3418 5595 facicfprzeter

166 5621 280 5679 post
324 5570 651 5673 oblationem
700 5612 1015 5671 alterutrius
1063 5626 1252 5667 earum
1284 5625 1444 5665 manu
1484 5608 1729 5663 immissa
1836 5604 2024 5663 oculos
2049 5599 2192 5657 solos
2218 5593 2388 5665 possit
2416 5601 2701 5661 apparere.
2740 5585 2816 5641 Ita
2847 5580 3020 5646 molit,
3067 5575 3141 5631 ita
3181 5570 3418 5626 farinam

143 5777 146 5780 η
232 5747 375 5815 (156)
439 5748 666 5804 Bancale
723 5746 962 5802 subsellii
1015 5744 1316 5814 stragulum
1391 5754 1561 5805 taoes.
1617 5758 1725 5815 quo
1913 5732 2062 5815 (εει)
2101 5711 3220 5815 yid}?Old-_9'}if‘§f_‘fj__i}“j}11.2352m;

232 5747 375 5815 (I36)
439 5748 666 5804 Bancale
723 5746 962 5802 subsellii
1015 5744 1316 5814 stragulum
1391 5754 1561 5805 taces.
1617 5758 1725 5815 quo
1941 5735 2038 5791 137
2106 5732 2240 5811 Vide
2266 5732 2878 5789 Ord-Ullmii‘C-Par-lv
2910 5732 2958 5771 ε·
2992 5732 3081 5767 θο-
3210 5775 3220 5785 .

168 5828 453 5885 ustrinum.
492 5836 584 5876 seu
629 5820 824 5874 bancus
874 5818 1207 5875 insternitur.
1913 5732 2063 5885 ἶιδεζ
2101 5801 2372 5866 Linteum,
2399 5793 2539 5868 quod
2565 5801 2728 5865 caput
2752 5800 2805 5847 et
2833 5788 3086 5844 humeros
3116 5781 3263 5851 1⁸8⁷⁸*
