3872 6306
467 351 609 415 ιοεει

1557 341 1614 395 S.
1656 333 2036 395 αυιιιλςωιι
2075 331 2361 388 ABBATIS
2402 330 2729 389 IIIRSAIJG.

3589 334 3697 393 {088

463 418 670 529 cribrat
718 477 732 513 :
778 458 1017 513 cribrum
1072 469 1285 526 quoque
1347 455 1498 523 prius
1552 454 1842 522 diligenter
1890 428 2053 504 lava‘t.
2085 446 2370 508 Aminore
2420 446 2598 500 studio
2628 445 2894 509 lavantur,
2929 450 2983 500 et
3019 441 3083 497 ad
3123 443 3226 499 hoc
3260 460 3469 516 quoque
3495 458 3569 504 est
3591 458 3696 507 tem-

463 548 599 604 Cum
631 554 813 601 autem
859 542 1065 598 nullum
1113 553 1349 611 tempus,
1399 550 1532 611 quot
1575 540 1782 593 vicibus
1815 538 1867 591 in
1908 552 2051 591 anno

460 635 653 693 hostiae
678 634 788 688 sint
818 630 1135 693 formandae,
1166 630 1443 700 praefixum
1476 628 1564 693 sil,
1598 636 1783 682 custos
1806 626 2050 682 ecclesiae

450 726 890 799 quotiescunque
914 738 1051 793 opus
1088 722 1272 787 fuerit,
1305 732 1363 774 ut
1388 721 1541 785 flatu,
1568 721 1833 791 providet.

534 820 550 838 '
579 817 633 873 In
659 832 722 871 ea
755 816 843 872 die
870 814 1197 877 formatores
1230 814 1549 878 hostiarum,
1583 827 1756 881 neque
1790 810 2047 881 capitulo,

456 923 641 978 neque
659 906 811 979 horis
836 904 1175 977 regularibus
1224 904 1498 969 intersint,
1545 911 1601 957 et
1633 911 1810 956 tamen
1841 902 1892 955 in
1930 918 2049 955 cra-

457 1009 603 1055 sttuo
641 996 856 1052 veniam
906 1010 1016 1052 non
1065 1003 1274 1066 petunt.
1327 995 1446 1066 Ipse
1480 1008 1716 1063 quoque,
1751 992 1794 1046 si
1829 1007 1935 1046 non
1964 999 2057 1046 est.

455 1088 713 1145 sacerdos
751 1085 839 1142 vel
877 1086 1156 1153 diaconus,
1210 1103 1299 1142 ea.
1352 1074 1613 1141 vicarium
1668 1085 1768 1141 sibi
1816 1084 1884 1139 ad
1943 1084 2057 1140 hoc.

456 1194 594 1249 opus
619 1177 833 1249 quzerit,
854 1183 918 1233 et
947 1178 1083 1243 duos
1122 1168 1279 1239 alios,
1315 1175 1408 1244 qui
1448 1184 1576 1229 sunt
1613 1176 1681 1231 de
1716 1174 1801 1230 bis
1838 1173 2047 1229 ordini-

455 1267 591 1335 hus;
621 1277 847 1338 quartus
868 1267 993 1332 erit,
1019 1266 1065 1320 si
1091 1266 1321 1330 videtur,
1350 1280 1669 1321 conversus.
1702 1264 1766 1319 Hi
1791 1256 2046 1334 quatuor,

454 1361 503 1416 si
530 1369 616 1416 est
654 1370 864 1429 tempus
894 1357 1165 1429 hyemale,
1202 1358 1369 1414 finitis
1409 1359 1710 1424 nocturnis,
1749 1359 1815 1430 (si
1862 1366 2045 1413 autem

451 1452 727 1512 aestivum,
754 1458 875 1521 post
906 1449 1253 1521 matutintnn)
1285 1448 1446 1522 (eam)
1481 1465 1539 1505 se
1575 1450 1826 1511 calciant,
1880 1448 2047 1505 facies

453 1524 758 1610 manusque
786 1540 990 1607 lavant,
1022 1549 1077 1596 et
1116 1540 1293 1610 capita
1351 1541 1653 1610 pectinant,
1704 1548 1760 1596 et
1785 1528 2046 1595 secedunt

452 1630 520 1687 ad
548 1600 768 1699 aliquod
792 1600 1064 1686 secretum
1104 1600 1297 1685 altare.
1336 1600 1413 1686 libi
1452 1600 1674 1686 cantant
1706 1600 2051 1715 quaecunque

451 1720 695 1778 canenda
725 1731 871 1787 sunt,
900 1737 1073 1791 usque
1098 1722 1165 1778 ad
1197 1723 1385 1777 horam
1410 1724 1648 1794 prandii.
1690 1722 1826 1778 Nam
1856 1732 2042 1794 postea

453 1813 763 1870 nullatenus
803 1830 861 1871 se
895 1817 963 1870 de
1005 1817 1109 1873 hoc
1138 1831 1304 1887 opere
1340 1817 1732 1874 intromittunt.
1771 1819 1939 1891 Igitur
1964 1819 2041 1873 la-
2072 1796 2116 1856 Β

452 1906 592 1961 vatis
631 1907 883 1963 manibus
928 1908 981 1962 hi
1028 1917 1161 1974 tres,
1194 1910 1286 1979 qui
1319 1922 1443 1964 sunt
1473 1910 1781 1965 sacerdotes
1809 1911 1891 1965 vel
1930 1911 2041 1965 dia-

452 1997 599 2064 coni,
638 1999 691 2054 in
722 1999 839 2053 loco
878 2014 984 2067 quo
1030 1999 1241 2058 hostias
1278 1998 1476 2053 faeturi
1510 2010 1659 2077 sunt,
1698 2000 1835 2055 albis
1862 2009 1915 2053 et
1944 2000 2038 2053 lm-

449 2090 747 2159 moralibus
794 2093 957 2162 (sicut
1002 2093 1089 2149 de.
1117 2093 1231 2161 illo,
1281 2094 1371 2162 qui
1440 2094 1592 2155 molit
1641 2092 1908 2159 farinam,
1956 2102 2042 2148 est

450 2181 818 2252 praemissum)
842 2197 903 2239 se
922 2183 1178 2247 induunt.
1219 2184 1461 2251 Quorum
1490 2200 1628 2241 unus
1657 2184 1889 2241 farinam
1914 2200 2043 2241 con-

448 2270 672 2341 spergit,
717 2279 772 2326 et
812 2272 1290 2333 vehementissime
1337 2274 1637 2345 compingit
1678 2289 1841 2345 super
1884 2276 2040 2330 tabu-

449 2358 559 2415 lam
624 2360 1006 2417 nitidissimam
1070 2362 1359 2419 habentem
1415 2364 1639 2420 limbum
1693 2367 1746 2420 in
1807 2365 2037 2420 circuitu

449 2455 843 2526 aliquantulum
865 2457 921 2512 in
950 2458 1237 2527 superficie
1265 2467 1460 2514 cietera
1493 2460 1766 2524 altiorem,
1799 2475 1867 2514 ne
1896 2474 2037 2528 aqua

448 2546 666 2603 ellluere
688 2550 876 2619 possit.
920 2550 1242 2623 Conspergit
1269 2561 1448 2606 autem
1478 2567 1601 2607 cum
1630 2566 1769 2621 aqua
1801 2551 2034 2622 frigida;

447 2639 574 2708 quia
605 2640 794 2694 dicunt
848 2641 1054 2699 hostias
1086 2644 1158 2697 ita
1194 2642 1310 2698 fieri
1337 2643 1705 2699 candidiores.
1750 2645 1791 2697 A
1830 2644 2039 2699 duobus

447 2727 672 2801 reliquis
698 2729 889 2801 hostire
917 2729 1249 2788 formantur.

446 2923 662 2973 versus,
709 2925 1014 2982 manusque
1064 2913 1241 2971 induit
1286 2914 1633 2969 chirothecis.
1696 2913 1844 2969 Unde
1894 2915 2038 2969 inter

444 3015 768 3057 conversum
801 3012 857 3058 et
874 3003 1197 3060 formatores
1228 3005 1525 3059 hostiarmn
1554 3005 1773 3073 ponitur
1814 3020 1916 3057 una
1950 3013 2035 3059 ta-

443 3091 590 3157 bula,
614 3103 669 3149 et
692 3110 855 3167 super
880 3096 1019 3151 hanc
1045 3104 1171 3152 sunt
1198 3097 1304 3151 duo
1336 3096 1437 3166 pali
1466 3096 1638 3159 infixi,
1670 3106 1724 3151 ct
1751 3112 1911 3167 super
1938 3114 2031 3167 pa.

444 3180 529 3237 los
550 3199 713 3239 unum
748 3156 951 3256 lignum
980 3156 1370 3250 transversum,
1403 3201 1564 3255 super
1593 3188 1732 3256 quod
1756 3156 1906 3259 ponit
1932 3156 2037 3243 fer-
2065 3156 2111 3237 θ,

443 3286 748 3332 ramentum
771 3279 837 3333 ad
861 3279 1067 3334 hostias
1099 3279 1469 3347 imponendas.
1512 3279 1642 3345 Quae
1677 3270 1799 3334 cum
1836 3280 2037 3335 fuerint

444 3376 636 3434 cocta,
672 3370 885 3426 cultello
914 3370 1269 3435 abraduntur,
1307 3380 1364 3426 et
1404 3372 1604 3426 cadunt
1651 3371 1703 3425 iu
1753 3373 2032 3428 scutellam

445 3459 707 3517 deorsum
730 3462 783 3515 in
817 3460 1001 3515 tabula
1028 3444 1282 3531 positam,
1311 3472 1363 3518 et
1388 3479 1565 3533 panno
1585 3463 1787 3535 jugiter
1813 3479 2035 3533 cooper-

444 3557 591 3617 tam;
638 3550 745 3605 nisi
778 3553 993 3620 quando
1034 3551 1227 3609 hostia:
1274 3554 1627 3609 abraduiitur.
1678 3554 1911 3611 Omnino
1953 3565 2032 3609 te-

441 3648 575 3696 nent
611 3640 883 3697 silentinm
909 3652 965 3697 et
989 3658 1333 3715 summopere
1374 3656 1589 3711 cavent,
1627 3654 1685 3700 ut
1721 3661 1829 3700 non
1874 3646 2033 3701 modo

441 3730 633 3797 saliva,
667 3730 762 3786 sed
799 3746 897 3787 nec
932 3734 1094 3803 ﬂatus
1124 3749 1312 3791 eorum
1335 3737 1402 3792 ad
1436 3738 1642 3792 hostias
1667 3736 1848 3807 aliquo
1874 3738 2033 3793 modo

441 3820 753 3888 pertingere
794 3822 985 3888 possit.
1057 3822 1215 3879 Solus
1266 3839 1578 3889 conversus,
1625 3826 1670 3880 si
1712 3827 1840 3895 quid
1897 3841 2033 3895 Opus

441 3908 635 3975 fuerit,
676 3913 868 3981 paucis
907 3915 1087 3970 verbis
1113 3915 1314 3971 famulo
1345 3918 1657 3983 innotescit,
1685 3920 1776 3988 qui
1804 3919 2034 3975 facitfo-

436 4014 589 4066 cum,
622 4002 874 4071 adquam
905 4021 1011 4061 non
1051 4006 1292 4075 mittunt,
1323 4008 1423 4061 nisi
1454 4008 1596 4079 ligna
1638 4010 1814 4078 arida,
1868 4020 1923 4065 et
1966 4012 2033 4066 de

437 4088 727 4146 industria.
746 4094 833 4147 ad.
853 4093 953 4150 hoc
991 4105 1311 4166 pra‘parata.

513 4181 531 4199 ‘
561 4178 775 4247 Frater,
815 4184 909 4253 qui
960 4183 1193 4239 farinam
1224 4187 1550 4256 conspersit,
1602 4198 1887 4258 postquam
1936 4205 2030 4244 ex-

436 4267 653 4346 peditus
683 4271 869 4339 fuerit,
904 4275 971 4329 ad
1000 4274 1205 4331 hostias
1255 4276 1534 4347 eligendus
1579 4280 1815 4346 vacabit,
1853 4280 1926 4334 ita
1973 4288 2033 4334 ut

436 4374 559 4431 quae
587 4377 656 4418 ex
685 4372 800 4420 toto
830 4375 957 4419 sunt
1005 4368 1246 4437 integrae,
1281 4369 1349 4424 ad
1384 4370 1673 4425 missarum
1706 4370 2031 4426 celebratio-

2155 552 2257 607 pus
2286 537 2591 607 prtefixum,
2629 536 2834 592 scilicet
2865 544 2990 591 ante
3015 536 3246 591 Pascha.
3272 536 3402 591 Item
3432 540 3492 592 ad
3517 542 3603 595 hoc
3625 545 3696 600 de-

2151 639 2334 697 putata
2367 638 2491 683 sunt
2516 644 2644 684 vasa
2677 644 2857 694 antea,
2890 637 2945 682 et
2988 637 3245 697 tanquam
3291 628 3470 699 pelves
3514 634 3692 703 amplis-

2150 718 2320 783 simat,
2351 718 2401 771 in
2426 718 2622 788 quibus
2649 716 2915 783 lavantur,
2943 725 2998 771 et
3021 732 3141 787 qua:
3166 716 3231 770 ad
3265 717 3433 772 nullos
3456 718 3692 779 aliosusns

2151 792 2442 864 habentur.
2489 808 2621 863 Post
2663 823 2919 878 vesperas
2949 811 3002 863 in
3044 806 3276 863 ecclesia
3308 807 3461 877 juxta
3492 824 3690 880 caveam,

2152 915 2317 970 super
2340 916 2448 970 qua
2472 899 2670 955 calices
2701 899 2869 953 lavari
2899 897 3095 966 solent,
3126 898 3212 953 bis
3239 899 3557 969 intingantur
3574 915 3693 969 aqua

2148 992 2379 1064 frigidae,
2417 1002 2472 1048 et
2500 1001 2749 1047 teruntur
2782 992 2836 1048 in
2864 992 3131 1051 manibus.
3165 992 3366 1046 lterum
3411 1006 3539 1061 aqua
3569 996 3694 1051 tertio

2148 1075 2449 1159 infunditur
2470 1086 2544 1140 ita
2578 1101 2674 1155 per
2696 1094 2909 1140 noctem
2940 1100 3229 1151 mansura,
3264 1099 3420 1137 mane
3459 1100 3574 1139 vero
3598 1087 3694 1143 inde

2146 1176 2514 1246 exprimenda,
2541 1184 2597 1230 et
2622 1175 2674 1229 in
2701 1174 2945 1230 eamdem
2968 1189 3212 1238 caveam,
3232 1176 3375 1228 sicut
3394 1174 3534 1243 prius
3554 1175 3692 1230 eﬂ'un-

2146 1266 2343 1324 denda.
2378 1266 2444 1321 Et
2470 1267 2768 1322 notandum
2808 1266 2951 1336 quod
2996 1282 3134 1335 aqua
3162 1266 3250 1319 cui
3284 1266 3628 1335 intinguntur,
3653 1268 3692 1321 in

2146 1361 2334 1416 codem
2357 1374 2484 1415 vase
2512 1369 2598 1414 est
2615 1357 2908 1424 afferenda,
2934 1358 2989 1412 in
3018 1372 3126 1427 quo
3148 1366 3203 1411 et
3223 1356 3489 1412 sacrificio
3510 1357 3694 1411 offertur

2145 1453 2441 1533 miscenda.
2477 1451 2679 1505 Deinde
2709 1459 2996 1519 portantur
3032 1452 3098 1504 ad
3132 1448 3406 1503 officinam
3437 1451 3693 1515 secretarii,

2150 1543 2203 1615 in
2233 1558 2338 1613 qua
2371 1551 2496 1597 sunt
2519 1532 2766 1594 lavanda.
2806 1539 2906 1595 Ubi
2929 1538 3039 1608 jam
3073 1538 3310 1593 famulus
3344 1536 3565 1591 lixiviam
3592 1547 3695 1591 tam-

2145 1635 2356 1705 peravit
2408 1632 2875 1702 limpidissimam,
2907 1640 2963 1686 et
3008 1629 3421 1700 diligentissime
3450 1627 3623 1693 collat,
3652 1637 3695 1682 et

2146 1744 2253 1782 non
2295 1737 2472 1782 tamen
2515 1726 2750 1781 mittitur
2772 1739 2934 1794 super
2959 1721 3284 1793 corporalia,
3317 1719 3419 1774 nisi
3455 1721 3555 1773 sint
3575 1720 3702 1788 prius.

2143 1833 2321 1889 panno
2352 1818 2588 1887 undique
2618 1816 2876 1872 involuta.
2909 1817 2926 1835 ⁶
2950 1813 3100 1881 ane,
3134 1821 3421 1883 postquam
3455 1810 3578 1865 bene
3606 1808 3690 1862 lota

2143 1911 2373 1975 fuerint,
2405 1918 2460 1965 et
2499 1908 2892 1980 aliquantulum
2929 1908 3163 1968 siccata,
3196 1919 3227 1957 a
3259 1902 3429 1957 fratre
3464 1916 3561 1956 uno
3598 1900 3694 1957 alba

2142 2003 2330 2057 induto
2387 2003 2725 2072 intinguntur
2785 1998 3204 2069 conspersioni,
3268 2010 3390 2064 qua:
3456 1994 3582 2049 facta
3630 2003 3697 2048 est

2141 2096 2287 2151 clara
2321 2104 2377 2150 et
2405 2095 2608 2166 liquida
2637 2096 2703 2150 de
2731 2094 2931 2163 optima
2965 2092 3159 2155 farina,
3187 2099 3245 2144 et
3267 2090 3341 2142 ita
3366 2088 3619 2142 siccantur
3640 2086 3696 2140 ad

2141 2190 2468 2259 perfectum,
2500 2205 2590 2244 ea.
2637 2197 2693 2243 et
2750 2187 2965 2241 interim
3013 2185 3239 2239 minime
3289 2180 3507 2238 custode
3540 2188 3695 2234 carent

2144 2281 2411 2351 diligenti,
2450 2280 2684 2335 maxime
2736 2279 2826 2347 qui
2873 2290 3091 2331 muscas
3143 2274 3331 2344 abigat
3388 2272 3453 2325 ab
3495 2271 3583 2325 eis.
3613 2268 3702 2336 Qui

2141 2374 2306 2427 etiam
2338 2386 2683 2442 nequaquam
2710 2368 2887 2424 albam
2918 2369 3104 2431 exuit,
3134 2379 3311 2434 neque
3350 2363 3475 2417 inde
3504 2372 3703 2431 usquam

2138 2463 2389 2520 discedit.
2414 2461 2602 2519 ‘Idem
2632 2462 2781 2532 ipse,
2811 2460 2857 2515 si
2912 2459 3054 2514 forte
3091 2466 3317 2528 prepter
3366 2454 3465 2509 hoc
3499 2451 3697 2522 aliquam

2140 2557 2329 2612 horam
2355 2555 2678 2626 neglexerit,
2708 2553 2916 2608 veniam
2943 2564 3048 2606 non
3074 2549 3229 2620 petit.
3290 2628 3295 2631 ἱ

2211 2648 2576 2705 υυνϐιιοτάτιῐη
2598 2660 2936 2721 superquam
2962 2642 3369 2713 suspenduntur
3393 2635 3699 2709 priuslavarc

1778 2808 1779 2815 η
1837 2800 1843 2815 ι
2040 2794 2041 2797 η
2137 2757 2245 2795 non
2276 2742 2523 2811 negligit,
2554 2755 2674 2809 qua:
2704 2747 2759 2793 et
2806 2738 2858 2792 in
2905 2751 3013 2790 uno
3042 2731 3321 2803 marsnpio
3362 2731 3429 2783 ad
3470 2743 3589 2798 opus
3615 2726 3698 2780 hoc

464 2880 471 2885 ,
516 2818 951 2901 Ferramentum,
986 2823 1039 2878 in
1068 2839 1175 2893 quo
1223 2834 1352 2881 sunt
1380 2823 1692 2895 coquendze,
1726 2833 1869 2879 tenet
1904 2840 2041 2880 con-
2140 2816 2159 2889 έ

2140 2816 2520 2903 solumjngiter
2535 2828 3033 2895 servatur.Quando
3045 2833 3227 2880 autem
3245 2822 3540 2892 leviganlur
3554 2816 3697 2886 (M0),

2138 2939 2278 2978 unus
2312 2924 2392 2977 eis
2424 2936 2632 2991 pannus
2660 2918 3009 2974 substituitur
3038 2929 3137 2970 acc
3174 2922 3455 2984 ponuntur
3496 2919 3695 2975 unquam

2141 3027 2303 3083 Super
2334 3012 2536 3082 lignum
2564 3009 2788 3064 nudum.
2817 3009 2837 3028 '
2863 3007 2919 3061 ln
2944 3006 3134 3061 eodem
3176 3003 3347 3058 etiam
3395 3010 3615 3067 tempore
3653 3003 3696 3048 et

2139 3105 2565 3175 quotiescunque
2608 3084 2744 3171 opus
2789 3098 2953 3154 fuerit
3008 3098 3077 3153 ab
3112 3096 3321 3151 eisdem
3359 3091 3598 3146 fratribus
3631 3085 3698 3141 of-

2142 3196 2363 3252 fertoria
2411 3206 2465 3249 et
2513 3178 2754 3257 linteola,
2782 3207 2906 3245 cum
2952 3189 3151 3260 quibus
3186 3186 3388 3241 calices
3429 3188 3696 3254 portantur,

2139 3297 2515 3358 exterguntur.
2541 3286 2735 3340 Totum
2761 3283 2873 3355 agit
2905 3280 3290 3351 apocrisiarius
3317 3276 3580 3331 socialiter
3595 3285 3701 3327 cum

2138 3378 2261 3432 aliis
2283 3377 2595 3446 junioribus
2626 3377 2763 3441 suis,
2792 3386 2843 3429 et
2868 3373 3135 3445 providet,
3169 3380 3227 3424 ut
3249 3382 3466 3436 semper
3494 3364 3575 3417 flat
3595 3371 3699 3414 ante

2138 3468 2447 3538 prandium.
2479 3466 2750 3522 Prteterea
2796 3465 2962 3522 habet
2990 3464 3093 3519 sub
3132 3476 3191 3517 se
3222 3460 3436 3539 aliquos
3468 3453 3694 3518 famulos‘,

2138 3576 2368 3631 quorum
2396 3575 2559 3616 omne
2584 3560 2822 3617 studium
2852 3566 2936 3613 est
2961 3566 3016 3612 et
3046 3546 3224 3622 labor,
3257 3559 3499 3623 accepta,
3521 3551 3561 3605 si
3586 3562 3696 3619 opus

2136 3658 2240 3715 est,
2273 3664 2337 3704 ex
2383 3665 2508 3705 cera
2556 3649 2812 3705 candelas
2845 3646 3027 3703 facere
3047 3688 3063 3712 ,
3092 3658 3283 3702 cereos
3328 3642 3574 3696 decenter
3604 3636 3696 3691 for-

2138 3755 2309 3806 mare,
2341 3740 2518 3797 oleum
2543 3740 2836 3803 conficere,
2862 3738 3183 3793 vestimenta
3211 3746 3492 3797 censuere,
3525 3728 3697 3785 sarcire

2135 3842 2190 3887 et
2211 3832 2412 3897 lavare,
2442 3832 2741 3888 oratorium
2790 3831 3005 3901 quoties
3048 3827 3357 3899 oportuerit
3396 3825 3462 3880 ad
3505 3833 3691 3877 crucem

2134 3927 2314 3998 scopis
2357 3929 2640 3991 mundare,
2681 3924 2921 3981 cortinas
2963 3922 3320 3993 suspendere,
3355 3920 3481 3975 item
3509 3920 3693 3987 peracta

2136 4018 2459 4073 celebritate
2487 4016 2724 4083 auferre,
2760 4015 2982 4085 plicare,
3015 4022 3179 4083 atque
3215 4010 3526 4073 recondere,
3546 4014 3595 4089 et
3612 4004 3693 4059 alia

2132 4110 2379 4182 quaedam
2414 4108 2657 4163 ecclesia:
2693 4106 2942 4162 utensilia
2969 4147 2984 4170 ,
3028 4114 3192 4177 prout
3219 4103 3467 4159 sacristae
3494 4098 3693 4162 videtur,

2132 4204 2439 4274 providere.
2470 4203 2550 4257 Ad
2585 4200 2892 4269 hujusmodi
2924 4209 3104 4254 autem
3159 4196 3453 4251 interiores
3490 4189 3695 4248 sacrisne

2132 4296 2411 4365 adjutores
2433 4310 2492 4350 se
2519 4309 2625 4348 non
2663 4293 2987 4355 admittunt,
3022 4288 3127 4344 nisi
3176 4287 3283 4342 tale
3324 4285 3455 4356 quid
3497 4283 3696 4339 habeant

2131 4388 2275 4457 quod
2324 4387 2442 4442 sine
2487 4401 2676 4442 eorum
2709 4383 2981 4455 adjutorio
3023 4380 3290 4452 perlicere
3334 4382 3613 4447 nequeant.
3650 4372 3695 4425 In

437 4467 870 4551 nem-seorsum;
905 4471 1027 4525 quae
1063 4456 1452 4551 aliquantulum
1502 4463 1736 4526 rimosre,
1779 4462 1849 4516 ad
1893 4460 2028 4516 oﬂ‘e—
2063 4489 2112 4551 υ
2139 4480 2399 4548 pugnem
2436 4494 2653 4549 quoque
2702 4490 2944 4546 tempore
2996 4488 3105 4545 quo
3151 4472 3403 4525 lavantur
3431 4462 3694 4536 corporali:

439 4545 701 4611 rendam,
746 4558 1113 4603 reserventur.
1145 4548 1201 4605 Si
1237 4566 1355 4620 qua:
1388 4563 1566 4607 autem
1616 4554 1920 4618 diminuta},
1950 4552 2035 4608 vel

440 4635 670 4700 ibidem,
718 4638 802 4701 vel
855 4638 990 4695 alias
1039 4642 1106 4697 ad
1160 4652 1362 4699 terram
1403 4646 1624 4715 dilapsa:
1667 4645 2033 4712 inveniuntur,

438 4727 732 4798 diligenter
760 4729 1023 4799 collectae,
1052 4742 1291 4805 tempore
1315 4750 1423 4806 quo
1465 4738 1707 4793 saeristte
1733 4737 2032 4792 hebdoma-

440 4816 596 4879 dario
630 4818 871 4887 videtur,
922 4825 989 4878 ad
1038 4824 1386 4881 refectorium
1426 4828 1748 4884 deferantur
1775 4839 1830 4884 et
1861 4829 1913 4882 iu
1945 4843 2035 4883 eo-

438 4908 607 4978 phino
628 4910 808 4982 aliquo
831 4913 897 4968 ad
912 4915 1212 4988 fragmenta
1245 4921 1547 4975 mittantur.
1565 4920 1703 4991 (ua)
1725 4921 1827 4990 Ipsi
1852 4931 2030 4975 autem

439 5000 746 5066 hostiarum
777 5010 1013 5077 operarii
1041 5027 1107 5066 eo
1137 5012 1224 5067 die
1249 5027 1355 5067 non
1379 5028 1501 5067 eum
1528 5024 1797 5069 conventu
1840 5029 2023 5069 come-

440 5092 601 5161 dunt,
642 5098 738 5153 sed
760 5116 886 5161 eum
912 5104 1289 5170 servitoribus,
1339 5106 1497 5176 (νην.)
1544 5115 1594 5162 et
1644 5123 1749 5178 pro
1783 5115 1934 5163 tanto
1962 5107 2033 5163 la-

438 5184 571 5247 bore
609 5188 808 5247 habent
837 5192 906 5248 de
936 5193 1220 5250 cellerario
1255 5198 1560 5265 pitantiam.

982 5286 1212 5344 CAPUT
1243 5288 1480 5345 XXXIII.

542 5370 623 5428 De
655 5374 1017 5444 corporalibus
1047 5378 1154 5431 sive
1182 5377 1304 5434 aliis
1323 5380 1629 5449 hujusmodi
1662 5381 1924 5437 lavamlis.

513 5469 683 5541 (eam)
711 5470 1216 5542 Corporalia(l39),
1249 5477 1467 5545 quando
1495 5476 1717 5530 lavanla
1751 5486 1898 5539 sunt,
1926 5492 2030 5531 non

512 5601 660 5677 ([59)
687 5604 986 5677 Corporale
1031 5618 1114 5663 est
1147 5608 1389 5677 linteum,
1419 5611 1560 5677 quod
1592 5611 1642 5663 in
1679 5610 1833 5664 altari
1871 5613 2035 5667 susti-

441 5682 527 5740 net
561 5672 872 5730 hostiamiet
905 5677 1129 5733 calicem
1168 5681 1294 5734 dum
1326 5672 1633 5735 celebratur
1663 5682 1850 5736 missa.
1903 5684 2034 5740 Vide

447 5739 707 5805 Bernard.
737 5745 869 5800 0rd.
900 5748 1054 5804 Cluu.
1084 5760 1222 5820 part.
1261 5767 1277 5804 t
1331 5765 1382 5805 c.
1409 5750 1495 5806 δι.

2141 4573 2301 4628 iidem
2334 4574 2517 4627 famuli
2546 4572 2685 4627 linea
2719 4570 2971 4625 altarium
3013 4566 3287 4636 velamina
3324 4579 3448 4619 cum
3488 4560 3635 4623 albis,
3658 4555 3694 4609 si

2138 4682 2259 4738 quae
2303 4667 2440 4721 forte
2494 4666 2547 4719 in
2589 4666 2690 4719 hoc
2714 4678 2857 4718 anno
2899 4660 3139 4715 lavanda:
3183 4666 3345 4721 sunt,
3400 4655 3696 4717 lavant,ex-

2138 4759 2310 4829 ceptis
2334 4759 2419 4813 bis
2456 4772 2576 4827 qua:
2606 4755 2674 4810 ad
2726 4752 2985 4823 majorem
3036 4751 3257 4805 missam
3289 4756 3345 4802 et
3381 4746 3448 4800 ad
3490 4744 3696 4829 privatas

2138 4828 2340 4907 missas
2386 4860 2443 4905 et
2503 4849 2825 4904 matutiuam
2886 4844 3195 4917 pertinent;
3236 4854 3360 4910 quae
3406 4848 3608 4905 semper
3640 4828 3694 4883 ad

2136 4944 2367 5016 primam
2401 4942 2733 4997 Dominicam
2769 4940 3045 4994 Adventus
3087 4932 3296 4988 Domini
3325 4939 3383 4984 et
3424 4926 3694 4995 Quadi-age-

2138 5035 2290 5090 simze
2312 5034 2433 5087 lotae
2473 5048 2593 5088 esse
2616 5032 2836 5097 debent;
2871 5031 3088 5099 insuper
3116 5024 3547 5096 quotiescunque
3586 5026 3693 5084 opus

2137 5126 2306 5181 fuerit
2331 5126 2592 5179 lavandm.
2624 5122 2954 5193 Manutergia
2977 5131 3159 5174 autem
3190 5128 3247 5173 et
3278 5117 3385 5171 alia
3422 5105 3690 5184 bujnsmodi

2139 5234 2248 5274 non
2277 5218 2447 5273 solum
2480 5219 2530 5271 in
2557 5217 2659 5270 hoc
2685 5225 2941 5283 ten-pore,
2965 5228 3153 5266 verum
3186 5210 3353 5265 etiam
3387 5208 3690 5279 quandocun-

2140 5324 2245 5380 que
2272 5310 2567 5365 necessitas
2596 5306 2781 5377 exigit,
2808 5306 2873 5360 ab
2903 5304 3108 5360 eisdem
3137 5302 3361 5359 famulis
3384 5301 3629 5355 lavantur.

2212 5610 2361 5679 (ΗΟ)
2389 5609 2656 5679 Lerignre.
2696 5607 2885 5679 polire.
2932 5606 3122 5677 Leriga
3154 5607 3556 5679 instrumentum
3582 5598 3681 5679 lni-

2139 5669 2324 5752 gandi,
2345 5669 2490 5748 quod
2512 5669 2679 5752 "etiam
2697 5669 3195 5752 'complanalorium
3222 5679 3439 5734 dicitur.
3465 5673 3606 5729 Joan.
3633 5669 3683 5721 dc

2140 5749 2267 5807 3cm.
2304 5752 2489 5805 Germ.
2518 5749 2730 5821 Brglen.
