3872 6306
142 345 269 410 1089

636 456 862 514 CAPUT
904 455 1139 512 XXXIV.

604 548 736 602 Item
767 551 830 604 de
855 549 1213 620 apocrisiario.

767 584 827 604 με
855 584 1213 620 "pomum"...

104 584 128 660 Ἰ
199 647 215 665 ‘
241 641 380 709 Quod
399 641 461 693 ad
481 641 891 709 apocrisiarium
922 641 1090 694 solum
1120 640 1371 710 pertinet,
1396 639 1500 704 vel,
1523 641 1564 696 si
1599 639 1688 696 ille

138 752 228 790 non
257 731 514 795 adfuerit,
547 732 612 786 ad
646 731 759 799 ejus
789 732 1079 797 vicarium;
1134 732 1306 801 primo
1349 729 1684 800 horologiuin

136 823 301 892 dirigit
327 829 379 874 et
408 819 642 874 ordinat.
689 819 762 874 De
793 836 925 889 quo,
960 838 1079 874 cum
1112 822 1224 875 fieri
1258 824 1457 890 possit,
1490 835 1547 877 ut
1589 823 1687 876 ali-

131 913 322 985 quando
347 912 492 966 fallat
526 912 640 982 ipse
675 923 825 967 notat
852 913 906 966 in
934 929 1081 978 cera,
1109 924 1162 968 ct
1212 915 1264 968 in
1302 931 1462 970 cursu
1499 914 1684 969 stella-

131 1021 235 1060 rum
262 1004 335 1058 vel
359 1003 520 1058 etiam
553 1003 714 1069 lunm,
739 1015 795 1060 ut
819 1005 1011 1061 fratres
1042 1021 1268 1077 surgere
1295 1006 1458 1062 faciat
1496 1011 1561 1061 ad
1589 1008 1685 1062 ho-

131 1111 228 1151 ram
257 1103 527 1164 competen
542 1103 674 1150 tem.

188 1188 399 1255 Ideoque
425 1187 491 1239 ad
525 1197 819 1243 nocturnos
844 1204 947 1242 non
986 1189 1123 1243 alius
1149 1190 1433 1259 quisquam
1467 1189 1686 1246 inchoat

130 1279 316 1347 pulsare
369 1277 597 1344 scillam,
650 1289 847 1348 printer
901 1280 1094 1349 ipsum.
1146 1282 1296 1347 Quod
1350 1291 1526 1335 tamen
1577 1299 1682 1336 non

130 1369 260 1438 prius
286 1367 422 1427 facit,
457 1383 617 1437 quam
649 1368 754 1422 duo
783 1369 983 1422 lumina
1007 1410 1020 1435 ,
1049 1386 1215 1423 unum
1253 1379 1376 1425 ante
1415 1368 1559 1426 fores
1589 1387 1682 1425 ec-

127 1458 300 1521 clesiae,
324 1454 548 1510 alterum
584 1467 706 1512 ante
733 1459 1105 1513 dormitorium
1141 1460 1418 1514 accendat.
1451 1460 1603 1527 Quod
1637 1461 1680 1516 si

127 1549 171 1602 in
195 1548 459 1604 duodecim
503 1550 824 1616 lectionibus
846 1567 905 1606 se
936 1553 1095 1606 nimis
1128 1554 1279 1608 tarde
1298 1554 1540 1624 pulsasse
1565 1572 1686 1626 per-

126 1641 352 1710 spexerit,
388 1640 524 1694 infra
560 1641 881 1696 matutinum
912 1641 994 1695 vel
1042 1643 1107 1696 ad
1151 1642 1316 1713 Kyrie
1343 1644 1534 1699 eleisou
1561 1654 1684 1700 ante

125 1732 320 1802 gradum
347 1750 402 1788 se
425 1735 741 1804 prosternit,
789 1743 864 1800 et,
893 1735 935 1788 si
966 1736 1117 1805 prior
1148 1747 1270 1792 ante
1307 1753 1412 1792 non
1437 1735 1680 1806 jusserit,

1203 340 1615 399 CONSTITUT.
1661 339 1988 400 IIIRSAUG.
2033 380 2100 388 —
2133 349 2256 404 LIB.
2289 349 2350 407 ΙΙ.

1710 464 1759 521 Λ
1789 467 1842 512 et
1871 463 1935 513 ad
1971 459 2032 515 Vl
2060 472 2114 516 et
2143 465 2207 517 ad
2242 465 2488 527 IX,unus
2519 469 2772 525 sacerdos
2793 485 2960 544 cappa
2993 473 3210 531 indutus
3239 480 3385 548 prin-

3244 361 3385 420 £090

1789 551 1964 618 cipale
1995 551 2238 607 inccnset
2258 553 2462 619 altare,
2487 567 2539 610 et
2569 568 2747 626 portet
2783 561 3058 618 incensum
3091 567 3156 619 ad
3185 582 3376 624 omnes

1789 641 1987 698 fratres
2017 643 2152 698 infra
2177 654 2231 699 et
2267 656 2420 700 extra
2467 650 2713 705 chorum.
2755 651 2834 706 Ad
2886 656 2986 710 hoc
3016 659 3380 726 saCerdotem,

1788 729 1949 803 quem
1989 734 2216 800 viderit,
2247 736 2441 790 invitat
2468 739 2608 793 idem
2637 742 3048 810 apocrisiarius,
3093 747 3297 802 faciens
3327 747 3382 804 ei

1791 825 2002 894 signum
2027 823 2094 879 de
2122 825 2361 881 incenso.
2389 827 2519 882 Item
2558 831 2625 883 ad
2669 841 2964 888 nocturnos
3003 836 3054 889 in
3092 839 3380 907 praecipuis

1787 914 1941 970 festis
1966 917 2181 985 quando
2209 916 2308 972 tria
2337 918 2535 973 diversi
2564 919 2760 976 coloris
2789 922 2947 991 pallia
2984 937 3262 994 ponuntur
3289 944 3380 983 su-

1786 1023 1882 1077 per
1912 1007 2084 1076 majus
2111 1007 2301 1076 altare,
2333 1010 2470 1080 ipse,
2501 1011 2545 1066 si
2575 1011 2733 1067 aliter
2758 1029 2863 1070 non
2890 1025 3085 1085 potest,
3111 1033 3232 1072 cum
3264 1019 3381 1073 suf—

1787 1098 2041 1169 fragaueo
2083 1116 2181 1156 suo
2215 1101 2388 1156 aufert
2429 1103 2637 1172 singula
2682 1104 3024 1174 singillatim;
3067 1108 3272 1162 scilicet
3312 1109 3380 1164 ad

1786 1187 2024 1243 Gloriam
2069 1191 2211 1246 tertii
2262 1201 2315 1248 et
2341 1196 2518 1248 octavi
2577 1197 2925 1264 responsorii,
2956 1207 3011 1252 et
3058 1198 3111 1251 in
3150 1213 3217 1253 eo
3261 1199 3380 1255 loco

1786 1294 2002 1349 semper
2039 1282 2203 1336 etiam
2244 1283 2296 1338 in
2330 1285 2609 1340 duodecim
2642 1287 2962 1344 lectionibus
3002 1290 3187 1344 altaris
3223 1292 3380 1345 tabu-

1786 1367 1892 1422 lam
1918 1373 2142 1440 detegit,
2179 1373 2458 1444 hucusque
2487 1393 2665 1446 panno
2706 1391 3036 1449 occpertam.
3076 1383 3289 1451 Accipit
3323 1379 3380 1437 et

1788 1469 1992 1514 textum
2031 1463 2302 1534 Evangelii
2353 1467 2419 1520 de
2451 1468 2606 1522 altari
2639 1478 2690 1524 et
2720 1482 2898 1540 portat
2939 1473 3004 1525 ad
3029 1475 3377 1544 vestiarium,

1787 1552 1967 1621 ibique
1995 1554 2196 1610 lumine
2227 1572 2459 1613 accenso
2491 1561 2828 1615 sacerdotem
2875 1564 2940 1616 ad
2977 1563 3147 1618 altare
3191 1580 3380 1633 proce-

1785 1642 2001 1697 dentem
2043 1645 2392 1715 subsequitur
2415 1664 2586 1718 usque
2622 1649 2674 1702 in
2716 1650 3127 1721 presbyterium.
3172 1653 3376 1709 Ibidem

1786 1732 2164 1788 sinistrorsum
2193 1735 2524 1792 ceroferario
2570 1747 2735 1803 astat,
2779 1740 2949 1794 donec
3003 1741 3257 1796 sacerdos
3309 1745 3377 1796 de

125 1823 266 1878 ﬁnitis
289 1803 531 1894 precibus
574 1842 677 1880 non
725 1826 930 1882 faciens
960 1838 1083 1882 ante
1123 1839 1177 1882 οι
1230 1839 1398 1895 retro,
1423 1831 1673 1886 discedit,
1717 1803 1758 1856 Β
1785 1823 1938 1877 altari
1965 1827 2030 1877 ad
2056 1826 2363 1896 analogium
2393 1829 2720 1897 pervenerit,
2749 1829 3052 1899 librumque
3077 1833 3376 1900 aperuerit,

123 1917 180 1969 At
201 1915 240 1970 si
267 1917 314 1970 in
339 1917 563 1987 privatis
589 1917 781 1973 diebus
807 1919 1068 1983 evenerit,
1103 1919 1154 1974 in
1187 1920 1422 1990 capitulo
1460 1923 1672 1976 veniam

122 2009 253 2077 petit.
283 2008 410 2063 Cum
450 2018 662 2079 tempus
694 2010 857 2064 fuerit
898 2011 963 2064 ad
995 2013 1221 2081 primam
1254 2014 1487 2083 pulsari,
1522 2013 1675 2069 facit.

122 2101 210 2156 Sed
233 2101 338 2155 haec
374 2101 606 2170 pulsatio
634 2119 738 2157 non
786 2104 1039 2158 unitormi
1067 2106 1241 2176 agitur
1289 2108 1468 2161 modo.
1518 2107 1679 2175 Nam,

121 2209 162 2246 in
188 2192 263 2247 die
291 2192 344 2247 S.
374 2192 613 2259 Paschm,
649 2204 700 2248 et
731 2195 783 2248 in
809 2194 930 2248 aliis
963 2197 1245 2266 praecipuis
1293 2197 1442 2253 festis
1468 2199 1678 2269 signum

121 2301 258 2339 unum
285 2287 347 2342 de
375 2287 643 2352 maximis,
681 2288 731 2342 in
761 2289 972 2342 caeteris
996 2305 1124 2343 vero
1163 2305 1326 2343 unum
1369 2292 1434 2344 de
1461 2293 1681 2348 minori-

121 2379 232 2441 bus,
261 2379 551 2432 secundum
585 2379 904 2450 dignitatem
934 2378 1192 2448 cujusque
1220 2381 1340 2434 festi
1365 2422 1379 2445 ,
1413 2383 1677 2450 pulsatur.

121 2465 166 2518 lu
189 2467 264 2521 die
298 2467 608 2523 Palmarum
657 2479 712 2525 et
736 2471 1160 2540 quotiescunque
1189 2474 1462 2540 processio
1485 2476 1551 2528 ad
1582 2475 1680 2528 ali-

120 2573 253 2625 quam
278 2568 422 2614 extra
454 2559 752 2615 claustrum
778 2561 1062 2619 ecclesiam
1086 2564 1284 2632 agitur,
1308 2565 1412 2618 duo
1437 2565 1676 2620 maxima

39 2692 46 2698 .
119 2650 370 2718 pulsantur
400 2667 682 2722 quousque
715 2653 840 2707 illuc
871 2654 1247 2722 perveniatur,
1302 2657 1442 2724 quod
1491 2659 1681 2712 nihil-a-

120 2743 265 2798 minus
303 2744 354 2797 in
400 2744 674 2798 redeundo
714 2745 1046 2800 observatur.
1084 2746 1163 2799 Ad
1207 2747 1421 2800 tertiam
1463 2764 1679 2818 quoque

118 2835 306 2902 privatis
331 2833 542 2900 diebus,
571 2835 663 2889 sed
689 2845 744 2890 et
765 2836 1003 2905 quotidie
1041 2837 1108 2890 ad
1141 2852 1415 2906 vesperam
1450 2838 1680 2908 pulsatio

119 2922 226 2990 signi
250 2932 327 2977 est
350 2923 405 2977 in
435 2922 551 2992 ejus
582 2925 844 2991 arbitrio;
892 2927 991 2980 nisi
1043 2927 1092 2980 in
1133 2925 1591 3000 Quadragesima,
1623 2940 1678 2985 et

119 3017 202 3070 nisi
227 3016 447 3071 domnus
486 3017 653 3072 abbas
697 3019 766 3071 sit
804 3019 868 3072 ad
916 3019 1333 3087 parlamcntum;
1382 3032 1506 3074 tunc
1534 3023 1676 3075 enim

123 3107 297 3174 petitur
345 3109 414 3164 ab
458 3124 524 3164 eo
558 3109 773 3164 licentia
814 3110 1085 3180 pulsandi.
1127 3113 1457 3181 Quacunque
1486 3123 1667 3168 autem

117 3205 223 3253 hora
242 3199 455 3271 pulsare
482 3211 723 3270 tempore
755 3202 1002 3271 loquendi
1033 3205 1258 3272 cmperit
1298 3205 1665 3260 hebdomada-

121 3292 228 3355 rius.
253 3309 312 3347 ex
344 3295 740 3349 consuetudine
767 3295 946 3350 nullus
972 3313 1094 3350 eum
1125 3297 1447 3364 prohibebit.
1491 3299 1671 3354 Sacri-

120 3391 203 3448 sta,
227 3385 264 3437 si
291 3383 431 3437 inter
461 3385 750 3453 prandium
781 3386 1030 3456 generale
1063 3404 1280 3444 necesse
1311 3391 1471 3444 habet
1502 3391 1554 3443 in
1590 3405 1674 3445 ec-

116 3470 249 3524 clesia
273 3474 567 3538 excubare,
592 3473 673 3528 vel
701 3474 805 3529 tale
829 3475 957 3544 quid
987 3489 1167 3546 agere,
1190 3479 1330 3547 quod
1368 3494 1472 3534 non
1501 3481 1673 3548 possit

116 3565 316 3636 differre,
346 3571 555 3640 absque
603 3571 819 3625 licentia
869 3580 1049 3639 potest
1100 3574 1166 3625 ad
1214 3573 1354 3626 idem
1384 3574 1669 3644 prandium

116 3658 292 3723 deesse,
320 3669 372 3712 et
403 3675 466 3714 ea
495 3660 580 3713 die
611 3676 734 3713 cum
767 3660 1123 3716 servitorihus
1163 3664 1407 3732 coquina:
1443 3665 1669 3719 mixtum

119 3753 348 3822 accipere.
383 3753 464 3806 Ad
490 3752 830 3807 collationem
859 3756 1092 3824 pulsatio
1119 3772 1221 3809 non
1247 3756 1297 3809 in
1330 3754 1466 3824 ejus,
1498 3759 1592 3812 sed
1615 3758 1667 3812 in

116 3841 280 3908 prioris
311 3853 396 3898 est
437 3845 686 3898 arbitrio.
729 3843 948 3910 Quoties
993 3846 1170 3915 agitur
1224 3847 1569 3910 mandatum,
1605 3861 1672 3902 eo

115 3933 198 3998 iam
221 3944 461 4002 peracto,
496 3935 645 3988 venit
681 3945 808 3990 ante
847 3936 1115 4005 priorem,
1151 3947 1205 3990 et
1243 3937 1516 3992 licentiam
1553 3939 1670 4007 pul-

114 4024 240 4077 sandi
265 4027 475 4093 quzerit.
505 4025 798 4096 Postquam
840 4028 1060 4082 dimittit
1103 4029 1344 4098 signum,
1380 4031 1671 4086 revertitur

115 4114 165 4165 ad
207 4114 370 4170 locant
421 4132 608 4181 suum,
640 4126 840 4171 etcum
883 4119 1092 4174 cazteris
1129 4121 1301 4189 pergit
1344 4121 1396 4174 in
1445 4122 1671 4176 refecto-

116 4206 226 4259 rium
274 4212 337 4263 ad
370 4210 692 4276 bibendum,
735 4225 860 4264 mox
904 4221 1030 4265 ante
1067 4212 1200 4266 alios
1245 4229 1579 4280 reversurus,
1613 4224 1671 4269 ut

117 4298 358 4370 recolligat
389 4303 456 4356 ad
485 4301 810 4356 servandum
835 4303 1072 4358 conchas
1097 4311 1148 4358 et
1173 4306 1528 4374 manutergia,
1556 4305 1672 4376 qui-

115 4387 194 4445 bus
221 4408 341 4448 usus
369 4394 472 4449 fuit
494 4395 560 4450 ad
592 4394 928 4450 mandatum.

169 4479 282 4537 Post
324 4484 775 4554 complelorium,
836 4486 1064 4541 attendit
1126 4496 1183 4540 ut
1231 4488 1501 4557 portarius
1545 4504 1665 4544 cum
1698 4515 1744 4573 υ

115 4570 292 4643 aliquot
337 4577 586 4632 ecclesia:
615 4579 931 4634 custodibus
979 4590 1143 4634 totam
1175 4590 1449 4635 scrutetur
1497 4581 1669 4636 eccle-

115 4666 254 4734 siam,
285 4685 348 4724 ne
377 4671 502 4740 quis
529 4669 670 4726 forte
716 4670 803 4725 fur
845 4671 1045 4726 latendi
1074 4673 1271 4727 habeat
1303 4673 1666 4729 occasionem.

115 4758 291 4815 Ostium
320 4763 588 4829 ecclesiae,
623 4764 766 4832 quod
817 4774 901 4819 est
957 4774 1145 4818 contra
1175 4765 1472 4820 claustrum
1506 4780 1672 4836 prope

115 4853 232 4917 quod
256 4853 369 4923 ejus
393 4864 480 4909 est
513 4855 705 4920 lectus,
733 4869 1005 4924 nunquam
1057 4857 1108 4909 in
1142 4866 1298 4909 nocte
1349 4870 1468 4910 sera
1507 4857 1673 4910 obfir-

113 4957 241 4999 mare
274 4947 508 5014 omittit,
557 4948 627 5001 ita
675 4957 735 5001 ut
781 4964 884 5001 non
912 4949 1081 5017 possit
1113 4949 1316 5019 absque
1344 4948 1494 5002 clave
1523 4963 1672 5004 rese-

115 5038 224 5103 rari,
247 5048 297 5093 et
325 5041 441 5111 ipsa
469 5040 639 5095 clavis
668 5043 735 5095 ab
763 5040 881 5108 ejus
913 5043 1079 5096 latere
1100 5057 1204 5096 non
1237 5041 1458 5095 recedit.
1490 5040 1673 5096 Provi-

115 5126 189 5182 det
208 5144 414 5201 quoque
468 5132 522 5185 in
574 5130 725 5187 festis
749 5133 1055 5202 praecipuis,
1081 5143 1137 5186 ut.
1183 5133 1250 5187 ab
1283 5133 1524 5202 ingressu
1565 5132 1674 5186 fra-

118 5224 235 5270 trum
262 5220 327 5274 ad
354 5230 653 5276 nocturnos
694 5237 862 5290 usque
900 5222 965 5275 ad
1010 5224 1170 5276 linem
1204 5219 1424 5290 majoris
1471 5223 1672 5288 misszn,

115 5304 203 5358 duo
227 5322 382 5378 super
410 5307 585 5376 majus
612 5308 785 5364 altare
816 5311 957 5366 cerei
982 5312 1238 5366 continuo
1268 5315 1523 5368 ardentes
1548 5327 1672 5383 per-

114 5410 362 5468 severent,
387 5403 533 5473 quod
565 5401 616 5456 in
652 5402 793 5468 aliis,
825 5419 942 5473 quae
980 5405 1030 5458 in
1057 5405 1240 5475 cappis
1270 5413 1526 5476 aguntur,
1561 5414 1674 5459 tan-

115 5495 209 5542 tum
234 5491 297 5546 ad
327 5493 549 5549 missam
573 5493 909 5549 observatur.

172 5582 256 5638 Est
297 5588 629 5642 consuetudo
672 5585 728 5640 in
779 5597 968 5640 octava
1026 5587 1392 5653 Pentecostes,
1438 5587 1489 5642 in
1539 5585 1676 5642 festo

115 5669 342 5730 Omnium
387 5677 732 5739 Sanctorum,
770 5675 820 5730 in
860 5676 1201 5731 Dedicatione
1247 5675 1506 5739 ecclesiae,
1539 5686 1592 5730 et
1622 5678 1674 5730 in

115 5765 315 5822 summis
343 5766 515 5834 festis,
535 5781 592 5822 ut
618 5768 685 5823 ad
712 5767 923 5822 tertiam
952 5778 1337 5825 nocturnorum
1364 5768 1672 5836 lectionem,

1697 3161 1738 3218 C

1782 1909 1834 1969 et
1863 1928 1988 1970 tunc
2022 1917 2094 1970 illi
2129 1919 2308 1973 lumen
2365 1935 2486 1974 cum
2520 1936 2710 1975 manus
2745 1923 3080 1978 osculatione
3124 1925 3375 1992 porrigit,

1779 2009 1922 2075 quod
1949 2017 2126 2061 tamen
2165 2008 2618 2065 hebdomadarius
2649 2011 2763 2080 ejus
2805 2011 3021 2079 adjutor
3056 2014 3206 2067 linita
3251 2027 3379 2066 ora-

1784 2099 1925 2152 tione
1966 2098 2169 2168 absque
2217 2100 2403 2155 osculo
2440 2102 2505 2155 ab
2551 2118 2615 2156 eo
2658 2104 2867 2173 recipit.
2915 2104 3157 2158 Sacrista
3189 2113 3372 2159 autem

1780 2189 2016 2259 perlecto
2042 2192 2320 2261 evangelio
2351 2194 2626 2262 signorum
2656 2203 2825 2250 restes
2848 2195 3085 2264 deponit,
3114 2195 3374 2265 finitaque

1780 2282 2003 2336 collecta
2031 2284 2096 2337 ad
2131 2283 2232 2336 Per
2260 2282 2566 2351 Dominum,
2594 2287 2798 2341 scillam
2832 2289 3017 2343 trahit.

1849 2374 1963 2438 Qua
2009 2375 2264 2440 dimissa,
2327 2375 2452 2429 dum
2487 2380 2738 2432 sacerdos
2792 2379 3092 2433 ntatutinali
3143 2379 3374 2435 lectione

1783 2464 2038 2532 imposita
2063 2465 2129 2517 de
2156 2464 2405 2534 analogio
2431 2469 2739 2535 revertitur,
2770 2469 3044 2538 Evangelii
3077 2479 3278 2524 textum
3303 2473 3372 2526 de

1783 2568 1945 2606 manu
1972 2553 2087 2622 ejus
2115 2554 2314 2621 accipit
2339 2565 2390 2608 et
2415 2571 2577 2625 super
2606 2557 2776 2613 altare
2798 2559 3028 2628 reponit.
3057 2559 3112 2614 In
3143 2561 3372 2630 privatis

1781 2647 2030 2700 noctibus
2068 2647 2286 2716 quando
2334 2663 2457 2702 mox
2502 2651 2751 2706 matutini
2805 2661 3098 2708 nocturnos
3137 2669 3373 2724 sequun-

1782 2743 1893 2799 tur,
1933 2747 1987 2789 et
2021 2734 2315 2790 familiares
2357 2737 2543 2805 psalmi
2592 2754 2697 2793 non
2746 2742 3163 2812 subjunguntur,
3212 2744 3364 2797 finita

1791 2825 2017 2880 collecta
2065 2835 2118 2881 et
2162 2825 2306 2881 dicto
2352 2827 2460 2881 Deo
2510 2831 2706 2898 gratias
2752 2831 2818 2885 ad
2874 2833 3246 2888 matutinalem
3298 2834 3373 2888 le-

1797 2918 2036 2971 ctionem
2070 2919 2277 2988 pulsat;
2308 2919 2350 2972 si
2390 2933 2518 2974 vero
2561 2921 2975 2991 subjunguntur,
3022 2924 3090 2978 ad
3131 2923 3236 2978 Per
3265 2923 3372 2978 Do-

1781 3011 1982 3061 minum
2005 3011 2279 3078 sequentis
2312 3010 2550 3065 collecta:
2579 3012 2794 3081 pulsare
2826 3013 3032 3082 incipit.

1852 3098 2198 3152 Intervallum
2259 3100 2505 3169 hyemale
2561 3102 2634 3155 ita
2689 3102 2851 3158 debet
2916 3113 3255 3174 temperare,
3311 3116 3372 3161 ut

1776 3191 2083 3246 claustralis
2142 3195 2292 3262 prior
2339 3209 2462 3248 cum
2513 3194 2778 3250 absconsa
2849 3205 3021 3252 totum
3073 3198 3371 3255 claustrum

1775 3285 1948 3354 possit
2005 3286 2314 3341 circumire.
2368 3286 2536 3358 Signo
2592 3303 2809 3360 quoque
2865 3292 3164 3347 matutinali
3239 3295 3365 3349 talis

1775 3376 1956 3429 cautio
1998 3377 2064 3431 ab
2104 3390 2169 3431 eo
2207 3377 2366 3431 debet
2412 3379 2682 3444 adhiberi,
2719 3388 2778 3434 ut
2824 3390 2945 3451 post
2984 3383 3363 3438 matutinalem

1776 3467 2064 3522 lectionem
2112 3468 2361 3523 inchoata
2394 3470 2565 3539 prima
2605 3470 2691 3525 lux
2736 3471 2842 3526 diei
2880 3482 3064 3543 aperte
3089 3474 3263 3528 valeat
3290 3475 3370 3530 vi-

1774 3561 1907 3614 deri.
1936 3560 2087 3627 Quod
2123 3563 2166 3615 si
2199 3563 2414 3632 quando
2451 3579 2556 3618 non
2587 3565 2927 3631 observatur,
2969 3567 3139 3634 prima
3186 3577 3369 3622 tamen

1773 3672 1893 3710 cum
1925 3657 2136 3712 caneris
2161 3659 2225 3712 ad
2262 3675 2380 3713 eam
2415 3660 2828 3730 pertinentibus,
2864 3677 2967 3714 non
3008 3661 3274 3717 ditl‘ertnr.
3305 3663 3363 3718 In

1776 3747 1867 3802 tali
1903 3747 2061 3811 festo,
2108 3749 2160 3804 in
2208 3767 2314 3820 quo
2345 3767 2464 3806 cum
2498 3752 2706 3807 duobus
2733 3753 3024 3809 thuribulis
3069 3767 3153 3810 est
3185 3757 3366 3810 incen-

1772 3839 2085 3906 saudum,si
2114 3841 2342 3896 domnus
2364 3842 2534 3897 abbas
2568 3859 2674 3897 non
2703 3847 3006 3898 cantaverit
3032 3861 3288 3916 vesperos
3309 3856 3366 3900 ct

1773 3931 2117 3998 matutinum,
2149 3933 2242 3988 sed
2278 3935 2531 3988 sacerdos
2576 3935 3048 4002 hebdomadarius,
3083 3939 3171 4007 qui
3231 3949 3362 3992 tunc

1772 4038 1893 4076 cum
1952 4037 2017 4078 eo
2069 4023 2334 4088 incensat,
2391 4026 2535 4081 hunc
2590 4042 2804 4096 quoque
2841 4028 3250 4095 apocrisiarius,
3305 4038 3364 4081 ut

1773 4113 2022 4180 praedixi,
2067 4114 2231 4166 alium
2279 4115 2490 4181 invitat,
2528 4118 2619 4170 sed
2667 4118 2735 4172 de
2780 4117 2954 4171 altero
2991 4118 3186 4171 choro:
3213 4120 3358 4187 quod

1773 4213 1974 4269 tamen,
2007 4206 2049 4258 si
2081 4207 2307 4260 donmus
2328 4208 2494 4261 abbas
2522 4223 2775 4277 vesperos
2803 4219 2856 4261 et
2879 4210 3200 4263 matutinum
3232 4226 3364 4263 can-

1775 4295 1989 4358 tavcrit,
2023 4311 2126 4350 non
2152 4296 2309 4361 facit;
2344 4300 2469 4366 quia
2501 4310 2626 4352 tunc
2659 4299 3108 4353 hebdomadavius
3140 4314 3260 4354 eum
3295 4314 3364 4354 eo

1774 4401 1839 4439 ex
1874 4388 2265 4440 consuetudine
2311 4389 2632 4444 incensabit.
2667 4389 2835 4444 Debet
2867 4391 2919 4443 in
2964 4390 3221 4443 memoria
3259 4391 3358 4442 ha-

1773 4478 1930 4543 bere,
1983 4488 2043 4533 ut
2093 4479 2145 4532 in
2198 4479 2396 4549 vigiliis
2458 4481 2835 4550 principalium
2885 4481 3174 4547 festorum,
3237 4492 3362 4552 post

1774 4573 2124 4634 matutinum,
2181 4573 2233 4627 in
2286 4573 2482 4644 vigiliis
2531 4588 2658 4628 vero
2718 4575 2928 4647 talium,
2977 4575 3117 4630 sicut
3159 4586 3244 4630 est
3299 4575 3358 4630 S.

1771 4662 1994 4718 Joannis
2043 4664 2328 4734 Baptistae,
2371 4667 2496 4719 dum
2538 4664 2736 4721 fratres
2782 4676 2910 4720 sunt
2953 4667 3004 4720 in
3047 4667 3359 4732 refectorio,

1775 4757 1855 4810 vel
1884 4757 1928 4810 si
1960 4757 2042 4810 bis
2076 4756 2340 4823 reficitur,
2380 4766 2501 4826 post
2538 4774 2734 4812 nonam
2763 4757 2994 4814 dorsalia
3023 4759 3362 4830 suspendan-

1775 4856 1861 4900 tur
1891 4857 1944 4901 et
1992 4847 2182 4902 altaria
2232 4859 2624 4918 prmparentur,
2663 4859 2716 4904 et
2771 4850 2817 4904 si
2854 4849 3036 4921 vigilia
3075 4851 3263 4905 eadem
3301 4850 3361 4905 in

1776 4938 2052 4992 Dominica
2084 4939 2164 4993 vel
2212 4941 2264 4994 in
2299 4940 2402 4993 alia
2437 4940 2720 4996 duodecim
2767 4941 3056 4998 lectionum
3103 4942 3192 4998 die
3231 4957 3357 4997 eve-

1776 5032 1946 5096 ncrit,
1979 5040 2105 5087 ante
2137 5032 2373 5102 vigiliam
2411 5033 2834 5103 suspendantur;
2870 5044 2923 5090 et
2961 5036 3002 5089 si
3034 5034 3227 5088 festum
3260 5033 3358 5088 ali-

1773 5121 1918 5190 quod
1967 5122 2248 5196 duodecim
2300 5123 2590 5179 lectionum
2618 5126 2862 5181 eamdem
2901 5124 3134 5196 vigiliam
3171 5125 3356 5180 subse-

1775 5214 1968 5282 quitur
1999 5194 2064 5270 ea
2093 5216 2198 5281 die,
2231 5216 2371 5270 sicut
2411 5232 2510 5272 nec
2555 5217 2694 5272 infra
2729 5194 3119 5274 hebdomadam
3152 5215 3356 5271 Nativi—

1775 5304 1901 5360 tatis
1955 5306 2192 5372 Domini,
2235 5306 2462 5364 Pascha:
2493 5316 2546 5362 et
2575 5307 2927 5364 Pentecostes
2962 5305 3196 5363 dorsalia
3245 5322 3354 5362 non

1774 5395 2146 5467 deponantur;
2178 5409 2231 5454 et
2257 5409 2313 5453 ut
2349 5401 2401 5454 in
2435 5400 2608 5455 tribus
2629 5401 2820 5457 diebus
2845 5402 3160 5456 earumdem
3187 5399 3349 5454 festo-

1776 5503 1917 5553 rum,
1947 5490 2038 5558 qui
2067 5488 2300 5557 primum
2325 5499 2643 5558 sequuntur,
2679 5501 2733 5545 et
2757 5495 2809 5545 in
2836 5493 3352 5547 commemoratione

1777 5579 1835 5634 S.
1869 5579 2018 5633 Pauli
2053 5581 2183 5634 nihil
2221 5580 2286 5633 de
2317 5580 2561 5635 ecclesia:
2586 5592 2851 5652 apparatu
2881 5583 3175 5638 minuatur.

1848 5675 2015 5731 Debet
2047 5675 2209 5729 etiam
2257 5675 2309 5728 in
2348 5676 2605 5730 niemoria
2653 5676 2852 5732 habere
2883 5676 3098 5731 modum
3124 5673 3350 5744 quemli-

1776 5769 1864 5822 bet
1896 5767 2270 5833 festivitatum,
2326 5771 2376 5822 in
2419 5770 2616 5840 quibus
2659 5779 2770 5827 tota
2810 5770 3040 5829 ecclesia
3077 5769 3250 5840 palliis
3279 5769 3348 5824 sit
