3886 6308
118 329 233 395 ιωδ

116 459 162 504 et
184 461 292 502 cum
326 458 385 499 ea
416 441 695 511 recipiunt,
727 448 913 496 astans
948 439 1123 496 reddit
1152 442 1347 511 cuique
1368 484 1383 508 ,
1413 444 1557 514 quod
1591 453 1647 499 et
1676 449 1720 505 Α

116 538 239 610 prius
261 536 516 608 portavit,
544 533 649 599 vel,
684 533 726 588 si
757 533 844 588 ille
871 548 973 587 non
1001 534 1302 602 agnoverit,
1332 534 1430 603 ipsi
1476 551 1571 605 per
1596 551 1656 591 se

116 632 390 701 accipiunt,
420 630 531 685 sive
577 629 625 682 ei
663 628 934 682 reddenda
964 627 1277 681 ostendunt.
1314 625 1520 693 Quibus
1551 629 1654 683 hoc

116 720 357 780 stiendum
404 731 505 787 est,
550 722 695 790 quod
744 729 799 775 et
839 730 1120 790 postquam
1177 736 1239 775 ea
1283 721 1649 790 deposuerint,

118 824 159 868 et
182 823 449 881 antequam
480 812 743 881 recipiant
769 812 1055 882 utrobique
1098 812 1310 866 veniam
1352 821 1560 883 petunt.
1595 813 1651 867 In

113 906 282 960 eisdem
327 905 509 959 diebus
556 904 688 958 nulli
739 905 866 961 licet
893 920 1101 975 pannos
1145 920 1271 961 suos
1301 905 1515 973 lavare,
1567 897 1652 960 vel

114 998 282 1067 aliquid
326 994 631 1064 bujusmodi
669 998 853 1066 operis
896 997 948 1051 in
990 997 1229 1052 claustro
1272 996 1469 1052 facere.
1504 996 1652 1053 Scri-

111 1091 213 1147 bere
240 1105 358 1144 vero
380 1098 436 1144 et
460 1089 513 1142 in
540 1088 660 1144 aliis
691 1089 826 1144 locis
861 1089 1298 1159 competentibus
1326 1090 1648 1143 vestimenta

112 1198 241 1237 suere
270 1181 342 1234 vel
374 1180 641 1235 resarcire
666 1178 930 1235 fratribus
974 1180 1041 1234 ad
1070 1181 1174 1234 hoc
1202 1181 1473 1250 deputatis
1500 1180 1646 1234 licet.

110 1273 312 1327 Infestis
352 1270 775 1341 principalibus,
820 1282 877 1324 ut
918 1270 1251 1341 pbylacleria
1300 1271 1443 1325 circa
1477 1271 1653 1341 altare

110 1366 464 1435 suspendantur
492 1374 549 1418 et
588 1362 906 1419 auferantur
940 1365 1053 1433 ipse
1078 1372 1353 1432 [n'ocuraL
1406 1364 1647 1433 Utraque

110 1464 259 1510 autem
304 1457 417 1511 vice
464 1465 575 1510 tam
629 1456 747 1519 ille,
792 1456 882 1524 qui
932 1471 995 1509 ea
1042 1456 1288 1527 porrigit,
1325 1472 1485 1526 quam
1553 1456 1645 1525 qui

112 1545 319 1615 suscipit,
350 1545 483 1600 albis
509 1546 830 1599 induuntur.

160 1637 270 1692 item
296 1637 345 1691 in
377 1636 582 1692 eisdem
616 1637 767 1691 festis
792 1636 896 1692 duo
926 1636 1236 1693 sacerdotes
1261 1638 1329 1692 ab
1359 1653 1423 1692 eo
1454 1653 1643 1692 accer-

106 1726 202 1789 siti,
234 1735 506 1795 apportant
542 1710 906 1789 oblationem,
942 1718 1083 1781 unus
1112 1728 1317 1781 hostias
1350 1737 1403 1781 et
1433 1729 1637 1790 vinum,

104 1817 210 1872 alter
237 1832 353 1872 vero
397 1817 572 1871 colam
606 1831 827 1870 auream
864 1815 948 1871 vel
976 1827 1285 1885 argenteam
1308 1856 1321 1877 ,
1350 1824 1404 1869 ct
1430 1815 1637 1883 ampnl--
1674 1783 1718 1842 Β

105 1908 372 1978 lamaqure,
420 1910 485 1964 de
530 1923 633 1977 qua
680 1908 862 1961 vinum
904 1915 988 1963 est
1034 1907 1393 1962 miscendum.
1450 1907 1642 1961 Adhuc

108 2008 251 2054 autem
295 1999 360 2052 ab
402 1999 642 2052 armario
670 1997 931 2052 diaconus
974 1996 1167 2067 aliquis
1200 1996 1326 2051 illuc
1360 1990 1650 2066 dirigitur,'

104 2102 143 2145 et
163 2101 351 2161 accepta
373 2092 489 2146 cola
518 2091 585 2145 de
606 2105 768 2143 manu
792 2090 1034 2159 ejusdem
1058 2088 1378 2151 sacerdotis,
1412 2087 1555 2142 sicut
1577 2093 1633 2142 et

105 2184 171 2240 ille
195 2200 301 2240 eam
326 2185 391 2239 de
419 2184 755 2240 subdiacono
781 2184 991 2253 accepit
1021 2183 1111 2252 qui
1144 2181 1282 2236 infra
1320 2183 1538 2235 missam
1560 2179 1644 2234 vel

105 2278 153 2333 ad
177 2278 555 2347 processioncm
584 2292 703 2333 eam
733 2276 787 2331 iu
814 2292 974 2330 manu
1006 2290 1322 2344 suspensam
1371 2273 1636 2344 portavit;

104 2383 260 2439 aquam
285 2370 435 2426 calici
482 2384 584 2438 per
608 2384 730 2425 eam
760 2367 1040 2429 infundat,
1077 2378 1203 2421 tunc
1230 2384 1352 2422 cum
1381 2368 1562 2421 vinum
1588 2376 1644 2421 et

104 2460 253 2517 nostis
279 2476 306 2515 a
327 2461 506 2530 priore
534 2457 732 2514 fuerint
764 2456 981 2512 oblatm.
1010 2456 1142 2510 Item
1175 2456 1225 2510 in
1267 2456 1417 2511 festis
1442 2470 1647 2535 cappa-l

106 2567 198 2607 rum
224 2568 373 2607 unum
415 2554 482 2608 de
533 2552 790 2607 litteratis
839 2553 1093 2618 advocat,
1129 2550 1218 2621 qui
1250 2551 1456 2606 hostias
1481 2561 1535 2605 et
1564 2551 1645 2606 vi-

105 2659 204 2699 num
222 2654 467 2714 apportet.
662 2700 665 2705 ,
1322 2710 1327 2715 η

156 2734 203 2789 In
233 2735 372 2792 festis
393 2736 651 2793 Omnium
716 2735 1039 2791 Sanctorum
1066 2735 1314 2806 providet
1359 2744 1414 2789 ut
1439 2734 1643 2790 nullum

104 2824 322 2884 sitallare
356 2829 409 2884 in
457 2827 667 2897 majore
713 2828 977 2893 ecclesia,
1025 2826 1111 2881 vel
1156 2826 1221 2881 ad
1270 2827 1330 2881 S.
1382 2826 1642 2894 Mariam,

103 2927 199 2975 ante
221 2923 348 2990 quod
384 2937 491 2977 non
543 2920 732 2975 ardeat
772 2935 912 2974 unus
938 2933 1126 2975 cereus
1152 2934 1180 2972 a
1215 2934 1440 2988 vespera
1470 2933 1644 2989 usque

103 3007 152 3060 ad
189 3023 483 3081 vesperam,
536 3010 643 3066 imo
701 3025 873 3080 usque
914 3016 1036 3079 post
1084 3009 1516 3080 completorium.
1578 3009 1646 3064 Et

108 3101 286 3167 quando
326 3101 647 3159 alterutrius
702 3100 980 3165 ecclesiae,
1030 3100 1299 3157 dedicatio
1362 3102 1641 3169 recolitnr,

101 3192 310 3251 similiter
346 3196 531 3250 omnia
575 3194 770 3249 altaria
793 3194 934 3249 illius
967 3203 1175 3250 tantum
1201 3195 1465 3260 ecclesiae,
1490 3194 1642 3263 cujus

101 3292 203 3341 tunc
225 3286 377 3342 instat
418 3286 732 3350 dedicatio,
767 3286 1159 3341 illuminanlur.
1215 3286 1371 3355 Quod
1418 3286 1463 3342 si
1508 3286 1644 3341 forte

101 3374 285 3445 alicujus
315 3377 635 3435 monasterii
664 3378 934 3433 dedicatio
984 3378 1124 3432 infra
1157 3378 1642 3448 Quadragesimam

101 3469 333 3536 evenerit,
381 3468 581 3526 altaria
628 3478 838 3525 tantum
887 3479 1080 3524 cuncta
1132 3452 1485 3536 adorna’ntnr,
1529 3479 1583 3523 et
1612 3484 1645 3524 a

103 3558 271 3617 duobus
293 3562 485 3619 albatis
534 3562 908 3617 incensantur.
953 3561 1209 3616 lntroitus
1242 3570 1335 3631 ter
1362 3560 1643 3631 repetitur,

103 3653 467 3721 responsorium
494 3666 532 3707 a
566 3659 800 3723 quatuor
820 3659 875 3706 et
900 3650 1062 3722 Kyrie
1087 3650 1299 3716 eteison,
1319 3659 1376 3706 et
1417 3649 1644 3705 Sanctus

103 3750 146 3795 et
180 3744 338 3813 Agnus
382 3744 482 3800 Dei
536 3743 604 3799 de
651 3742 952 3813 majoribus
1009 3743 1241 3798 canitur.
1293 3744 1433 3797 Ante
1464 3743 1644 3796 omnia

102 3839 250 3889 autem
285 3835 542 3906 praefatus
571 3836 804 3891 sacrista
836 3835 941 3890 hoc
975 3849 1316 3903 summopere
1363 3834 1642 3895 observat,

102 3930 150 3975 ut
165 3926 439 3997 corporalia
459 3968 475 3992 ,
509 3926 683 3998 pallas
715 3926 936 3990 altaris,
966 3925 1081 3979 vela
1113 3933 1169 3979 et
1196 3924 1438 3979 cortinas
1468 3922 1647 3977 eccle-

104 4012 205 4081 siae,
228 4025 279 4071 et
301 4027 495 4073 caetera
532 4016 863 4087 bujusmodi,
896 4031 1014 4085 quae
1044 4025 1168 4070 sunt
1190 4013 1373 4069 divino
1403 4014 1647 4067 ministe-

102 4101 167 4157 rio
207 4118 545 4174 consecrata,
595 4123 716 4163 cum
767 4108 1063 4161 inveterata
1116 4103 1346 4167 fuerint,
1399 4103 1647 4158 incendio

102 4195 279 4263 tradat,
304 4208 356 4253 et
378 4200 595 4256 cineres
620 4213 807 4255 eorum
833 4198 885 4251 in
908 4197 1116 4268 piscina
1144 4195 1229 4250 vel
1253 4196 1303 4249 in
1328 4194 1646 4265 baptisterio

102 4288 447 4346 recondantur.

1670 3151 1716 3215 Ο

616 4380 841 4439 CAPUT
880 4380 1096 4437 XXXV.

215 4473 345 4540 Quid
375 4486 569 4548 agatur
598 4485 779 4529 contra
802 4484 1094 4546 surgentem
1118 4480 1491 4542 tempestatem.

154 4559 441 4637 ‘Surgente
467 4572 791 4635 tempestate
814 4578 844 4616 a
872 4564 1101 4618 sacrista
1149 4563 1201 4616 in
1231 4562 1466 4616 claustro
1513 4574 1646 4614 crux

102 4667 168 4713 est
195 4662 427 4730 ponenda
458 4672 651 4718 contra
683 4669 1059 4733 tempestatem
1107 4657 1351 4715 eamdem
1383 4672 1568 4722 versa,
1594 4666 1648 4711 et

100 4749 307 4823 reliquiae
358 4771 481 4809 cum
538 4770 676 4825 aqua
726 4753 1035 4809 benedicta.
1088 4750 1286 4806 Statim
1335 4748 1442 4803 duo
1493 4750 1645 4819 signa

99 4843 301 4899 maxima
323 4846 627 4915 pulsantur,
651 4859 933 4915 quousque
974 4842 1232 4898 instantia
1260 4840 1391 4895 tanti
1417 4841 1644 4910 periculi

101 4935 329 4993 transisse
378 4937 647 4993 videatur.
704 4938 775 4992 At
822 4936 868 4992 si
928 4936 983 4990 in
1044 4944 1251 4990 tantum
1311 4934 1507 4989 viderit
1568 4934 1648 4988 in-

97 5036 314 5086 crescere
363 5031 697 5102 periculum,
736 5041 795 5086 ut
842 5028 1151 5085 necessaria
1204 5027 1276 5083 sit
1328 5028 1646 5082 convocatio

96 5110 323 5189 fratrum,
399 5134 530 5178 tunc
586 5124 703 5186 sine
763 5137 915 5177 mora
987 5118 1341 5195 pulsat'duo
1408 5119 1644 5173 maxima

97 5211 383 5274 grandinem
441 5215 801 5285 significantia
872 5230 887 5268 :
947 5213 1375 5283 quotiescunque
1422 5208 1512 5263 tali
1559 5225 1647 5263 or-

97 5297 203 5357 dine
271 5306 572 5375 pulsantur,
644 5317 703 5361 ut
769 5306 871 5361 hoc
933 5305 1131 5359 fratres
1203 5300 1512 5364 audientes,
1592 5309 1648 5354 et

97 5395 384 5460 grandinem
438 5397 809 5453 imminentem
853 5402 1263 5468 cognoscentes,
1319 5404 1646 5461 quacunque

98 5482 212 5541 hora
240 5498 346 5543 tam
379 5502 570 5555 nocte,
597 5507 759 5560 quam
795 5490 881 5545 die
902 5530 917 5555 ,
951 5505 1056 5544 non
1084 5476 1301 5558 quidem
1331 5498 1643 5550 currentes,

98 5574 180 5628 sed
201 5577 352 5635 solito
385 5581 549 5636 citius
589 5580 930 5636 ambulantes
976 5566 1028 5634 in
1079 5579 1365 5635 ecclesiam
1398 5576 1646 5646 (ubicun-

98 5677 189 5731 que
229 5666 444 5741 fuerint)
495 5674 847 5736 conveniant,
898 5684 952 5727 et
1004 5670 1104 5726 nisi
1156 5680 1247 5724 aut
1278 5660 1496 5723 missam
1552 5679 1644 5724 aut

98 5754 375 5825 regularem
416 5760 603 5817 horam
648 5760 763 5831 jam
812 5758 1033 5818 cantare
1098 5761 1443 5829 incepemnt,
1513 5775 1637 5816 mox

1170 326 1581 385 CONSTITUT.
1626 324 1953 391 IIIIlSAUG.
1986 366 2046 375 —-
2078 331 2202 391 LIB.
2238 337 2302 393 II.

3199 342 3342 402 109‘

1751 444 1993 501 litaniam
2046 448 2326 519 incipiant.
2374 450 2489 517 Qua
2543 451 2692 510 finita
2740 464 2947 526 septem
2977 456 3246 528 psalmos.
3290 457 3336 514 si

1756 552 1891 606 opus
1921 537 2117 604 fuerit,
2144 539 2458 613 adjungant.
2489 544 2707 601 Interim
2736 563 2948 617 quoque
2981 551 3338 604 continuatim

1756 630 1935 683 omnia
1961 633 2113 703 signa
2143 634 2442 703 pulsantur.
2464 636 2571 691 Sed
2603 639 2714 693 lucc
2738 641 3073 696 consuetudo
3106 642 3158 695 in
3188 649 3355 715 tanta.

1755 729 1838 775 est
1867 736 1991 775 cura
2014 762 2028 786 ,
2056 732 2114 776 ut
2135 724 2297 778 etiam
2325 725 2367 780 si
2398 726 2601 781 fuerint
2648 728 2700 782 in
2746 729 3063 795 refectorio,
3112 730 3340 786 cadente

1755 809 2047 878 grandine,
2079 811 2149 865 ibi
2184 812 2427 868 Iitaniam
2478 815 2757 886 incipiant.
2803 816 2954 883 Quod
2999 828 3053 873 et
3093 828 3220 874 tunc
3250 818 3337 874 fa-

1756 900 1937 963 ciunt,
1970 903 2187 970 quando
2217 904 2446 960 incendii
2493 906 2793 975 periculum
2828 908 3110 964 imminere
3138 923 3337 980 cogno-

1754 1001 1933 1046 scunt.
1962 992 2043 1047 Ad
2075 994 2217 1064 quod
2239 1036 2254 1061 ,
2303 995 2428 1051 licet
2475 997 2797 1054 festinanter
2830 1008 3101 1063 curratur,
3155 1011 3337 1055 tamen

1753 1098 1914 1137 nemo
1946 1085 2015 1137 ibi
2047 1084 2308 1155 loquitur,
2352 1088 2522 1145 donec
2564 1091 2711 1160 prior
2753 1091 2899 1146 dicat
2924 1090 3255 1159 Benedicite,
3284 1086 3347 1146 si

1755 1185 1935 1233 tamen
1968 1176 2105 1235 adeo
2133 1181 2278 1236 videt
2322 1181 2634 1236 incendium
2662 1183 2979 1253 praavalere.

2280 1273 2508 1329 CAPUT
2563 1273 2805 1329 XXXVI.

2345 1364 2419 1417 De
2459 1364 2773 1418 camerario.

1821 1456 1958 1528 (un.)
1998 1455 2340 1511 Camerarius
2363 1497 2377 1522 ,
2400 1467 2658 1526 quantum
2689 1472 2976 1527 possumus
3009 1458 3205 1514 habere
3234 1459 3334 1515 de-

1749 1548 2028 1602 nariorum
2079 1548 2145 1602 de
2174 1548 2313 1603 villis
2358 1549 2593 1614 nostris,
2644 1549 2760 1619 ipse
2809 1551 3013 1621 pergit,
3057 1560 3111 1606 et
3144 1553 3337 1623 recipit

1748 1653 1842 1694 eos
1872 1650 2112 1709 tempore
2148 1654 2269 1694 suo.
2297 1638 2466 1709 (ναν.)
2491 1639 2565 1694 De
2594 1639 2675 1694 bis
2701 1649 2879 1695 autem
2906 1642 3046 1697 villis
3074 1658 3195 1712 qum
3220 1651 3332 1698 tam

1749 1730 1903 1800 longe
1931 1740 2056 1785 sunt
2092 1730 2313 1801 positae,
2346 1743 2403 1784 ut
2436 1746 2533 1785 nec
2564 1731 2775 1795 vinum,
2806 1748 2907 1787 nec
2939 1748 3151 1787 annona
3214 1748 3349 1807 qua).

1748 1823 1818 1876 ibi
1854 1824 2119 1887 nascitur,
2146 1822 2317 1892 possit
2351 1823 2415 1875 ad
2454 1834 2553 1877 nos
2582 1822 2896 1891 pervenire,
2930 1823 3126 1878 ibidem
3149 1826 3337 1878 vcndi-

1747 1922 1855 1977 tur,
1887 1920 1941 1967 et
1966 1913 2197 1983 pretium
2227 1912 2529 1967 camerario
2555 1911 2817 1965 defertur.
2867 1912 3151 1967 Postremo
3175 1914 3333 1981 quid-

1746 2003 1876 2074 quid
1926 2004 2041 2057 auri
2112 2002 2194 2057 vel
2242 2003 2452 2073 argenti
2504 2020 2603 2073 pro
2658 2004 2928 2060 charitate
2978 2004 3336 2072 undecunque

1746 2094 1979 2148 donatur
2000 2095 2177 2162 nobis,
2202 2103 2372 2149 totum
2399 2096 2512 2165 ipse
2541 2096 2789 2165 recipiet,
2818 2104 3045 2163 excepto
3068 2103 3333 2163 quantum

1748 2185 1834 2239 hic
1854 2200 1970 2238 sum
1992 2185 2255 2239 dicturus.
2277 2184 2331 2238 Si
2351 2186 2473 2253 quis
2490 2186 2673 2239 decem
2691 2185 2892 2239 solidos
2910 2193 3005 2237 aut
3019 2184 3327 2253 pauciores,

1745 2276 1828 2329 vel
1860 2286 2065 2329 tantum
2096 2277 2211 2331 auri
2244 2276 2357 2330 sive
2387 2277 2599 2347 argenti
2644 2277 2839 2342 donat,
2872 2276 2925 2330 bi
2962 2291 3178 2345 semper
3219 2278 3334 2330 cet-

1748 2365 1943 2421 lerario
1970 2375 2094 2420 sunt
2141 2366 2378 2436 deputati
2430 2367 2495 2419 ad
2540 2367 2643 2421 boc
2691 2374 2930 2429 tantum,
2979 2373 3041 2419 ut
3073 2363 3343 2433 fratribus

1748 2458 2140 2513 inﬁrmioribus
2167 2468 2220 2512 et
2256 2458 2539 2524 delicatis,
2576 2459 2779 2528 absque
2826 2458 2959 2522 hoc,
2991 2455 3133 2527 quod
3164 2470 3332 2527 gene-

1748 2552 1934 2607 raliter
1965 2551 2214 2606 omnibus
2242 2552 2422 2615 datur,
2450 2551 2683 2622 aliquam
2718 2552 2769 2605 in
2798 2549 3086 2605 refectorio
3123 2549 3330 2619 impen-

1747 2649 1875 2704 dere
1922 2648 2098 2719 possit
2139 2646 2485 2702 cbaritalem.
2518 2648 2534 2664 ‘
2560 2644 2615 2699 Si
2662 2660 2791 2699 vero
2820 2657 3101 2698 numerum
3129 2639 3326 2711 praedi-

1746 2753 1892 2799 ctum
1944 2742 2026 2797 vel
2071 2757 2179 2797 uno
2226 2741 2450 2796 denario
2498 2741 2967 2812 supercreveriut,
2996 2738 3342 2811 camerarius

1746 2835 1963 2903 accipit.
1995 2834 2268 2888 Interdum
2294 2832 2523 2885 domnus
2552 2831 2721 2885 abbas
2748 2830 2815 2885 de
2848 2828 3153 2899 bujusmodi
3184 2825 3333 2881 obla-

1749 2926 1892 2978 tione
1914 2924 1979 2977 ad
2003 2938 2239 2994 prazsens
2260 2921 2541 2976 cellerario
2562 2920 2894 2989 aliquantum
2917 2919 3031 2973 dari
3058 2917 3329 2989 praecipit,

1748 3023 1808 3069 ut
1839 3013 2226 3067 inﬁrmioribus
2248 3011 2506 3066 fratribus
2531 3008 2693 3079 (sicut
2720 3009 2922 3064 dictum
2950 3007 3054 3077 est)
3088 3006 3327 3076 aliquam

1748 3104 2071 3158 cbaritatem
2111 3086 2289 3157 facere
2319 3100 2506 3171 possit.
2540 3088 2827 3170 Nunquam
2863 3108 3040 3153 tamen
3071 3096 3347 3167 quidquid“

1747 3198 1865 3251 auri
1891 3196 1977 3250 vel
2007 3196 2249 3266 argenti,
2281 3195 2510 3249 vestium
2533 3233 2551 3261 ,
2587 3192 2672 3248 vel
2706 3191 3012 3260 bujusmodi
3048 3191 3334 3247 cliaritatis

1747 3287 1919 3359 gratia
1960 3285 2211 3350 offer-tor,
2257 3284 2407 3355 prius
2440 3285 2493 3339 in
2523 3300 2681 3339 usum
2718 3284 2955 3355 aliquem
2986 3285 3332 3355 cxpenditur,

1746 3394 1907 3448 quam
1941 3378 1994 3431 in
2023 3375 2260 3445 capitulo
2288 3383 2661 3445 praesentetur.

1818 3468 1914 3522 Est
1941 3467 2104 3521 etiam
2137 3466 2466 3521 consuetudo
2505 3474 2586 3531 ut,
2618 3466 2661 3519 si
2694 3466 2818 3535 quis
2862 3465 3194 3520 oblationem
3235 3480 3332 3535 per

1748 3576 1806 3616 se
1828 3558 2085 3616 obtulerit
2112 3559 2165 3613 in
2196 3557 2431 3627 capitulo
2454 3558 2520 3612 ad
2548 3556 2711 3627 pedes
2733 3555 2932 3625 prioris
2957 3569 3153 3608 munus
3173 3568 3333 3627 suum

1750 3654 1862 3722 ipse
1890 3661 2076 3723 ponat,
2100 3660 2153 3706 et
2179 3666 2278 3720 pro
2303 3649 2403 3703 hoc
2426 3649 2600 3719 Optari
2632 3648 2732 3701 sibi
2765 3645 3045 3716 praemium
3070 3653 3337 3711 aeternum

1748 3744 1951 3798 audiat.
1989 3741 2087 3798 Cui
2115 3742 2277 3797 etiam
2304 3781 2318 3806 ,
2347 3740 2392 3795 si
2422 3740 2662 3804 steterit,
2701 3736 2851 3807 prior
2880 3749 3134 3804 surgens,
3165 3734 3209 3790 si
3234 3749 3333 3805 ges

1749 3834 2053 3899 nullexerit,
2076 3833 2268 3889 sedens
2291 3830 2680 3886 fraternitatem
2705 3828 2911 3883 tribuit.
2932 3827 3103 3895 Quam
3127 3833 3330 3891 tamen,

1750 3931 1794 3986 si
1826 3932 2053 3986 domnus
2096 3929 2263 3983 abbas
2288 3925 2519 3991 dederit,
2548 3940 2651 3980 non
2690 3924 2865 3988 hunc,
2898 3929 2956 3974 ut
2982 3918 3329 3989 genuﬂectat,

1750 4019 2017 4083 monebit,
2049 4017 2144 4072 sed
2180 4025 2387 4071 tantum
2427 4016 2539 4085 ipse
2571 4007 2809 4068 sedendo
2856 4009 3024 4064 dabit.
3059 4008 3124 4065 Et
3154 4007 3200 4062 si
3227 3998 3331 4067 duo

1750 4109 1832 4164 vel
1863 4109 2044 4178 plures
2078 4108 2270 4162 fuerint
2293 4148 2308 4172 ,
2336 4106 2541 4176 pariter
2568 4104 3011 4165 introducuntur,
3044 4106 3099 4154 et
3127 4098 3329 4168 pariter

1749 4198 1983 4255 offerunt
2008 4217 2020 4253 :
2045 4199 2168 4268 quia
2197 4196 2498 4252 oblationes
2521 4209 2707 4249 eorum
2732 4207 2830 4261 pro
2853 4205 2958 4244 una
2980 4190 3325 4258 deputantur.

1822 4290 1927 4345 Sed
1959 4289 2242 4359 pecuniam
2269 4303 2371 4341 una
2398 4286 2483 4340 die
2513 4300 2610 4354 pro
2634 4285 2899 4338 cbaritate
2928 4281 3081 4335 nobis
3109 4280 3329 4333 missam

1750 4382 1998 4438 conferre
2025 4382 2152 4435 licet
2181 4382 2231 4434 in
2262 4380 2510 4453 proximo
2538 4376 2771 4447 capitulo
2795 4370 3221 4444 prtesentaudam
3239 4410 3258 4438 ,
3283 4370 3328 4424 si

1672 4484 2016 4549 DSummam
2054 4470 2240 4525 decem
2289 4469 2583 4525 solidorum
2632 4466 2712 4535 (ut
2762 4480 2923 4534 supra
2964 4462 3167 4517 dictum
3213 4460 3322 4529 est)

1748 4564 1997 4631 excedit,
2046 4563 2187 4619 idem
2258 4559 2590 4617 camerarius
2635 4556 2790 4625 juxta
2854 4569 3058 4611 morem
3109 4553 3326 4623 accipit.

1751 4657 2069 4725 Oblationes
2099 4663 2281 4709 autem
2316 4652 2644 4707 novitiorum
2668 4690 2683 4716 ,
2713 4648 2827 4704 sive
2861 4662 2979 4717 quae
3009 4660 3106 4717 pro
3142 4644 3333 4699 defun-

1748 4728 1852 4805 ctis
1874 4748 2225 4805 s'ccularibus
2246 4746 2568 4810 offeruntur,
2594 4750 2877 4813 postquam
2903 4740 3102 4794 domno
3123 4735 3329 4801 abbati,

1750 4843 1831 4898 vel
1858 4858 1924 4897 eo
1949 4843 2193 4911 absente,
2222 4838 2387 4911 priori
2418 4843 2834 4907 prmscntantur,
2857 4832 2941 4887 vel
2964 4836 3328 4902 exponuntur,

1748 4934 1928 4989 omnia
1966 4930 2269 4988 camerario
2330 4928 2679 4998 deputantur,
2729 4935 2924 4995 praeter
2963 4938 3028 4979 ea
3073 4937 3193 4993 quae
3242 4921 3330 4974 hic

1748 5027 2138 5097 excipiuntur:
2187 5022 2349 5095 pallia
2393 5030 2448 5077 et
2495 5036 2619 5075 vasa
2672 5033 2835 5073 aurea
2876 5028 2930 5072 et
2957 5021 3243 5085 argentea,
3273 5018 3330 5066 et

1748 5132 1975 5189 quzeqne
2001 5115 2304 5183 bujusmodi
2338 5113 2403 5167 ad
2433 5129 2586 5167 usum
2630 5119 2686 5166 et
2728 5116 3105 5165 ornamentum
3150 5099 3328 5156 eccle-

1750 5211 1843 5264 siae
1873 5201 2221 5280 pertinentia.
2250 5205 2442 5259 Libros
2476 5216 2690 5273 quoque
2720 5197 2964 5256 missales
2994 5191 3193 5262 accipit
3236 5204 3321 5243 sa-

1750 5299 1944 5363 crista,
1980 5297 2217 5366 reliquos
2253 5310 2380 5351 vero
2426 5294 2594 5348 libros
2639 5300 2695 5346 et
2740 5297 3120 5360 pergamenum
3149 5294 3331 5336 arma-

1751 5391 1894 5455 rius;
1941 5405 2136 5445 vaccas
2169 5400 2224 5445 et
2271 5402 2400 5443 oves
2442 5394 2496 5440 et
2523 5397 2717 5453 capras
2746 5377 3059 5437 cellerarius
3090 5375 3158 5431 ad
3200 5388 3331 5428 usus

1750 5483 2017 5548 fratrum;
2054 5482 2222 5537 boves
2269 5475 2684 5551 decanrtsvillre
2711 5474 2778 5529 ad
2827 5463 3109 5527 arandum.
3153 5465 3330 5529 Culci-

1750 5587 1889 5634 tram
1922 5592 2049 5631 vero
2077 5585 2132 5631 et
2165 5573 2475 5629 linteamina
2494 5612 2509 5637 ,
2546 5577 2602 5624 et
2628 5569 2671 5622 si
2700 5580 2821 5639 quae
2848 5572 2973 5621 sunt
3002 5562 3195 5619 similia
3215 5601 3231 5625 ,
3264 5562 3330 5615 de

1749 5662 1950 5725 eisdem
2001 5665 2362 5723 oblationibus
2418 5660 2626 5717 custodi
2691 5657 2999 5727 hospitum,
3063 5659 3325 5721 quantum

1749 5776 1968 5818 necesse
1992 5769 2076 5816 est
2139 5757 2326 5813 tribuit
2351 5753 2705 5811 camerarius.
2732 5750 2809 5805 De
2840 5757 3035 5804 caetero
3054 5787 3070 5812 ,
3109 5754 3165 5799 ut
3191 5758 3329 5814 prue-
