3872 6306
500 362 641 422 N95

1542 358 1603 416 S.
1631 350 2005 417 GUILLELMI
2044 352 2336 409 ABBATts
2376 354 2692 413 mus'AUG.

3617 357 3729 418 1096

504 480 731 534 missum
760 485 872 542 est,
901 475 1084 531 omnia
1121 474 1344 531 veniunt
1388 472 1455 529 ad
1487 488 1683 527 manus
1709 473 1878 542 ipsius
1909 483 2091 524 came-
2119 476 2169 534 Α
2200 469 2253 523 in
2300 478 2460 524 nocte
2489 469 2811 540 contigerit,
2842 469 2895 524 in
2942 478 3198 540 promptu
3231 469 3304 525 sit
3345 483 3409 525 ea
3452 480 3656 531 mutare.
3679 480 3731 535 Et

497 568 630 624 rarii
654 608 669 633 ,
703 583 806 623 nec
844 566 1151 633 immerito,
1181 566 1305 638 quia
1337 564 1652 634 frequenter
1675 562 1911 625 accidit,
1941 570 1999 614 ut
2023 560 2090 615 de

495 660 747 716 omnibus
774 658 933 714 rebus
963 659 1243 714 annuatim
1282 655 1632 713 nascentibus
1660 651 1852 724 parum
1892 651 2091 705 habea-

496 766 619 807 mus
663 751 717 805 in
763 750 1064 806 subsidium
1123 750 1246 804 vitae
1312 746 1652 818 temporalis,
1704 753 1900 815 praeter
1948 740 2090 809 quod

492 838 737 899 denariis
788 852 875 898 est
925 843 1373 913 comparamlum.
1420 839 1575 907 Quod
1622 851 1745 891 cum
1794 849 1894 904 per
1943 833 2090 886 vices

494 928 712 990 eveniat
758 936 825 990 de
872 935 1047 1002 victu,
1100 934 1363 1005 quidquid
1412 931 1480 986 ad
1527 930 1781 984 vestitum
1816 926 2087 996 pertinet,

496 1024 599 1080 hoc
636 1042 744 1079 non
777 1040 875 1096 per
911 1026 1057 1082 vices
1100 1025 1195 1081 sed
1234 1038 1449 1094 semper
1487 1031 1543 1078 et
1591 1033 1726 1091 pene
1751 1033 1818 1074 ex
1864 1026 1977 1072 toto
2006 1025 2091 1071 est

494 1118 944 1187 comparandum.

1028 1204 1256 1262 CAPUT
1294 1201 1561 1258 XXXVII.

532 1319 673 1387 Quid
695 1321 976 1390 unicuique
1010 1318 1170 1389 fratri
1192 1316 1414 1440 singulis
1447 1315 1601 1369 annis
1641 1312 1705 1366 de
1732 1309 2049 1367 vestimentis

1080 1400 1083 1401 '
1143 1390 1209 1440 tri
1250 1396 1408 1439 tiatur

1080 1400 1083 1401 '
1143 1390 1408 1441 tribuatur

563 1486 677 1549 (cn.
739 1480 878 1550 var.)
922 1479 1159 1546 Quilibet
1205 1486 1384 1531 autem
1435 1474 1601 1529 frater
1654 1474 1874 1527 assidue
1926 1472 2088 1526 debet

494 1570 694 1629 habere
725 1587 890 1628 unum
929 1572 1169 1627 froccum
1190 1611 1205 1633 ,
1241 1578 1323 1634 et,
1353 1568 1395 1623 si
1429 1566 1545 1621 fieri
1594 1572 1800 1636 potest,
1833 1564 1966 1617 duas
1996 1577 2091 1617 cu-

494 1662 688 1718 cullas.
747 1662 954 1731 Quibus
1010 1660 1267 1731 parandis
1300 1674 1329 1712 a
1382 1655 1625 1727 quolibet
1681 1654 1851 1708 fratre
1900 1662 2093 1707 vetera

494 1748 557 1810 ea
569 1756 836 1810 merarius
863 1753 1113 1824 requirit,
1140 1761 1199 1806 ut
1238 1748 1534 1805 secundum
1558 1763 1621 1803 ea
1650 1747 1902 1801 metiatur
1925 1758 2083 1799 nova.

2194 563 2530 616 camerarius
2551 602 2565 626 ,
2591 562 2635 617 si
2662 561 2748 616 cui
2775 562 2993 616 habenti
3018 562 3125 617 duo
3153 561 3371 630 pellicia
3388 603 3403 627 ,
3432 563 3540 617 vult
3566 568 3733 627 addere

2192 650 2371 705 adhuc
2424 667 2523 721 pro
2573 651 2944 707 misericordia
2989 661 3045 707 et
3093 653 3354 717 tertium,
3392 660 3482 706 aut
3524 653 3731 717 fasciolas

2193 750 2415 811 propter
2447 742 2608 797 tibias
2636 742 3008 808 infirmantes,
3057 742 3133 807 is,
3167 742 3260 812 qui
3310 753 3616 813 accepturus
3638 761 3731 815 est,

2192 847 2223 887 a
2273 832 2455 902 priore
2502 833 2703 903 accipit
2751 834 3048 891 licentiam.
3103 832 3160 888 Si
3205 834 3292 889 cui
3332 848 3459 889 vero
3488 851 3631 892 unum
3657 855 3733 909 par

2190 922 2485 993 caligarum
2518 923 2583 978 de
2611 923 2837 995 pellibus
2868 925 3045 981 ovinis
3091 925 3257 980 etiam
3290 924 3410 980 sine
3440 925 3637 983 licentia
3660 946 3730 986 ca-

2191 1015 2456 1070 merarius
2489 1015 2726 1083 dederit,
2757 1024 2979 1087 propter
3005 1016 3106 1072 hoc
3144 1033 3251 1071 non
3295 1026 3534 1073 meretur
3557 1020 3631 1074 vel
3652 1021 3731 1075 lar-

2190 1106 2374 1176 giens,
2403 1106 2486 1161 vel
2515 1106 2782 1178 recipiens
2814 1108 3158 1179 reprehendi.
3182 1109 3202 1129 ⁴
3226 1106 3424 1164 Frater
3456 1118 3621 1165 autem
3646 1111 3731 1167 fra-

2190 1195 2258 1250 tri
2318 1196 2615 1265 quamlibet
2669 1206 2873 1254 vestem
2902 1200 3055 1254 suam
3094 1206 3275 1269 potest
3323 1206 3606 1269 praestare,
3649 1218 3729 1259 non

2189 1295 2369 1342 autem
2419 1289 2625 1357 absque
2656 1289 2875 1345 licentia
2924 1291 3125 1360 prioris
3171 1290 3332 1347 debet
3378 1292 3525 1345 dare.
3570 1291 3733 1350 Debent

2189 1388 2370 1433 autem
2399 1381 2694 1451 unicuique
2721 1381 2869 1448 dari,
2903 1398 3022 1453 qua:
3050 1400 3162 1439 sua:
3197 1385 3526 1439 conveniant
3552 1391 3731 1456 quanti-

2192 1470 2288 1525 tati
2317 1472 2479 1527 simul
2502 1473 2840 1544 etqualitati.
2856 1475 3009 1542 Quod
3031 1476 3075 1531 si
3102 1476 3403 1545 neglexerit
3425 1460 3729 1541 camerarius,

2189 1564 2257 1618 ab
2283 1565 2584 1635 accipiente
2605 1580 2767 1635 super
2789 1568 2891 1622 hoc
2912 1577 3088 1636 potest
3107 1568 3419 1622 admoneri.
3448 1567 3611 1636 Super
3626 1570 3730 1635 imo,

2189 1665 2309 1721 qua:
2339 1656 2593 1723 prazdicta
2624 1666 2784 1721 sunt,
2813 1658 3125 1727 quicunque
3154 1657 3387 1727 amplius
3427 1657 3552 1726 quid
3576 1657 3634 1712 de
3657 1657 3733 1713 hoc

2189 1762 2387 1817 genere
2412 1749 2615 1803 habere
2635 1748 2886 1814 voluerit,
2911 1750 3011 1804 hoc
3033 1750 3277 1819 profecto
3304 1766 3411 1804 nec
3432 1765 3526 1819 pro
3542 1749 3730 1819 justitia,

494 1842 703 1900 Novum
721 1845 1011 1915 pellicium,
1037 1844 1080 1898 si
1112 1843 1227 1897 fieri
1253 1850 1451 1912 potest,
1474 1838 1698 1910 singulis
1722 1838 1885 1893 datur
1901 1836 2081 1901 annis,
2116 1826 2160 1887 Β
2190 1853 2289 1892 nec
2319 1853 2415 1909 pro
2455 1838 2861 1906 misericordia,
2890 1839 2985 1895 sed
3029 1855 3127 1910 pro
3157 1854 3355 1912 magna
3403 1848 3636 1894 censetur
3659 1856 3732 1894 su-

495 1946 552 1992 ct
581 1936 633 1992 in
677 1936 972 1992 festivitate
999 1935 1058 1990 S.
1091 1933 1371 1989 Michaelis
1394 1972 1407 1998 ,
1436 1931 1521 1986 vel
1551 1930 1769 1986 interim
1798 1927 1924 1982 dum
1953 1943 2087 1981 enn-

494 2042 693 2085 vcntus
722 2028 889 2084 fuerit
917 2028 984 2082 ad
1016 2024 1335 2097 prandium,
1371 2025 1592 2096 ponitur
1622 2024 1675 2077 in
1719 2020 1836 2087 eius
1865 2021 2084 2076 lectum.

499 2110 630 2186 Quze
660 2114 999 2191 pelliciorum
1051 2116 1367 2174 distributio
1414 2117 1467 2169 in
1499 2112 1782 2169 camerarii
1814 2110 1981 2167 solius
2006 2116 2090 2165 est

498 2210 751 2264 arbitrio.
778 2209 861 2263 Ab
889 2208 1022 2277 ipsis
1052 2216 1231 2261 autem
1251 2246 1265 2270 ,
1294 2205 1490 2275 quibus
1532 2203 1749 2264 dantur,
1786 2201 1864 2254 vel
1898 2214 2087 2255 eorum

495 2295 687 2374 rogatu
720 2301 1030 2357 nominibus
1074 2301 1188 2355 suis
1219 2300 1286 2354 ab
1324 2297 1446 2353 aliis
1483 2296 1738 2350 notanda.
1778 2293 1975 2348 lterum
2029 2294 2083 2347 iu

496 2390 638 2449 festo
667 2393 723 2449 S.
758 2392 974 2449 Martini
1008 2392 1130 2448 novi
1159 2390 1382 2462 pedules
1409 2388 1475 2443 ad
1512 2387 1680 2443 lectos
1709 2395 2003 2456 ponuntur.
2032 2386 2086 2440 In

494 2478 659 2542 Camn
697 2485 908 2541 Domini
956 2493 1173 2550 autem,
1212 2482 1257 2538 si
1302 2481 1420 2538 fieri
1461 2488 1676 2552 potest,
1722 2479 2088 2534 calceamenta

495 2570 715 2643 dantur,
747 2584 802 2631 et
829 2576 935 2631 hoc
966 2575 1149 2630 modo.
1192 2572 1517 2642 Priusquam
1548 2570 1745 2626 fratres
1770 2571 1835 2626 dc
1862 2570 2090 2626 ecclesia

494 2660 732 2721 exierint
777 2681 942 2737 super
991 2664 1227 2735 perticas
1282 2672 1391 2718 tres
1440 2677 1702 2733 suspensa
1769 2676 1798 2716 a
1866 2660 2085 2716 famulis

495 2758 783 2813 Camerarii
815 2759 867 2812 in
900 2755 1199 2826 capitulum
1230 2763 1608 2826 apportantur,
1655 2762 1712 2809 et
1760 2770 1928 2824 super
1955 2770 2090 2824 qua-

498 2846 621 2906 tuor
683 2849 834 2922 palos
881 2858 1043 2904 terrze
1099 2849 1296 2903 infixos
1327 2849 1455 2918 ipsae
1501 2850 1721 2918 perticae
1771 2849 2084 2903 mittuntur.

496 2939 795 3011 Postquam
829 2949 1009 2994 autem
1041 2939 1239 3010 regulae
1284 2939 1553 2995 sententia
1597 2939 1841 3009 exposita
1886 2938 2085 3007 fuerit,

491 3031 720 3105 iubente
770 3035 971 3088 domno
1023 3032 1252 3099 abbate,
1309 3030 1590 3102 consurgit
1653 3032 1986 3088 camerarius
2036 3042 2091 3088 ct

496 3124 713 3194 adjutor
744 3124 916 3195 ipsius
935 3165 950 3190 ,
974 3139 1039 3179 ac
1066 3139 1163 3194 per
1191 3140 1285 3179 eos
1313 3123 1429 3195 ipsa
1460 3122 1828 3179 calceamenta
1858 3138 2088 3196 erogan-

497 3222 608 3280 tur,
634 3216 873 3270 armario
899 3224 955 3270 et
984 3214 1102 3284 eius
1145 3214 1394 3283 adiutore
1420 3230 1482 3270 ea
1519 3214 1880 3285 eligentibus,
1910 3224 1965 3270 et
2005 3216 2087 3274 eis

496 3303 563 3358 ad
593 3318 811 3358 manum
857 3303 1295 3376 suggerentibus.
1340 3304 1546 3372 Quibus
1593 3304 1818 3376 singulis
1849 3306 2089 3377 singulo-

496 3407 617 3448 rum
643 3392 869 3447 fratrum
900 3395 1115 3449 noutina
1148 3397 1199 3448 in
1246 3393 1522 3450 breviculo
1567 3403 1694 3448 sunt
1730 3397 1964 3464 ascripta
1985 3435 2000 3459 ,
2031 3404 2087 3451 et

497 3492 717 3551 assuta;
747 3493 973 3555 excepto
1018 3484 1060 3539 si
1114 3484 1208 3555 qui
1254 3484 1468 3539 uoviter
1494 3482 1819 3546 adveniunt.
1853 3498 2085 3553 quorum

497 3564 717 3632 nomina
753 3584 883 3631 tunc
930 3576 1092 3631 scribi
1126 3591 1231 3631 non
1262 3584 1513 3647 possunt.
1546 3573 1805 3645 Ideoque,
1834 3590 1954 3645 quae
1979 3576 2087 3629 illis

496 3678 625 3723 sunt
655 3668 830 3723 danda
850 3712 863 3736 ,
892 3668 1240 3738 singulariter
1268 3676 1395 3723 sunt
1421 3681 1701 3736 suspensa.
1735 3666 1877 3736 (ιιο.)
1922 3666 2086 3721 Acci-

496 3761 710 3827 pientes
736 3769 917 3814 autem
948 3775 1085 3814 nova
1137 3760 1190 3813 in
1218 3760 1410 3813 eadem
1446 3758 1577 3812 hora
1624 3757 1857 3811 reddunt
1901 3765 2086 3811 vetera

497 3851 637 3907 bene
660 3850 873 3917 abluta;
923 3852 967 3907 si
1011 3860 1190 3906 tamen
1225 3851 1513 3922 plusquam
1545 3864 1711 3903 unum
1741 3862 1842 3917 par
1870 3847 2087 3903 diurna.

497 3940 629 3999 lium
659 3944 853 4009 habet,
885 3953 944 3998 ut
974 3945 1303 4015 pauperibus
1332 3944 1555 3999 dentur.

567 4033 644 4089 De
686 4035 966 4091 stamineis
1023 4045 1077 4091 ct
1138 4034 1523 4099 l‘emoralibus,
1572 4031 1657 4088 vel
1701 4030 1748 4088 si
1796 4047 1918 4106 quae
1962 4040 2088 4087 sunt

497 4122 727 4190 similia,
756 4125 891 4179 nihil
919 4125 1064 4179 aliud
1087 4134 1168 4179 est
1196 4124 1550 4179 constitutum
1568 4164 1582 4189 ,
1610 4138 1773 4193 quam
1798 4123 1942 4193 quod
1964 4138 2087 4178 cum

495 4216 699 4273 fuerint
734 4218 1033 4272 inveterata
1056 4259 1071 4284 ,
1103 4232 1203 4271 nec
1231 4217 1400 4287 magis
1426 4214 1685 4286 proficua,
1716 4215 1796 4271 eis
1817 4214 2013 4270 ablutis
2035 4225 2090 4271 et

494 4325 590 4380 per
620 4311 766 4380 ipsos
814 4309 1011 4365 fratres
1041 4310 1347 4364 camerario
1397 4309 1655 4375 redditis,
1703 4308 1807 4363 alia
1837 4317 1964 4363 sunt
1996 4309 2091 4363 tri-

496 4400 741 4455 buenda.
778 4399 842 4454 Et
888 4409 947 4454 ut
987 4400 1078 4455 lue
1126 4398 1290 4453 semel
1333 4398 1508 4454 dicam
1552 4398 1680 4467 quid
1724 4398 1791 4452 ad
1832 4399 2089 4453 amictum

2187 1931 2508 2002 perﬂuitale.

2260 2019 2454 2077 Omnia
2507 2019 2717 2091 pellicia
2776 2031 2903 2077 sunt
2952 2020 3167 2077 velleris
3216 2021 3367 2075 ovini
3418 2029 3473 2075 et
3524 2023 3731 2091 caprini:

2191 2112 2529 2184 coopertoria
2558 2127 2687 2169 vero
2724 2123 2818 2168 aut
2851 2114 2995 2169 oviui
3028 2123 3122 2168 aut
3149 2112 3340 2168 cattini
3362 2155 3378 2179 ,
3411 2123 3504 2168 aut
3543 2113 3731 2184 leporini

2191 2213 2285 2258 aut
2333 2204 2542 2274 putonii
2590 2213 2644 2261 et
2695 2221 2970 2274 nunquam
3021 2206 3089 2261 de
3136 2205 3247 2260 ullo
3301 2219 3502 2275 genere
3551 2206 3733 2274 majoris

2190 2297 2581 2353 aestimationis.
2621 2296 2856 2353 Froccus
2886 2308 2940 2352 et
2969 2298 3177 2353 cuculla
3203 2298 3271 2353 de
3300 2298 3395 2353 tali
3423 2307 3544 2353 sunt
3570 2315 3733 2368 panno,

2192 2387 2351 2460 (νην.)
2401 2388 2561 2458 quale
2584 2389 2635 2444 in
2662 2389 2767 2445 hac
2795 2390 3071 2459 provincia
3105 2390 3404 2457 invenitur,
3427 2392 3563 2459 quod
3586 2399 3731 2444 tamen

2192 2493 2297 2533 non
2335 2480 2406 2534 sit
2449 2481 2629 2551 agnini
2678 2480 2923 2545 velleris,
2958 2481 3039 2536 vel
3070 2481 3210 2535 alius
3253 2481 3512 2551 pretiosae
3541 2480 3735 2535 :estima-

2196 2570 2374 2626 tionis.
2417 2588 2510 2629 ut).
2559 2572 2616 2628 Si
2662 2574 2879 2643 quando
2924 2573 3029 2627 tale
3074 2574 3205 2645 quid
3250 2575 3634 2646 comparaverit
3668 2574 3734 2629 vel

2194 2662 2525 2726 vendiderit,
2580 2664 2914 2718 camerarius
2975 2665 3344 2735 negotiatione
3389 2680 3486 2721 sua
3531 2680 3593 2720 ex
3648 2674 3735 2721 toto

2194 2761 2435 2821 peracta,
2466 2753 2793 2819 mercatori,
2824 2769 2945 2809 cum
2974 2769 3082 2824 quo
3111 2756 3418 2825 negotiatus
3438 2764 3549 2822 est,
3573 2771 3734 2812 securae

2193 2845 2319 2898 dum
2367 2845 2512 2915 quod
2561 2846 2836 2916 negotium
2879 2856 2998 2912 est,
3045 2856 3101 2901 et
3160 2862 3427 2916 persona,
3478 2847 3735 2917 aliquanto:

2192 2935 2368 2988 adhuc
2417 2933 2593 2988 reddit
2648 2943 2840 3004 sponte
2896 2949 2991 2989 sua
3029 2936 3322 3000 denarios,
3374 2946 3590 3006 propter
3634 2937 3734 2990 illud

2194 3023 2252 3079 S.
2283 3023 2558 3081 Benedicti
2583 3026 2945 3097 praecipientis
2968 3025 3148 3097 (Κεφ,
3178 3042 3227 3083 c.
3250 3027 3370 3099 57),
3394 3038 3452 3083 ut
3481 3043 3563 3083 res
3584 3040 3733 3083 nostra

2193 3131 2409 3187 semper
2438 3118 2703 3173 vendatur
2726 3118 2888 3174 vilius
2916 3134 3076 3190 quam
3111 3118 3342 3175 aliorum
3375 3121 3657 3176 hominum.

2113 3173 2160 3237 ο
2261 3173 2485 3281 Quoties
2537 3212 2811 3285 loquimur
2856 3173 3207 3269 iu'elaustror
3253 3173 3737 3286 ipsehvelﬁail’iutor

2190 3301 2338 3371 ejus,
2381 3305 2471 3374 qui
2503 3303 2709 3359 clavem
2742 3319 2975 3359 camera!
3024 3314 3235 3375 portat,
3268 3320 3541 3375 nunquam
3574 3305 3735 3360 deest:

2192 3407 2318 3453 tunc
2366 3397 2510 3454 enim
2556 3398 2840 3454 auditurus
2889 3406 2973 3453 est
3019 3413 3050 3452 a
3098 3395 3329 3468 singulis
3376 3398 3505 3467 quid
3549 3397 3627 3453 ille
3660 3404 3734 3450 aut

2189 3488 2317 3557 quid
2347 3487 2433 3544 ille
2462 3503 2600 3559 opus
2639 3490 2822 3544 habet.
2853 3490 3006 3555 Quod
3049 3488 3094 3544 si
3136 3488 3433 3557 aliquoties
3460 3488 3733 3559 neglexerit,

2191 3578 2531 3633 inelatnatur.
2582 3579 2656 3632 Ea
2705 3588 2883 3633 tamen
2917 3580 3034 3633 vice
3082 3579 3223 3633 alter
3270 3595 3464 3634 eorum
3514 3588 3613 3634 stat
3637 3590 3735 3633 ante

2188 3684 2494 3735 cameram,
2524 3670 2660 3723 dans
2689 3685 2809 3738 quae
2844 3669 3022 3724 danda
3052 3680 3201 3735 sunt,
3232 3678 3294 3724 ut
3319 3669 3516 3726 fratres
3536 3681 3735 3742 tempore

2190 3761 2384 3816 silentii
2415 3762 2557 3832 loqui
2583 3776 2805 3818 necesse
2835 3777 2938 3817 non
2973 3761 3231 3817 habeant.
3252 3762 3557 3818 ‘lnterdum
3587 3774 3733 3818 autem

2190 3861 2366 3921 potest
2414 3852 2632 3907 evenire
2670 3853 2947 3923 utaliquis
2992 3853 3075 3908 vel
3110 3853 3380 3909 brevitate
3418 3853 3655 3923 temporis
3672 3852 3735 3906 vel

2190 3943 2295 3998 alia
2321 3942 2610 4014 impeditus
2650 3944 3009 4010 necessitate,
3058 3947 3103 4001 si
3152 3947 3281 4016 quid
3328 3961 3547 4001 necesse
3579 3946 3732 4005 habet.

2192 4049 2295 4088 non
2326 4035 2496 4103 possit
2517 4036 2831 4105 exquirere;
2856 4037 2941 4092 cui
2972 4037 3070 4091 soli
3096 4040 3238 4107 quod
3286 4038 3402 4092 vult
3429 4038 3588 4108 signis
3614 4038 3734 4091 inno-

2194 4133 2402 4179 tescere
2447 4140 2553 4179 non
2609 4126 2807 4181 valenti
2855 4128 3078 4182 omnino
3123 4145 3229 4183 non
3273 4139 3359 4184 est
3396 4128 3733 4189 interdictum,

2192 4217 2323 4286 quin
2354 4219 2619 4288 permissu
2655 4219 2942 4275 camerarii
2995 4231 3237 4291 tempore
3273 4229 3573 4291 opportuno
3594 4234 3735 4273 tame-

2195 4325 2310 4363 ram
2375 4311 2712 4381 ingrediatur
2758 4320 2814 4366 et
2860 4311 3101 4366 breviter
3158 4314 3471 4369 necessaria
3515 4313 3735 4368 duntaxat

2194 4399 2475 4470 loquatur;
2512 4402 2556 4455 si
2592 4410 2770 4456 tamen
2816 4405 3115 4459 necessitas
3163 4404 3487 4474 imminens,
3517 4415 3568 4461 et
3604 4418 3735 4472 usque

497 4490 871 4562 unusquisque
918 4491 1146 4545 fratrum
1199 4490 1402 4545 habere
1457 4497 1638 4559 potest
1687 4488 2012 4560 regulariter
2036 4501 2091 4545 ct
2121 4512 2170 4571 ι)
2196 4492 2261 4547 ad
2294 4491 2598 4562 proximum
2639 4503 2849 4565 tempus
2880 4495 3133 4566 loquendi
3172 4511 3281 4551 non
3311 4508 3491 4567 potest
3517 4495 3707 4552 differri.

496 4597 597 4651 pro
620 4581 1013 4638 consuetudine
1040 4581 1320 4650 generali,
1346 4580 1524 4650 primo
1546 4588 1671 4635 sunt
1691 4581 1809 4635 dua:
1834 4582 2087 4649 cucullaa,

496 4680 553 4727 et
576 4687 715 4727 unus
744 4670 993 4736 froccns,
1044 4670 1151 4724 duo
1183 4669 1447 4723 staminea
1466 4709 1481 4733 ,
1529 4670 1744 4740 duoque
1774 4667 2053 4727 femoralia
2073 4714 2088 4739 ,

499 4764 607 4817 duo
628 4764 780 4834 paria
805 4763 1139 4824 calceorum,
1171 4776 1335 4816 unum
1362 4776 1485 4817 cum
1510 4762 1760 4833 corrigiis
1781 4763 1846 4818 ad
1867 4772 2056 4819 noctes
2072 4805 2089 4830 ,

500 4853 609 4908 duo
663 4853 814 4923 paria
868 4852 1201 4924 caligarum,
1257 4850 1366 4909 duo
1413 4854 1657 4924 pellicia,
1706 4855 1974 4927 capellum
2025 4856 2093 4913 de

502 4947 733 5019 pellibus
751 4944 927 5001 ovinis
947 4945 1061 5000 sive
1085 4946 1329 5012 cattinis,
1352 4948 1593 5018 quinque
1617 4948 1766 5018 paria
1792 4946 2088 5017 pedulium.

501 5036 582 5091 A‘d
609 5035 803 5090 lectum
834 5036 1095 5106 capitale,
1148 5039 1549 5107 coopertbrinm
1586 5038 1742 5093 laneo
1788 5053 1968 5108 panno
1996 5040 2091 5093 ub-

501 5128 755 5192 ductum',
788 5144 975 5199 sagum
997 5168 1013 5193 ,
1044 5128 1470 5185 brachiolincinn
1501 5127 1648 5200 (I42)
1678 5143 1783 5197 quo
1809 5127 2090 5183 femoralia

502 5226 917 5297 succiuguutur,
942 5225 1178 5294 corrigia
1214 5225 1433 5279 cervina
1454 5264 1468 5288 ,
1515 5238 1618 5292 qua
1651 5232 1705 5276 et
1733 5224 2089 5289 stamineum,

501 5328 555 5373 et
584 5318 635 5371 i-u
668 5333 775 5390 qua
824 5318 1022 5388 pendet
1068 5318 1315 5373 cultellus
1344 5331 1465 5372 cum
1518 5315 1748 5385 vagina,
1793 5330 1923 5370 acus
1969 5331 2091 5371 eum

502 5396 590 5463 filo
619 5420 673 5464 et
701 5410 910 5480 vagina.

501 5486 506 5491 ’
573 5501 842 5557 Sacerdos
886 5510 941 5556 ct
987 5500 1245 5554 diaconus
1304 5496 1481 5554 ollicio
1529 5512 1627 5553 suo
1679 5495 1966 5567 fungentes
2023 5512 2091 5554 ex

501 5576 894 5649 consuetudine
931 5592 1135 5646 habent
1164 5592 1265 5646 tria
1314 5590 1594 5646 femuralia
1620 5630 1633 5653 ,
1668 5599 1727 5645 ut
1770 5592 1814 5646 si
1855 5592 1984 5664 quid
2011 5591 2093 5648 eis

571 5770 721 5841 (149.)
754 5768 887 5825 Vide
918 5768 1150 5824 indicem
1179 5781 1372 5824 vocum
1407 5765 1768 5823 cxoticarum.

2262 4584 2475 4651 Frater,
2509 4584 2662 4655 cujus
2689 4586 2958 4657 pellicium
2995 4589 3077 4643 vel
3121 4589 3452 4644 stamineum
3485 4589 3562 4644 vel
3593 4587 3729 4642 femo-

2193 4674 2325 4729 ralia
2350 4676 2421 4729 ita
2451 4685 2577 4730 sunt
2602 4676 2844 4748 disrupta
2866 4720 2879 4744 ,
2922 4688 2982 4733 ut
3012 4680 3188 4736 adhuc
3230 4680 3450 4735 valeant
3493 4678 3733 4736 resarciri.

2194 4767 2426 4822 diluculo
2450 4768 2599 4838 ponit
2624 4783 2687 4823 ea
2719 4769 2774 4823 in
2799 4769 2917 4825 loco
2937 4768 3002 4821 ad
3029 4770 3130 4824 hoc
3149 4770 3409 4838 deputato
3428 4810 3443 4833 ,
3472 4780 3530 4825 ut
3555 4771 3734 4825 venient

2194 4859 2409 4929 adiutor
2456 4861 2744 4917 camerarii
2793 4870 2972 4930 portet
3021 4861 3154 4917 foris
3206 4862 3274 4917 ad
3330 4871 3586 4917 sartores.
3641 4860 3735 4915 Post

2192 4964 2446 5022 vesperas
2466 4963 2647 5010 autem
2673 4962 2979 5023 reportans,
2995 4954 3207 5022 reponit
3232 4953 3285 5008 in
3304 4953 3554 5009 eumdem
3576 4952 3732 5013 locum.

2194 5053 2254 5098 ut
2299 5045 2366 5099 ab
2415 5059 2511 5110 co,
2558 5045 2626 5099 ad
2676 5060 2837 5115 quem
2883 5044 3158 5115 pertinent
3204 5044 3557 5115 recipiantur.
3614 5038 3728 5096 ‘Ubi

2194 5136 2473 5193 sciendum
2516 5146 2635 5205 est,
2667 5138 2811 5208 quod
2860 5146 2970 5191 tam
3020 5137 3072 5190 in
3120 5135 3410 5192 duodecim
3461 5135 3732 5194 lectionibus

2194 5243 2355 5299 quam
2407 5230 2459 5284 in
2510 5228 2740 5300 privatis
2780 5227 2997 5294 diebus,
3050 5242 3390 5298 quarcunque
3432 5229 3502 5283 ibi
3539 5226 3731 5297 reposita

2194 5327 2351 5385 sunt,
2404 5319 2619 5376 etiamsi
2672 5334 2780 5375 non
2825 5318 3213 5383 resarciuntur,
3262 5328 3392 5374 ante
3436 5318 3729 5374 collationem

2195 5411 2363 5480 recipi
2384 5411 2653 5479 debeant.
2701 5409 2760 5467 Si
2807 5416 2987 5466 autem
3019 5407 3311 5480 aliquando
3342 5410 3587 5479 contigit,
3611 5418 3655 5460 ut
3678 5407 3729 5459 ab

2190 5501 2373 5574 aliquo
2425 5501 2749 5574 negligatur,
2794 5510 2920 5571 post
2964 5500 3383 5572 eompletorium
3437 5502 3487 5555 in
3541 5497 3725 5554 transitu

2192 5604 2366 5665 potest
2398 5595 2658 5667 recipere,
2688 5593 2982 5651 dummodo
3007 5580 3365 5667 sequentibus
3383 5593 3538 5649 ullam
3560 5599 3721 5647 mm

2200 5759 2339 5799 ,.t'
