3886 6308
106 408 214 467 illi]?

1158 397 1567 456 CONSTITUT.
1599 390 1929 453 IllRSAUG.
1970 429 2039 439 ——
2071 396 2197 454 LIB.
2229 399 2294 454 ll.

3194 375 3332 463 «es

100 543 184 583 non
207 522 374 579 faciat.
399 519 497 588 Qui
524 534 618 591 per
642 516 883 590 seipsitm
912 516 1041 586 quid
1068 516 1133 571 de
1159 515 1503 572 vestimentis
1522 515 1635 570 suis
1665 516 1710 572 Λ
1738 527 1768 565 a
1816 512 2023 568 decano
2082 514 2220 570 villa:
2264 515 2491 587 accipit,
2545 528 2602 573 et
2651 520 2758 576 hoc
2800 519 2853 574 in
2900 518 3055 576 lectis
3099 519 3333 579 fratrum

100 614 286 678 laverit,
319 620 372 667 et
414 612 467 665 in
512 610 751 665 claustro
784 625 949 680 super
979 608 1274 661 funiculum
1321 606 1635 675 suspendit,

100 719 199 761 ante
263 702 635 766 collationem,
688 701 771 756 vel
839 702 883 757 si
939 701 990 755 in
1050 701 1286 755 crastino
1353 699 1635 754 duodecim

98 797 335 861 lectiones,
356 801 478 848 ante
502 806 762 863 vesperas
788 791 1004 847 auferre
1019 790 1344 845 meminerit.
1367 789 1632 844 Froceum

97 899 271 957 autem,
300 887 560 945 cucullam
580 927 595 953 ,
638 887 1074 955 stamiueumque
1113 893 1168 940 et
1199 883 1512 949 femoralia,
1542 898 1636 938 ca-

97 983 201 1054 ligas
221 982 391 1045 etiam,
421 979 515 1035 sed
540 994 643 1033 non
667 978 770 1033 uisi
797 978 1011 1032 ablutas
1035 976 1108 1031 ibi
1130 976 1463 1047 suspendere
1489 976 1634 1031 licet.

96 1072 457 1144 Coopertorium
488 1085 617 1125 vero
648 1070 720 1125 ibi
748 1068 1002 1140 suspendi
1042 1085 1147 1123 non
1181 1068 1324 1123 licet.

149 1165 279 1220 Socci
309 1172 427 1218 sunt
453 1164 525 1217 ibi
550 1163 837 1228 abluendi,
870 1173 926 1215 et
957 1176 1119 1231 super
1148 1175 1371 1232 gramen
1409 1161 1635 1216 claustri

94 1259 144 1311 ad
184 1255 475 1313 siccandum
529 1254 785 1326 ponendi.
839 1253 984 1308 Nihil
1036 1263 1213 1308 tamen
1265 1253 1508 1307 omnium
1580 1252 1633 1306 in

92 1347 331 1403 duodecim
361 1346 713 1412 lectionibus,
744 1344 827 1401 vel
858 1360 981 1400 cum
1013 1345 1288 1415 processio
1315 1344 1516 1415 agitur,
1561 1342 1635 1396 ibi

91 1448 155 1494 est
173 1435 547 1491 dimittendum.
581 1434 689 1490 Sed
709 1443 765 1490 et
785 1435 891 1489 hoc
919 1433 1223 1501 sciendum,
1249 1433 1392 1502 quod
1424 1433 1476 1487 in
1507 1432 1629 1487 der-

92 1530 266 1585 mitorio
307 1528 643 1599 cooperteria
695 1527 910 1582 nonnisi
943 1527 1103 1582 ovina
1147 1527 1361 1583 inversa
1392 1535 1518 1582 sunt
1546 1542 1637 1581 su-

93 1624 376 1693 spendenda.
406 1622 699 1678 Sciendum
725 1635 973 1691 quoque,
1018 1619 1161 1690 quod
1192 1618 1406 1688 adjutor
1450 1635 1633 1675 came-

91 1714 190 1767 rarii
214 1714 370 1769 vicem
401 1714 520 1784 ejus
546 1713 823 1779 absentis,
860 1713 974 1768 sive
1019 1712 1158 1767 infra
1188 1713 1303 1767 sive
1333 1721 1487 1767 extra
1522 1713 1635 1767 cel-

90 1819 169 1873 jam
195 1820 279 1874 per
303 1804 479 1860 omnia
504 1804 679 1875 gerit,
712 1805 996 1875 praesentis
1026 1820 1157 1860 vero
1199 1802 1339 1859 infra
1368 1804 1631 1859 ambitum

89 1895 443 1950 cellzetantum.
495 1896 666 1956 Extra
713 1896 858 1952 enim
909 1896 1127 1967 prodire
1171 1911 1279 1951 non
1330 1896 1630 1966 prmsumit,
1669 1892 1710 1950 Β

89 1985 167 2040 nisi
195 1986 348 2055 major
373 1988 623 2057 jusserit.

138 2073 329 2141 Quando
358 2076 556 2131 fratres
582 2076 800 2141 exituri,
834 2077 917 2133 vel
961 2078 1027 2134 de
1066 2078 1259 2135 itinere
1297 2080 1617 2145 redeuntes,

88 2165 461 2223 benedictionem
529 2170 821 2239 accipiunt,
871 2171 1011 2225 idem
1075 2170 1291 2239 adjutor
1342 2173 1633 2242 diligenter

87 2255 210 2309 debet
243 2258 572 2328 prospicere,
612 2260 705 2329 qui
759 2260 842 2315 vel
892 2271 1024 2331 quot
1070 2260 1265 2317 fratres
1298 2263 1630 2319 benedictio-

87 2361 178 2400 nem
202 2350 474 2419 accipiant,
505 2362 567 2406 ut
593 2353 658 2409 de
688 2352 843 2409 lectis
883 2354 1025 2409 sciat
1047 2355 1325 2410 ordinare.
1372 2355 1629 2411 Providct

85 2452 277 2508 quoque,
321 2442 457 2499 utin
491 2443 816 2507 dormitorio
863 2446 1163 2502 honestiori
1214 2448 1350 2514 loco,
1391 2450 1474 2505 vel
1520 2450 1626 2505 duo

85 2525 179 2583 lecti
219 2540 422 2601 propter
469 2534 720 2605 hospites
767 2551 984 2607 semper
1039 2538 1149 2593 sint
1193 2540 1368 2609 parati
1410 2540 1624 2598 :Nemo

86 2618 207 2675 debet
230 2637 279 2677 se
302 2635 516 2682 mutare
543 2628 608 2682 de
640 2628 780 2685 lecto
803 2630 853 2683 in
893 2630 1115 2695 lectum,
1149 2632 1231 2687 vel
1265 2642 1473 2689 vertere
1500 2634 1621 2691 lecti

83 2722 209 2780 caput
254 2714 299 2768 in
354 2717 515 2772 aliam
571 2730 815 2788 partem,
868 2722 985 2776 sine
1028 2724 1143 2792 ejus
1211 2724 1478 2781 licentia:
1518 2728 1619 2783 sibi

85 2811 248 2862 tantum
282 2808 402 2864 licet
442 2810 497 2865 in
545 2812 867 2868 dormitorio
908 2813 1213 2882 hujusmodi
1265 2815 1465 2873 facere.
1503 2818 1622 2889 Ipse

81 2898 249 2954 etiamsi
287 2912 363 2957 est
396 2903 715 2975 impeditus,
750 2922 857 2961 non
896 2908 968 2962 ibi
1016 2908 1210 2973 deerit,
1256 2910 1344 2964 ubi
1390 2911 1619 2981 quisque

81 2992 299 3057 exiturus.
348 3001 678 3067 vestimenta
726 3017 833 3059 sua,
869 3004 1168 3073 componit,
1207 3005 1498 3072 providens
1550 3024 1618 3062 ne

82 3082 172 3149 plus
194 3087 380 3165 eisdem
421 3092 772 3157 vestimentis
802 3107 995 3149 secum.
1030 3092 1261 3161 deferat,
1283 3110 1445 3165 quam
1487 3111 1617 3152 usus

79 3183 120 3228 et
136 3182 407 3255 necessitas,
430 3182 693 3253 postulat.
982 3248 983 3251 η

132 3268 260 3328 Scire
306 3274 465 3335 debet
520 3260 889 3343 Camerarius,
919 3278 1063 3346 quod
1119 3276 1290 3335 frater
1334 3278 1616 3334 dimidium
1646 3256 1690 3313 (ἶ

79 3372 235 3415 annum
265 3365 344 3419 vel
398 3366 604 3433 minus,
657 3366 744 3421 hic
782 3367 834 3422 in
884 3370 1217 3424 monasterio
1257 3379 1351 3425 aut
1388 3371 1441 3424 in
1482 3371 1616 3427 cella

83 3452 224 3527 aliqua
262 3467 654 3525 commoratus,
697 3474 872 3530 neque
923 3461 1053 3516 hinc
1090 3462 1235 3527 illuc,
1286 3478 1460 3533 neque
1498 3465 1620 3519 inde

79 3540 157 3595 huc
177 3544 310 3614 juxta
334 3548 687 3605 festivitatem
720 3551 779 3606 S.
813 3550 1094 3608 Michaelis
1119 3568 1280 3608 causa
1308 3554 1617 3625 ltyetnaudi,

78 3632 139 3685 \‘cl
161 3635 214 3689 de
243 3649 427 3696 caatero
450 3644 813 3710 permanendi
840 3659 907 3698 ex
934 3645 1329 3700 consuetudine
1361 3646 1616 3713 mittitur,

79 3727 155 3782 nisi
185 3732 523 3803 indumentis,
551 3753 672 3808 quae
705 3752 771 3792 eo
801 3746 1042 3808 tempore
1083 3738 1344 3793 fratribus
1377 3754 1618 3795 commu-

78 3821 185 3876 niter
203 3840 482 3897 erogantur
512 3846 665 3900 aeque
693 3840 748 3886 ct
771 3833 887 3901 ipse
910 3832 1194 3887 vestiatur.
1220 3831 1375 3899 Quod
1397 3833 1441 3887 si
1469 3834 1617 3904 prior

77 3914 126 3965 ad
147 3917 310 3973 cellam
342 3924 665 3993 neglexerit,
691 3933 743 3978 et
782 3924 1008 3979 fratrum
1038 3924 1270 3993 aliquem
1304 3925 1447 3978 circa
1479 3934 1617 3979 tem-

76 4016 152 4068 PDS
192 4010 537 4079 pratdictum,
587 4016 861 4070 veteribus
918 4022 974 4070 et
1028 4014 1229 4070 attritis
1280 4015 1617 4069 vestimentis

77 4092 275 4154 indutum
319 4102 422 4159 huc
463 4106 856 4171 transmiserit,
899 4105 984 4160 hic
1010 4121 1040 4159 a
1064 4107 1262 4162 domno
1289 4108 1508 4173 abbate,
1538 4107 1616 4162 vel

76 4183 217 4249 priore
240 4206 320 4257 eo,
354 4196 500 4251 unde
533 4197 700 4261 venit,
760 4198 902 4253 sicut
931 4195 1132 4251 dictum
1162 4207 1268 4262 est,
1301 4199 1615 4252 vestiendus

79 4279 340 4351 remittitur,
396 4298 450 4345 et
494 4289 539 4342 si
573 4289 745 4344 visum
778 4288 962 4354 fuerit,
1012 4288 1188 4343 denuo
1222 4290 1398 4343 redire
1426 4291 1615 4359 prmci-

74 4368 202 4432 Pilur.
254 4374 601 4433 Camerarius
647 4378 907 4448 praafatus
942 4380 1101 4435 debet
1142 4380 1307 4434 etiam
1359 4379 1427 4434 ad
1480 4396 1616 4450 epus

74 4458 400 4523 itinerautium
437 4472 670 4524 fratrum
714 4486 915 4541 cappas
952 4480 1008 4525 et
1050 4470 1322 4538 fasciolas,
1356 4471 1611 4536 calcaria,

72 4550 389 4626 chirothecas,
439 4572 499 4616 et
530 4562 770 4635 cingula;
814 4563 882 4617 ad
931 4580 1065 4634 opus
1111 4578 1236 4619 vero
1286 4565 1608 4618 clericorum

72 4640 317 4716 hosuitum,
361 4654 455 4725 qui
514 4652 567 4708 in
620 4653 909 4710 refectorio
956 4655 1251 4725 aliquando
1298 4656 1610 4722 comedunt,

70 4739 399 4806 supcrpellicia
456 4754 731 4813 quotquot
797 4754 929 4799 sunt
996 4746 1333 4810 necessaria,
1388 4745 1614 4805 ostiario

70 4823 186 4881 dare.
221 4829 353 4888 Nulli
382 4837 532 4890 enim
575 4837 837 4904 litterato,
874 4838 976 4893 nisi
1020 4838 1260 4893 clericali
1287 4840 1613 4896 vestimento

70 4913 248 4977 indutus
294 4927 383 4993 sit,
435 4930 489 4983 in
547 4929 837 4986 refectorio
886 4930 1013 4986 licet
1061 4931 1367 4989 comedere.
1418 4933 1612 4992 Vetera

68 5020 244 5081 quoque
283 5016 512 5074 fratrum
540 5023 864 5077 vestimenta
895 5024 1080 5079 usibus
1103 5041 1290 5081 eorum
1334 5042 1441 5081 non
1488 5039 1613 5097 apta

67 5099 117 5161 (si
143 5118 247 5172 quae
288 5118 464 5166 tamen
509 5112 770 5169 fratribus
815 5116 1178 5173 exterioribus
1220 5119 1610 5191 supertuerint)

65 5202 349 5265 Pauperibus
370 5208 787 5275 'distribuenda,
821 5212 912 5265 dat
940 5211 1402 5287 eleemosynario;
1432 5236 1613 5275 arma—

65 5287 128 5340 rio
153 5292 299 5350 etiam
340 5301 525 5369 pelles,
554 5305 780 5370 cultros,
823 5317 877 5363 et
925 5305 1160 5376 colores,
1191 5323 1247 5367 et
1275 5329 1613 5383 quaecunque

64 5381 115 5433 ad
142 5384 293 5446 libros
321 5397 685 5454 conficiendos
720 5412 856 5456 sunt
887 5408 1225 5473 necessaria;
1260 5408 1612 5463 refectorario

61 5484 244 5549 quoque
271 5487 334 5540 ad
361 5503 495 5557 epus
526 5493 707 5549 domui
740 5495 952 5553 abbatis
985 5509 1040 5554 et
1072 5502 1344 5571 hospitum
1372 5501 1423 5554 in
1467 5501 1610 5556 refe-

62 5574 207 5631 Cmrio
226 5585 644 5658 comedentium,
681 5594 787 5647 duo
830 5597 1030 5652 baciua
1067 5612 1188 5652 cum
1239 5597 1608 5666 manutergioi

60 5667 106 5759 ςὲι
151 5680 391 5732 praeterea
460 5679 757 5738 infirmat-io
810 5689 915 5741 alia
964 5690 1072 5745 duo
1131 5690 1322 5745 bucina
1369 5691 1437 5746 ad
1476 5705 1612 5761 opus

62 5746 365 5818 infirmorum
396 5768 448 5823 itt
475 5771 687 5830 lectulis
708 5777 1009 5844 jacentinnt

116 5847 163 5917 lu
189 5851 468 5919 Nalivitate
513 5867 838 5924 Sanctorum
875 5872 1102 5931 Joannis
1130 5885 1184 5932 et
1214 5876 1364 5932 Pauli
1401 5876 1608 5931 frenum

427 5979 698 6044 PATltOl..
748 5983 867 6048 CL.

1746 602 1918 655 sterni
1962 601 2112 673 facit,
2146 603 2266 675 Ipse
2294 607 2457 661 etiam
2487 619 2543 663 et
2573 609 2788 680 adjutor
2826 610 2881 665 in
2908 611 3105 682 hyeme
3133 627 3332 683 aquam

1740 694 1969 750 calidam
2001 696 2066 751 ad
2111 697 2372 756 lavandos
2411 700 2641 758 fratrum
2670 707 2833 775 pedes
2859 720 2984 781 post.
3018 712 3332 779 processio-

1740 803 1863 843 nem
1896 797 1950 842 et
1983 797 2107 844 ante
2150 792 2466 863 mandatum
2494 798 2759 865 providet.
2805 801 2952 858 Inter
2981 814 3178 861 caetera
3208 822 3332 876 per-

1744 881 1881 935 tinet
1918 882 1985 935 ad
2016 899 2138 937 cum
2172 884 2336 940 etiam
2365 887 2431 942 de
2455 887 2775 959 fullonibus,
2814 892 3043 951 fratrum
3095 896 3328 953 lavanti-

1734 972 1841 1028 bus
1866 988 2099 1043 pannos,
2126 984 2183 1031 et
2212 985 2272 1031 ut
2296 994 2393 1048 per
2419 981 2639 1037 eosdem
2668 985 2929 1040 mensalia
2959 1001 3024 1042 ac
3044 999 3328 1045 manuter-

1738 1065 1829 1136 gia
1859 1068 2154 1135 separatim
2180 1069 2248 1124 ab
2276 1070 2400 1126 aliis
2442 1074 2637 1141 pannis
2672 1074 2941 1132 laventur.
2972 1076 3084 1134 Hos
3114 1081 3332 1149 adjutor

1738 1158 1858 1227 ejus
1891 1159 2033 1212 omni
2066 1160 2226 1214 tertia
2261 1160 2398 1217 feria
2437 1173 2559 1233 post
2608 1165 2964 1238 Evangelium
2995 1172 3331 1229 matutinalis

1738 1250 1921 1305 missa:
1945 1251 2091 1305 ducit
2136 1252 2188 1306 in
2219 1253 2541 1322 claustrum,
2568 1265 2626 1311 ut
2672 1273 2881 1327 pannos
2910 1258 3138 1316 fratrutu
3185 1266 3334 1320 acci-

1738 1342 1891 1411 piant
1920 1344 1988 1398 ad
2023 1344 2312 1400 lavandum
2344 1347 2411 1402 de
2435 1363 2588 1415 arca,
2615 1350 2668 1405 in
2697 1367 2804 1421 qua
2845 1367 3064 1423 semper
3090 1369 3121 1409 a
3151 1354 3332 1413 fratri.

1737 1433 1841 1488 bus
1870 1444 2125 1504 congesta
2157 1436 2529 1494 inveniuntur.
2557 1442 2759 1497 Curam
2790 1458 3007 1515 quoque
3038 1446 3203 1502 habet
3224 1465 3329 1505 nou

1741 1525 2020 1580 minimam
2052 1528 2118 1583 de
2147 1529 2398 1586 omnibus
2420 1531 2763 1601 ferramentis
2791 1537 2844 1592 in
2875 1539 3117 1596 claustro
3143 1534 3332 1597 neces-

1741 1616 1920 1683 sariis,
1949 1619 2012 1689 de
2041 1620 2266 1676 rasoriis
2288 1621 2539 1688 fratrum,
2573 1636 2628 1680 et
2650 1627 2950 1701 forcipibus
2975 1641 3031 1687 et
3056 1631 3333 1688 linteami-

1739 1707 1900 1763 nibus
1925 1712 1992 1765 ad
2017 1727 2261 1768 rasuram
2294 1716 2714 1785 pertinentibus.

2255 1807 2483 1864 CAPUT
2525 1809 2807 1869 XXXVIII.

2094 1897 2171 1952 De
2197 1898 2362 1969 fratre
2405 1904 2496 1971 qui
2530 1918 2704 1960 servat
2744 1910 2969 1964 rosaria.

1813 1985 1932 2041 ‘Ad
1979 1990 2314 2045 rasoriorum
2363 1995 2667 2053 custodiam
2705 1998 3014 2069 specialiter
3043 2019 3180 2060 unus
3213 2004 3327 2060 fra-

1739 2083 1823 2130 ter
1849 2076 2136 2148 deputatus
2166 2094 2269 2138 est.
2295 2083 2393 2140 llic
2422 2104 2483 2142 ea
2516 2098 2698 2144 servat
2746 2091 2797 2146 in
2843 2094 3087 2159 scrinio,
3112 2098 3328 2156 modico

1742 2169 1979 2237 quidem,
2013 2174 2124 2241 (cn.
2173 2173 2324 2248 Vat-.1)
2365 2182 2459 2235 sed
2487 2198 2612 2239 sera
2645 2186 2881 2251 firmato,
2928 2188 3071 2257 quod
3109 2189 3330 2257 ponitur

1734 2276 1891 2323 secus
1926 2265 2209 2322 introitum
2243 2272 2547 2333 dormitorii
2587 2292 2826 2335 sursum.
2857 2283 2873 2300 ‘
2895 2280 3090 2339 Servat
3130 2293 3183 2338 et
3214 2283 3325 2339 litt-

1735 2364 1839 2419 tea,
1872 2356 2072 2415 ibidem
2098 2364 2262 2418 etiam
2281 2364 2487 2437 jugiter
2511 2384 2798 2442 suspensa,
2829 2374 2919 2444 qui
2946 2384 3072 2431 ante
3100 2385 3211 2432 tres
3239 2377 3326 2432 vel

1732 2458 1970 2518 quatuor
2000 2453 2114 2510 dies
2149 2471 2355 2514 rasura:
2396 2462 2658 2518 scrinium
2686 2476 2870 2534 portat
2909 2468 2962 2522 in
2999 2468 3322 2536 claustrum,

1728 2549 1784 2593 et
1816 2540 1873 2594 in
1908 2559 2013 2601 una
2061 2557 2213 2614 parte
2255 2551 2409 2606 sedet
2446 2564 2600 2610 extra
2639 2567 2988 2623 conventum,
3021 2575 3212 2616 versus
3255 2564 3325 2618 ad

1727 2631 1935 2688 ostium
1963 2637 2188 2705 cellarii,
2222 2641 2335 2711 ipsa
2365 2648 2572 2702 rasoria
2602 2650 2844 2705 acnendo
2869 2661 2925 2707 et
2964 2654 3324 2724 prmparando

1724 2725 1790 2779 ad
1821 2728 1922 2782 hoc
1955 2743 2121 2798 Opus,
2160 2744 2356 2798 praeter
2384 2734 2518 2790 alias
2569 2738 2760 2803 horas,
2787 2741 2982 2810 quibus
3023 2754 3324 2799 conventus

1723 2818 1777 2874 in
1805 2819 2049 2878 claustro
2076 2824 2229 2880 sedet
2254 2826 2321 2881 ad
2349 2828 2570 2884 missam
2598 2832 3001 2901 matutinalem;
3033 2851 3100 2892 ne
3136 2846 3320 2894 tamen

1721 2912 2011 2968 etferenda:
2035 2913 2192 2979 desit,
2226 2917 2366 2973 sicut
2392 2935 2492 2977 nec
2521 2922 2830 2992 quisquam,
2857 2925 2948 2994 qui
2979 2938 3064 2984 est
3093 2927 3149 2983 in
3171 2928 3325 2984 (διαυ-

1719 3013 1864 3072 stro,
1899 3013 1953 3059 et
1994 3005 2059 3059 ad
2094 3005 2326 3064 cilicium
2358 3010 2733 3070 defunctorum
2764 3025 2884 3085 post
2913 3026 3021 3074 tres
3062 3019 3323 3078 lectiones

1718 3094 1843 3149 licet
1898 3096 1948 3151 ei
1997 3112 2207 3153 vacare.
2262 3098 2398 3161 lluie
2454 3090 2652 3177 etiam,
2706 3107 2751 3161 si
2800 3122 2936 3179 opus
2967 3110 3323 3181 est,adjutor

1718 3187 1897 3244 datur.

2268 3284 2497 3343 CAPUT
2532 3289 2778 3351 XXXIX.
2824 3354 2825 3357 η

2230 3375 2306 3430 De
2337 3394 2527 3433 rasura
2558 3381 2586 3450 Ῑ
2584 3392 2787 3436 rutrum

1728 3496 1731 3501 -
1796 3464 2085 3535 (ue.)Cum
2102 3467 2167 3520 ad
2192 3466 2295 3523 hoc
2326 3481 2541 3525 ventum
2566 3472 3028 3541 fuerit,utrasura
3051 3482 3321 3550 generalis

1725 3555 1837 3622 fiat,
1869 3562 2121 3625 pereas-sa
2166 3559 2345 3613 tabula
2393 3562 2446 3617 in
2478 3565 2732 3633 capitulo,
2760 3574 2813 3621 et
2843 3568 2967 3623 data
2995 3570 3211 3628 licentia
3244 3575 3322 3629 lo.

1721 3647 1915 3717 quendi
1942 3647 2006 3702 de
2029 3664 2240 3716 rasura,
2260 3664 2517 3709 exeuntes
2534 3655 2601 3711 de
2627 3658 2860 3727 capitulo
2888 3659 3092 3722 faciunt
3119 3662 3320 3723 fratres

1720 3740 1872 3810 quasi
1916 3741 2039 3795 luas
2065 3740 2236 3798 lineas
2257 3745 2501 3811 sedendi,
2533 3748 2744 3805 scilicet
2769 3752 2836 3807 ad
2865 3754 3134 3812 cancellos
3166 3757 3314 3813 clau-

1719 3833 1841 3900 stri,
1874 3843 1925 3888 et
1952 3851 2119 3905 prope
2147 3854 2381 3905 nntrum,
2408 3844 2774 3915 unusquisque
2800 3847 2854 3902 in
2889 3851 3080 3905 eodem
3126 3854 3318 3910 ordine

1718 3940 1825 3994 quo
1858 3934 1912 3979 et
1963 3926 2014 3979 in
2077 3928 2311 3995 capitulo
2340 3950 2353 3989 ;
2387 3934 2403 3952 ‘
2434 3931 2537 3987 hoc
2584 3949 2858 4006 caventes,
2906 3957 2977 3996 ne
3028 3943 3151 4013 quis
3199 3946 3314 4012 alii,

1718 4016 2029 4086 priusquam
2055 4020 2275 4086 sederit,
2300 4023 2509 4093 signum
2543 4027 2766 4084 radendi
2791 4029 3119 4106 faciat.(un.)
3138 4035 3195 4091 ln
3210 4053 3315 4092 una

1718 4108 1857 4164 linea
1894 4126 1924 4164 a
1952 4112 2209 4179 praedicto
2232 4114 2432 4179 fratre,
2467 4117 2518 4171 in
2546 4119 2715 4175 altera
2744 4138 2872 4178 vero
2899 4125 2967 4180 ab
3005 4126 3121 4195 ejus
3160 4128 3315 4198 adju-

1720 4212 1836 4257 tore
1882 4203 2108 4273 singulis
2158 4206 2417 4263 fratribus
2444 4210 2653 4280 singula
2684 4215 2882 4271 dantur
2909 4221 3140 4274 rasoria.
3179 4222 3313 4278 Scu-

1719 4296 1855 4350 lella:
1879 4308 2059 4351 autem
2095 4300 2306 4354 noviter
2324 4301 2524 4359 abluta:
2549 4320 2647 4374 per
2673 4307 3161 4382 eleemosynariutn
3192 4317 3311 4372 dis.

1719 4389 2057 4457 tribuuntur,
2091 4393 2233 4449 binis
2266 4405 2320 4449 et
2352 4397 2491 4453 binis
2516 4400 2757 4468 singulm,
2786 4419 2816 4457 a
2843 4403 2962 4460 loco
2985 4422 3083 4463 suo
3112 4425 3311 4482 nequa-

1717 4497 1879 4550 quam
1906 4500 1965 4539 se
1997 4486 2334 4549 moventibus
2356 4531 2371 4555 ,
2404 4491 2495 4544 sed
2526 4508 2648 4548 cum
2682 4494 2962 4567 disciplina
2992 4503 3310 4570 ptfmstolatto

1720 4574 1892 4638 tibus,
1922 4591 2090 4645 usque
2136 4577 2261 4632 dum
2314 4580 2381 4635 ad
2445 4595 2503 4636 se
2538 4584 2735 4654 veniat,
2762 4590 2778 4608 ‘
2807 4589 2900 4659 qui
2949 4593 3200 4653 scutellas
3225 4597 3310 4653 vel

1722 4668 1927 4721 rasoria
1963 4676 2164 4737 portat.
2201 4724 2207 4729 ,
2294 4728 2297 4729 ν

1789 4757 2040 4817 Providet
2055 4772 2234 4819 autem
2246 4774 2428 4825 custos
2441 4770 2797 4839 rasoriorum,
2819 4775 3108 4835 utinterim
3141 4780 3309 4838 lintea

1719 4849 2134 4908 distribuantur.
2183 4852 2381 4915 Verum
2441 4860 2755 4930 priusquam
2790 4868 3027 4933 sedendo
3063 4881 3114 4925 et
3155 4874 3310 4930 incli+

1716 4943 1894 4998 nando
1916 4945 2140 5015 quisque
2161 4947 2259 5001 sibi
2288 4948 2410 5021 data
2431 4955 3011 5029 susceperit,apportat
3032 4962 3305 5031 lexiviam,

1718 5048 1836 5101 qme
1880 5047 2168 5107 antequam
2200 5041 2509 5110 pulsaretur
2529 5047 2595 5100 ad
2625 5049 2941 5120 capitulum,
2970 5055 3022 5110 in
3052 5060 3308 5131 congruis

1719 5122 1869 5190 locis,
1896 5145 2002 5197 non
2033 5139 2209 5188 tamen
2239 5148 2364 5193 ante
2386 5139 2533 5200 fores
2554 5146 2817 5208 ceclesiae.
2848 5150 3133 5206 eamerarii
3156 5152 3310 5221 adju-

1718 5227 1833 5273 tore
1859 5234 2185 5288 procurante
2213 5232 2386 5297 posita
2406 5244 2510 5299 est,
2531 5238 2596 5303 ad
2621 5239 2919 5295 radendum
2941 5256 3001 5297 se
3020 5257 3308 5313 praeparat.

1717 5310 1821 5385 Sed
1859 5313 2039 5373 nullus
2066 5330 2231 5388 caput
2269 5339 2424 5379 suum
2456 5328 2606 5395 prius
2638 5330 2910 5385 humeetat
2932 5374 2947 5397 ,
2976 5310 3307 5404 quam—psal-

1717 5405 1893 5460 modia
1926 5408 2238 5478 inchoatur;
2265 5417 2440 5472 nullus
2460 5433 2673 5488 quoque
2697 5433 2822 5477 ante
2842 5424 3041 5478 ostium
3062 5426 3309 5481 ecclesia:

1716 5496 1797 5550 vel
1824 5509 1950 5553 ante
1976 5504 2267 5571 capitulum
2293 5508 2440 5563 sedet
2474 5509 2538 5563 ad
2570 5512 2884 5579 radendum,
2922 5517 2967 5570 si
2999 5517 3126 5571 alibi
3156 5528 3307 5587 patet

1715 5591 1968 5657 spatium.
1986 5597 2123 5664 (υυ.)
2137 5598 2393 5668 Quisquis
2418 5603 2559 5657 radit
2588 5605 2817 5661 alterum
2836 5648 2851 5668 ,
2870 5609 3107 5665 froccum
3125 5611 3299 5675 exuit,

1714 5691 1770 5734 et
1812 5684 1862 5738 in
1906 5689 2114 5742 cuculla
2168 5691 2338 5757 radit;
2377 5696 2469 5762 qui
2525 5712 2653 5754 vero
2703 5701 2934 5767 radttttr,
2989 5704 3200 5758 raditur
3249 5705 3300 5759 in

1713 5770 1897 5830 frocco
1925 5793 2023 5832 suo
2044 5819 2058 5842 ,
2085 5782 2290 5839 cuculla
2326 5796 2487 5859 exuta
2510 5829 2526 5855 ,
2554 5801 2605 5847 et
2659 5807 2823 5863 prope
2871 5809 2931 5850 se
2978 5797 3297 5867 composita.

1713 5870 1864 5936 Quod
1904 5874 1945 5927 si
1970 5872 2108 5929 forte
2137 5891 2234 5945 pro
2262 5878 2454 5937 lexivia
2483 5882 2579 5955 [ιιι.
2608 5903 2744 5957 aqua
2775 5888 2971 5952 calida]
2997 5892 3299 5958 perrexcrit

2940 6002 3014 6062 3‘5
