3872 6306
557 346 687 421 ibas
802 360 815 375 “
1582 349 1635 421 s.
1678 362 2053 421 GUll.t.l-‘.t..\ll
2089 360 2383 418 Αιιιιειτιδ
2426 360 2745 419 inustus.
3648 374 3748 432 uno

556 475 883 545 apportauda
905 517 919 539 ,
964 460 1081 544 ipse
1136 468 1400 532 euenllam
1453 476 1710 532 decenter
1757 475 2134 548 complicatam
2166 476 2212 537 Α
2244 472 2350 526 lum
2383 482 2558 529 tamen
2587 474 2897 542 quominus
2941 458 3275 532 setttirastrra
3314 458 3523 547 pateat,
3545 496 3747 553 quantum

550 585 731 625 secuit)
758 570 808 623 in
840 568 1060 623 brachio
1090 580 1288 639 portat.
2245 573 2422 632 potest
2449 565 2809 634 ιοιιψειριιιὶιι
2841 565 3057 620 obtecto
3083 566 3310 621 chorum
3366 578 3541 624 intrat.
3586 573 3660 629 Sin
3680 596 3748 634 au.

663 662 806 715 Inter
835 662 1129 715 radendum
1158 671 1409 741 cantatur
1450 662 1747 732 psalmodia
1803 657 1965 718 Verba
1997 678 2132 727 mea,
2245 665 2379 719 tem,
2412 658 2597 709 statim
2626 657 2692 710 :ttl
2726 656 2886 710 finem
2919 658 3063 713 hortc
3094 660 3392 728 egreditur,
3446 663 3493 717 itt
3520 665 3748 723 calt-factu-

547 755 740 807 deinde
766 753 1004 822 psalmus
1034 753 1307 820 Laudare;
1335 756 1379 811 si
1412 756 1551 812 forte
1587 772 1648 811 ea
1677 757 1763 811 die
1785 765 1867 810 est
1897 771 1993 826 pro
2023 755 2137 811 cel.
2243 748 2325 802 rio
2358 748 2496 803 infra
2526 748 2746 802 missam
2792 749 3158 817 perradeudus
3184 767 3198 816 ;
3239 754 3382 821 quod
3435 764 3595 810 tamen
3622 761 3749 817 tullus

546 844 745 897 lerario
774 845 1103 910 cantaudns,
1139 845 1220 900 vel
1263 854 1371 900 tres
1400 846 1588 915 psalmi
1624 846 1881 901 nsualiter
1912 860 2010 914 pro
2042 846 2136 900 tri-
2241 844 2379 897 alius
2401 843 2520 898 sine
2553 843 2766 896 licentia
2802 844 2947 896 facit.
2978 844 3173 899 Verum
3200 847 3242 900 si
3274 855 3359 903 est
3392 856 3584 917 tempus
3609 866 3650 905 et
3671 854 3749 906 fra-

544 937 822 992 imlatione
845 938 1044 1007 aliqua,
1075 947 1128 994 ct
1153 940 1197 994 si
1239 955 1359 1009 quae
1388 949 1517 994 sunt
1565 940 1871 1010 hujusmodi
1901 948 2018 1009 post
2046 954 2136 995 ca-
2238 948 2352 992 tres
2370 946 2494 1007 post
2530 946 2738 997 sextam
2769 936 2837 992 de
2864 938 3094 993 ecclesia
3148 940 3444 994 redeuntes
3494 943 3541 995 in
3568 946 3751 999 claustro

538 1034 769 1102 pitulum
784 1034 1316 1103 canenda.Sequitur
1338 1050 1525 1089 cursus
1540 1034 1918 1088 eanonieorum
1944 1033 2132 1088 eodem
2239 1028 2451 1093 sedent,
2484 1027 2567 1083 vel
2621 1042 2731 1097 quo
2762 1030 3021 1084 sacerdos
3046 1031 3339 1099 caeteriqne
3373 1033 3591 1087 ministri
3613 1038 3750 1093 altaris

541 1128 753 1192 ordine,
778 1143 887 1197 quo
910 1128 977 1180 ad
998 1142 1134 1195 opus
1161 1142 1415 1181 manumn
1437 1126 1671 1182 canitur.
1703 1125 1925 1195 Insuper
1952 1127 2004 1179 in
2029 1125 2133 1180 fine
2234 1118 2305 1172 ad
2343 1118 2561 1174 "lissam
2600 1129 2725 1174 Bltltl
2763 1119 3041 1183 .WﬁliCﬂdi
3074 1130 3199 1175 {mle
3260 1122 3472 1190 horam,
3524 1125 3641 1180 facta
3663 1145 3752 1182 ora-

540 1220 734 1287 psalmi
788 1219 1078 1274 familiares
1130 1220 1402 1274 adduntur
1432 1221 1637 1289 absque
1676 1220 1781 1283 his,
1809 1219 1900 1290 qui
1926 1221 1993 1274 ad
2042 1233 2111 1274 ve.

2239 1210 2405 1273 tione,
2446 1220 2551 1265 tam
2608 1211 2704 1275 illi,
2761 1213 2849 1281 qui
2896 1213 3105 1284 forcipe
3157 1213 3365 1268 tonderi
3420 1216 3749 1289 volunt,quatn

541 1325 729 1380 spcros
759 1308 1050 1378 pertinent.
1078 1309 1283 1375 Quibus
1304 1309 1466 1364 etiam
1492 1309 1889 1380 subjungnntur
1915 1308 2128 1379 psalmi,
2236 1303 2535 1357 semirasus
2557 1303 2609 1358 in
2648 1309 2910 1373 claustro,
2938 1306 3077 1373 loco,
3131 1323 3237 1379 quo
3284 1318 3339 1364 et
3369 1308 3532 1377 prius,
3585 1312 3749 1367 licenter

541 1406 630 1472 qui
685 1420 714 1457 ει
762 1402 1049 1473 prostratis
1100 1401 1274 1456 solent
1324 1402 1563 1466 recitari,
1611 1403 1751 1456 sicut
1806 1402 1857 1455 in
1890 1411 2132 1471 tempore
2236 1395 2336 1450 hoc
2361 1394 2588 1451 faciunt.
2612 1396 2693 1450 Ad
2720 1397 2995 1451 intervalla
3027 1409 3206 1456 autem
3238 1402 3288 1455 id
3314 1412 3395 1457 est
3427 1414 3539 1471 post
3568 1406 3750 1471 missam,

538 1495 1034 1565 thtlragcsinmli;
1089 1494 1331 1562 cxcéptis
1375 1494 1713 1563 vespertinis,
1765 1494 1827 1547 Et
1877 1493 2132 1549 sacerdos
2234 1494 2288 1538 Cl
2312 1495 2432 1556 p081
2462 1501 2779 1555 percussum
2808 1491 3115 1560 (‘ytltlitllltltl
3145 1507 3207 1547 ea
3241 1494 3329 1547 die
3390 1494 3441 1546 ill
3472 1494 3751 1553 calefactoi‘io

534 1588 1016 1647 lielnlomadarins,
1041 1587 1130 1656 qui
1157 1586 1306 1641 colle:
1330 1597 1411 1640 tas
1433 1587 1558 1641 dicit
1598 1587 1650 1641 in
1682 1588 1857 1641 medio
1880 1586 2128 1648 fratrum,
2234 1580 2439 1649 absque
2473 1581 2688 1636 licentia
2718 1598 2839 1637 cum
2880 1584 3088 1653 forcipe
3115 1585 3338 1655 quilibet
3371 1586 3579 1640 tondere
3606 1598 3749 1653 potest.

539 1680 610 1732 ita
638 1679 793 1733 debet
826 1679 1032 1742 sedere,
1070 1689 1126 1732 ut
1148 1678 1225 1732 ab
1254 1678 1504 1733 omnibus
1532 1679 1701 1746 possit
1727 1679 1920 1732 audiri.
1956 1677 2017 1733 Et
2044 1678 2131 1737 hic
2236 1674 2290 1726 Si
2321 1675 2442 1744 quis
2467 1691 2613 1741 vero,
2641 1677 2731 1745 qui
2759 1674 2858 1729 fuit
2881 1678 2934 1731 in
2962 1678 3219 1745 elattstro,
3269 1694 3395 1734 cum
3418 1681 3593 1733 ‘czeteri
3636 1682 3751 1735 rade-

539 1787 699 1822 eursu
732 1770 908 1834 finito,
961 1758 1250 1839 antequam
1298 1770 1506 1840 reliqua
1548 1770 1843 1841 psalmodia
1889 1771 2111 1824 finiatur

2238 1776 2444 1829 rentur,
2486 1765 2691 1820 irrasns
2755 1769 3077 1836 permansit,
3107 1769 3191 1822 vel
3244 1772 3311 1823 de
3367 1769 3451 1825 via
3503 1773 3633 1825 thlll
3669 1783 3752 1840 post

540 1864 629 1914 alii
664 1862 938 1930 expedito,
986 1861 1160 1915 vit-em
1183 1860 1346 1917 ollieii
1378 1862 1459 1915 sui
1506 1846 1756 1929 injungit,
1799 1871 1857 1915 ιιι
1907 1872 1961 1916 et
2012 1862 2125 1931 ipse
2162 1846 2201 1885 δ
2230 1853 2374 1910 illum
2430 1874 2631 1913 rastrum
2672 1858 2883 1923 horam,
2940 1874 3046 1913 non
3095 1859 3212 1914 sine
3264 1858 3501 1925 licentia,
3545 1877 3629 1915 nec
3664 1874 3754 1915 tut.c

534 1954 648 2005 mai
677 1954 865 2021 ρυξίι,
906 1950 1053 2006 Unus
1091 1952 1171 2007 vel
1214 1954 1317 2008 duo
1358 1953 1652 2009 cirratorcs
1688 1953 1940 2018 litterati,
1997 1944 2121 2008 dum
2231 1948 2363 2001 alias
2386 1966 2547 2018 quam
2588 1952 2638 2003 iu
2668 1950 3015 2007 calefactorio
3071 1953 3328 2017 raditur;
3363 1953 3451 2007 ubi
3482 1962 3639 2006 tamen
3663 1970 3753 2021 quo-

534 2044 831 2111 psalmodia
856 2044 1089 2106 canitur,
1119 2045 1474 2103 circumeunt.
1498 2053 1555 2099 ut
1587 2045 1778 2099 fratres
1799 2040 2124 2101 admoneant
2228 2042 2308 2095 vis
2365 2050 2605 2111 tempore
2660 2044 2974 2099 radentibus
3042 2044 3160 2098 sive
3214 2043 3422 2114 forcipe
3472 2046 3752 2102 tundentibus

532 2136 599 2189 ad
636 2138 990 2205 psallendum.
1045 2137 1265 2192 Nonnisi
1316 2138 1466 2193 finita
1498 2137 1790 2207 psalmodia
1811 2178 1826 2202 ,
1853 2147 1977 2192 tunc
2007 2150 2123 2192 tan-

530 2230 651 2281 dem
686 2230 905 2287 radendi
928 2270 944 2294 ,
975 2231 1042 2283 ab
1072 2230 1182 2284 hoc
1213 2227 1386 2284 oﬂ‘cio
1410 2228 1647 2285 cessant.
1674 2230 1731 2283 Si
1754 2230 1876 2299 quis
1907 2246 2001 2300 per
2030 2244 2122 2285 eos

530 2320 837 2375 admonitus
883 2323 1169 2376 emendare
1216 2321 1477 2390 quidlibet
1521 2322 1820 2393 neglectum
1868 2321 2119 2387 noluerit,

529 2411 612 2462 vel
659 2412 1082 2467 admonitionem
1118 2413 1357 2481 graviter
1383 2412 1597 2477 tulerit,
1633 2428 1756 2467 raro
1783 2412 2119 2467 intlamatio-

526 2518 650 2559 nent
684 2505 890 2575 effugit.
924 2508 1055 2573 Quae
1081 2506 1387 2561 necessaria
1415 2516 1539 2561 sunt
1560 2522 1790 2571 rasurae,
1821 2506 1947 2560 licet
1990 2504 2116 2559 alte-

527 2618 646 2656 rum
674 2604 741 2656 ab
760 2602 937 2656 altero
958 2602 1123 2672 signis
1148 2609 1350 2670 petere.
1377 2598 1488 2669 (cn.
1506 2599 1639 2668 car.)
1662 2598 1925 2653 Czcterutn
1951 2611 2122 2666 usque

526 2697 651 2747 dum
681 2693 975 2764 psalmodia
1002 2694 1073 2747 sil
1102 2702 1505 2754 consummata,
1535 2690 1638 2745 erit
1662 2704 1932 2745 summum
1958 2690 2121 2744 silen-

528 2791 686 2849 tium,
715 2787 815 2840 nisi
851 2783 942 2853 qui
970 2784 1109 2838 radit
1133 2825 1147 2850 ,
1191 2782 1458 2853 imprimis
1489 2780 1618 2835 dicit
1645 2780 1963 2846 Benedicite,
1991 2790 2046 2836 et
2088 2795 2118 2834 a

526 2877 769 2932 radendo
814 2875 1192 2945 respondetur,
1238 2873 1516 2927 Domg'nus.
1560 2871 1662 2939 Qui
1709 2874 1948 2938 raditur,
1988 2872 2119 2927 nihil

524 2967 781 3037 loquitur,
834 2967 935 3022 nisi
983 2965 1195 3023 cuculla
1248 2965 1483 3019 imlutus.
1516 2962 1674 3018 Prius
1714 2980 1870 3018 nemo
1898 2964 2118 3035 capillos

526 3076 649 3114 cum
684 3061 891 3131 forcipe
934 3060 1157 3115 tondere
1200 3056 1499 3126 praesumit,
1530 3071 1689 3125 quam
1722 3056 2019 3124 psalmodia
2045 3056 2119 3112 sit

525 3156 674 3210 tinita
707 3174 719 3208 :
747 3170 851 3225 qua
879 3154 1025 3207 finita
1051 3162 1105 3207 et
1132 3151 1275 3205 dicto
1305 3166 1333 3204 a
1373 3149 1552 3221 priore
1579 3148 1907 3215 Beuedicile,
1939 3150 1990 3204 hi
2025 3151 2114 3220 qui

524 3263 747 3303 necesse
792 3246 1024 3308 habent,
1090 3242 1353 3307 froceo,‘
1396 3241 1739 3311 quantumvis
1793 3240 1996 3296 fervida
2045 3243 2119 3297 sit

523 3349 706 3402 testas,
753 3352 873 3391 cum
908 3335 1118 3389 cuculla
1167 3335 1413 3389 reindnta
1459 3348 1625 3405 prope
1667 3333 1979 3400 cellarium,
2010 3348 2115 3389 non

523 3430 676 3493 alias,
706 3426 911 3495 forcipe.
965 3425 1211 3480 tondent.
1259 3424 1521 3480 Similiter
1562 3434 1617 3479 et
1651 3426 1741 3495 qni
1769 3424 1953 3479 volunt
1992 3434 2117 3481 tunc

524 3522 741 3574 tandem
791 3517 843 3570 in
893 3515 1076 3571 froceo
1111 3500 1232 3573 Sine
1268 3516 1474 3571 cuculla
1525 3526 1687 3585 caput
1737 3516 1937 3579 lavant,
1970 3517 2012 3570 si
2049 3531 2115 3571 ex

523 3626 639 3672 toto
663 3623 792 3668 sunt
817 3614 969 3668 rasi:
1004 3613 1085 3668 sin
1113 3621 1317 3678 autem,
1354 3628 1460 3668 non
1495 3611 1765 3676 lavantur,
1800 3611 1950 3683 prius
1973 3627 2115 3681 ;ll:tlll

525 3708 804 3762 radantur.
835 3704 1024 3760 Ca‘teri
1048 3704 1166 3759 vrasi
1195 3704 1273 3757 sic
1299 3703 1517 3765 sedent,
1559 3713 1617 3756 ιιι
1651 3703 1792 3760 inter
1818 3717 1913 3756 eos
1943 3701 2117 3757 nullus

525 3800 705 3862 radat,
731 3814 828 3854 nec
856 3797 1177 3852 sinclihris.
1216 3796 1282 3850 Et
1316 3797 1417 3850 hoc
1440 3795 1716 3850 sciendum
1739 3796 1880 3864 quod
1903 3794 2117 3864 juvenis

523 3890 804 3957 ctistodem
830 3904 983 3944 sumn
1009 3888 1154 3957 prius
1181 3904 1286 3941 non
1324 3886 1498 3949 radit,
1532 3901 1691 3955 quam
1734 3888 1847 3956 ipse
1895 3888 2117 3942 radatur

524 3983 593 4036 ab
629 3998 710 4047 eo,
742 3996 921 4051 postea
954 3992 1007 4038 et
1036 3981 1198 4036 alium
1227 3978 1547 4050 quemlibet,
1580 3995 1685 4033 non
1738 3988 1917 4034 tamen
1959 3979 2114 4048 juve-

526 4091 646 4131 taetu
677 4092 800 4130 cuin
850 4075 1063 4130 licentia
1110 4073 1351 4129 custodis
1408 4073 1599 4128 radere
1645 4082 1848 4143 potest,
1894 4083 1949 4129 et
1999 4075 2113 4145 ipse

523 4168 767 4235 quamvis
816 4184 1092 4236 nunquam
1138 4184 1259 4222 cum
1302 4166 1469 4221 linteo
1520 4166 1825 4231 radendus,
1888 4167 2113 4223 licenter

524 4275 701 4317 tamen
734 4277 800 4316 eo
828 4261 998 4315 utitur
1046 4259 1251 4330 forcipe
1295 4259 1621 4314 tondendus.
1667 4260 1888 4313 Cmtcris
1930 4271 2108 4314 autem

518 4353 822 4420 iunioribus
847 4352 1008 4407 etiam
1038 4352 1105 4406 ad
1135 4352 1425 4406 radendum
1457 4348 2037 4414 conceditur.linteum,
2064 4351 2109 4406 si

518 4449 663 4512 qth
706 4442 1034 4515 superfuerit
1078 4441 1403 4498 senioribus.
1450 4444 1705 4509 Rasoria,
1736 4458 1855 4513 qua:
1881 4445 2110 4513 quisque

521 4542 587 4593 ad
627 4540 877 4593 uttinmm
909 4536 1187 4601 habuerit,
1227 4536 1430 4590 siccata
1459 4538 1524 4591 ad
1560 4538 1823 4592 scrinium
1870 4546 2109 4606 reportat

444 4622 449 4630 “
520 4642 641 4700 post
694 4633 881 4684 horam
930 4628 1229 4699 proximam
1264 4644 1292 4681 a
1325 4627 1492 4684 fratre
1525 4629 1854 4683 rasoriorum
1884 4629 2107 4684 custode

446 4708 453 4709 ⁷
522 4726 574 4775 in
613 4724 731 4775 loco
774 4720 1035 4775 conisueto
1084 4716 1477 4789 rccolligenda,
1534 4719 1635 4773 nisi
1666 4718 1963 4788 qtneforte
1998 4718 2109 4773 fra-

525 4814 696 4869 tribus
731 4812 1083 4883 perrademlis
1114 4812 1167 4866 in
1212 4810 1595 4875 calefactorio,
1622 4812 1801 4866 ubiet
1831 4812 1994 4866 lintea
2039 4813 2107 4868 ab

522 4906 709 4961 eodem
735 4904 802 4958 ad
834 4904 1145 4960 siccandum
1176 4912 1302 4959 sunt
1328 4917 1619 4972 suspensa,
1647 4917 1771 4958 cum
1809 4900 2107 4975 forcipibus

518 4997 913 5067 relinquantur.

590 5089 701 5145 Nec
736 5091 837 5145 hoc
852 5089 1116 5146 silendum
1146 5095 1256 5152 est,
1288 5086 1332 5142 si
1358 5085 1479 5154 quis
1504 5084 1716 5153 radere,
1750 5102 1875 5143 eum
1902 5088 2099 5158 possit,

517 5199 626 5239 non
664 5183 777 5238 vult
808 5184 1041 5246 discere,
1076 5189 1234 5249 potus
1273 5178 1451 5249 portio
1499 5180 1550 5234 ei
1577 5196 1682 5236 non
1703 5180 1866 5238 datur
1900 5182 1955 5235 in
1987 5182 2099 5248 ipsa

518 5277 607 5330 die
662 5272 985 5339 rasuraz.'Si
1038 5270 1104 5324 ad
1152 5270 1391 5340 aliquam
1447 5271 1635 5326 horam
1693 5272 1957 5342 pulsatur,
2010 5272 2102 5342 qui

517 5366 748 5421 necdum
780 5363 972 5417 radere
1022 5360 1439 5426 inchoavertutt,
1493 5362 1544 5415 in
1585 5362 1811 5418 chorum
1856 5362 2100 5431 veniunt,

516 5460 613 5515 sed
641 5458 708 5511 ad
745 5472 930 5526 pacem
963 5470 1067 5509 non
1101 5453 1420 5525 procedunt.
1471 5455 1964 5513 Porro‘seuiirasus
1986 5457 2103 5526 qui-

519 5552 601 5606 vis
631 5550 867 5602 t‘roccum
895 5549 1068 5602 induit
1093 5550 1231 5605 etad
1257 5551 1544 5606 ecclesiam
1577 5549 1894 5621 pergit,nou
1922 5558 2100 5605 tamen

519 5641 822 5711 ingreditur
846 5640 1092 5702 chorum,
1122 5642 1215 5697 sed
1243 5653 1351 5698 stat
1392 5645 1445 5698 in
1504 5653 1715 5698 secreto
1745 5641 1924 5713 aliquo
1953 5658 2103 5698 scor-

518 5752 639 5792 sum
673 5753 686 5788 :
719 5735 925 5789 ethera
967 5734 1136 5796 finita,
1171 5739 1213 5791 si
1261 5747 1585 5807 accepturus
1641 5749 1722 5795 est
1770 5738 2098 5795 benedictio-

523 5846 666 5896 nem,
694 5830 867 5901 capite
898 5831 1111 5900 quidem
1157 5846 1260 5884 non
1290 5845 1567 5904 cooperto,
1619 5838 1711 5893 sed
1742 5836 1878 5892 infra
1918 5836 2068 5909 ρεπιιυι

2227 2133 2492 2188 silendum
2520 2145 2622 2190 est.
2651 2137 2778 2190 Post
2826 2151 3030 2192 rasura:
3052 2151 3327 2207 quemque
3372 2138 3513 2191 diem
3555 2154 3754 2207 superve-

2227 2230 2401 2296 niens,
2425 2232 2591 2283 etiam
2636 2230 2761 2284 siin
2794 2228 3079 2286 duodecim
3127 2226 3474 2295 lectionibus,
3520 2234 3642 2301 quod
3677 2248 3755 2285 non

2228 2319 2478 2385 feriatur,
2509 2321 2600 2387 sit,
2643 2331 2763 2391 post
2791 2321 3086 2392 capitulum
3142 2337 3266 2377 cum
3316 2322 3529 2377 licentia
3578 2324 3680 2376 item
3700 2340 3757 2375 ra-

2225 2416 2305 2469 dit
2337 2434 2349 2469 :
2405 2430 2681 2485 nmtqnam
2719 2426 2900 2470 autem
2930 2415 3006 2470 in
3059 2414 3346 2470 Dominico
3394 2415 3481 2469 die
3509 2415 3585 2469 vel
3613 2416 3654 2468 in
3676 2417 3756 2467 alio

2230 2505 2369 2562 festo
2429 2508 2881 2577 processionum,
2934 2508 3187 2577 quamvis
3244 2508 3423 2562 eidem
3475 2523 3573 2560 non
3612 2508 3755 2561 delicat

2227 2597 2533 2664 interesse;
2566 2600 2659 2654 sed
2716 2599 2768 2653 in
2835 2599 3081 2669 sequenti
3138 2599 3227 2654 die
3275 2608 3400 2668 post
3445 2600 3754 2652 niatntiualetn

2226 2691 2471 2757 missam,
2522 2692 2712 2762 spatiis
2743 2693 3204 2762 competentibus.
3257 2692 3325 2746 Et
3372 2692 3421 2748 si
3461 2693 3575 2761 quis
3600 2701 3756 2745 nostra:

2223 2787 2657 2858 congregationis
2692 2786 2994 2843 monachus
3031 2794 3185 2842 extra
3218 2800 3469 2852 manens,
3526 2785 3574 2839 in
3608 2784 3755 2839 cellam

2225 2880 2411 2934 venire
2438 2880 2525 2933 die
2554 2894 2759 2933 rasura:
2792 2880 2874 2933 vel
2908 2879 2959 2934 in
3017 2880 3373 2949 sequentibus
3399 2877 3580 2934 diebus
3623 2877 3758 2931 tribus

2224 2970 2505 3039 tlt'Sposuit,
2538 2972 2701 3026 etiam
2732 2972 2775 3026 si
2804 2972 2893 3027 die
2916 2972 3021 3027 alia
3063 2973 3264 3038 veniat,
3298 2987 3461 3042 quam
3493 2972 3659 3027 eadem
3688 2968 3757 3023 die

2223 3079 2329 3133 qua
2369 3064 2597 3127 raditur,
2648 3080 2806 3120 rasus
2832 3065 3019 3121 venire
3075 3080 3183 3121 non
3215 3065 3518 3135 praesumit.
3543 3063 3758 3119 Similiter

2224 3156 2550 3211 etcxiturus
2606 3156 2693 3212 die
2753 3156 2866 3223 illa,
2927 3150 3282 3228 quantumvis
3338 3156 3494 3227 longe
3534 3153 3757 3225 proﬁcisci

2221 3240 2437 3311 debeat,
2465 3264 2638 3319 neque
2668 3250 2783 3305 radi
2831 3260 2958 3306 ante
2999 3260 3209 3320 tempus
3244 3264 3473 3313 rasurte.
3525 3262 3678 3316 neque
3700 3246 3757 3298 ir-

2222 3358 2377 3397 rasus
2413 3344 2571 3398 debet
2597 3344 2766 3406 exire,
2803 3343 2904 3397 nisi
2960 3356 3058 3413 pro
3088 3355 3283 3412 magna
3337 3340 3640 3395 necessitate
3666 3337 3761 3407 jus‘

2220 3450 2333 3503 sus,
2355 3436 2434 3490 sic
2471 3445 2524 3489 ut
2553 3444 2681 3489 ante
2727 3448 2941 3488 uenam
2986 3432 3423 3503 Speretredire.
3471 3429 3574 3486 Nec
3604 3443 3758 3498 queuv

2217 3543 2380 3598 quam
2407 3543 2594 3582 eorum
2628 3528 2708 3580 vel
2742 3528 2991 3590 aliorum,
3012 3526 3108 3581 sed
3135 3540 3312 3594 neque
3341 3525 3510 3595 ipsum
3538 3522 3757 3593 priorem,

2223 3619 2323 3673 nisi
2358 3618 2591 3672 uovitios
2624 3633 2689 3671 ex
2741 3617 3064 3671 obedientize
3118 3632 3230 3670 stne
3269 3613 3395 3684 jure
3451 3615 3579 3668 radit
3609 3620 3758 3667 custos

2219 3709 2554 3761 rasoriorum
2589 3724 2603 3771 ;
2630 3708 2724 3761 sed
2753 3722 2870 3774 quae
2896 3707 2946 3761 in
2968 3721 3066 3760 sua
3100 3715 3229 3760 sunt
3278 3705 3518 3760 custodia
3548 3702 3763 3757 radcndis

2219 3799 2496 3854 ministrat
2532 3800 2857 3855 necessaria.
2894 3798 3143 3854 Scutellzc
3197 3814 3325 3854 vero
3382 3814 3477 3868 per
3502 3796 3761 3863 electuosy-
3852 3854 3853 3859 η

2218 3893 2429 3947 narium
2456 3892 2779 3946 ministrata:
2801 3891 3004 3963 iugiter
3026 3892 3272 3947 eruntin
3304 3890 3765 3958 ealefactorio,qua
3852 3942 3853 3947 η

2215 3987 2299 4043 his
2339 3987 2682 4053 necessariae,
2710 3988 2752 4041 si
2785 3987 2874 4056 qui
2906 3986 3064 4041 irrasi
3089 3984 3502 4056 superveniunt.

2817 4078 3046 4135 CAPUT
3087 4078 3199 4133 XL.

2499 4169 2631 4235 Qum
2658 4170 2758 4223 sint
2784 4172 2915 4223 rices
2945 4168 3167 4223 rudendi
3189 4185 3283 4239 per
3310 4185 3521 4224 annum.

2282 4261 2421 4334 (ou)
2467 4261 2622 4315 \‘ices
2652 4273 2827 4316 autem
2860 4261 3083 4318 radendi
3135 4262 3218 4315 ha:
3274 4270 3403 4315 sunt
3454 4276 3546 4329 per
3572 4270 3765 4313 annum.

2213 4355 2395 4411 Primo
2423 4366 2548 4411 ante
2573 4355 2809 4427 vigiliam
2839 4354 3077 4421 Domini,
3100 4355 3242 4408 inter
3269 4369 3437 4423 quam
3477 4362 3529 4407 et
3568 4356 3764 4420 septua-

2212 4448 2473 4517 gesimum
2534 4448 2660 4515 quia
2716 4463 2820 4499 ntzn
2867 4460 3080 4514 semper
3114 4445 3228 4513 pari
3276 4444 3436 4499 modo
3484 4443 3767 4508 septimana:

2143 4571 2185 4628 υ
2214 4539 2534 4609 contingunt
2564 4555 2737 4608 neque
2769 4541 2950 4609 plures
3012 4552 3187 4606 neque
3236 4537 3543 4606 pauciores,
3574 4534 3641 4587 ibi
3671 4530 3767 4584 nul-

2217 4632 2298 4685 lus
2326 4633 2587 4686 terminus
2609 4631 2831 4685 omnino
2850 4640 2935 4685 est
2962 4633 3214 4699 plactixus
3239 4646 3254 4693 ;
3290 4629 3385 4683 sed
3417 4628 3561 4697 prior
3584 4633 3765 4678 unitum

2214 4726 2517 4781 considerat
2548 4728 2819 4796 quomodo
2842 4725 3236 4795 competentius
3270 4724 3767 4787 secutulutntempus

2211 4835 2397 4875 rasura
2452 4819 2570 4874 fieri
2604 4819 2799 4873 valeat.
2837 4822 2855 4839 ‘
2884 4817 3141 4873 Veniente
3192 4831 3321 4872 vero
3380 4812 3761 4886 Septuagesima

2210 4912 2276 4967 de
2304 4912 2424 4968 vice
2453 4913 2519 4967 ad
2554 4913 2725 4967 vicem
2764 4922 2875 4965 tres
2908 4913 3228 4981 septimanae
3276 4925 3497 4981 semper
3524 4905 3770 4961 intermit-
3852 4974 3853 4979 γ

2212 5012 2415 5066 luntur,
2451 5019 2625 5073 usque
2656 5004 2981 5073 ειιΙνιιτιδοΙιει.
3031 5002 3171 5056 Ante
3225 5002 3429 5069 pascha
3465 5002 3515 5053 in
3566 4996 3771 5053 sabbato

2206 5103 2420 5158 sant-to,
2444 5101 2537 5149 sed
2558 5094 2763 5163 absque
2786 5108 2947 5147 cursu
2969 5091 3379 5148 canonicorum.

2277 5187 2355 5241 Ad
2389 5188 2603 5242 inititnn
2638 5186 2857 5241 radentli
2904 5185 3077 5240 semel
3114 5200 3143 5237 a
3174 5186 3363 5256 priore
3392 5183 3570 5237 tabula
3598 5193 3771 5250 percu-

2208 5280 2360 5343 titur,
2422 5288 2477 5333 et
2526 5286 2713 5349 postea
2782 5275 3055 5330 silentium
3110 5284 3386 5335 servatur,
3444 5268 3771 5340 us,ued.uu

2199 5371 2352 5441 juxta
2384 5371 2540 5426 finem
2575 5368 2996 5439 rasura‘,(uu.)a
3014 5368 3194 5438 priore
3222 5366 3541 5429 Benedicite,
3559 5366 3772 5419 dicatur.

2204 5464 2397 5519 Postea
2456 5464 2653 5533 pascha
2692 5464 2757 5517 ad
2802 5462 2946 5515 illam
2998 5458 3378 5515 Dominieam:
3428 5454 3773 5513 Mauritania

2204 5559 2439 5615 Domini.
2495 5558 2636 5612 Ante
2684 5557 2998 5627 rogationes
3026 5555 3077 5610 in
3130 5554 3218 5609 illa
3266 5554 3401 5608 feria
3454 5552 3695 5623 quinta;
3736 5545 3775 5600 si

2206 5663 2384 5708 tamen
2438 5652 2579 5706 nulla
2642 5651 2938 5706 festivitate
2989 5647 3387 5703 interveniente
3440 5644 3771 5713 praspcditnr.

2204 5747 2342 5800 Ante
2370 5753 2733 5815 pcutcmsteui
2800 5744 2930 5796 feria
2983 5740 3194 5812 quinta.
3250 5738 3329 5792 De
3373 5752 3480 5806 qua
3512 5736 3625 5796 die,
3668 5734 3779 5803 quit

2204 5854 2392 5894 rursus
2432 5837 2655 5893 diveer
2684 5836 2810 5891 sunt
2842 5832 3157 5907 septimana:
3182 5844 3356 5902 usque
3378 5829 3447 5883 ad
3473 5828 3669 5884 festum
3690 5824 3775 5879 SS.
