3886 6308
132 397 230 455 llOt

1110 368 1530 434 CONSTITUT.
1573 365 1900 427 HIRSAUG.
1942 396 2015 410 --
2050 365 2181 422 LIB.
2213 364 2277 422 ll.

3174 364 3315 424 illi!

134 505 440 578 apostolorum
482 495 621 555 Petri
653 503 707 551 et
736 492 908 556 Pauli,
957 505 1143 547 rursus
1172 504 1387 560 quoque
1436 501 1623 543 rasura
1655 488 1701 545 Α
1730 496 1902 578 usque
1930 482 1999 578 ad
2026 471 2263 537 sonitum
2317 478 2523 578 ιειιιιιιιιι⁸
2555 479 2628 536 ibi
2676 489 3021 578 transeuntes
3046 493 3141 535 eos
3167 481 3314 536 acci-

130 598 401 673 permittitur
427 593 475 647 in
498 586 880 645 deliberatione
907 583 1123 654 prioris.
1177 582 1366 673 Postea
1416 594 1522 633 non
1546 592 1635 673 er-

129 668 245 748 ratur
264 690 322 744 de
343 686 440 741 ulla
474 682 607 745 vice,
656 679 782 749 quia
825 684 910 734 est
936 671 1457 732 consuetudinaliter
1484 668 1629 724 ordi-

128 793 295 842 natum,
328 786 379 831 ut
425 786 637 842 semper
690 769 947 826 radamus
992 767 1058 821 ad
1111 762 1516 819 translationem
1570 758 1631 814 S.

128 867 365 933 Benedicti,
387 867 450 919 ad
474 863 682 918 vincula
712 860 771 915 S.
817 858 985 925 Petri,
1018 856 1084 911 ad
1115 852 1545 924 assumptionem
1570 849 1629 905 S.

127 962 287 1022 Marias,
328 958 383 1013 S.
415 955 713 1018 Othoniari,
769 953 835 1007 ad
860 952 1149 1005 adventum
1172 945 1404 1002 Domini.
1434 944 1500 998 Et
1531 941 1636 996 hoc

125 1050 346 1107 sciendum
373 1057 467 1111 est,
513 1046 661 1115 quod
714 1045 765 1099 in
825 1041 1028 1112 vigiliis
1058 1037 1436 1110 principalium
1484 1031 1637 1090 festi-

122 1145 319 1206 vitatum,
351 1140 508 1194 autin
560 1138 695 1192 feria
727 1144 880 1191 sexta
927 1147 1205 1203 nunquam
1244 1129 1472 1193 raditur,
1531 1125 1635 1182 nisi

124 1233 260 1302 aliqua
300 1229 613 1286 earumdem
655 1229 1008 1283 lestivitatum
1075 1222 1254 1294 vigilia
1310 1220 1364 1275 in
1413 1220 1637 1275 sabbato

122 1322 310 1384 eveniat,
334 1328 386 1375 e’t
416 1320 465 1374 in
489 1319 624 1373 feria
655 1318 843 1387 quinta
877 1315 1024 1385 (quia
1055 1314 1380 1368 radereutur
1411 1307 1637 1375 fratres,

122 1426 213 1466 cum
234 1409 484 1464 duodecim
512 1407 776 1469 lectiones
803 1403 1058 1475 aguntur)
1089 1410 1239 1465 tunc,
1271 1399 1638 1469 inquam,hac

122 1503 388 1558 necessitate
417 1509 663 1572 cogente,
690 1499 741 1553 in
767 1506 919 1552 sexta
946 1494 1077 1548 feria
1109 1492 1397 1559 raduntur.

656 1589 884 1645 CAPUT
924 1586 1061 1642 XLI.

549 1681 625 1736 De
660 1680 858 1735 balneis
883 1678 1139 1748 fratrum.

172 1776 261 1841 (eo.
288 1774 410 1845 ear.)
427 1772 743 1829 Hominibus
763 1778 845 1825 est
870 1769 1155 1829 familiare,
1177 1776 1462 1837 postquam
1489 1781 1639 1821 rase-

118 1868 216 1933 rint,
237 1868 469 1922 continuo
488 1867 655 1920 etiam
687 1863 875 1920 balnea
886 1878 961 1917 re.
982 1859 1090 1917 Sed
1118 1861 1186 1915 de
1205 1859 1408 1915 nostris
1435 1858 1640 1915 balneis
1670 1839 1717 1901 Β

122 1969 291 2015 nonest
327 1958 571 2022 multum,
615 1955 759 2026 quod
789 1954 1095 2023 loquamur.
1139 1951 1359 2006 Duabus
1394 1950 1538 2005 enim
1563 1950 1644 2005 vi-

117 2050 232 2104 cibus
264 2058 450 2103 tantum
478 2048 531 2103 in
558 2062 706 2102 anno
729 2055 785 2101 et
812 2055 940 2100 tunc
967 2044 1084 2100 sine
1128 2043 1369 2107 licentia,
1403 2042 1492 2113 qui
1532 2041 1644 2095 vult

119 2138 325 2202 balneat;
354 2139 525 2204 idest,
572 2147 699 2192 ante
748 2135 1094 2190 Nativitatem
1165 2134 1376 2190 Domini
1420 2142 1477 2188 ct
1516 2141 1644 2186 ante

118 2227 297 2284 Pascha.
326 2230 479 2285 ‘Alio
501 2230 698 2300 quovis
740 2237 980 2299 tempore
1021 2241 1121 2296 pro
1163 2226 1477 2281 infirmitate
1518 2240 1643 2281 cum

118 2319 286 2374 licentia
321 2322 539 2393 quisque
577 2321 834 2377 balneare
880 2318 1099 2390 poterit.
1146 2317 1487 2374 Stamincutn
1514 2331 1646 2372 vero

115 2410 243 2477 aliud,
277 2424 573 2485 quantqno.
604 2415 730 2470 illuc
758 2413 1197 2478 venit,rindutus,
1241 2427 1350 2467 non
1409 2411 1535 2467 licet
1570 2410 1643 2466 ibi

116 2502 312 2571 induere,
338 2506 415 2560 vel
449 2506 620 2577 loqui,
655 2509 739 2561 vel
776 2507 828 2560 in
856 2513 1182 2561 conventum
1214 2503 1438 2559 humido
1465 2503 1645 2574 capite

112 2596 268 2652 redire.
304 2598 377 2653 Ad
399 2613 596 2655 sonum
624 2598 822 2669 prioris
849 2598 1011 2668 signi,
1037 2596 1080 2652 si
1132 2593 1245 2665 jam
1276 2594 1527 2650 balneum
1561 2596 1644 2650 iu-

113 2691 257 2756 trarii,
281 2692 357 2747 vel
394 2694 562 2748 etiam
588 2692 913 2747 disealeiarc
938 2690 1127 2759 carpit,
1179 2696 1235 2743 et
1282 2698 1504 2759 prepter
1544 2688 1646 2743 hoc

111 2782 348 2851 aliquando
372 2802 537 2841 unam
565 2784 867 2856 regularem
898 2780 1469 2851 boram‘omittit,(un.
1501 2779 1641 2850 cur.)

110 2889 190 2929 Ion
213 2877 254 2932 ei
278 2878 613 2950 imputatur;
647 2878 749 2933 nisi
780 2879 976 2932 iterum
1024 2876 1092 2931 ab
1121 2889 1188 2931 eo
1220 2882 1516 2944 repetitur.
1576 2871 1587 2897 ’

640 2993 870 3051 CAPUT
911 2992 1070 3049 XLII.
1156 3012 1159 3015 ·

672 3087 865 3158 fratres
896 3103 1100 3156 pannos
1128 3102 1252 3141 suos
1287 3084 1487 3140 nouiter
1509 3083 1643 3139 lotos

713 3159 991 3230 recipiam.

159 3248 174 3269 '
196 3248 334 3306 Omni
365 3252 604 3310 sabbato
632 3261 754 3322 post
785 3265 982 3305 nouam
1009 3258 1066 3304 et
1113 3250 1167 3304 in
1216 3247 1643 3318 Quadragesima

108 3344 438 3411 post’cmnam,
470 3344 642 3414 panni
679 3342 911 3397 fratrum
943 3342 1158 3396 noviter
1181 3340 1348 3396 abluti
1372 3347 1648 3411 ponuntur

105 3430 146 3482 in
169 3432 379 3491 claustro
408 3452 578 3506 super
607 3438 909 3509 scamnum,
940 3433 1086 3505 quod
1142 3442 1225 3489 cst
1268 3447 1438 3503 prope
1485 3430 1647 3486 cella-

105 3524 231 3579 rium.
254 3527 319 3582 lbi
350 3545 455 3584 non
485 3531 641 3586 deest
678 3529 941 3599 magister
972 3528 1320 3594 novitiornm,
1355 3537 1415 3580 ut
1440 3525 1644 3589 videat,

104 3619 274 3686 nequis
294 3636 383 3690 per
427 3621 707 3678 incuriam
735 3630 830 3676 aut
863 3621 1223 3691 ignorantiam
1257 3619 1491 3690 accipiat
1513 3618 1648 3679 alios

104 3719 289 3776 pannos,
318 3726 476 3781 quam
504 3712 710 3783 quibus
758 3726 956 3767 nomen
1009 3726 1165 3766 suum
1196 3720 1276 3765 est
1306 3709 1646 3780 inscriptum.

104 3797 191 3853 lloc
210 3813 281 3857 est
304 3805 546 3861 edictum
590 3814 900 3860 nostrorum
933 3804 1175 3871 Patrum,
1199 3812 1257 3856 ut
1286 3802 1466 3857 nullus
1489 3801 1650 3856 omit-

103 3900 179 3956 tat,
199 3896 448 3953 stamineo
485 3912 593 3953 suo
616 3894 668 3952 in
693 3897 954 3952 anteriori
976 3892 1071 3951 ore
1098 3895 1425 3950 intrinsecus
1451 3908 1647 3949 nomen

101 4000 223 4043 suum
289 3993 507 4049 inscribi
564 4007 686 4047 eum
746 3991 994 4046 incausto
1040 3988 1118 4062 [id
1165 4000 1239 4043 est
1285 3985 1637 4059 atramento],

102 4080 400 4150 C'inpcrtOrio
420 4100 560 4140 vero
586 4084 885 4154 pulvinaris
916 4091 969 4139 et
999 4082 1373 4145 fentoralibus,
1399 4096 1520 4135 cum
1560 4079 1650 4135 filo

101 4171 205 4227 item
245 4176 292 4231 iu
338 4180 620 4235 anteriora
654 4222 669 4241 ,
722 4177 815 4233 sed
862 4177 1249 4237 extrinsecus-
1280 4174 1431 4229 lianc.
1469 4181 1650 4228 autem

101 4260 467 4335 inscriptionem
500 4268 731 4339 quilibet
758 4276 884 4321 ante
903 4267 1132 4338 primam
1158 4265 1243 4320 vel
1273 4264 1379 4319 alio
1408 4274 1652 4334 tempore

98 4365 198 4409 ante
217 4361 441 4424 tertiam,
474 4360 546 4415 ad
573 4358 853 4413 intervalla
885 4362 1101 4429 quoque
1129 4359 1411 4421 horarum,
1443 4364 1498 4411 et
1527 4364 1653 4411 ante

97 4455 343 4519 utramque
389 4451 749 4507 refectionem
787 4450 841 4505 in
897 4459 1164 4504 conventu
1197 4456 1373 4518 potest
1426 4447 1652 4502 licenter

96 4532 263 4602 facere,
283 4543 541 4609 quamvis
566 4556 775 4611 pannos
802 4555 906 4594 non
930 4546 1116 4609 aperte
1163 4546 1429 4592 conventu
1462 4551 1648 4593 coram

94 4631 241 4695 posito
267 4634 389 4689 illuc
441 4636 640 4689 debeat
668 4641 904 4703 portare.
936 4631 1206 4701 Acceptos
1240 4631 1423 4701 itaque
1444 4645 1652 4699 pannos

94 4717 189 4778 Sine
215 4740 354 4781 mora
383 4727 451 4781 ad
470 4727 648 4781 lectos
676 4740 803 4780 suos
823 4734 1054 4795 ponunt,
1077 4736 1132 4779 et
1161 4724 1204 4778 si
1254 4724 1457 4786 volunt,
1484 4724 1654 4779 disso-

92 4809 195 4866 lutis
221 4814 575 4873 lernoralibus
620 4816 849 4887 cingula
877 4816 1151 4881 inserunt,
1199 4831 1264 4871 ac
1294 4814 1651 4885 suspendunt.

91 4899 176 4956 50d
202 4909 509 4980 quicunque
548 4908 681 4976 vult,
713 4909 959 4978 exceptis
985 4908 1300 4978 juvenibus,
1345 4922 1442 4977 pro
1473 4906 1655 4962 chari-

92 5006 179 5052 tate
206 5001 424 5058 alterius
450 5011 884 5073 pannos-potest
930 5003 1199 5070 accipere,
1244 5010 1300 5056 ct
1326 5000 1393 5055 ad
1435 5001 1554 5071 ejus
1576 4999 1653 5057 le-

89 5094 210 5142 etum
239 5102 465 5160 ponere,
501 5093 548 5147 si
584 5092 783 5148 dormit
812 5092 865 5147 in
892 5089 1010 5157 ejus
1030 5091 1337 5146 vicinitate.

144 5180 191 5232 Si
213 5184 296 5251 qui
320 5187 389 5240 de
406 5184 621 5240 eisdem
644 5185 833 5255 pannis
858 5184 995 5238 infra
1026 5183 1384 5253 pttlsationem
1408 5182 1653 5238 omnium

86 5268 355 5341 Sigttomm,
381 5278 437 5331 in
461 5276 895 5346 Quadragesima
908 5290 1036 5329 vero
1058 5275 1124 5328 ad
1143 5273 1546 5345 percussionem
1573 5284 1655 5327 ta-

76 5357 201 5419 bul.e
228 5368 291 5421 ad
332 5370 680 5431 mandatum,
719 5369 773 5422 in
804 5368 1047 5422 claustro
1079 5375 1389 5432 remanent,
1420 5366 1520 5419 hos
1540 5379 1654 5419 ma-

84 5454 231 5523 ἕῖδιον
253 5463 552 5531 prmdictus
590 5462 823 5530 colligit.
863 5474 916 5516 et
940 5476 1103 5531 super
1139 5460 1408 5515 cancellos
1433 5457 1655 5526 capituli

81 5550 237 5614 ponit,
265 5563 323 5606 ιιι
357 5555 454 5623 qni
508 5565 634 5609 ante
684 5555 758 5609 ibi
816 5572 922 5610 non
969 5562 1149 5617 erant,
1202 5552 1283 5606 vel
1331 5565 1430 5620 pro
1477 5548 1653 5618 aliqua

82 5644 231 5705 gravi.
258 5648 621 5716 occupatione
667 5664 801 5704 suos
839 5650 1086 5718 accipere
1114 5663 1219 5702 non
1252 5653 1527 5716 poterant,
1571 5643 1653 5698 vel

80 5730 225 5787 etiam
272 5742 593 5806 quaerentes
627 5754 737 5796 non
779 5739 1151 5802 inveniebant,
1200 5736 1367 5792 ﬁnitis
1416 5734 1656 5805 vesperis

112 3083 289 3173 Quando
308 3098 349 3143 et
370 3105 521 3160 quam
536 3084 635 3142 οιΙό

144 5866 280 5934 (“03)
320 5870 373 5925 ιιι
394 5881 501 5934 est,
538 5871 831 5937 descriptos
858 5874 908 5928 in
937 5871 1200 5942 catalogo.

1736 575 1906 646 piant.
1958 575 2034 629 Illi
2078 588 2313 646 quoque,
2346 574 2437 644 qui
2476 573 2681 644 absque
2706 573 3029 630 necessitate
3054 581 3183 628 ante
3214 587 3314 629 ne-

1736 664 2044 735 glexerunt,
2076 678 2206 720 suos
2234 672 2362 719 tunc
2382 663 2680 735 accipiunt,
2714 664 2808 719 sed
2830 663 2905 717 ab
2928 662 3118 717 eodem
3150 662 3315 718 vesti-

1739 767 2048 814 mentorum
2097 757 2323 813 custode
2379 765 2660 825 notantur,
2698 757 2833 813 etin
2860 754 3204 826 capitulo,‘si
3232 765 3318 810 ta-

1726 867 1862 907 men
1915 850 2230 918 frequenter
2282 851 2386 907 hoc
2442 850 2688 917 faciunt,
2751 849 3136 905 reclamantur.
3190 848 3322 906 Post

1736 943 2148 1015 completorium
2189 958 2337 1008 vero,
2392 944 2438 999 si
2480 943 2677 1013 aliquis
2717 942 2916 998 ibidem
2960 944 3177 999 ‘vidcrit
3233 959 3323 998 re-

1737 1036 1918 1102 lictos,
1963 1036 2016 1092 in
2051 1035 2230 1091 eundo
2270 1032 2796 1100 ad'dormitorium,
2847 1034 2984 1089 tollit
3029 1047 3322 1106 portatque

1739 1130 1807 1185 ad
1855 1130 2054 1186 lectum
2097 1144 2275 1194 suum,
2303 1122 2433 1185 etin
2471 1128 2722 1199 sequenti
2742 1128 2832 1185 "die
2852 1128 3006 1198 ponit
3032 1129 3087 1183 in
3116 1129 3324 1199 capitu—

1740 1221 1873 1289 lum,
1916 1222 2059 1277 unde
2110 1219 2290 1276 nullus
2330 1216 2459 1295 suos
2501 1220 2690 1277 tollere
2716 1220 3016 1291 praesumit,
3040 1219 3143 1275 nisi
3170 1220 3322 1290 prius

1738 1313 1955 1369 veniam
1988 1311 2244 1383 petierit;
2297 1312 2345 1368 si
2392 1321 2576 1367 tamen
2630 1311 2978 1383 prmvideu'do
3025 1327 3152 1366 suos
3203 1326 3326 1367 esse

1739 1403 2076 1474 probaverit.
2120 1400 2180 1457 Si
2210 1413 2395 1459 autem
2425 1416 2558 1467 non,
2589 1410 2717 1456 sunt
2744 1401 2798 1457 in
2831 1401 3165 1472 poenitentia,
3192 1416 3327 1471 quo-

1734 1511 1858 1552 rum
1892 1496 2113 1552 nomina
2141 1496 2347 1553 eisdem
2373 1494 2714 1551 vestimentis
2733 1504 2862 1549 sunt
2884 1494 3173 1563 inscripta;
3200 1502 3327 1550 tunc

1740 1588 2072 1646 eamerarius
2115 1588 2269 1659 jussu
2309 1587 2510 1658 prioris
2554 1586 2769 1643 sublata
2793 1595 3060 1654 reservat,
3092 1595 3148 1640 ut
3174 1598 3327 1657 posto

1738 1682 1958 1738 modum
1988 1696 2052 1738 ea
2078 1680 2452 1752 quaerentibus
2485 1679 2698 1735 reddat.
3074 1702 3075 1705 η

2308 1773 2543 1830 CAPUT
2564 1773 2769 1830 XLIII.»

1970 1918 1973 1921 η
2256 1898 2261 1901 ι
2324 1865 2403 1921 De
2436 1865 2738 1922 cellerario.

1814 1958 1955 2032 (ιω.)
1977 1956 2305 2015 Cellerarius
2326 1959 2515 2013 eadem
2538 1956 3056 2029 benedictionehqna
3080 1957 3251 2028 prior,
3275 1965 3332 2012 et

1743 2051 2030 2107 ordinatur
2044 2060 2101 2107 et
2131 2050 2451 2106 absolvitur.
2467 2050 2762 2106 Ordinatus
2783 2050 2924 2107 Scire
2944 2050 3103 2106 debet
3125 2058 3330 2121 quanta

1744 2144 2059 2199 diversitate
2100 2142 2364 2198 fratribus
2412 2142 2466 2199 in
2510 2142 2802 2199 refectorio
2843 2143 2916 2199 sit
2958 2142 3327 2199 serviendum.

1744 2233 1906 2305 ('var.)
1926 2234 1982 2290 in
1999 2236 2303 2306 septimana
2325 2246 2433 2291 tres
2458 2235 2590 2298 dies,
2611 2234 2661 2290 id
2683 2243 2791 2302 est,
2821 2234 2964 2291 scire
2987 2234 3165 2297 debet,
3193 2233 3330 2290 feria

1744 2335 1939 2397 quarta
1983 2335 2038 2383 et
2080 2336 2232 2383 sexta
2285 2327 2429 2399 quod
2484 2325 2798 2397 pietantiam
2854 2324 3141 2389 habemus,
3191 2324 3332 2380 alios

1744 2425 1979 2488 quatuor
2018 2418 2296 2489 generale,
2328 2429 2383 2474 et
2414 2418 2536 2483 hoc,
2568 2417 2714 2487 quod
2759 2416 2813 2470 in
2849 2417 2938 2472 die
2968 2415 3247 2471 Dominica
3275 2423 3334 2471 et

1746 2510 1800 2565 in
1829 2510 1963 2566 feria
2013 2511 2202 2581 quinta
2227 2519 2331 2575 est,
2382 2511 2449 2565 de
2484 2509 2761 2581 piscibus;
2816 2507 2861 2562 si
2911 2517 3090 2562 tamen
3140 2505 3333 2562 haberi

1746 2612 1973 2673 possunt
1992 2621 2005 2656 :
2021 2611 2077 2658 et
2097 2602 2140 2657 si
2167 2618 2269 2657 non
2291 2609 2415 2657 sunt
2443 2600 3033 2665 olera,continuabitnr
3056 2598 3330 2670 generale.

1744 2694 1878 2750 Item
1924 2696 2353 2765 quotiescunque
2396 2693 2677 2749 duodecim
2717 2692 2976 2748 lectiones
2997 2700 3331 2762 sunt,gene-

1749 2788 1863 2843 rale
1896 2787 2181 2843 habemus.
2205 2786 2359 2852 Quod
2389 2785 2822 2856 quandocunquc
2848 2786 3009 2841 datur
3033 2785 3201 2851 aliud,
3235 2784 3334 2839 ali-

1747 2897 1908 2953 quem
1938 2883 2117 2937 cibum
2136 2897 2261 2938 cum
2288 2881 2379 2936 illo
2405 2880 2722 2937 cellerarius
2762 2882 2922 2938 debet
2964 2883 3167 2941 habere
3194 2897 3335 2954 prae-

1747 2983 2019 3044 paratum,
2066 2982 2127 3028 ut
2176 2971 2436 3030 fratribus
2486 2973 2553 3027 de
2601 2973 2838 3044 generali
2895 2974 3181 3029 comedere
3222 2988 3332 3029 non

1744 3066 2069 3133 valentibus,
2101 3074 2272 3121 ntutet
2301 3067 2474 3136 ipsum
2509 3066 2793 3136 generale.
2821 3068 2839 3088 ‘
2858 3067 2971 3122 lloc
3000 3068 3165 3122 etiam
3208 3081 3337 3137 pro-

1748 3161 1934 3215 videre
1979 3160 2157 3227 debet,
2199 3168 2258 3214 ut
2291 3175 2416 3216 cum
2456 3160 2715 3230 pietantia
2762 3161 2939 3222 datur,
2974 3160 3084 3216 sint
3130 3160 3338 3229 aliquot

1750 3252 1990 3308 scutellte
2027 3252 2101 3307 ita
2126 3264 2348 3323 paratze,
2380 3264 2437 3308 ut
2460 3253 2505 3308 si
2538 3252 2624 3308 cui
2655 3252 2754 3308 soli
2784 3261 2868 3307 est
2892 3252 3090 3315 danda,
3122 3267 3335 3307 moram

1750 3344 1973 3400 illcnou
2009 3346 2273 3417 patiatttr,
2326 3347 2453 3401 dum
2484 3346 2587 3401 sibi
2614 3345 2899 3417 pietantia,
2950 3360 3072 3414 qua:
3121 3360 3227 3399 non
3280 3346 3336 3399 in

1749 3438 1962 3494 etetcris
2002 3422 2183 3504 rebus,
2210 3438 2311 3494 nisi
2350 3438 2524 3509 pomis
2558 3445 2612 3493 et
2647 3437 2887 3494 oleribus
2911 3434 3197 3492 dividenda
3225 3444 3336 3498 est.

1750 3527 2012 3582 olleratur
2566 3538 2569 3563 ῖ

1822 3618 1960 3691 (ιω.)
1976 3619 2030 3675 ltt
2056 3619 2250 3676 talibus
2277 3619 2449 3688 festis,
2467 3628 2525 3676 ut
2548 3627 2634 3676 est
2656 3619 2938 3675 translatio
2959 3618 3014 3675 S.
3035 3618 3338 3686 Benedicti,
3358 3658 3367 3673 τ

1753 3724 2047 3785 utrumque
2099 3722 2153 3770 et
2200 3714 2453 3787 generale
2495 3724 2550 3771 et
2602 3713 2918 3786 pietantiam
2964 3714 3249 3781 habemus,
3289 3716 3341 3771 si

1753 3808 1869 3863 fieri
1912 3817 2109 3877 potest,
2155 3819 2210 3864 et
2254 3809 2414 3864 solito
2443 3808 2721 3865 meliorem
2751 3823 2967 3880 panem.
3003 3807 3162 3880 (ναν.)
3200 3807 3342 3863 Sunt

1758 3909 1813 3953 et
1879 3898 2123 3971 plerique
2190 3900 2547 3955 anniversarii
2605 3901 2762 3965 dies,
2823 3900 2915 3970 qni
2987 3899 3032 3955 si
3096 3898 3187 3953 tali
3248 3900 3343 3955 die

1753 3976 2215 4062 evenerint,'quo
2265 4007 2332 4048 ex
2372 4007 2524 4047 more
2572 3993 2732 4047 datur
2775 3991 3052 4058 pietantia,
3112 4001 3339 4061 propter

1752 4084 1848 4139 eos
1874 4098 2088 4153 quoque
2118 4091 2361 4139 mutatur
2383 4098 2505 4138 cum
2536 4081 2793 4153 generali.
2825 4082 2985 4138 Tales
3012 4083 3129 4138 dies
3164 4085 3334 4139 habet

1755 4176 2072 4232 cellerarins
2116 4176 2255 4246 apud
2296 4190 2355 4231 se
2402 4175 2550 4246 (145)
2599 4174 2971 4239 inbreviatos;
3004 4175 3099 4231 sed
3138 4175 3256 4229 illos
3280 4176 3335 4230 in

1755 4270 1953 4339 quibus
1984 4268 2319 4323 abstinemus
2358 4267 2424 4323 ab
2466 4268 2621 4337 adipe
2651 4266 2902 4337 ignorare
2931 4282 3037 4321 non
3069 4266 3251 4333 debet,
3285 4267 3341 4322 id

1755 4368 1839 4416 est
1888 4360 1941 4415 in
1974 4361 2223 4415 Adventu
2270 4358 2479 4414 Domini
2506 4401 2520 4425 ,
2552 4358 2653 4413 nisi
2686 4358 3114 4428 quotiescunque
3139 4358 3346 4415 duode-

1757 4450 1864 4507 cim
1897 4450 2164 4507 lectiones
2216 4448 2377 4515 fiunt,
2427 4458 2481 4504 et
2522 4464 2551 4504 a
2590 4448 2999 4521 Septuagesima
3051 4464 3226 4523 usque
3272 4453 3343 4507 ad

1758 4544 1969 4600 Pascha
2006 4562 2019 4599 :
2061 4553 2188 4599 tunc
2216 4557 2338 4598 cum
2366 4542 2595 4597 Alleluia
2623 4542 2898 4613 sepelitur.
2930 4546 2948 4567 ‘
2972 4542 3159 4615 Itaque
3191 4544 3343 4601 omni
3404 4604 3409 4613 ,

1758 4635 1988 4693 sabbato
2036 4622 2384 4691 collationem
2413 4631 2542 4689 facit
2573 4648 2695 4688 cum
2724 4632 2902 4704 priore
2935 4642 2988 4689 et
3017 4634 3340 4703 camerario,

1755 4736 1809 4784 et
1854 4743 1977 4784 cum
2028 4726 2150 4783 aliis
2182 4726 2248 4781 ad
2292 4726 2394 4781 hoc
2438 4726 2765 4781 necessariis
2793 4725 2858 4781 de
2887 4726 3117 4797 singulis
3149 4726 3344 4782 diebus

1754 4818 2024 4875 venientis
2069 4818 2405 4888 septimanae,
2455 4825 2514 4872 ut
2550 4816 2813 4887 quidquid
2854 4817 2908 4872 in
2957 4818 3048 4887 illo
3075 4819 3212 4874 et-in
3246 4819 3341 4875 illo

1756 4911 1842 4967 die
1873 4911 1988 4966 dari
2011 4911 2194 4976 debet,
2221 4910 2540 4980 tempestive
2563 4910 2930 4980 providentur.
2960 4911 3099 4983 (ιω.)
3132 4911 3261 4967 Item
3287 4912 3343 4966 in

1753 5003 1905 5059 brevi
1952 5003 2161 5058 notabit
2208 5018 2476 5057 summam
2526 5016 2817 5072 porcorum
2857 5010 2913 5057 et
2953 5004 3208 5069 arietum,
3247 5003 3341 5073 qui

1758 5094 2029 5150 debentur
2055 5094 2122 5150 de
2150 5094 2475 5149 obedientiis
2515 5093 2652 5159 suis,
2709 5103 2767 5149 ut
2809 5093 3096 5149 confestim
3122 5094 3190 5148 de
3239 5094 3341 5147 hoc

1756 5188 2109 5257 qutestionem
2132 5195 2365 5251 moveat,
2392 5188 2434 5243 si
2462 5188 2591 5258 quid
2617 5203 2713 5259 per
2736 5186 3001 5243 incuriam
3027 5185 3096 5240 de
3116 5199 3329 5239 summa

1758 5292 1952 5333 eorum
1995 5277 2312 5349 cujusquam
2364 5279 2746 5334 obcdientiarii
2804 5277 3053 5337 decedat.
3094 5274 3176 5330 Ab
3224 5276 3340 5345 ipsa

1756 5384 1974 5439 quoque
2008 5369 2274 5425 eellerarii
2298 5371 2603 5425 obedientia
2638 5369 2876 5439 pendent
2908 5368 3102 5438 aliqum
3138 5366 3340 5423 villula)

1758 5460 1813 5515 in
1843 5462 2023 5518 vicino
2047 5477 2203 5532 aqua:
2236 5463 2446 5533 positae.
2485 5462 2644 5532 (mn)
2682 5461 2755 5515 De
2787 5461 2872 5516 his
2899 5461 3071 5531 pascit
3102 5459 3342 5515 caballos

1758 5570 1914 5621 suos;
1956 5556 2027 5611 ibi
2061 5565 2305 5611 moratur
2331 5556 2508 5625 pisces
2542 5563 2980 5625 comparaturus,
3016 5552 3099 5609 vel
3125 5553 3344 5625 ingenia

1756 5652 2091 5710 ‘strucutrns,
2128 5647 2324 5715 quibus
2352 5645 2528 5716 pisces
2559 5645 2872 5716 capiuntur.

1756 5766 1757 5769 η
1836 5738 1891 5795 Si
1934 5738 2057 5809 quis
2105 5737 2351 5793 fratrum
2395 5738 2530 5795 adeo
2570 5747 2656 5795 est
2702 5736 2974 5807 infirmus,
3020 5747 3079 5795 ut
3109 5739 3176 5796 de
3204 5737 3344 5796 lectu
