3886 6308
98 348 208 409 1105

1080 336 1504 419 εεοκδτιτυτ.
1543 334 1870 392 inustus.
1909 312 2129 392 —'-t.te.
2168 337 2235 391 uti

3161 338 3216 395 [1
3229 338 3301 395 σο

98 464 213 517 ninia
237 466 400 512 tamen
431 450 788 510 sollicitudine
828 448 1004 505 studet
1038 464 1133 519 per
1160 464 1256 505 eos
1286 449 1433 514 lapsa
1465 450 1612 503 clau-
1638 454 1691 510 Α
1790 448 1914 503 llaec
1945 460 2020 503 cst
2072 462 2246 504 autem
2293 450 2611 519 psalmodia,
2672 466 2791 521 qua:
2848 460 3099 506 cantatur
3160 451 3304 507 inter

97 558 171 604 stri
198 553 317 601 tecta
347 542 583 608 reficere,
607 551 661 595 et
687 555 914 611 quaeque
939 539 1020 594 vel
1048 554 1143 610 pcr
1160 538 1367 608 ipsum,
1406 538 1487 592 vel
1518 553 1615 608 per

96 639 226 694 alium
244 635 533 689 admonitus
555 633 719 697 novit,
732 648 797 686 ex
822 647 917 685 sua
934 630 1238 685 obedientia
1265 629 1492 683 fratrum
1512 626 1619 695 usi-_

93 728 220 784 busin
237 726 454 781 claustro
476 722 753 794 profutura
775 721 1048 776 ferventer
1065 727 1119 774 et
1141 719 1389 784 indilate,
1404 726 1616 788 postpo-

93 813 193 877 sitis'
218 816 580 882 exterioribus,
613 814 893 870 exhibere.
940 811 1023 867 Ad
1067 813 1489 882 perpetrandum
1518 825 1621 863 au-

93 924 174 967 tem
197 910 295 965 hac
314 909 485 965 omnia
536 924 565 960 a
593 906 876 963 cellerario
906 905 1070 960 habet
1100 919 1327 974 quaeque
1355 903 1457 957 sibi
1487 910 1616 957 sunt

91 1002 365 1059 necessaria.
423 996 596 1064 lluic,
647 999 789 1052 sicut
812 1005 868 1051 et
910 996 1126 1051 caeteris
1172 976 1611 1060 obedientiariis,

90 1094 261 1165 quando
286 1107 495 1148 necesse
523 1093 710 1160 habet,
754 1106 911 1159 mane
939 1091 1004 1146 de
1033 1090 1269 1145 claustro
1290 1090 1439 1145 exire
1467 1090 1610 1154 licet,

91 1193 285 1255 tenipore
318 1184 543 1254 hyemali
584 1200 707 1237 mox
757 1183 906 1237 finita
955 1181 1140 1235 litania
1183 1180 1519 1235 diurnalibus
1554 1196 1614 1236 so

91 1275 294 1341 caleiare,
335 1275 511 1330 lavare
548 1285 605 1329 et
652 1285 893 1344 pectere,
934 1274 1120 1343 sicque
1149 1273 1215 1327 ad
1241 1273 1613 1328 obedientiam

87 1384 204 1422 suam
225 1368 384 1434 exire;
414 1368 505 1423 sed
532 1378 714 1438 postea
741 1377 848 1421 tam
878 1367 1196 1437 tempestive
1224 1367 1384 1419 debet
1409 1366 1608 1431 redire,

88 1470 255 1515 utcunt
299 1472 555 1540 (-ouveutu
600 1476 738 1530 aqua
797 1460 1082 1515 benedicta
1139 1475 1395 1527 aSpersus
1445 1459 1612 1529 poSsit

88 1554 220 1608 tribus
244 1554 564 1609 orationibus
594 1554 881 1606 interesse.

572 1642 802 1698 CAPUT
844 1642 1025 1698 XLVII

604 1736 682 1790 ﬂe
709 1737 1011 1790 hortatum.

132 1823 253 1896 fon.)
287 1825 385 1881 Sed
410 1835 464 1881 et
493 1827 813 1882 hortulanus
835 1826 1119 1881 cellerario
1145 1827 1299 1880 debet
1334 1840 1454 1879 esse
1479 1826 1601 1880 sub-
1646 1861 1684 1916 θ

82 1919 232 1985 iectus,
261 1920 380 1973 utsi
406 1920 532 1989 quid
559 1919 723 1974 fuerit
755 1920 809 1973 in
846 1921 1025 1984 horto,
1059 1920 1201 1988 quod
1232 1919 1347 1987 ipse
1380 1919 1611 1973 voluerit

87 2009 135 2059 ad
156 2009 398 2063 servitimu
425 2009 681 2076 fratrum,
718 2012 1044 2065 obedienter
1069 2011 1265 2064 habt-at
1304 2011 1372 2063 ab
1404 2010 1512 2063 illo.
1549 2009 1606 2064 Si

87 2100 177 2166 quis
225 2099 433 2155 fratrum
485 2101 556 2155 ab
604 2119 670 2157 eo
716 2102 921 2173 aliquid
974 2103 1080 2158 tale
1135 2104 1200 2156 de
1259 2104 1611 2158 nascentibus

88 2191 193 2244 bOI'll
238 2194 451 2262 postulat
483 2212 584 2266 pro
615 2195 937 2252 infirmitate
982 2197 1187 2267 aliqua,
1231 2198 1332 2253 hoc
1364 2214 1470 2251 non
1506 2198 1608 2256 nisi

91 2295 184 2334 cum
212 2284 460 2341 cellerarii
512 2287 731 2343 licentia
780 2289 942 2343 debet
977 2290 1025 2343 ei
1073 2290 1405 2361 impendere.
1441 2292 1458 2308 ‘
1510 2290 1609 2345 Cui

86 2377 198 2429 nullo
225 2377 366 2447 modo
393 2388 479 2433 est
503 2395 844 2447 concessum,
880 2380 1023 2452 (υυ.)
1070 2392 1128 2437 ut
1159 2398 1398 2454 unquam
1442 2384 1608 2437 nteri-

89 2466 256 2523 dianam
283 2470 460 2525 horam
494 2474 799 2545 regularem
839 2477 1038 2531 audeat
1066 2477 1456 2547 supersedere,
1507 2478 1609 2534 nisi

82 2564 311 2627 aliquando
340 2554 518 2621 inuno
550 2568 639 2622 die
676 2568 747 2622 sit
773 2568 820 2622 ei
853 2585 1050 2638 magna
1111 2570 1412 2625 necessitas
1439 2586 1612 2625 rema-

87 2655 208 2708 nendi
234 2674 246 2710 :
275 2667 391 2715 tunc
433 2659 710 2715 licentiam
741 2676 769 2714 a
796 2661 976 2731 priore
1016 2663 1231 2733 quan'it.
1260 2667 1276 2686 ‘
1306 2663 1450 2718 idem
1485 2680 1609 2719 cum

87 2744 235 2800 \‘idcrit
276 2764 422 2817 poma
470 2763 686 2807 matura
739 2768 899 2821 esse,
950 2762 1007 2809 et
1055 2753 1275 2810 inutiles
1325 2756 1523 2811 herbas
1556 2755 1610 2809 in

85 2832 203 2889 horto
239 2842 547 2906 excrevisse,
603 2844 763 2899 debet
806 2846 974 2916 priori
1029 2850 1410 2915 innotescere;
1471 2849 1611 2904 sicut

87 2927 435 2996 ettrllerarius,
483 2934 526 2989 si
565 2950 813 3000 necesse,
867 2936 1021 2992 fabas
1071 2954 1238 2995 novas
1268 2940 1333 3013 de
1361 2939 1633 3009 folliculis

88 3018 169 3070 suis
192 3038 408 3092 egerere,
445 3039 502 3080 ιιι
533 3027 648 3081 sive
680 3027 747 3082 a:l
772 3028 1084 3086 evellendus
1128 3032 1352 3098 herbas,
1393 3034 1506 3087 sive
1542 3036 1612 3090 ad

86 3112 327 3182 colligenda
357 3132 509 3187 poma
554 3121 728 3199 ipsius
760 3122 917 3191 jussu
948 3124 1123 3192 prima
1156 3124 1208 3179 in
1240 3126 1491 3195 sequenti
1520 3127 1610 3182 die

86 3207 395 3273 tempestivius
424 3211 693 3279 pulsetur,
744 3224 798 3269 et
840 3214 1142 3285 psalmodia
1172 3216 1223 3271 in
1248 3217 1478 3287 idipsum
1507 3218 1606 3273 dif-
1635 3222 1680 3282 C

84 3291 270 3365 feratur;
294 3301 380 3357 sed
411 3319 691 3374 tamquam
726 3313 905 3360 tamen
937 3308 1067 3376 quid
1090 3307 1401 3377 lmjusmodi
1427 3310 1609 3380 operis

84 3396 103 3433 η
130 3395 218 3440 toto
255 3403 507 3448 conventu
556 3394 755 3464 agitur,
808 3396 912 3450 nisi
956 3396 1279 3468 regulariter
1300 3400 1605 3455 ordinetur.

86 3474 126 3529 Si
158 3483 341 3544 quando
386 3496 568 3543 autem
624 3489 727 3544 tale
774 3490 905 3561 quid
942 3500 1026 3546 est
1071 3492 1360 3561 agendum,
1407 3494 1472 3549 ad
1508 3494 1611 3550 hoc

83 3568 251 3631 ‘lu'tlcm
297 3576 358 3631 de
404 3570 708 3648 conversis,
759 3590 979 3653 rogante
1024 3583 1306 3640 cellet‘ario
1349 3585 1611 3655 jubentnr

81 3655 211 3748 neue
235 3669 520 3724 matutinali
555 3671 752 3739 missa,
796 3673 886 3728 vel
926 3676 1163 3748 capitulo
1193 3692 1246 3732 ιιι
1278 3676 1611 3732 auditorium

82 3743 322 3818 hospitum.
369 3762 482 3818 sive
524 3763 582 3819 in
616 3763 783 3823 alium
819 3764 999 3824 locum
1033 3768 1341 3839 hujusmodi
1370 3769 1608 3827 claustro

78 3846 376 3925 mutuum;
418 3872 678 3917 ettamen
723 3864 847 3918 dum
886 3861 975 3916 tali
1006 3862 1155 3931 operi
1197 3863 1475 3928 insistunt,
1503 3864 1607 3919 nisi

79 3954 247 4004 qtiando
276 3952 445 4006 tabula
477 3955 544 4009 ad
577 3955 901 4024 loquendum
929 3954 1249 4024 percutitur,
1280 3954 1501 4011 omnino
1527 3955 1607 4011 eis

78 4028 184 4101 ¹⁰⁴Ι¹ιῖ
212 4056 305 4119 non
330 4045 678 4115 permittitur.

563 4133 793 4189 CAPUT
843 4132 1070 4189 XLV’lll.

185 4216 251 4274 De
271 4239 413 4291 apere
444 4242 729 4291 manuum,
759 4224 987 4295 qualiter
1014 4224 1328 4297 regulariter
1348 4228 1463 4297 ﬁat.

130 4308 145 4325 '
176 4309 395 4375 Qualiter
428 4328 613 4373 autem
655 4334 792 4389 opus
824 4334 1085 4373 manumn
1126 4320 1448 4389 regulariter
1492 4319 1607 4386 fiat,

78 4406 121 4450 ut
159 4401 245 4458 ItOC
281 4408 438 4463 etiam
493 4410 736 4479 digeram
788 4411 841 4465 in
883 4411 990 4477 die,
1037 4427 1145 4480 quo
1180 4411 1448 4482 agendum
1502 4398 1639 4476 est,~

76 4483 183 4542 illfco
207 4502 258 4547 ut
284 4494 471 4555 fratres
503 4500 864 4569 surrexerint,
897 4499 1055 4557 factis
1080 4501 1442 4570 orationibus,
1475 4514 1607 4557 nutu

1718 541 2076 611 opera'ndum.
2108 542 2351 595 Primum
2382 558 2501 611 qua:
2546 544 2806 598 remansit
2839 552 2960 612 post
2994 544 3226 613 primam
3247 552 3304 598 et

1717 642 1838 702 post
1864 632 2187 702 capitulum.
2214 632 2400 686 Postea
2450 648 2639 687 «mines
2669 634 2943 703 regulares
2974 634 3121 693 horae
3150 649 3314 689 more.

1716 726 2127 779 canonicorum.
2162 724 2305 779 Inter
2329 723 2482 792 cujus
2522 722 2689 778 etiam
2722 740 2913 793 preces
2958 723 3305 795 sulijungitur

1718 817 1982 887 psalmus,
2027 816 2196 871 Verba
2247 834 2384 879 mea,
2416 827 2469 872 et
2522 826 2725 886 septem
2776 816 2971 885 psalmi
3026 832 3123 886 per
3169 816 3305 871 alias

1718 912 1902 975 horas,
1923 910 2117 965 divisio
2144 927 2158 972 ς
2197 920 2306 964 tres
2336 910 2423 979 qui
2454 918 2735 964 remanent
2765 906 2922 961 sin-.ul
2954 909 3094 963 inter
3116 922 3306 979 preces

1715 1000 2068 1072 Completorii
2092 1001 2363 1055 dicuntur.
2397 1000 2463 1055 Et
2492 1001 2665 1069 ipsum
2695 998 3125 1067 Completorium
3163 1014 3303 1069 ιη’-,ει

1714 1095 1879 1151 cedit.
1919 1093 2137 1163 Vesperi
2168 1108 2265 1161 pro
2314 1092 2561 1148 fidelibus
2603 1091 3315 1155 defunctis.,Anneetuntur

1715 1187 1926 1257 psalmi,
1956 1186 2043 1256 qui
2070 1185 2245 1241 solent
2269 1185 2376 1240 dici
2405 1201 2503 1255 pro
2535 1185 2896 1251 fttlllilial'iblls
2919 1193 3035 1256 post
3067 1184 3305 1247 tertiam,

1714 1288 1769 1332 et
1793 1286 1916 1348 post.
1940 1278 2073 1332 duas
2096 1277 2261 1331 horas
2289 1285 2595 1346 sequentes.
2630 1277 2685 1331 Si
2715 1277 2887 1330 visum
2914 1275 3079 1331 fuerit
3105 1274 3305 1327 domno

1717 1372 1924 1431 abbati,
1982 1381 2041 1425 ut
2092 1371 2327 1440 amplius
2380 1379 2694 1437 operentur,
2751 1368 3041 1437 ampliatur
3087 1382 3306 1436 quoque

1717 1462 2016 1531 psaltttodia
2056 1463 2119 1516 de
2151 1462 2384 1531 psalmo,
2433 1462 2515 1537 Ad
2549 1462 2825 1525 Dominum
2856 1477 2971 1514 cum
3023 1460 3307 1514 tiilmlorer

1715 1569 1886 1624 nsque
1907 1555 1974 1608 ad
2005 1556 2167 1608 linem
2191 1554 2461 1617 Psaltorii,
2510 1563 2563 1607 et
2614 1563 2739 1608 tunc
2770 1555 2934 1615 etiam
2971 1571 3001 1607 a
3040 1553 3306 1622 principio

1713 1646 1975 1718 psalterii,
2034 1646 2219 1701 Gloria
2261 1645 2415 1708 Patri
2464 1653 2584 1716 post
2636 1654 2750 1700 tres
2799 1646 3039 1716 psalmos
3089 1660 3309 1713 semper

1715 1738 2058 1809 interposito.
2097 1738 2294 1809 Verum
2333 1737 2501 1791 finitis
2562 1737 2683 1792 istis
2736 1738 2959 1808 psalmis
2992 1753 3091 1808 pro
3141 1735 3319 1795 fami-_

1715 1829 1960 1889 lEaribus.
1986 1837 2168 1898 postea
2192 1829 2421 1883 domnus
2458 1829 2616 1894 abba,
2640 1847 2762 1886 cum
2790 1831 3023 1900 primum
3050 1829 3321 1895 voluerit,

1715 1921 1891 1975 innuit
1930 1919 2191 1975 fratribus
2233 1922 2300 1975 ab
2345 1936 2509 1990 opere
2541 1936 2781 1985 cessare,
2829 1930 2884 1976 et
2929 1922 2996 1976 ad
3040 1937 3100 1976 se
3131 1921 3314 1990 magis

1713 2013 2056 2084 appropiarc.
2096 2012 2257 2067 lubet
2285 2022 2341 2067 ut
2371 2014 2575 2084 aliquid
2632 2014 2703 2067 ibi
2749 2014 2982 2083 legatur,
3012 2012 3173 2067 citius
3220 2021 3325 2071 ta-,

1716 2120 1836 2157 men
1868 2104 2203 2170 finiendum;
2234 2104 2361 2173 quia
2419 2105 2534 2173 ipse
2588 2104 2668 2158 vel
2701 2104 2840 2159 alius
2866 2120 2931 2159 eo
2970 2103 3196 2172 iubente
3219 2104 3323 2167 fa-_

1711 2208 1900 2249 c1urus
1931 2205 2014 2249 est
2065 2195 2191 2248 inde
2247 2210 2558 2251 sermonem
2592 2210 2608 2261 ;
2643 2196 2819 2250 ethoc
2846 2204 2931 2250 est
2958 2195 3196 2249 ittaxinie
3237 2196 3311 2250 de

1714 2287 1821 2339 vita
1853 2285 2024 2341 vclde
2047 2286 2429 2342 collationibus
2471 2287 2717 2352 Patrum,
2760 2288 2903 2357 quod
2929 2286 3161 2341 aedificet
3206 2302 3303 2340 au-

1713 2379 1938 2434 dientes.
1954 2377 2070 2445 Quo
2090 2380 2260 2447 finito,
2286 2381 2479 2436 iterum
2505 2379 2753 2450 imposita
2778 2380 3102 2450 psalmodia,
3120 2395 3325 2441 revero,

1715 2482 1901 2526 tuntur
1930 2488 2037 2527 non
2068 2471 2331 2529 facientes
2371 2483 2506 2549 ante
2549 2482 2604 2529 et
2632 2483 2799 2528 retro.
2842 2471 3016 2540 Quam
3042 2481 3098 2526 ct
3125 2472 3315 2541 pueri,

1713 2566 1756 2620 si
1791 2566 1845 2620 in
1873 2565 1992 2621 loco
2013 2575 2161 2632 sunt,
2196 2567 2311 2622 sive
2354 2566 2604 2635 juvenes,
2634 2582 2757 2621 cum
2790 2567 3024 2637 primum
3078 2564 3301 2620 claustri

1713 2656 1877 2711 limen
1900 2658 2205 2729 attigerint,
2230 2658 2425 2714 altiore
2449 2674 2581 2714 voce
2627 2658 2825 2722 levant,
2858 2673 2959 2715 nec
2986 2658 3302 2729 priusquam

1714 2760 2015 2805 conventus
2049 2760 2175 2805 ante
2215 2750 2517 2822 capitulum
2568 2752 2855 2817 consistat,
2905 2751 3321 2813 contieescunt,.

1714 2842 1916 2898 domno
1974 2842 2173 2898 abbate
2230 2844 2623 2914 pronuntiante
2683 2859 2902 2898 versum
2962 2843 3327 2913 Adjutorium:

1714 2948 1971 3001 nostrum,
2002 2935 2209 2991 faciunt
2227 2952 2419 2991 omnes
2443 2948 2570 2991 ante
2592 2945 2843 3011 eti-clm,
2867 2944 2923 2990 et
2952 2935 3151 3005 iterum
3174 2948 3309 3004 prae-

1714 3029 1879 3084 misso
1910 3028 2225 3091 Beuedicite,
2254 3028 2531 3098 accipiunt
2574 3028 2851 3083 licentiam
2897 3026 3175 3096 loquendi,
3206 3024 3313 3079 sed.

1712 3123 1865 3194 prius
1892 3122 2017 3179 lotis
2049 3124 2303 3179 manibus
2348 3123 2517 3179 libros
2568 3123 2871 3195 accipiunt,
2896 3137 3062 3193 quam
3097 3119 3331 3191 aliquid.

1712 3218 2025 3288 loquantur.

1753 3312 1928 3383 Ergo
1976 3326 2116 3367 noua
2173 3326 2390 3382 quoque
2441 3310 2616 3383 magis
2650 3326 2816 3380 .quam
2863 3310 2915 3383 in
2960 3307 3081 3364 aliis
3114 3304 3327 3363 diebus.

1714 3406 2072 3461 acceleratur.
2101 3403 2396 3474 Postquam
2423 3412 2645 3459 ventum
2677 3404 2842 3458 fuerit
2888 3403 2958 3457 ad
2990 3403 3183 3456 horam
3223 3399 3304 3454 Io-

1712 3499 1937 3568 quendi,
1975 3512 2166 3553 rursus
2198 3498 2266 3552 ad
2294 3512 2432 3567 Opus
2474 3512 2735 3551 manuum
2768 3496 2849 3550 ire
2882 3494 3313 3565 compellantur.

1713 3588 1841 3646 llaec
1884 3598 1969 3646 est
2017 3587 2343 3660 psalmodia.
2392 3602 2555 3657 quam
2607 3596 2735 3642 tunc
2772 3586 3131 3642 adoriuntur.
3175 3583 3306 3640 Post

1712 3681 1854 3737 Deus
1879 3682 2096 3737 auribus
2125 3680 2321 3752 psalmi
2373 3679 2695 3746 familiares,
2724 3680 2816 3751 qui
2872 3680 3012 3736 infra
3049 3693 3313 3750 vesperos

1711 3788 1778 3829 ex
1806 3788 1957 3828 more
1983 3774 2257 3839 dicuntur,
2300 3772 2356 3828 id
2387 3780 2473 3829 est
2507 3771 2732 3828 Domine
2761 3773 2954 3827 exaudi
2984 3772 3301 3826 orationem.

1712 3865 2039 3922 Benedixisti
2059 3882 2185 3923 cum
2206 3865 2434 3937 reliquis
2459 3866 2578 3923 sine
2608 3864 2939 3936 appenditio,
2962 3864 3172 3932 vesperi
3204 3880 3309 3933 pro

1713 3959 1963 4016 fidelibus
1989 3957 2451 4017 defunctis..Cum
2484 3967 2667 4016 autem
2718 3957 2953 4015 ofﬁcium
2986 3972 3083 4027 pro
3103 3955 3302 4014 «ιω-ιω.

1713 4052 1816 4115 etis
1838 4053 2044 4122 absque
2075 4051 2343 4109 Matutino
2392 4053 2477 4120 fit,
2507 4068 2724 4122 semper
2772 4053 2838 4107 ad
2872 4061 3087 4107 noctem
3120 4065 3300 4106 resero

1710 4152 1909 4199 vantur
1961 4160 2085 4200 cum
2162 4130 2327 4200 Verba
2371 4160 2511 4210 mea,
2562 4146 2608 4199 si
2664 4144 2864 4198 habent
2908 4141 3300 4197 tricenariunt:

1713 4222 1902 4306 postea
1926 4236 2215 4299 inchoatur
2238 4235 2671 4307 psalmodia,ubi
2701 4234 2870 4305 priori
2916 4232 3033 4287 vice
3076 4230 3298 4285 dimissa

1714 4336 1816 4382 est.
1851 4325 2144 4396 Postquam
2169 4326 2375 4393 reversi
2405 4325 2775 4389 consederint,
2801 4338 2864 4377 ea
2888 4322 3004 4376 vice
3025 4320 3304 4391 prannisso

1717 4417 2067 4485 Beuedicite,
2100 4431 2283 4473 sermo
2334 4417 2515 4487 agitur
2570 4414 2625 4470 in
2675 4414 2937 4480 claustro,
2993 4411 3144 4467 scilla
3176 4419 3304 4467 ante

1714 4507 2010 4578 Capitulum
2057 4523 2337 4579 percussa.
2379 4507 2423 4560 A
2464 4521 2571 4576 qua
2600 4515 2926 4576 exurgentes
2965 4510 3018 4557 et
3048 4510 3176 4559 tunc
3215 4502 3305 4557 tle-

76 4577 229 4642 prioris
247 4587 484 4655 pulsatur
519 4590 589 4644 ad
639 4591 897 4662 primatu,
950 4608 1112 4663 qttam
1165 4591 1389 4663 psalmis
1440 4593 1609 4647 inter-
1645 4597 1688 4652 D
1716 4577 1866 4654 nium
1894 4609 2016 4653 ante
2041 4577 2090 4654 et
2121 4609 2258 4654 retro
2310 4598 2599 4662 facientes,
2626 4596 2825 4651 domno
2867 4596 3063 4650 abbate
3096 4610 3161 4650 ex
3192 4603 3310 4649 toto

74 4668 216 4727 tuissis
251 4677 354 4731 sola
402 4681 652 4750 sequitur
695 4681 885 4737 litania
928 4683 1204 4753 missaque
1253 4682 1605 4738 malulinalis.

73 4756 328 4850 Capituluu‘.
372 4790 591 4846 quoque
640 4776 763 4848 plus
813 4778 1119 4841 breviatur,
1171 4793 1334 4850 quam
1386 4777 1439 4832 in
1488 4776 1610 4832 aliis

74 4849 319 4949 (ξξυξιυεζρι
349 4864 774 4938 ιιιοιιροιέιιεεέι
804 4869 1007 4936 tabula,
1038 4880 1091 4925 et
1128 4849 1407 4941 praemisso
1440 4867 1607 4924 [δεηε-

70 4936 194 4999 dicite
233 4946 483 5012 Dominus
516 4936 664 5014 “abba
711 4959 1068 5029 pronuntiat,
1121 4936 1320 5015 fiamus
1373 4959 1443 5013 ad
1477 4978 1607 5030 opus

72 5046 298 5123 viantium.
344 5047 642 5119 lmponitur
687 5048 1010 5123 psahnodia,
1063 5070 1182 5124 qua:
1218 5062 1338 5124 post
1374 5053 1607 5123 primaut

72 5130 490 5222 .CStpintermissa.
539 5145 800 5202 Incedunt
840 5165 964 5203 cum
1007 5149 1372 5219 proccssionc,
1426 5148 1498 5203 ita
1553 5158 1612 5204 ιιι

70 5220 269 5308 iuniores
315 5233 422 5287 sint
471 5238 651 5305 primi,
702 5240 916 5308 priores
966 5240 1162 5295 ultimi.
1212 5242 1343 5295 (lunt
1386 5250 1608 5296 ventum

72 5304 205 5369 fuerit
240 5320 302 5375 ad
344 5322 517 5381 locum
549 5332 828 5399 operandi,
863 5333 1000 5387 versi
1033 5349 1225 5389 intincs
1254 5335 1320 5388 ad
1343 5335 1607 5389 orientem

73 5411 148 5501 hct"
167 5410 387 5469 ordinem
414 5420 739 5476 consistunt.
784 5423 867 5478 Ad
918 5424 1079 5478 finem
1126 5425 1283 5479 unius
1309 5425 1501 5495 psalmi
1526 5425 1607 5479 fa-

74 5500 198 5553 ciunt
233 5517 349 5562 ante
387 5520 444 5567 et
482 5522 649 5578 retro,
695 5500 751 5570 et
780 5515 978 5572 domno
1002 5517 1197 5572 abbate
1223 5519 1610 5586 pronuntiante

80 5589 183 5692 illnc
219 5598 350 5657 dicto
397 5621 550 5663 versu
581 5627 593 5662 :
628 5609 769 5666 Deus
799 5612 853 5665 in
895 5610 1225 5682 adjutorium
1266 5628 1436 5666 meum
1467 5627 1483 5664 :
1513 5612 1611 5668 Su:-

77 5693 233 5746 qtutur
274 5706 287 5743 :
336 5693 499 5768 Hyrie
546 5704 757 5759 eleison.
818 5703 981 5761 Pater
1038 5714 1233 5760 noster.
1270 5706 1611 5777 Adjutmium

80 5788 299 5918 ἳοδξηιηι-
348 5788 506 5849 Facta
545 5813 731 5854 rursus
775 5799 1146 5869 inclinatione,
1191 5801 1453 5874 incipiunt
1488 5817 1608 5873 0pc-

102 5880 190 5918 an.

102 5880 190 5928 an.

1716 4692 2122 4760 pronuntiante,
2186 4700 2312 4746 tunc
2359 4690 2503 4746 dicto
2552 4690 2655 4745 hoc
2696 4704 2875 4753 versu,
2907 4687 3219 4742 Benedictus
3249 4703 3305 4740 es

1715 4783 1962 4850 Domine,
2014 4783 2262 4853 sequitur
2326 4782 2490 4855 Hyrie
2533 4782 2727 4837 eieison
2770 4797 2891 4836 cum
2944 4778 3303 4835 familiaribus

1716 4875 2050 4947 appendiciis
2079 4874 2422 4945 Adjutorium
2476 4885 2733 4929 nostrum.
2790 4873 2853 4928 Et
2906 4872 3053 4929 facto
3097 4882 3223 4927 ante
3251 4885 3306 4927 et

1715 4978 1862 5022 retro
1910 4969 2098 5023 dicunt
2144 4966 2469 5034 Beuedicite,
2512 4976 2571 5023 et
2624 4967 2703 5022 sic
2746 4965 2905 5020 datur
2951 4965 3169 5020 licentia
3222 4963 3302 5018 lo-

1712 5058 1933 5127 qucndi.

1788 5150 1856 5205 Et
1883 5151 2011 5220 quia
2055 5159 2143 5206 est
2188 5151 2549 5216 consuetudo,
2602 5156 2662 5204 ut
2705 5162 2869 5218 opere
2924 5146 3068 5200 facto
3096 5144 3300 5204 bibant.

1714 5254 2000 5315 postquam
2036 5244 2249 5315 pulsato
2293 5245 2450 5312 signo
2492 5246 2559 5298 ad
2590 5256 2869 5313 vesperam
2897 5237 3125 5293 fecerint
3155 5238 3304 5290 ordi-

1714 5351 1839 5392 nem
1872 5336 1941 5391 ab
1972 5336 2158 5406 aliquo
2185 5336 2374 5400 fratre,
2400 5335 2486 5390 cui
2539 5337 2643 5390 hoc
2668 5334 2820 5403 prior
2862 5328 3110 5399 iujunxit,
3154 5344 3302 5400 cym-

1714 5427 1836 5483 balo
1860 5442 2121 5498 percusso
2146 5429 2347 5483 vadunt
2375 5428 2425 5482 in
2452 5424 2798 5481 refectorium
2815 5423 3020 5477 bibere.
3041 5421 3104 5475 Et
3122 5434 3306 5475 sucu-

1715 5521 1872 5587 dum,
1921 5521 2049 5592 quia
2077 5522 2296 5591 quando
2340 5521 2444 5575 hoc
2490 5518 2803 5588 contigerit,
2854 5525 3040 5586 postea
3095 5528 3304 5583 nequa-

1714 5613 2271 5686 quam,utalioquiu,
2304 5613 2480 5667 solent
2506 5613 2691 5667 bibere
2742 5612 2879 5668 infra
2934 5608 3301 5666 coilationetn.

1714 5708 1868 5775 Quod
1919 5707 1963 5763 si
2014 5722 2121 5760 non
2169 5703 2465 5760 nisiscmel
2512 5712 2846 5773 operantur,
2881 5713 3008 5757 tunc
3037 5716 3307 5758 sermonis

1716 5801 1866 5853 locus
1890 5809 1974 5853 est
1999 5798 2053 5855 in
2083 5796 2321 5851 claustro
2367 5804 2421 5851 et
2451 5811 2620 5864 usque
2672 5798 2738 5850 ad
2765 5795 3076 5849 Benedictus
3106 5812 3159 5849 es
3192 5810 3300 5848 non

1718 5892 2008 5955 differtur;
2041 5891 2135 5949 sed
2168 5890 2400 5947 strictim
2458 5890 2673 5959 dicitur,
2723 5891 3005 5961 praemissa
3053 5905 3116 5945 ac
3174 5888 3301 5943 sub-
