3886 6308
526 320 669 377 ne:
999 396 1008 401 _
1598 320 1665 388 εξ
1704 320 2078 393 cmLLELut

2218 339 2411 399 BATIS
2448 337 2767 399 lilRSAUG.
3656 342 3765 401 nos

524 436 717 506 juncta
772 438 930 493 sotita
967 432 1358 495 oineliaatiotée.
1412 439 1476 495 Et
1528 443 1571 497 si
1617 444 1836 515 quando
1891 445 2019 499 fient
2062 460 2114 498 tn
2145 451 2189 503 A
2220 453 2405 514 potum
2434 456 2489 502 et
2521 442 2745 511 caetera,
2773 457 2893 515 qua:
2922 445 2985 498 ad
3015 445 3160 516 ipsos
3196 449 3494 518 pertinent,
3532 453 3767 516 ministra.

527 528 778 599 sequenti
844 540 1002 586 nocte
1050 533 1335 589 duodecim
1396 533 1658 590 lectiones
1686 576 1703 601 ,
1754 535 1979 590 minime
2027 535 2112 591 bis
2191 525 2296 587 're.
2324 533 2488 589 Lecto
2516 533 2738 605 majoris
2766 533 2943 589 missa:
2982 532 3297 608 Ev.ngelio,
3323 550 3512 609 potum
3536 545 3766 616 pcrjusli.

521 629 859 692 eperantur.~

542 730 557 759 ’⁸
1104 769 1329 837 CAPUT
1373 769 1555 825 xux.

991 882 1067 938 De
1095 885 1431 956 refectoran'a
1474 885 1645 957 (155).

593 994 676 1049 Ad
712 992 1067 1051 refectorium
1091 1007 1217 1053 sunt
1256 1001 1379 1054 dum
1418 999 1624 1064 claves,
1674 1015 1902 1070 quarum
1945 1015 2111 1055 unam

521 1091 742 1156 semper
769 1086 935 1142 habet
969 1087 1309 1155 cellerarius,
1338 1097 1394 1142 ut
1438 1090 1482 1144 si
1526 1089 1666 1145 forte
1694 1088 1890 1158 aliquis
1943 1091 2119 1143 frater

521 1190 623 1247 pro
645 1177 821 1248 aliqua
845 1193 1010 1234 causa
1037 1181 1273 1235 nondum
1322 1180 1686 1251 Complctorio
1717 1191 1937 1237 cantato
1979 1193 2031 1235 et
2063 1181 2108 1235 si

522 1270 676 1339 prior
722 1286 783 1325 se
839 1272 1145 1336 collocavit,
1200 1272 1357 1343 (vim)
1399 1289 1520 1327 cum
1558 1273 1798 1343 ejusdem
1843 1274 2109 1329 cellerarii

522 1363 742 1419 licentia
766 1364 973 1428 bibere,
1002 1363 1048 1418 si
1069 1379 1207 1434 opus
1251 1364 1339 1427 sit,
1372 1366 1564 1435 possit.
1601 1365 1704 1421 Sed
1734 1374 1794 1420 ut
1836 1367 1966 1436 quid
2015 1382 2110 1421 co-

521 1458 705 1512 medat
729 1468 849 1529 post
893 1456 1343 1528 Completorium,
1395 1459 1477 1513 vel
1522 1459 1685 1513 etiam
1728 1468 1851 1529 post
1899 1474 2109 1514 C(Plttttl]

521 1546 902 1605 ministrorum
934 1587 950 1611 ,
1005 1563 1282 1617 nttnquam
1352 1550 1531 1619 aliqua
1601 1551 1811 1605 ratione
1858 1551 2111 1620 cuiquam

517 1640 675 1695 fratri
709 1641 963 1697 incolumi
988 1642 1323 1712 permittitur
1352 1659 1366 1708 ;
1403 1643 1644 1711 exceptis
1672 1642 1738 1697 de
1784 1642 1868 1697 via
1898 1643 2017 1697 veni
2057 1660 2114 1696 n-

520 1733 724 1789 tibus.“
750 1734 807 1789 Si
838 1737 961 1804 quis
990 1744 1169 1801 autem
1197 1736 1334 1790 infra
1367 1734 1716 1791 refectionem
1734 1736 2108 1792 ministrorum

518 1841 744 1883 necesse
770 1828 931 1883 habet
954 1828 1162 1893 bilzere,
1190 1843 1217 1882 a
1245 1839 1373 1883 tunc
1412 1829 1659 1883 ordinem
1688 1838 1906 1898 regente
1934 1828 2109 1883 licen-

521 1921 653 1975 tiam
679 1922 839 1991 petit,
864 1921 969 1975 nisi
994 1920 1246 1975 abbatem
1270 1920 1352 1974 vel
1383 1921 1620 1991 priorem
1652 1921 1719 1975 ad
1760 1921 1969 1977 scillam
2021 1936 2111 1976 se-

519 2015 650 2070 dere
671 2014 1008 2087 cognoverit,
1041 2029 1069 2067 a
1093 2029 1203 2084 quo
1242 2013 1580 2068 solummodo
1618 2028 1739 2068 eam
1786 2013 1855 2069 ad
1884 2013 2111 2085 gradum

520 2106 738 2177 accipit.
768 2105 883 2173 Qua
913 2115 1134 2177 accepta
1185 2104 1438 2175 factoque
1470 2114 1596 2160 ante
1631 2115 1687 2159 et
1739 2117 1886 2160 retro
1914 2106 1981 2160 ad
2030 2104 2110 2159 lo-

521 2212 646 2255 cum
674 2215 831 2255 suum
878 2199 1047 2264 vadit,
1099 2198 1489 2269 praamissoque
1532 2197 1748 2251 silentio
1790 2196 2111 2261 Benedicite,

518 2290 809 2345 benedicti'
830 2305 955 2345 nem
982 2304 1103 2345 eum
1131 2289 1285 2361 signo
1330 2290 1510 2345 erucis
1561 2304 1723 2358 super
1753 2297 1936 2359 potum
1985 2287 2113 2342 facit

522 2396 588 2437 ac
618 2381 776 2436 bibit.
801 2380 1041 2453 Surgens
1070 2379 1198 2434 facit
1225 2389 1351 2435 ante
1381 2387 1436 2434 et
1474 2389 1623 2435 retro
1665 2390 1720 2434 et
1747 2379 1878 2434 exit.
1914 2378 2019 2433 Sed
2058 2386 2114 2432 et

521 2479 568 2533 si
596 2478 681 2533 cui
705 2470 895 2533 eadem
926 2475 1143 2532 bibendi
1168 2476 1487 2540 necessitas,
1537 2476 1687 2531 finita
1736 2476 2111 2531 ministrorum

520 2582 700 2637 caena,
731 2570 1016 2635 incumbit,
1048 2570 1092 2624 si
1121 2578 1205 2626 est
1244 2570 1298 2624 in
1346 2579 1639 2635 conventu,
1690 2569 1901 2623 occulte
1946 2567 2111 2623 licen-

520 2662 654 2717 tiam
708 2646 865 2734 εἰειιο
917 2661 1136 2731 quaerit.
1180 2660 1336 2729 Quod
1386 2662 1431 2717 si
1462 2675 1569 2717 non
1605 2660 1826 2731 poterit,
1876 2659 2110 2730 priorem

518 2769 769 2811 seorsum
797 2754 865 2809 ad
919 2755 1022 2810 hoc
1079 2754 1253 2825 ipsum
1286 2754 1527 2819 abducit,
1557 2755 1886 2823 veniensque
1939 2754 2005 2806 ad
2029 2750 2113 2820 ju-

514 2849 725 2904 ctitiam
748 2862 902 2902 suam
930 2850 1189 2903 eonsucte
1218 2846 1463 2913 inclinat,
1490 2855 1543 2901 et
1566 2845 1855 2911 bibiturus,
1889 2855 2109 2911 caetera,
2134 2852 2135 2855 ‘

517 2942 665 2997 sicut
697 2940 1071 3012 praescriptum
1104 2951 1205 3007 est,
1233 2939 1467 3011 peragit.

593 3031 722 3088 Post
746 3032 1095 3088 coilationem
1121 3049 1251 3089 vero
1276 3032 1487 3097 bibere,
1511 3032 1602 3103 qui
1650 3045 1872 3086 necesse
1899 3030 2106 3085 habue-

519 3124 616 3191 rit,
648 3133 884 3179 exeunte
907 3133 1201 3190 conventu,
1226 3124 1340 3195 ipse
1367 3122 1640 3193 paululum
1670 3121 2108 3192 antecapitulum

2217 623 2321 679 tias
2359 626 2685 693 partiuntur.

2230 722 2237 727 ’
2288 714 2486 769 Verum
2517 716 2779 787 quidquid
2811 716 2917 773 tale
2966 716 3191 781 f..eiant,
3224 736 3444 792 semper
3488 725 3544 778 id
3596 741 3763 795 carent,

2114 814 2117 815 '
2214 813 2275 858 ut
2303 805 2482 860 nullus
2537 806 2707 861 laicus
2762 823 2860 878 pro
2892 809 3105 863 illorum
3138 811 3458 869 iuvi'aLione
3496 816 3550 868 in
3585 818 3764 875 refecto-

2214 890 2297 950 rio
2350 906 2632 967 appareat.
2686 898 2840 965 Quod
2872 900 2920 955 si
2962 900 3170 955 duabus
3218 904 3432 957 vicilus
3488 910 3759 973 comeuﬁtur,

2214 996 2339 1058 post
2370 988 2753 1046 Benedicamus
2804 993 3046 1063 Domino,
3097 998 3164 1051 ad
3206 1012 3468 1068 vesperos
3527 1016 3760 1065 exeuntes.

2216 1096 2311 1151 per
2339 1097 2528 1137 omnes
2555 1099 2772 1141 mensas
2803 1088 3116 1159 provident,
3146 1092 3191 1147 si
3215 1093 3337 1161 quis
3377 1108 3521 1162 pane
3560 1106 3643 1148 aut
3670 1108 3760 1164 pol!

2216 1174 2437 1245 indiget.
2481 1176 2544 1230 Et
2574 1178 2617 1232 si
2642 1179 2763 1248 quis
2815 1180 3009 1236 libram
3051 1199 3203 1239 suam
3252 1195 3422 1239 totam
3474 1190 3764 1249 militedimt

2208 1266 2472 1337 justitiam
2496 1271 2667 1326 ebibit
2694 1289 2708 1337 ;
2741 1282 2795 1327 et
2822 1282 2947 1329 tunc
2990 1275 3213 1331 dimidia
3250 1277 3388 1331 libra
3415 1279 3706 1348 apponitur,
3725 1292 3763 1334 rt

2216 1361 2282 1415 de
2301 1360 2512 1430 justitia
2550 1363 2683 1418 nihil
2735 1362 3034 1433 minuitur;
3066 1384 3187 1438 qum
3209 1379 3264 1423 et
3300 1386 3365 1425 ea
3422 1373 3543 1425 vice
3599 1389 3761 1443 semper

2215 1451 2393 1507 danda
2446 1462 2554 1519 est,
2607 1455 2699 1509 sed
2739 1455 2981 1511 etiamsi
3039 1475 3177 1528 opus
3228 1470 3335 1525 est,
3372 1472 3622 1531 augetur.
3644 1464 3761 1530 Quia,

2215 1545 2258 1598 si
2285 1545 2573 1617 aliquando
2599 1547 2776 1601 denuo
2807 1564 2916 1602 non
2968 1549 3243 1617 reficiunt,
3286 1562 3473 1607 tamen
3524 1556 3682 1609 denuo
3702 1556 3761 1607 bi-

2213 1638 2344 1693 bere
2366 1655 2645 1710 nunquam
2678 1640 2955 1695 omittunt.
2984 1644 3000 1661 '
3031 1641 3087 1695 Si
3135 1644 3221 1697 cui
3278 1644 3345 1699 de
3375 1644 3516 1699 libra
3572 1662 3656 1700 sua
3696 1662 3765 1715 p2-

2217 1747 2336 1807 rum
2367 1732 2571 1801 aliquid
2607 1730 2878 1803 superfuit
2915 1733 2968 1788 id
2999 1733 3176 1804 ipsum
3232 1747 3528 1789 coenaturo
3562 1752 3762 1791 reserva-

2143 1832 2186 1891 B
2218 1829 2322 1883 tttr,
2354 1829 2407 1876 et
2454 1821 2520 1874 ad
2577 1822 2938 1891 quantitatem
2993 1824 3232 1879 dimidia:
3271 1836 3525 1894 augetur,
3576 1817 3665 1881 nec
3698 1826 3763 1878 alii

2215 1911 2508 1983 quidqttatn
2552 1912 2835 1979 tninuitur,
2878 1915 3285 1983 quantumlibet
3317 1919 3385 1970 de
3413 1932 3476 1969 ea
3518 1918 3765 1985 sumpsisse

2214 2007 2482 2060 videatur.
2514 2004 2570 2061 St
2598 2016 2780 2061 autem
2808 2007 2875 2060 ad
2928 2007 3041 2062 hace
3082 2009 3420 2079 peragenda,
3450 2025 3573 2079 qua:
3608 2011 3763 2078 scripta

2214 2106 2359 2162 sunt,
2397 2098 2497 2168 ipsi
2553 2098 2732 2153 minus
2765 2096 3063 2164 sufficiunt,
3119 2101 3211 2155 alii
3258 2103 3460 2156 fratres
3508 2119 3539 2155 a
3588 2101 3767 2157 refecto-

2215 2190 2361 2245 rario
2394 2192 2564 2262 rogati
2614 2192 2666 2247 in
2724 2192 3053 2262 adjutoriunt
3092 2211 3286 2248 eorum
3334 2198 3525 2250 venire
3576 2212 3667 2252 non
3704 2212 3763 2249 re-

2215 2292 2410 2338 nuunt.
2464 2284 2799 2339 Caudelabra
2852 2293 2907 2338 et
2975 2284 3232 2341 candelas
3297 2301 3326 2339 a
3377 2288 3607 2341 sacrista
3650 2288 3765 2341 datas

2214 2390 2431 2445 semper
2498 2377 2659 2431 debet
2729 2377 2974 2441 habere,
3044 2386 3103 2430 ιιι
3167 2378 3601 2446 quotiescunme
3665 2392 3763 2447 Opas

2213 2478 2320 2534 est,
2347 2469 2461 2522 sive
2492 2468 2859 2535 coenantibus,
2894 2469 3009 2524 sive
3045 2468 3359 2524 bibézdtbtts
3386 2484 3642 2527 arcensas
3668 2483 3763 2539 pos.

2213 2561 2285 2616 sit
2320 2576 2612 2631 apponere.

2285 2655 2723 2727 Quotiescunque
2773 2656 2839 2711 ad
2884 2656 3208 2713 charitatem
3241 2659 3587 2729 propitiatur,
3611 2660 3704 2727 ipse
3725 2665 3765 2707 et

2216 2749 2413 2821 aliquis
2439 2751 2653 2821 atljtttor
2690 2754 2807 2823 ejus
2840 2755 3088 2809 modiolis
3130 2754 3278 2825 (HG)
3330 2754 3634 2817 i_nf::ttdttt:l.
3656 2754 3766 2819 Quo~
3862 2810 3863 2815 η

2215 2861 2337 2901 rum
2370 2842 2535 2900 etiam
2564 2846 2671 2900 duo
2699 2847 2873 2917 sinapi
2908 2848 2991 2902 vel
3020 2860 3175 2903 aceto
3205 2848 3571 2917 pulmentum,
3594 2847 3667 2901 cui
3692 2847 3767 2898 hoc
3862 2846 3863 2849 “

2132 2952 2135 2955 ‘
2212 2937 2486 3003 convenit,
2516 2935 2793 2992 condiunt.
2819 2937 2901 2991 Ad
2928 2938 3103 3008 ipsum
3132 2949 3313 2992 autem
3358 2939 3535 2993 solum
3580 2936 3766 3007 pertinet
3862 2972 3863 3008 ἦ

2212 3038 2274 3086 ut
2306 3027 2518 3084 scillam
2551 3027 2751 3099 pulset,
2785 3043 2903 3098 qua:
2934 3031 3000 3082 ad
3031 3030 3134 3084 hoc
3165 3031 3336 3083 solum
3383 3030 3437 3082 in
3468 3028 3768 3083 extremitate

2216 3121 2493 3177 refectorii
2524 3121 2742 3191 pendet.
2793 3121 2905 3193 (uo.
2944 3119 3093 3192 Var.)
3140 3123 3313 3190 Quam
3356 3124 3540 3177 statim
3570 3133 3673 3192 post
3696 3122 3767 3173 be-

520 3233 620 3275 σευ
647 3218 766 3290 ejus
793 3217 1012 3285 ostium,
1037 3233 1159 3274 cum
1189 3216 1403 3273 caeteris
1425 3216 1664 3282 divortii,
1712 3215 1895 3285 ibique
1944 3214 2111 3270 liceu-
2136 3186 2183 3249 δ
2217 3216 2577 3273 nedictionem
2617 3216 2889 3287 generalis
2936 3216 3107 3271 semel
3157 3220 3416 3287 percutit,
3476 3226 3533 3269 ut
3568 3232 3652 3285 per
3692 3214 3772 3267 huc

520 3312 654 3367 tiam
684 3310 982 3383 accipiens,
1024 3309 1391 3375 eellerarinm,
1444 3308 1528 3362 vel
1570 3306 1867 3378 quemlibet
1904 3307 1971 3362 de
2003 3306 2110 3373 Itis,

521 3404 612 3475 qui
656 3403 949 3471 divertunt,
1003 3417 1187 3459 secum
1239 3400 1447 3457 venire'
1483 3399 1753 3470 deposcit,
1783 3407 1838 3455 et
1883 3399 1939 3454 in
1994 3398 2113 3469 ipso

521 3496 749 3552 introitu
777 3495 844 3550 ad
869 3496 1030 3551 liuent
1083 3493 1279 3552 tabulae
1304 3494 1523 3559 sedens,
1559 3492 1883 3559 Benedicile,
1923 3490 1991 3545 ad
2016 3491 2111 3546 be-

521 3587 888 3644 nedictionem
919 3602 1042 3644 eum
1081 3587 1236 3659 signo
1262 3585 1449 3642 crucis
1509 3592 1698 3655 aperte
1750 3582 2114 3653 pronuntians

521 3680 682 3735 bibit.
733 3679 887 3747 Quod
917 3688 972 3735 et
1001 3679 1232 3750 quisque
1281 3686 1404 3749 post
1446 3676 1792 3732 collationem
1840 3674 2112 3730 bibitums

525 3773 781 3827 similiter
803 3771 951 3827 facit.
986 3770 1224 3827 ltedieus
1251 3784 1383 3841 ergo
1412 3768 1478 3825 de
1509 3767 1802 3824 refectorio
1828 3765 1913 3822 vel
1939 3764 2112 3821 unde-

524 3880 763 3936 cunque,
809 3864 911 3921 nisi
943 3865 1009 3920 de
1039 3863 1235 3919 itinere
1256 3862 1464 3929 veniat,
1498 3862 1545 3916 si
1576 3869 1686 3914 tant
1723 3859 1879 3913 tarde
1919 3872 2115 3913 occur-

524 3956 676 4016 rerit,
695 3966 756 4010 ut
784 3955 1180 4011 confessionem
1198 3962 1354 4010 extra
1381 3954 1608 4009 chorum
1629 3966 1753 4008 cum
1782 3949 1963 4020 aliquo
1987 3957 2115 4004 ante

524 4047 765 4101 Gloriam
812 4046 972 4118 primi
1003 4045 1194 4117 psalmi
1224 4044 1406 4101 dicere
1457 4058 1564 4099 non
1594 4042 1786 4114 possit,
1815 4042 2025 4097 intrans
2047 4054 2115 4095 ex

524 4141 943 4205 consuetudine,
972 4139 1024 4193 in
1055 4138 1175 4195 loco
1206 4151 1307 4194 suo
1335 4152 1457 4193 cum
1503 4135 1676 4191 fratre
1725 4133 1884 4204 juxta
1919 4146 1981 4189 se
2026 4146 2118 4188 su-

518 4237 706 4307 perius
726 4246 930 4301 stante,
967 4234 1165 4290 stamlo
1191 4231 1595 4289 confessionem
1627 4228 1780 4285 dicit.

594 4329 857 4402 (cn.)Sed
885 4340 944 4384 ut
975 4328 1189 4385 redeam
1219 4327 1286 4383 ad
1318 4324 1598 4397 superiora
1632 4341 1646 4378 :
1683 4319 2110 4384 Refectorarius,

519 4423 623 4478 sub
669 4438 728 4478 se
751 4422 959 4491 aliquot
989 4422 1185 4477 fratres
1227 4420 1413 4485 habet,
1449 4418 1541 4488 qui
1576 4432 1699 4472 ettm
1740 4416 1807 4471 eo
1848 4414 1996 4470 omni
2029 4413 2143 4468 die

519 4524 645 4586 post
695 4514 993 4585 capitulum
1072 4512 1332 4569 menszdia
1388 4512 1441 4566 in
1509 4509 1617 4564 line.
1687 4503 2114 4574 uniuscujusque

522 4622 728 4663 mensae
749 4607 945 4662 iterum
974 4606 1186 4662 reclusa
1216 4612 1439 4676 ponant.
1457 4603 1576 4670 Quo
1600 4599 1743 4655 facto
1768 4604 2116 4654 revertuntur

496 4686 947 4769 ‘incapitulum;
996 4698 1121 4764 quia
1175 4710 1451 4767 nunquam
1516 4693 1587 4749 ibi
1629 4690 1847 4756 desunt,
1896 4687 2115 4760 quando

524 4792 709 4851 tabula
769 4790 1076 4862 percutitur
1128 4790 1196 4845 ad
1249 4787 1597 4859 loquendum.
1650 4780 1811 4856 (van)
1851 4780 2115 4835 Percussa

523 4882 710 4939 tabula
754 4881 825 4937 ad
869 4892 1109 4952 emptum
1137 4897 1272 4951 opus
1323 4879 1573 4943 redeunt,
1625 4873 1925 4932 cocltiearia
1966 4871 2117 4943 prius

520 4975 838 5032 eumlintoo
867 4975 1071 5031 mundo
1116 4975 1403 5044 diligenter
1446 4981 1588 5026 tersa
1642 4976 1886 5040 ponunt,
1929 4965 2115 5020 tandiu

521 5083 632 5126 non
655 5067 974 5131 auferenda,
1020 5066 1257 5138 quandiu
1288 5074 1414 5121 ante
1453 5064 1689 5135 priorem
1738 5069 1964 5132 apparet
1991 5074 2117 5115 scu-

520 5162 672 5227 tella,
705 5168 916 5232 ponunt
957 5150 1012 5215 et
1051 5173 1219 5231 panes
1244 5150 1261 5224 ;Δ
1317 5157 1408 5227 qui
1463 5156 1505 5210 si
1555 5158 1667 5209 sint
1720 5151 2115 5225 aliquantulum

521 5255 817 5321 combusti,
870 5253 1077 5309 habent
1106 5252 1171 5307 ad
1204 5252 1308 5308 hoc
1365 5247 1631 5311 cultellos,
1671 5246 1870 5317 quibus
1909 5259 2006 5299 eos
2033 5258 2119 5297 ra-

523 5349 690 5402 tlant:
721 5347 790 5402 ad
824 5347 927 5402 hoc
950 5346 1116 5401 etiam
1146 5340 1447 5413 mappulas,
1477 5356 1613 5410 quas
1642 5338 1795 5409 prius
1817 5336 1884 5391 ad
1912 5333 2111 5390 collum

523 5439 885 5508 suspendunt,
914 5446 976 5493 ut
998 5436 1240 5491 radendo
1275 5435 1423 5506 ipsos
1449 5447 1617 5505 panes
1645 5430 1856 5501 possint
1886 5428 2119 5483 honeste

523 5530 592 5584 ad
627 5538 819 5599 pectus
842 5529 1129 5585 reclinare.
1161 5526 1266 5598 Ipsi
1297 5526 1460 5582 etiam
1502 5521 1770 5592 sanguine
1819 5518 2042 5574 minutis
2066 5524 2121 5572 et

525 5623 765 5687 caeteris,
798 5623 902 5677 hac
948 5623 1080 5678 hora
1133 5617 1527 5685 reficientihus,
1587 5615 1787 5670 debent
1837 5626 2030 5667 nauem
2061 5619 2117 5667 et

599 5756 750 5832 (MSS)
787 5759 888 5832 Qui
941 5775 1129 5813 curam
1163 5759 1326 5813 nahct
1379 5754 1676 5820 t’efcctorii,
1731 5751 1833 5810 hoc
1873 5758 1957 5808 est
2015 5765 2119 5810 lOCl

529 5828 620 5882 ubi
648 5828 940 5883 comedunt
966 5831 1233 5884 monachi.

2215 3310 2413 3365 fratres
2438 3308 2701 3364 admoniti
2728 3318 2955 3377 surgant
2976 3309 3042 3363 ad
3068 3310 3493 3380 pmpinandum.
3517 3307 3625 3361 Περ
3647 3304 3769 3357 scilla

2213 3404 2464 3475 pulsatur
2493 3403 2559 3458 ad
2585 3404 3021 3461 benedictionem
3070 3414 3229 3475 potus
3278 3403 3331 3457 in
3375 3402 3611 3471 quolibet
3659 3399 3769 3453 testo

2214 3510 2511 3566 capparqu
2545 3494 2629 3550 vel
2651 3493 2897 3549 albarum
2922 3503 2974 3549 et
3001 3493 3173 3549 tribus
3199 3493 3395 3547 diebus
3426 3493 3769 3565 Rogationem,

2215 3590 2234 3610 ⁶
2274 3588 2329 3643 in
2361 3588 2604 3658 quolibet
2651 3602 2867 3657 quoque
2929 3586 3308 3642 anniversario
3365 3587 3621 3648 maximo,
3657 3582 3769 3653 quod

2218 3689 2397 3735 tamen
2436 3696 2542 3735 non
2583 3679 2782 3751 agitur,
2835 3677 3022 3749 (ναν.)
3073 3680 3116 3733 si
3150 3678 3408 3748 lmjusmo
3432 3678 3464 3731 li
3496 3686 3643 3746 potus
3670 3689 3768 3741 pre

2215 3773 2440 3844 pinatur
2479 3788 2577 3843 pro
2608 3774 2809 3828 domno
2839 3772 3055 3837 abbate,
3099 3772 3182 3826 vel
3214 3772 3402 3842 priore
3429 3769 3495 3823 de
3515 3770 3598 3823 via
3626 3766 3693 3819 vel
3719 3765 3767 3816 dc

2217 3867 2518 3923 iulirmaria
2548 3865 2833 3929 redeunte,
2862 3864 2943 3919 vel
2975 3879 3073 3934 pro
3105 3863 3375 3918 sententia
3412 3860 3685 3917 cellerarii,
3708 3854 3768 3905 καὶ

2217 3962 2261 4017 si
2290 3961 2414 4031 quis
2441 3959 2581 4015 alius
2610 3957 2896 4013 familiaris
2927 3957 3249 4012 charitatem
3316 3955 3477 4009 nobis
3532 3948 3768 4021 impendit,

2216 4052 2320 4108 nisi
2377 4052 2450 4107 sit
2500 4050 2718 4120 aliquod
2766 4047 2964 4104 festum
3002 4048 3287 4103 duodecim
3335 4047 3645 4101 lectionum.
3689 4039 3770 4091 Sel

2215 4142 2609 4199 refeetorarius
2659 4149 2813 4195 stans
2855 4137 3032 4193 elevat
3068 4138 3354 4193 brachium
3398 4147 3616 4190 extensa
3645 4144 3769 4186 nunc

2217 4239 2272 4294 in
2308 4238 2527 4294 modum
2559 4234 2794 4291 tenentis
2824 4231 3075 4302 poculum
3116 4232 3197 4286 sic
3228 4232 3367 4285 dans
3397 4234 3605 4301 signum
3630 4224 3773 4297 propi-

2218 4328 2405 4384 nandi.
2436 4327 2519 4382 Ad
2552 4327 2696 4397 quod
2740 4326 2937 4381 fratres
2972 4320 3227 4377 omnibus
3257 4320 3377 4376 sine
3412 4316 3770 4389 exSpectatieac

2216 4420 2539 4493 pulsationis
2570 4431 2756 4491 potum
2788 4420 2841 4474 in
2870 4413 3104 4490 propriis
3136 4415 3345 4484 pateris
3380 4412 3629 4468 afferunt.

2141 4522 2194 4616 ὐ
2290 4511 2519 4579 Quando
2566 4518 2749 4565 autem
2814 4508 3017 4566 fratres
3062 4517 3185 4581 post
3240 4520 3444 4561 nonam
3499 4506 3768 4573 operantur.

2224 4614 2232 4616 Α
2419 4604 2450 4616 ..
2638 4603 2669 4616 .,
2795 4601 2841 4616 ,η
3060 4611 3070 4616 ,
3310 4602 3320 4611 .
3416 4615 3424 4616 ί
3517 4595 3767 4616 km-..”

2219 4614 2350 4661 tunc
2382 4604 2543 4659 aliter
2566 4603 2765 4675 agitur.
2795 4601 2932 4657 Nam
2956 4611 3243 4673 postquam
3279 4602 3439 4670 signo
3469 4595 3531 4651 ad
3560 4604 3770 4663 vesch

2218 4707 2451 4755 sonante
2477 4706 2777 4753 conventus
2802 4696 3028 4752 chorum
3072 4694 3390 4757 intraverit,
3421 4704 3476 4747 et
3513 4688 3644 4743 facta
3668 4698 3769 4741 οτι·

2220 4792 2367 4846 tione
2422 4788 2732 4861 cymbalum
2801 4803 3121 4861 percussum
3178 4785 3384 4849 fuerit,
3434 4772 3771 4837 refectoratius

2218 4882 2534 4955 przecedcns
2556 4882 2713 4938 solita
2746 4882 2964 4939 vascula
2988 4896 3113 4938 cum
3145 4887 3274 4949 potu
3322 4875 3504 4931 infuso
3524 4874 3770 4944 privam.

2218 4982 2272 5029 et
2322 4973 2522 5027 fratres
2545 4987 2609 5027 ea
2653 4972 2824 5041 ipsius
2869 4980 3084 5041 rogatu,
3127 4968 3213 5023 vel
3241 4967 3411 5021 etiam
3459 4980 3548 5020 sua
3592 4966 3769 5031 sponte.

2221 5064 2275 5117 in
2317 5062 2563 5124 introitu,
2598 5063 2916 5118 secedentes
2940 5060 3275 5131 acceperint,
3316 5068 3510 5113 caetera
3536 5050 3684 5108 solito
3706 5059 3771 5098 or-

2220 5156 2349 5211 dine
2384 5164 2671 5226 peragunt.
2717 5154 2869 5210 Scire
2898 5163 3078 5209 autem
3112 5153 3292 5213 debet,
3340 5151 3469 5220 quia
3509 5142 3703 5216 quoties
3730 5138 3769 5190 il

2219 5246 2555 5317 praecedenti
2615 5246 2843 5301 fratrum
2900 5243 3133 5315 prandio
3192 5241 3259 5295 ad
3319 5250 3499 5311 potum
3543 5233 3769 5306 pulsﬂv.

2221 5338 2575 5395 nihilominus
2599 5339 2651 5393 in
2678 5338 2928 5408 sequenti
2960 5334 3337 5390 ministrorum
3361 5330 3549 5388 similis
3578 5320 3769 5398 pulsatio
3858 5352 3859 5408 ἡ

2224 5432 2427 5503 agitur.
2466 5431 2584 5501 Ipse
2620 5431 2786 5485 etiam
2818 5429 2903 5484 vel
2946 5427 3161 5497 adjutor
3190 5426 3333 5495 ejus,
3360 5421 3571 5495 quando
3607 5418 3769 5471 fratres

2222 5539 2345 5602 post
2376 5528 2660 5598 prandium
2703 5525 3084 5589 meridiantur,
3114 5538 3220 5577 non
3251 5520 3447 5575 omittit
3478 5514 3546 5568 ad

2225 5623 2365 5680 rium
2394 5623 2591 5689 redire,
2626 5622 2810 5693 ibique
2846 5621 2955 5687 bis,
2977 5634 3099 5691 qua:
3129 5617 3198 5673 ad
3230 5632 3290 5674 se
3329 5610 3618 5689 pertinent,
3639 5603 3771 5660 citius

2298 5758 2449 5831 (H6)
2495 5756 2635 5815 Vict.
2670 5755 2813 5814 dicta
2838 5769 3001 5826 supra
3035 5749 3137 5809 156
3164 5767 3221 5808 tt.
