  <div class='ocr_page' id='page_1' title='image "/cluster/home/n/w/nwhite01/storage/ocr_20150623/150/hvd.32044015473788/558.png"; bbox 0 0 3886 6308; ppageno 0'>
   <div class='ocr_carea' id='block_1_1' title="bbox 114 364 231 422">
    <p class='ocr_par' dir='ltr' id='par_1_1' title="bbox 114 364 231 422">
     <span class='ocr_line' id='line_1_1' title="bbox 114 364 231 422; baseline -0.017 0"><span class='ocrx_word' id='word_1_1' title='bbox 114 364 231 422; x_wconf 76' lang='lat'><strong>“09</strong></span> 
     </span>
    </p>
   </div>
   <div class='ocr_carea' id='block_1_2' title="bbox 1108 352 2301 413">
    <p class='ocr_par' dir='ltr' id='par_1_2' title="bbox 1108 352 2301 413">
     <span class='ocr_line' id='line_1_2' title="bbox 1108 352 2301 413; baseline -0.004 0"><span class='ocrx_word' id='word_1_2' title='bbox 1108 407 1113 413; x_wconf 89' lang='lat'><strong>.</strong></span> <span class='ocrx_word' id='word_1_3' title='bbox 1148 353 1562 412; x_wconf 71' lang='lat' dir='ltr'><strong>CONSTITUT.</strong></span> <span class='ocrx_word' id='word_1_4' title='bbox 1603 352 1931 412; x_wconf 77' lang='lat' dir='ltr'><strong>lllRS.\UG.</strong></span> <span class='ocrx_word' id='word_1_5' title='bbox 1990 384 2037 393; x_wconf 90' lang='lat'><strong><em>—</em></strong></span> <span class='ocrx_word' id='word_1_6' title='bbox 2076 352 2201 408; x_wconf 79' lang='lat' dir='ltr'><strong>LIB.</strong></span> <span class='ocrx_word' id='word_1_7' title='bbox 2243 353 2301 409; x_wconf 86' lang='lat' dir='ltr'><strong>ll.</strong></span> 
     </span>
    </p>
   </div>
   <div class='ocr_carea' id='block_1_3' title="bbox 3218 356 3357 412">
    <p class='ocr_par' dir='ltr' id='par_1_3' title="bbox 3218 356 3357 412">
     <span class='ocr_line' id='line_1_3' title="bbox 3218 356 3357 412; baseline 0.014 -2"><span class='ocrx_word' id='word_1_8' title='bbox 3218 356 3357 412; x_wconf 74' lang='grc' dir='ltr'>ιιιθ</span> 
     </span>
    </p>
   </div>
   <div class='ocr_carea' id='block_1_4' title="bbox 112 468 3357 553">
    <p class='ocr_par' dir='ltr' id='par_1_4' title="bbox 112 468 3357 553">
     <span class='ocr_line' id='line_1_4' title="bbox 112 468 3357 553; baseline -0.003 -18"><span class='ocrx_word' id='word_1_9' title='bbox 112 491 321 553; x_wconf 80' lang='lat' dir='ltr'><strong>peractis</strong></span> <span class='ocrx_word' id='word_1_10' title='bbox 346 492 458 532; x_wconf 72' lang='lat' dir='ltr'><strong>non</strong></span> <span class='ocrx_word' id='word_1_11' title='bbox 495 482 736 529; x_wconf 69' lang='lat' dir='ltr'><strong>miratur</strong></span> <span class='ocrx_word' id='word_1_12' title='bbox 776 472 1064 527; x_wconf 68' lang='lat' dir='ltr'><strong>dormitum</strong></span> <span class='ocrx_word' id='word_1_13' title='bbox 1097 474 1195 526; x_wconf 81' lang='lat' dir='ltr'><strong>ire.</strong></span> <span class='ocrx_word' id='word_1_14' title='bbox 1241 473 1466 539; x_wconf 77' lang='lat' dir='ltr'><strong>Quando</strong></span> <span class='ocrx_word' id='word_1_15' title='bbox 1489 483 1668 527; x_wconf 78' lang='lat' dir='ltr'><strong>autem</strong></span> <span class='ocrx_word' id='word_1_16' title='bbox 1702 477 1747 534; x_wconf 70' lang='grc' dir='ltr'>Α</span> <span class='ocrx_word' id='word_1_17' title='bbox 1781 475 1846 527; x_wconf 88' lang='lat' dir='ltr'><strong>ad</strong></span> <span class='ocrx_word' id='word_1_18' title='bbox 1879 474 2196 529; x_wconf 71' lang='lat' dir='ltr'><strong>alterutram</strong></span> <span class='ocrx_word' id='word_1_19' title='bbox 2221 471 2442 525; x_wconf 85' lang='lat' dir='ltr'><strong>missam</strong></span> <span class='ocrx_word' id='word_1_20' title='bbox 2466 468 2604 524; x_wconf 83' lang='lat' dir='ltr'><strong>albis</strong></span> <span class='ocrx_word' id='word_1_21' title='bbox 2632 468 2937 525; x_wconf 82' lang='lat' dir='ltr'><strong>induuntur</strong></span> <span class='ocrx_word' id='word_1_22' title='bbox 2962 470 3015 525; x_wconf 93' lang='lat' dir='ltr'><strong>iu</strong></span> <span class='ocrx_word' id='word_1_23' title='bbox 3045 469 3196 526; x_wconf 86' lang='lat' dir='ltr'><strong>leslis</strong></span> <span class='ocrx_word' id='word_1_24' title='bbox 3231 490 3357 526; x_wconf 83' lang='lat' dir='ltr'><strong>sau-</strong></span> 
     </span>
    </p>
   </div>
   <div class='ocr_carea' id='block_1_5' title="bbox 110 564 1666 628">
    <p class='ocr_par' dir='ltr' id='par_1_5' title="bbox 110 564 1666 628">
     <span class='ocr_line' id='line_1_5' title="bbox 110 564 1666 628; baseline -0.014 1"><span class='ocrx_word' id='word_1_25' title='bbox 110 580 381 628; x_wconf 82' lang='lat' dir='ltr'><strong>cmwentus</strong></span> <span class='ocrx_word' id='word_1_26' title='bbox 409 585 516 622; x_wconf 86' lang='lat' dir='ltr'><strong>non</strong></span> <span class='ocrx_word' id='word_1_27' title='bbox 546 566 879 625; x_wconf 87' lang='lat' dir='ltr'><strong>meridiatur,</strong></span> <span class='ocrx_word' id='word_1_28' title='bbox 915 564 1027 618; x_wconf 88' lang='lat' dir='ltr'><strong>sive</strong></span> <span class='ocrx_word' id='word_1_29' title='bbox 1051 564 1241 627; x_wconf 85' lang='lat' dir='ltr'><strong>semel,</strong></span> <span class='ocrx_word' id='word_1_30' title='bbox 1271 565 1385 619; x_wconf 90' lang='lat' dir='ltr'><strong>sive</strong></span> <span class='ocrx_word' id='word_1_31' title='bbox 1421 564 1501 619; x_wconf 81' lang='lat' dir='ltr'><strong>bis</strong></span> <span class='ocrx_word' id='word_1_32' title='bbox 1541 565 1666 620; x_wconf 79' lang='lat' dir='ltr'><strong>reti-</strong></span> 
     </span>
    </p>
   </div>
   <div class='ocr_carea' id='block_1_6' title="bbox 111 652 1663 728">
    <p class='ocr_par' dir='ltr' id='par_1_6' title="bbox 111 652 1663 728">
     <span class='ocr_line' id='line_1_6' title="bbox 111 652 1663 728; baseline -0.008 -9"><span class='ocrx_word' id='word_1_33' title='bbox 111 666 283 724; x_wconf 88' lang='lat' dir='ltr'><strong>ciatur,</strong></span> <span class='ocrx_word' id='word_1_34' title='bbox 326 669 434 715; x_wconf 85' lang='lat' dir='ltr'><strong>tam</strong></span> <span class='ocrx_word' id='word_1_35' title='bbox 484 660 601 728; x_wconf 85' lang='lat' dir='ltr'><strong>ipse</strong></span> <span class='ocrx_word' id='word_1_36' title='bbox 647 672 809 726; x_wconf 88' lang='lat' dir='ltr'><strong>quant</strong></span> <span class='ocrx_word' id='word_1_37' title='bbox 844 652 1117 722; x_wconf 78' lang='lat' dir='ltr'><strong>adjutores</strong></span> <span class='ocrx_word' id='word_1_38' title='bbox 1164 656 1269 719; x_wconf 89' lang='lat' dir='ltr'><strong>sui,</strong></span> <span class='ocrx_word' id='word_1_39' title='bbox 1324 655 1365 709; x_wconf 82' lang='lat' dir='ltr'><strong>si</strong></span> <span class='ocrx_word' id='word_1_40' title='bbox 1396 671 1530 725; x_wconf 82' lang='lat' dir='ltr'><strong>opus</strong></span> <span class='ocrx_word' id='word_1_41' title='bbox 1564 666 1663 720; x_wconf 58' lang='lat' dir='ltr'><strong>Cal,</strong></span> 
     </span>
    </p>
   </div>
   <div class='ocr_carea' id='block_1_7' title="bbox 112 747 1663 822">
    <p class='ocr_par' dir='ltr' id='par_1_7' title="bbox 112 747 1663 822">
     <span class='ocr_line' id='line_1_7' title="bbox 112 747 1663 822; baseline -0.006 -13"><span class='ocrx_word' id='word_1_42' title='bbox 112 756 250 817; x_wconf 87' lang='lat' dir='ltr'><strong>idem,</strong></span> <span class='ocrx_word' id='word_1_43' title='bbox 280 768 397 822; x_wconf 64' lang='lat' dir='ltr'><strong>qua!</strong></span> <span class='ocrx_word' id='word_1_44' title='bbox 425 753 494 804; x_wconf 87' lang='lat' dir='ltr'><strong>ad</strong></span> <span class='ocrx_word' id='word_1_45' title='bbox 528 768 584 803; x_wconf 89' lang='lat' dir='ltr'><strong>se</strong></span> <span class='ocrx_word' id='word_1_46' title='bbox 610 748 903 818; x_wconf 73' lang='lat' dir='ltr'><strong>pertinent,</strong></span> <span class='ocrx_word' id='word_1_47' title='bbox 936 747 1228 816; x_wconf 85' lang='lat' dir='ltr'><strong>provisuri,</strong></span> <span class='ocrx_word' id='word_1_48' title='bbox 1257 749 1379 802; x_wconf 90' lang='lat' dir='ltr'><strong>illuc</strong></span> <span class='ocrx_word' id='word_1_49' title='bbox 1418 750 1663 811; x_wconf 60' lang='lat' dir='ltr'><strong>redeunt,</strong></span> 
     </span>
    </p>
   </div>
   <div class='ocr_carea' id='block_1_8' title="bbox 110 838 1667 908">
    <p class='ocr_par' dir='ltr' id='par_1_8' title="bbox 110 838 1667 908">
     <span class='ocr_line' id='line_1_8' title="bbox 110 838 1667 908; baseline -0.004 -8"><span class='ocrx_word' id='word_1_50' title='bbox 110 844 385 900; x_wconf 76' lang='lat' dir='ltr'><strong>cochlearia</strong></span> <span class='ocrx_word' id='word_1_51' title='bbox 426 840 683 896; x_wconf 85' lang='lat' dir='ltr'><strong>auferunt</strong></span> <span class='ocrx_word' id='word_1_52' title='bbox 720 849 774 893; x_wconf 92' lang='lat' dir='ltr'><strong>et</strong></span> <span class='ocrx_word' id='word_1_53' title='bbox 810 838 877 893; x_wconf 89' lang='lat' dir='ltr'><strong>ad</strong></span> <span class='ocrx_word' id='word_1_54' title='bbox 907 838 1132 902; x_wconf 85' lang='lat' dir='ltr'><strong>fontem,</strong></span> <span class='ocrx_word' id='word_1_55' title='bbox 1164 839 1302 892; x_wconf 90' lang='lat' dir='ltr'><strong>sicut</strong></span> <span class='ocrx_word' id='word_1_56' title='bbox 1326 848 1379 893; x_wconf 91' lang='lat' dir='ltr'><strong>et</strong></span> <span class='ocrx_word' id='word_1_57' title='bbox 1410 839 1520 903; x_wconf 88' lang='lat' dir='ltr'><strong>illa,</strong></span> <span class='ocrx_word' id='word_1_58' title='bbox 1546 856 1667 908; x_wconf 77' lang='lat' dir='ltr'><strong>qua:</strong></span> 
     </span>
    </p>
   </div>
   <div class='ocr_carea' id='block_1_9' title="bbox 108 928 1665 995">
    <p class='ocr_par' dir='ltr' id='par_1_9' title="bbox 108 928 1665 995">
     <span class='ocr_line' id='line_1_9' title="bbox 108 928 1665 995; baseline -0.003 -5"><span class='ocrx_word' id='word_1_59' title='bbox 108 938 162 990; x_wconf 86' lang='lat' dir='ltr'><strong>ad</strong></span> <span class='ocrx_word' id='word_1_60' title='bbox 192 935 534 989; x_wconf 85' lang='lat' dir='ltr'><strong>refectionem</strong></span> <span class='ocrx_word' id='word_1_61' title='bbox 574 928 936 995; x_wconf 86' lang='lat' dir='ltr'><strong>abstulerunt,</strong></span> <span class='ocrx_word' id='word_1_62' title='bbox 970 928 1212 983; x_wconf 78' lang='lat' dir='ltr'><strong>abluunt.</strong></span> <span class='ocrx_word' id='word_1_63' title='bbox 1250 929 1402 985; x_wconf 82' lang='lat' dir='ltr'><strong>Tunc</strong></span> <span class='ocrx_word' id='word_1_64' title='bbox 1428 931 1590 985; x_wconf 87' lang='lat' dir='ltr'><strong>etiam</strong></span> <span class='ocrx_word' id='word_1_65' title='bbox 1618 931 1665 985; x_wconf 91' lang='lat' dir='ltr'><strong>si</strong></span> 
     </span>
    </p>
   </div>
   <div class='ocr_carea' id='block_1_10' title="bbox 108 1026 1666 1101">
    <p class='ocr_par' dir='ltr' id='par_1_10' title="bbox 108 1026 1666 1101">
     <span class='ocr_line' id='line_1_10' title="bbox 108 1026 1666 1101; baseline -0.003 -16"><span class='ocrx_word' id='word_1_66' title='bbox 108 1029 249 1085; x_wconf 74' lang='lat' dir='ltr'><strong>seuiel</strong></span> <span class='ocrx_word' id='word_1_67' title='bbox 273 1030 601 1098; x_wconf 82' lang='lat' dir='ltr'><strong>comeditur,</strong></span> <span class='ocrx_word' id='word_1_68' title='bbox 642 1034 784 1088; x_wconf 86' lang='lat' dir='ltr'><strong>sicut</strong></span> <span class='ocrx_word' id='word_1_69' title='bbox 827 1040 949 1101; x_wconf 88' lang='lat' dir='ltr'><strong>post</strong></span> <span class='ocrx_word' id='word_1_70' title='bbox 981 1044 1215 1094; x_wconf 77' lang='lat' dir='ltr'><strong>cumam,</strong></span> <span class='ocrx_word' id='word_1_71' title='bbox 1248 1026 1423 1082; x_wconf 85' lang='lat' dir='ltr'><strong>aufert</strong></span> <span class='ocrx_word' id='word_1_72' title='bbox 1452 1044 1666 1081; x_wconf 80' lang='lat' dir='ltr'><strong>mensa—</strong></span> 
     </span>
    </p>
   </div>
   <div class='ocr_carea' id='block_1_11' title="bbox 110 1119 1667 1190">
    <p class='ocr_par' dir='ltr' id='par_1_11' title="bbox 110 1119 1667 1190">
     <span class='ocr_line' id='line_1_11' title="bbox 110 1119 1667 1190; baseline 0.001 -17"><span class='ocrx_word' id='word_1_73' title='bbox 110 1121 189 1187; x_wconf 83' lang='lat' dir='ltr'><strong>lia,</strong></span> <span class='ocrx_word' id='word_1_74' title='bbox 217 1137 331 1190; x_wconf 66' lang='lat' dir='ltr'><strong>quae</strong></span> <span class='ocrx_word' id='word_1_75' title='bbox 361 1124 541 1176; x_wconf 91' lang='lat' dir='ltr'><strong>cernit</strong></span> <span class='ocrx_word' id='word_1_76' title='bbox 565 1139 685 1179; x_wconf 84' lang='lat' dir='ltr'><strong>esse</strong></span> <span class='ocrx_word' id='word_1_77' title='bbox 708 1139 897 1178; x_wconf 84' lang='lat' dir='ltr'><strong>vacua.</strong></span> <span class='ocrx_word' id='word_1_78' title='bbox 925 1121 1028 1175; x_wconf 90' lang='lat' dir='ltr'><strong>Pro</strong></span> <span class='ocrx_word' id='word_1_79' title='bbox 1056 1129 1231 1173; x_wconf 85' lang='lat' dir='ltr'><strong>tamen</strong></span> <span class='ocrx_word' id='word_1_80' title='bbox 1263 1119 1540 1174; x_wconf 81' lang='lat' dir='ltr'><strong>auferendi</strong></span> <span class='ocrx_word' id='word_1_81' title='bbox 1570 1136 1667 1190; x_wconf 85' lang='lat' dir='ltr'><strong>op-</strong></span> 
     </span>
    </p>
   </div>
   <div class='ocr_carea' id='block_1_12' title="bbox 108 1212 1664 1279">
    <p class='ocr_par' dir='ltr' id='par_1_12' title="bbox 108 1212 1664 1279">
     <span class='ocr_line' id='line_1_12' title="bbox 108 1212 1664 1279; baseline 0.005 -15"><span class='ocrx_word' id='word_1_82' title='bbox 108 1212 406 1279; x_wconf 83' lang='lat' dir='ltr'><strong>portunitate</strong></span> <span class='ocrx_word' id='word_1_83' title='bbox 439 1214 621 1269; x_wconf 92' lang='lat' dir='ltr'><strong>nullus</strong></span> <span class='ocrx_word' id='word_1_84' title='bbox 649 1217 713 1272; x_wconf 91' lang='lat' dir='ltr'><strong>de</strong></span> <span class='ocrx_word' id='word_1_85' title='bbox 749 1231 933 1271; x_wconf 88' lang='lat' dir='ltr'><strong>mensa</strong></span> <span class='ocrx_word' id='word_1_86' title='bbox 964 1216 1030 1268; x_wconf 92' lang='lat' dir='ltr'><strong>ad</strong></span> <span class='ocrx_word' id='word_1_87' title='bbox 1066 1230 1307 1270; x_wconf 87' lang='lat' dir='ltr'><strong>mensam</strong></span> <span class='ocrx_word' id='word_1_88' title='bbox 1335 1218 1664 1272; x_wconf 87' lang='lat' dir='ltr'><strong>transeundo</strong></span> 
     </span>
    </p>
   </div>
   <div class='ocr_carea' id='block_1_13' title="bbox 108 1308 1664 1383">
    <p class='ocr_par' dir='ltr' id='par_1_13' title="bbox 108 1308 1664 1383">
     <span class='ocr_line' id='line_1_13' title="bbox 108 1308 1664 1383; baseline 0.005 -24"><span class='ocrx_word' id='word_1_89' title='bbox 108 1308 181 1361; x_wconf 85' lang='lat' dir='ltr'><strong>alii</strong></span> <span class='ocrx_word' id='word_1_90' title='bbox 218 1323 271 1363; x_wconf 91' lang='lat' dir='ltr'><strong>se</strong></span> <span class='ocrx_word' id='word_1_91' title='bbox 310 1309 469 1364; x_wconf 84' lang='lat' dir='ltr'><strong>debet</strong></span> <span class='ocrx_word' id='word_1_92' title='bbox 520 1311 834 1380; x_wconf 85' lang='lat' dir='ltr'><strong>adjnugere.</strong></span> <span class='ocrx_word' id='word_1_93' title='bbox 886 1312 1016 1365; x_wconf 85' lang='lat' dir='ltr'><strong>Post</strong></span> <span class='ocrx_word' id='word_1_94' title='bbox 1059 1326 1270 1366; x_wconf 69' lang='lat' dir='ltr'><strong>cautam</strong></span> <span class='ocrx_word' id='word_1_95' title='bbox 1310 1321 1485 1366; x_wconf 88' lang='lat' dir='ltr'><strong>tamen</strong></span> <span class='ocrx_word' id='word_1_96' title='bbox 1515 1313 1664 1383; x_wconf 86' lang='lat' dir='ltr'><strong>prius</strong></span> 
     </span>
    </p>
   </div>
   <div class='ocr_carea' id='block_1_14' title="bbox 106 1404 1664 1479">
    <p class='ocr_par' dir='ltr' id='par_1_14' title="bbox 106 1404 1664 1479">
     <span class='ocr_line' id='line_1_14' title="bbox 106 1404 1664 1479; baseline 0.004 -23"><span class='ocrx_word' id='word_1_97' title='bbox 106 1417 205 1456; x_wconf 87' lang='lat' dir='ltr'><strong>cum</strong></span> <span class='ocrx_word' id='word_1_98' title='bbox 226 1405 429 1458; x_wconf 63' lang='lat' dir='ltr'><strong>ueteris</strong></span> <span class='ocrx_word' id='word_1_99' title='bbox 456 1404 636 1459; x_wconf 84' lang='lat' dir='ltr'><strong>induit</strong></span> <span class='ocrx_word' id='word_1_100' title='bbox 664 1408 1037 1473; x_wconf 78' lang='lat' dir='ltr'><strong>nocturualcs;</strong></span> <span class='ocrx_word' id='word_1_101' title='bbox 1066 1408 1157 1462; x_wconf 87' lang='lat' dir='ltr'><strong>sed</strong></span> <span class='ocrx_word' id='word_1_102' title='bbox 1192 1419 1429 1475; x_wconf 87' lang='lat' dir='ltr'><strong>tempore</strong></span> <span class='ocrx_word' id='word_1_103' title='bbox 1456 1408 1664 1479; x_wconf 82' lang='lat' dir='ltr'><strong>liyemis</strong></span> 
     </span>
    </p>
   </div>
   <div class='ocr_carea' id='block_1_15' title="bbox 107 1492 1661 1567">
    <p class='ocr_par' dir='ltr' id='par_1_15' title="bbox 107 1492 1661 1567">
     <span class='ocr_line' id='line_1_15' title="bbox 107 1492 1661 1567; baseline 0.006 -22"><span class='ocrx_word' id='word_1_104' title='bbox 107 1501 206 1562; x_wconf 81' lang='lat' dir='ltr'><strong>post</strong></span> <span class='ocrx_word' id='word_1_105' title='bbox 242 1492 537 1549; x_wconf 81' lang='lat' dir='ltr'><strong>Benedicite</strong></span> <span class='ocrx_word' id='word_1_106' title='bbox 579 1498 645 1551; x_wconf 88' lang='lat' dir='ltr'><strong>ad</strong></span> <span class='ocrx_word' id='word_1_107' title='bbox 675 1513 931 1567; x_wconf 86' lang='lat' dir='ltr'><strong>vesperos</strong></span> <span class='ocrx_word' id='word_1_108' title='bbox 976 1499 1028 1552; x_wconf 92' lang='lat' dir='ltr'><strong>in</strong></span> <span class='ocrx_word' id='word_1_109' title='bbox 1070 1498 1413 1553; x_wconf 85' lang='lat' dir='ltr'><strong>refectorium</strong></span> <span class='ocrx_word' id='word_1_110' title='bbox 1441 1500 1661 1554; x_wconf 90' lang='lat' dir='ltr'><strong>veniens</strong></span> 
     </span>
    </p>
   </div>
   <div class='ocr_carea' id='block_1_16' title="bbox 107 1585 1658 1659">
    <p class='ocr_par' dir='ltr' id='par_1_16' title="bbox 107 1585 1658 1659">
     <span class='ocr_line' id='line_1_16' title="bbox 107 1585 1658 1659; baseline 0.004 -23"><span class='ocrx_word' id='word_1_111' title='bbox 107 1585 229 1653; x_wconf 86' lang='lat' dir='ltr'><strong>prius</strong></span> <span class='ocrx_word' id='word_1_112' title='bbox 276 1587 531 1655; x_wconf 76' lang='lat' dir='ltr'><strong>providet</strong></span> <span class='ocrx_word' id='word_1_113' title='bbox 577 1589 644 1642; x_wconf 87' lang='lat' dir='ltr'><strong>de</strong></span> <span class='ocrx_word' id='word_1_114' title='bbox 685 1599 813 1659; x_wconf 87' lang='lat' dir='ltr'><strong>potu</strong></span> <span class='ocrx_word' id='word_1_115' title='bbox 848 1589 1077 1643; x_wconf 82' lang='lat' dir='ltr'><strong>fratrum</strong></span> <span class='ocrx_word' id='word_1_116' title='bbox 1110 1599 1162 1643; x_wconf 82' lang='lat' dir='ltr'><strong>et</strong></span> <span class='ocrx_word' id='word_1_117' title='bbox 1195 1590 1360 1644; x_wconf 85' lang='lat' dir='ltr'><strong>liuitis</strong></span> <span class='ocrx_word' id='word_1_118' title='bbox 1395 1590 1658 1659; x_wconf 85' lang='lat' dir='ltr'><strong>vesperis,</strong></span> 
     </span>
    </p>
   </div>
   <div class='ocr_carea' id='block_1_17' title="bbox 107 1676 1662 1749">
    <p class='ocr_par' dir='ltr' id='par_1_17' title="bbox 107 1676 1662 1749">
     <span class='ocr_line' id='line_1_17' title="bbox 107 1676 1662 1749; baseline 0.006 -19"><span class='ocrx_word' id='word_1_119' title='bbox 107 1676 201 1744; x_wconf 90' lang='lat' dir='ltr'><strong>ipse</strong></span> <span class='ocrx_word' id='word_1_120' title='bbox 223 1694 428 1749; x_wconf 88' lang='lat' dir='ltr'><strong>quoque</strong></span> <span class='ocrx_word' id='word_1_121' title='bbox 476 1696 603 1735; x_wconf 89' lang='lat' dir='ltr'><strong>cum</strong></span> <span class='ocrx_word' id='word_1_122' title='bbox 636 1683 848 1737; x_wconf 65' lang='lat' dir='ltr'><strong>creteris</strong></span> <span class='ocrx_word' id='word_1_123' title='bbox 893 1682 1243 1737; x_wconf 88' lang='lat' dir='ltr'><strong>nocturnales</strong></span> <span class='ocrx_word' id='word_1_124' title='bbox 1297 1683 1489 1738; x_wconf 76' lang='lat' dir='ltr'><strong>illtltIil.</strong></span> <span class='ocrx_word' id='word_1_125' title='bbox 1533 1684 1662 1739; x_wconf 86' lang='lat' dir='ltr'><strong>Post</strong></span> 
     </span>
    </p>
   </div>
   <div class='ocr_carea' id='block_1_18' title="bbox 105 1780 1512 1845">
    <p class='ocr_par' dir='ltr' id='par_1_18' title="bbox 105 1780 1512 1845">
     <span class='ocr_line' id='line_1_18' title="bbox 105 1780 1512 1845; baseline 0.008 -25"><span class='ocrx_word' id='word_1_126' title='bbox 105 1781 283 1823; x_wconf 66' lang='lat' dir='ltr'><strong>caenam</strong></span> <span class='ocrx_word' id='word_1_127' title='bbox 316 1780 603 1840; x_wconf 74' lang='lat' dir='ltr'><strong>procurrat,</strong></span> <span class='ocrx_word' id='word_1_128' title='bbox 632 1784 689 1829; x_wconf 87' lang='grc' dir='ltr'><strong>ιιι</strong></span> <span class='ocrx_word' id='word_1_129' title='bbox 718 1789 919 1828; x_wconf 73' lang='lat' dir='ltr'><strong>mensa:</strong></span> <span class='ocrx_word' id='word_1_130' title='bbox 950 1789 1017 1829; x_wconf 80' lang='lat' dir='ltr'><strong>ex</strong></span> <span class='ocrx_word' id='word_1_131' title='bbox 1057 1782 1168 1829; x_wconf 87' lang='lat' dir='ltr'><strong>toto</strong></span> <span class='ocrx_word' id='word_1_132' title='bbox 1201 1783 1512 1845; x_wconf 88' lang='lat' dir='ltr'><strong>scopentur.</strong></span> 
     </span>
    </p>
   </div>
   <div class='ocr_carea' id='block_1_19' title="bbox 161 1858 1661 1928">
    <p class='ocr_par' dir='ltr' id='par_1_19' title="bbox 161 1858 1661 1928">
     <span class='ocr_line' id='line_1_19' title="bbox 161 1858 1661 1928; baseline 0.006 -15"><span class='ocrx_word' id='word_1_133' title='bbox 161 1858 241 1913; x_wconf 90' lang='lat' dir='ltr'><strong>Sui</strong></span> <span class='ocrx_word' id='word_1_134' title='bbox 262 1858 396 1927; x_wconf 87' lang='lat' dir='ltr'><strong>juris</strong></span> <span class='ocrx_word' id='word_1_135' title='bbox 434 1871 517 1917; x_wconf 87' lang='lat' dir='ltr'><strong>est</strong></span> <span class='ocrx_word' id='word_1_136' title='bbox 553 1863 765 1918; x_wconf 72' lang='lat' dir='ltr'><strong>culzellu</strong></span> <span class='ocrx_word' id='word_1_137' title='bbox 784 1880 834 1917; x_wconf 85' lang='grc' dir='ltr'><strong>ιιι</strong></span> <span class='ocrx_word' id='word_1_138' title='bbox 865 1865 1045 1919; x_wconf 81' lang='lat' dir='ltr'><strong>domui</strong></span> <span class='ocrx_word' id='word_1_139' title='bbox 1081 1866 1293 1920; x_wconf 76' lang='lat' dir='ltr'><strong>abbatis</strong></span> <span class='ocrx_word' id='word_1_140' title='bbox 1337 1882 1577 1928; x_wconf 85' lang='lat' dir='ltr'><strong>servare,</strong></span> <span class='ocrx_word' id='word_1_141' title='bbox 1604 1878 1661 1922; x_wconf 91' lang='lat' dir='ltr'><strong>et</strong></span> 
     </span>
    </p>
   </div>
   <div class='ocr_carea' id='block_1_20' title="bbox 106 1946 1658 2029">
    <p class='ocr_par' dir='ltr' id='par_1_20' title="bbox 106 1946 1658 2029">
     <span class='ocr_line' id='line_1_20' title="bbox 106 1946 1658 2029; baseline 0.01 -27"><span class='ocrx_word' id='word_1_142' title='bbox 106 1946 147 2002; x_wconf 91' lang='lat' dir='ltr'><strong>in</strong></span> <span class='ocrx_word' id='word_1_143' title='bbox 182 1952 389 2007; x_wconf 86' lang='lat' dir='ltr'><strong>scutella</strong></span> <span class='ocrx_word' id='word_1_144' title='bbox 427 1955 573 2009; x_wconf 82' lang='lat' dir='ltr'><strong>sicut</strong></span> <span class='ocrx_word' id='word_1_145' title='bbox 596 1965 648 2008; x_wconf 86' lang='lat' dir='ltr'><strong>et</strong></span> <span class='ocrx_word' id='word_1_146' title='bbox 671 1956 924 2009; x_wconf 85' lang='lat' dir='ltr'><strong>coeldear</strong></span> <span class='ocrx_word' id='word_1_147' title='bbox 954 1957 1003 2011; x_wconf 90' lang='lat' dir='ltr'><strong>ei</strong></span> <span class='ocrx_word' id='word_1_148' title='bbox 1045 1967 1352 2029; x_wconf 85' lang='lat' dir='ltr'><strong>apportare.</strong></span> <span class='ocrx_word' id='word_1_149' title='bbox 1379 1959 1516 2029; x_wconf 87' lang='lat' dir='ltr'><strong>Ipse,</strong></span> <span class='ocrx_word' id='word_1_150' title='bbox 1553 1978 1658 2016; x_wconf 87' lang='lat' dir='ltr'><strong>non</strong></span> 
     </span>
    </p>
   </div>
   <div class='ocr_carea' id='block_1_21' title="bbox 106 2038 1660 2122">
    <p class='ocr_par' dir='ltr' id='par_1_21' title="bbox 106 2038 1660 2122">
     <span class='ocr_line' id='line_1_21' title="bbox 106 2038 1660 2122; baseline 0.01 -31"><span class='ocrx_word' id='word_1_151' title='bbox 106 2038 235 2103; x_wconf 85' lang='lat' dir='ltr'><strong>alius,</strong></span> <span class='ocrx_word' id='word_1_152' title='bbox 277 2057 394 2096; x_wconf 89' lang='lat' dir='ltr'><strong>cum</strong></span> <span class='ocrx_word' id='word_1_153' title='bbox 451 2046 798 2117; x_wconf 82' lang='lat' dir='ltr'><strong>manutergio</strong></span> <span class='ocrx_word' id='word_1_154' title='bbox 836 2044 995 2099; x_wconf 74' lang='lat' dir='ltr'><strong>affert</strong></span> <span class='ocrx_word' id='word_1_155' title='bbox 1040 2048 1086 2102; x_wconf 90' lang='lat' dir='ltr'><strong>ei</strong></span> <span class='ocrx_word' id='word_1_156' title='bbox 1128 2066 1345 2118; x_wconf 85' lang='lat' dir='ltr'><strong>panem,</strong></span> <span class='ocrx_word' id='word_1_157' title='bbox 1378 2068 1537 2122; x_wconf 88' lang='lat' dir='ltr'><strong>quem</strong></span> <span class='ocrx_word' id='word_1_158' title='bbox 1566 2069 1660 2121; x_wconf 90' lang='lat' dir='ltr'><strong>pa-</strong></span> 
     </span>
    </p>
   </div>
   <div class='ocr_carea' id='block_1_22' title="bbox 106 2139 1655 2211">
    <p class='ocr_par' dir='ltr' id='par_1_22' title="bbox 106 2139 1655 2211">
     <span class='ocr_line' id='line_1_22' title="bbox 106 2139 1655 2211; baseline 0.011 -26"><span class='ocrx_word' id='word_1_159' title='bbox 106 2141 229 2187; x_wconf 85' lang='lat' dir='ltr'><strong>terna</strong></span> <span class='ocrx_word' id='word_1_160' title='bbox 254 2139 555 2192; x_wconf 86' lang='lat' dir='ltr'><strong>reverentia</strong></span> <span class='ocrx_word' id='word_1_161' title='bbox 585 2155 650 2195; x_wconf 83' lang='lat' dir='ltr'><strong>ex</strong></span> <span class='ocrx_word' id='word_1_162' title='bbox 678 2156 776 2195; x_wconf 91' lang='lat' dir='ltr'><strong>usu</strong></span> <span class='ocrx_word' id='word_1_163' title='bbox 804 2147 991 2211; x_wconf 85' lang='lat' dir='ltr'><strong>poscit</strong></span> <span class='ocrx_word' id='word_1_164' title='bbox 1012 2148 1284 2209; x_wconf 84' lang='lat' dir='ltr'><strong>communi</strong></span> <span class='ocrx_word' id='word_1_165' title='bbox 1311 2161 1429 2202; x_wconf 87' lang='lat' dir='ltr'><strong>esse</strong></span> <span class='ocrx_word' id='word_1_166' title='bbox 1467 2149 1655 2202; x_wconf 83' lang='lat' dir='ltr'><strong>melio-</strong></span> 
     </span>
    </p>
   </div>
   <div class='ocr_carea' id='block_1_23' title="bbox 106 2224 1654 2307">
    <p class='ocr_par' dir='ltr' id='par_1_23' title="bbox 106 2224 1654 2307">
     <span class='ocr_line' id='line_1_23' title="bbox 106 2224 1654 2307; baseline 0.011 -33"><span class='ocrx_word' id='word_1_167' title='bbox 106 2238 215 2276; x_wconf 87' lang='lat' dir='ltr'><strong>rem.</strong></span> <span class='ocrx_word' id='word_1_168' title='bbox 250 2224 579 2297; x_wconf 84' lang='lat' dir='ltr'><strong>Siligeneum</strong></span> <span class='ocrx_word' id='word_1_169' title='bbox 632 2246 825 2299; x_wconf 88' lang='lat' dir='ltr'><strong>panem</strong></span> <span class='ocrx_word' id='word_1_170' title='bbox 882 2250 1099 2303; x_wconf 81' lang='lat' dir='ltr'><strong>semper</strong></span> <span class='ocrx_word' id='word_1_171' title='bbox 1126 2236 1286 2290; x_wconf 79' lang='lat' dir='ltr'><strong>debet</strong></span> <span class='ocrx_word' id='word_1_172' title='bbox 1318 2236 1369 2290; x_wconf 92' lang='lat' dir='ltr'><strong>in</strong></span> <span class='ocrx_word' id='word_1_173' title='bbox 1403 2248 1654 2307; x_wconf 89' lang='lat' dir='ltr'><strong>promptu</strong></span> 
     </span>
    </p>
   </div>
   <div class='ocr_carea' id='block_1_24' title="bbox 104 2313 1654 2398">
    <p class='ocr_par' dir='ltr' id='par_1_24' title="bbox 104 2313 1654 2398">
     <span class='ocr_line' id='line_1_24' title="bbox 104 2313 1654 2398; baseline 0.012 -32"><span class='ocrx_word' id='word_1_174' title='bbox 104 2313 289 2381; x_wconf 71' lang='lat' dir='ltr'><strong>habere,</strong></span> <span class='ocrx_word' id='word_1_175' title='bbox 337 2329 395 2373; x_wconf 90' lang='lat' dir='ltr'><strong>ut</strong></span> <span class='ocrx_word' id='word_1_176' title='bbox 438 2336 570 2375; x_wconf 87' lang='lat' dir='ltr'><strong>cum</strong></span> <span class='ocrx_word' id='word_1_177' title='bbox 609 2322 802 2392; x_wconf 83' lang='lat' dir='ltr'><strong>aliquis</strong></span> <span class='ocrx_word' id='word_1_178' title='bbox 831 2341 931 2393; x_wconf 91' lang='lat' dir='ltr'><strong>pro</strong></span> <span class='ocrx_word' id='word_1_179' title='bbox 977 2328 1080 2383; x_wconf 87' lang='lat' dir='ltr'><strong>hoc</strong></span> <span class='ocrx_word' id='word_1_180' title='bbox 1128 2328 1343 2398; x_wconf 85' lang='lat' dir='ltr'><strong>signum</strong></span> <span class='ocrx_word' id='word_1_181' title='bbox 1379 2329 1525 2393; x_wconf 81' lang='lat' dir='ltr'><strong>facit,</strong></span> <span class='ocrx_word' id='word_1_182' title='bbox 1571 2330 1654 2384; x_wconf 87' lang='lat' dir='ltr'><strong>vel</strong></span> 
     </span>
    </p>
   </div>
   <div class='ocr_carea' id='block_1_25' title="bbox 104 2411 1653 2485">
    <p class='ocr_par' dir='ltr' id='par_1_25' title="bbox 104 2411 1653 2485">
     <span class='ocr_line' id='line_1_25' title="bbox 104 2411 1653 2485; baseline 0.01 -25"><span class='ocrx_word' id='word_1_183' title='bbox 104 2421 179 2460; x_wconf 84' lang='lat' dir='ltr'><strong>sua</strong></span> <span class='ocrx_word' id='word_1_184' title='bbox 205 2420 377 2477; x_wconf 84' lang='lat' dir='ltr'><strong>sponte</strong></span> <span class='ocrx_word' id='word_1_185' title='bbox 409 2411 699 2479; x_wconf 78' lang='lat' dir='ltr'><strong>fratribus,</strong></span> <span class='ocrx_word' id='word_1_186' title='bbox 734 2431 870 2485; x_wconf 85' lang='lat' dir='ltr'><strong>quos</strong></span> <span class='ocrx_word' id='word_1_187' title='bbox 902 2417 1133 2472; x_wconf 88' lang='lat' dir='ltr'><strong>libenter</strong></span> <span class='ocrx_word' id='word_1_188' title='bbox 1162 2419 1307 2473; x_wconf 87' lang='lat' dir='ltr'><strong>vesci</strong></span> <span class='ocrx_word' id='word_1_189' title='bbox 1338 2423 1506 2484; x_wconf 88' lang='lat' dir='ltr'><strong>novit,</strong></span> <span class='ocrx_word' id='word_1_190' title='bbox 1540 2429 1653 2477; x_wconf 87' lang='lat' dir='ltr'><strong>sta-</strong></span> 
     </span>
    </p>
   </div>
   <div class='ocr_carea' id='block_1_26' title="bbox 105 2495 1656 2579">
    <p class='ocr_par' dir='ltr' id='par_1_26' title="bbox 105 2495 1656 2579">
     <span class='ocr_line' id='line_1_26' title="bbox 105 2495 1656 2579; baseline 0.014 -33"><span class='ocrx_word' id='word_1_191' title='bbox 105 2495 178 2549; x_wconf 89' lang='lat' dir='ltr'><strong>tim</strong></span> <span class='ocrx_word' id='word_1_192' title='bbox 212 2498 327 2553; x_wconf 83' lang='lat' dir='ltr'><strong>dare</strong></span> <span class='ocrx_word' id='word_1_193' title='bbox 354 2503 551 2569; x_wconf 84' lang='lat' dir='ltr'><strong>possit.</strong></span> <span class='ocrx_word' id='word_1_194' title='bbox 584 2501 714 2557; x_wconf 83' lang='lat' dir='ltr'><strong>Nam</strong></span> <span class='ocrx_word' id='word_1_195' title='bbox 752 2506 949 2562; x_wconf 88' lang='lat' dir='ltr'><strong>nullius</strong></span> <span class='ocrx_word' id='word_1_196' title='bbox 979 2509 1195 2579; x_wconf 82' lang='lat' dir='ltr'><strong>generis</strong></span> <span class='ocrx_word' id='word_1_197' title='bbox 1235 2509 1391 2578; x_wconf 89' lang='lat' dir='ltr'><strong>panis</strong></span> <span class='ocrx_word' id='word_1_198' title='bbox 1430 2511 1481 2565; x_wconf 90' lang='lat' dir='ltr'><strong>in</strong></span> <span class='ocrx_word' id='word_1_199' title='bbox 1516 2511 1656 2568; x_wconf 82' lang='lat' dir='ltr'><strong>refe-</strong></span> 
     </span>
    </p>
   </div>
   <div class='ocr_carea' id='block_1_27' title="bbox 105 2588 1653 2668">
    <p class='ocr_par' dir='ltr' id='par_1_27' title="bbox 105 2588 1653 2668">
     <span class='ocr_line' id='line_1_27' title="bbox 105 2588 1653 2668; baseline 0.014 -31"><span class='ocrx_word' id='word_1_200' title='bbox 105 2588 247 2642; x_wconf 87' lang='lat' dir='ltr'><strong>ctorio</strong></span> <span class='ocrx_word' id='word_1_201' title='bbox 274 2593 596 2657; x_wconf 88' lang='lat' dir='ltr'><strong>comeditur,</strong></span> <span class='ocrx_word' id='word_1_202' title='bbox 639 2594 731 2663; x_wconf 92' lang='lat' dir='ltr'><strong>qui</strong></span> <span class='ocrx_word' id='word_1_203' title='bbox 774 2612 878 2652; x_wconf 90' lang='lat' dir='ltr'><strong>non</strong></span> <span class='ocrx_word' id='word_1_204' title='bbox 910 2598 979 2653; x_wconf 91' lang='lat' dir='ltr'><strong>ab</strong></span> <span class='ocrx_word' id='word_1_205' title='bbox 1023 2600 1137 2668; x_wconf 91' lang='lat' dir='ltr'><strong>ipso</strong></span> <span class='ocrx_word' id='word_1_206' title='bbox 1167 2616 1232 2654; x_wconf 78' lang='lat' dir='ltr'><strong>ex</strong></span> <span class='ocrx_word' id='word_1_207' title='bbox 1263 2602 1653 2658; x_wconf 86' lang='lat' dir='ltr'><strong>consuetudine</strong></span> 
     </span>
    </p>
   </div>
   <div class='ocr_carea' id='block_1_28' title="bbox 103 2675 1653 2763">
    <p class='ocr_par' dir='ltr' id='par_1_28' title="bbox 103 2675 1653 2763">
     <span class='ocr_line' id='line_1_28' title="bbox 103 2675 1653 2763; baseline 0.015 -37"><span class='ocrx_word' id='word_1_208' title='bbox 103 2675 361 2746; x_wconf 85' lang='lat' dir='ltr'><strong>deferatur;</strong></span> <span class='ocrx_word' id='word_1_209' title='bbox 413 2699 525 2738; x_wconf 84' lang='lat' dir='ltr'><strong>non</strong></span> <span class='ocrx_word' id='word_1_210' title='bbox 559 2693 745 2740; x_wconf 71' lang='lat' dir='ltr'><strong>tamen</strong></span> <span class='ocrx_word' id='word_1_211' title='bbox 764 2704 886 2742; x_wconf 88' lang='lat' dir='ltr'><strong>cum</strong></span> <span class='ocrx_word' id='word_1_212' title='bbox 945 2690 1289 2763; x_wconf 82' lang='lat' dir='ltr'><strong>manutergio</strong></span> <span class='ocrx_word' id='word_1_213' title='bbox 1333 2691 1653 2759; x_wconf 74' lang='lat' dir='ltr'><strong>alicui,nisi</strong></span> 
     </span>
    </p>
   </div>
   <div class='ocr_carea' id='block_1_29' title="bbox 104 2766 645 2829">
    <p class='ocr_par' dir='ltr' id='par_1_29' title="bbox 104 2766 645 2829">
     <span class='ocr_line' id='line_1_29' title="bbox 104 2766 645 2829; baseline 0.022 -12"><span class='ocrx_word' id='word_1_214' title='bbox 104 2766 178 2820; x_wconf 85' lang='lat' dir='ltr'><strong>soli</strong></span> <span class='ocrx_word' id='word_1_215' title='bbox 212 2769 391 2827; x_wconf 91' lang='lat' dir='ltr'><strong>domno</strong></span> <span class='ocrx_word' id='word_1_216' title='bbox 434 2774 645 2829; x_wconf 71' lang='lat' dir='ltr'><strong>abbati.</strong></span> 
     </span>
    </p>
   </div>
   <div class='ocr_carea' id='block_1_30' title="bbox 159 2862 1646 2942">
    <p class='ocr_par' dir='ltr' id='par_1_30' title="bbox 159 2862 1646 2942">
     <span class='ocr_line' id='line_1_30' title="bbox 159 2862 1646 2942; baseline 0.013 -27"><span class='ocrx_word' id='word_1_217' title='bbox 159 2862 404 2933; x_wconf 85' lang='lat' dir='ltr'><strong>Reliquias</strong></span> <span class='ocrx_word' id='word_1_218' title='bbox 446 2868 613 2937; x_wconf 80' lang='lat' dir='ltr'><strong>panis</strong></span> <span class='ocrx_word' id='word_1_219' title='bbox 653 2879 761 2925; x_wconf 84' lang='lat' dir='ltr'><strong>tam</strong></span> <span class='ocrx_word' id='word_1_220' title='bbox 801 2882 927 2942; x_wconf 87' lang='lat' dir='ltr'><strong>post</strong></span> <span class='ocrx_word' id='word_1_221' title='bbox 971 2874 1324 2932; x_wconf 85' lang='lat' dir='ltr'><strong>refectionem</strong></span> <span class='ocrx_word' id='word_1_222' title='bbox 1365 2877 1646 2935; x_wconf 86' lang='lat' dir='ltr'><strong>ministro-</strong></span> 
     </span>
    </p>
   </div>
   <div class='ocr_carea' id='block_1_31' title="bbox 104 2958 1650 3037">
    <p class='ocr_par' dir='ltr' id='par_1_31' title="bbox 104 2958 1650 3037">
     <span class='ocr_line' id='line_1_31' title="bbox 104 2958 1650 3037; baseline 0.014 -35"><span class='ocrx_word' id='word_1_223' title='bbox 104 2966 214 3016; x_wconf 86' lang='lat' dir='ltr'><strong>rum,</strong></span> <span class='ocrx_word' id='word_1_224' title='bbox 242 2972 392 3025; x_wconf 78' lang='lat' dir='ltr'><strong>quam</strong></span> <span class='ocrx_word' id='word_1_225' title='bbox 424 2958 500 3013; x_wconf 89' lang='lat' dir='ltr'><strong>fra</strong></span> <span class='ocrx_word' id='word_1_226' title='bbox 515 2968 659 3015; x_wconf 77' lang='lat' dir='ltr'><strong>trum</strong></span> <span class='ocrx_word' id='word_1_227' title='bbox 696 2959 820 3018; x_wconf 80' lang='lat' dir='ltr'><strong>etim</strong></span> <span class='ocrx_word' id='word_1_228' title='bbox 856 2966 1106 3035; x_wconf 83' lang='lat' dir='ltr'><strong>caphlnis</strong></span> <span class='ocrx_word' id='word_1_229' title='bbox 1145 2968 1257 3036; x_wconf 90' lang='lat' dir='ltr'><strong>ipse</strong></span> <span class='ocrx_word' id='word_1_230' title='bbox 1287 2984 1383 3037; x_wconf 89' lang='lat' dir='ltr'><strong>per</strong></span> <span class='ocrx_word' id='word_1_231' title='bbox 1419 2984 1650 3024; x_wconf 89' lang='lat' dir='ltr'><strong>consue-</strong></span> 
     </span>
    </p>
   </div>
   <div class='ocr_carea' id='block_1_32' title="bbox 106 3046 1646 3133">
    <p class='ocr_par' dir='ltr' id='par_1_32' title="bbox 106 3046 1646 3133">
     <span class='ocr_line' id='line_1_32' title="bbox 106 3046 1646 3133; baseline 0.013 -38"><span class='ocrx_word' id='word_1_232' title='bbox 106 3046 301 3101; x_wconf 82' lang='lat' dir='ltr'><strong>tudinem</strong></span> <span class='ocrx_word' id='word_1_233' title='bbox 338 3050 546 3118; x_wconf 74' lang='lat' dir='ltr'><strong>aufcrt;</strong></span> <span class='ocrx_word' id='word_1_234' title='bbox 594 3052 696 3109; x_wconf 89' lang='lat' dir='ltr'><strong>nisi</strong></span> <span class='ocrx_word' id='word_1_235' title='bbox 730 3056 945 3124; x_wconf 85' lang='lat' dir='ltr'><strong>quando</strong></span> <span class='ocrx_word' id='word_1_236' title='bbox 985 3056 1051 3111; x_wconf 91' lang='lat' dir='ltr'><strong>ad</strong></span> <span class='ocrx_word' id='word_1_237' title='bbox 1089 3058 1491 3131; x_wconf 73' lang='lat' dir='ltr'><strong>eleemosynam</strong></span> <span class='ocrx_word' id='word_1_238' title='bbox 1520 3077 1646 3133; x_wconf 85' lang='lat' dir='ltr'><strong>per-</strong></span> 
     </span>
    </p>
   </div>
   <div class='ocr_carea' id='block_1_33' title="bbox 104 3136 1647 3216">
    <p class='ocr_par' dir='ltr' id='par_1_33' title="bbox 104 3136 1647 3216">
     <span class='ocr_line' id='line_1_33' title="bbox 104 3136 1647 3216; baseline 0.016 -31"><span class='ocrx_word' id='word_1_239' title='bbox 104 3136 261 3192; x_wconf 79' lang='lat' dir='ltr'><strong>tinent.</strong></span> <span class='ocrx_word' id='word_1_240' title='bbox 291 3138 469 3197; x_wconf 89' lang='lat' dir='ltr'><strong>Potest</strong></span> <span class='ocrx_word' id='word_1_241' title='bbox 511 3145 700 3212; x_wconf 89' lang='lat' dir='ltr'><strong>etiam,</strong></span> <span class='ocrx_word' id='word_1_242' title='bbox 742 3147 786 3202; x_wconf 92' lang='lat' dir='ltr'><strong>si</strong></span> <span class='ocrx_word' id='word_1_243' title='bbox 831 3148 965 3204; x_wconf 86' lang='lat' dir='ltr'><strong>adeo</strong></span> <span class='ocrx_word' id='word_1_244' title='bbox 1012 3165 1135 3205; x_wconf 91' lang='lat' dir='ltr'><strong>sero</strong></span> <span class='ocrx_word' id='word_1_245' title='bbox 1165 3160 1267 3216; x_wconf 85' lang='lat' dir='ltr'><strong>est,</strong></span> <span class='ocrx_word' id='word_1_246' title='bbox 1299 3168 1451 3208; x_wconf 71' lang='lat' dir='ltr'><strong>creua</strong></span> <span class='ocrx_word' id='word_1_247' title='bbox 1488 3155 1647 3209; x_wconf 91' lang='lat' dir='ltr'><strong>mini-</strong></span> 
     </span>
    </p>
   </div>
   <div class='ocr_carea' id='block_1_34' title="bbox 1770 562 3361 633">
    <p class='ocr_par' dir='ltr' id='par_1_34' title="bbox 1770 562 3361 633">
     <span class='ocr_line' id='line_1_34' title="bbox 1770 562 3361 633; baseline -0.001 -14"><span class='ocrx_word' id='word_1_248' title='bbox 1770 575 1998 627; x_wconf 87' lang='lat' dir='ltr'><strong>clormn,</strong></span> <span class='ocrx_word' id='word_1_249' title='bbox 2033 580 2153 633; x_wconf 68' lang='lat' dir='ltr'><strong>qum</strong></span> <span class='ocrx_word' id='word_1_250' title='bbox 2192 564 2243 617; x_wconf 92' lang='lat' dir='ltr'><strong>in</strong></span> <span class='ocrx_word' id='word_1_251' title='bbox 2272 562 2691 629; x_wconf 82' lang='lat' dir='ltr'><strong>Quadragesima</strong></span> <span class='ocrx_word' id='word_1_252' title='bbox 2722 573 3046 629; x_wconf 86' lang='lat' dir='ltr'><strong>occurrunt,</strong></span> <span class='ocrx_word' id='word_1_253' title='bbox 3074 565 3125 617; x_wconf 90' lang='lat' dir='ltr'><strong>in</strong></span> <span class='ocrx_word' id='word_1_254' title='bbox 3160 564 3361 633; x_wconf 75' lang='lat' dir='ltr'><strong>vigiiiis</strong></span> 
     </span>
    </p>
   </div>
   <div class='ocr_carea' id='block_1_35' title="bbox 1768 652 3356 728">
    <p class='ocr_par' dir='ltr' id='par_1_35' title="bbox 1768 652 3356 728">
     <span class='ocr_line' id='line_1_35' title="bbox 1768 652 3356 728; baseline 0 -21"><span class='ocrx_word' id='word_1_255' title='bbox 1768 658 2005 726; x_wconf 81' lang='lat' dir='ltr'><strong>quinque</strong></span> <span class='ocrx_word' id='word_1_256' title='bbox 2035 654 2407 728; x_wconf 89' lang='lat' dir='ltr'><strong>priueipaliutu</strong></span> <span class='ocrx_word' id='word_1_257' title='bbox 2437 652 2784 707; x_wconf 75' lang='lat' dir='ltr'><strong>festivitatuzu</strong></span> <span class='ocrx_word' id='word_1_258' title='bbox 2829 667 2877 709; x_wconf 89' lang='lat' dir='ltr'><strong>et</strong></span> <span class='ocrx_word' id='word_1_259' title='bbox 2906 657 3142 725; x_wconf 90' lang='lat' dir='ltr'><strong>quinque</strong></span> <span class='ocrx_word' id='word_1_260' title='bbox 3174 656 3356 710; x_wconf 82' lang='lat' dir='ltr'><strong>Domi-</strong></span> 
     </span>
    </p>
   </div>
   <div class='ocr_carea' id='block_1_36' title="bbox 1768 748 3354 818">
    <p class='ocr_par' dir='ltr' id='par_1_36' title="bbox 1768 748 3354 818">
     <span class='ocr_line' id='line_1_36' title="bbox 1768 748 3354 818; baseline -0.001 -16"><span class='ocrx_word' id='word_1_261' title='bbox 1768 750 1921 813; x_wconf 88' lang='lat' dir='ltr'><strong>nicis,</strong></span> <span class='ocrx_word' id='word_1_262' title='bbox 1951 750 2001 805; x_wconf 89' lang='lat' dir='ltr'><strong>id</strong></span> <span class='ocrx_word' id='word_1_263' title='bbox 2033 760 2116 804; x_wconf 88' lang='lat' dir='ltr'><strong>cst</strong></span> <span class='ocrx_word' id='word_1_264' title='bbox 2145 749 2195 804; x_wconf 92' lang='lat' dir='ltr'><strong>in</strong></span> <span class='ocrx_word' id='word_1_265' title='bbox 2227 748 2398 817; x_wconf 54' lang='lat' dir='ltr'><strong>prima</strong></span> <span class='ocrx_word' id='word_1_266' title='bbox 2433 748 2707 807; x_wconf 75' lang='lat' dir='ltr'><strong>Adventus</strong></span> <span class='ocrx_word' id='word_1_267' title='bbox 2736 748 2974 811; x_wconf 87' lang='lat' dir='ltr'><strong>Domini,</strong></span> <span class='ocrx_word' id='word_1_268' title='bbox 3008 749 3354 818; x_wconf 61' lang='lat' dir='ltr'><strong>Septuagesi-</strong></span> 
     </span>
    </p>
   </div>
   <div class='ocr_carea' id='block_1_37' title="bbox 1768 842 3354 911">
    <p class='ocr_par' dir='ltr' id='par_1_37' title="bbox 1768 842 3354 911">
     <span class='ocr_line' id='line_1_37' title="bbox 1768 842 3354 911; baseline -0.001 -13"><span class='ocrx_word' id='word_1_269' title='bbox 1768 861 1887 909; x_wconf 75' lang='lat' dir='ltr'><strong>une,</strong></span> <span class='ocrx_word' id='word_1_270' title='bbox 1919 843 2375 911; x_wconf 74' lang='lat' dir='ltr'><strong>Quadragesimre,</strong></span> <span class='ocrx_word' id='word_1_271' title='bbox 2430 842 2639 907; x_wconf 78' lang='lat' dir='ltr'><strong>Mediae,</strong></span> <span class='ocrx_word' id='word_1_272' title='bbox 2672 850 2725 895; x_wconf 88' lang='lat' dir='ltr'><strong>et</strong></span> <span class='ocrx_word' id='word_1_273' title='bbox 2773 842 2824 894; x_wconf 92' lang='lat' dir='ltr'><strong>iu</strong></span> <span class='ocrx_word' id='word_1_274' title='bbox 2871 842 3091 896; x_wconf 88' lang='lat' dir='ltr'><strong>Palmis.</strong></span> <span class='ocrx_word' id='word_1_275' title='bbox 3146 842 3201 895; x_wconf 87' lang='lat' dir='ltr'><strong>lu</strong></span> <span class='ocrx_word' id='word_1_276' title='bbox 3234 842 3354 896; x_wconf 84' lang='lat' dir='ltr'><strong>aliis</strong></span> 
     </span>
    </p>
   </div>
   <div class='ocr_carea' id='block_1_38' title="bbox 1767 934 3353 1005">
    <p class='ocr_par' dir='ltr' id='par_1_38' title="bbox 1767 934 3353 1005">
     <span class='ocr_line' id='line_1_38' title="bbox 1767 934 3353 1005; baseline -0.004 -12"><span class='ocrx_word' id='word_1_277' title='bbox 1767 951 1896 993; x_wconf 71' lang='lat' dir='ltr'><strong>Vero</strong></span> <span class='ocrx_word' id='word_1_278' title='bbox 1927 936 2116 990; x_wconf 86' lang='lat' dir='ltr'><strong>diebus</strong></span> <span class='ocrx_word' id='word_1_279' title='bbox 2146 951 2250 989; x_wconf 90' lang='lat' dir='ltr'><strong>non</strong></span> <span class='ocrx_word' id='word_1_280' title='bbox 2276 935 2379 990; x_wconf 90' lang='lat' dir='ltr'><strong>uisi</strong></span> <span class='ocrx_word' id='word_1_281' title='bbox 2407 934 2664 1001; x_wconf 65' lang='lat' dir='ltr'><strong>dimidiae,</strong></span> <span class='ocrx_word' id='word_1_282' title='bbox 2706 943 2901 1005; x_wconf 70' lang='lat' dir='ltr'><strong>przetcr</strong></span> <span class='ocrx_word' id='word_1_283' title='bbox 2936 952 3174 989; x_wconf 87' lang='lat' dir='ltr'><strong>mensam</strong></span> <span class='ocrx_word' id='word_1_284' title='bbox 3206 937 3353 1005; x_wconf 89' lang='lat' dir='ltr'><strong>priu-</strong></span> 
     </span>
    </p>
   </div>
   <div class='ocr_carea' id='block_1_39' title="bbox 1765 1027 3353 1097">
    <p class='ocr_par' dir='ltr' id='par_1_39' title="bbox 1765 1027 3353 1097">
     <span class='ocr_line' id='line_1_39' title="bbox 1765 1027 3353 1097; baseline 0.001 -17"><span class='ocrx_word' id='word_1_285' title='bbox 1765 1027 2012 1094; x_wconf 79' lang='lat' dir='ltr'><strong>eipaleni,</strong></span> <span class='ocrx_word' id='word_1_286' title='bbox 2050 1029 2453 1097; x_wconf 81' lang='lat' dir='ltr'><strong>cooperiuntur,</strong></span> <span class='ocrx_word' id='word_1_287' title='bbox 2494 1035 2548 1081; x_wconf 84' lang='lat' dir='ltr'><strong>et</strong></span> <span class='ocrx_word' id='word_1_288' title='bbox 2601 1027 2695 1091; x_wconf 88' lang='lat' dir='ltr'><strong>ita,</strong></span> <span class='ocrx_word' id='word_1_289' title='bbox 2750 1036 2809 1081; x_wconf 89' lang='lat' dir='ltr'><strong>ut</strong></span> <span class='ocrx_word' id='word_1_290' title='bbox 2856 1042 2954 1081; x_wconf 87' lang='lat' dir='ltr'><strong>nec</strong></span> <span class='ocrx_word' id='word_1_291' title='bbox 2981 1027 3220 1083; x_wconf 83' lang='lat' dir='ltr'><strong>scutellae</strong></span> <span class='ocrx_word' id='word_1_292' title='bbox 3255 1044 3353 1082; x_wconf 87' lang='lat' dir='ltr'><strong>nec</strong></span> 
     </span>
    </p>
   </div>
   <div class='ocr_carea' id='block_1_40' title="bbox 1759 1115 2790 1189">
    <p class='ocr_par' dir='ltr' id='par_1_40' title="bbox 1759 1115 2790 1189">
     <span class='ocr_line' id='line_1_40' title="bbox 1759 1115 2790 1189; baseline 0.003 -20"><span class='ocrx_word' id='word_1_293' title='bbox 1759 1115 1981 1185; x_wconf 75' lang='lat' dir='ltr'><strong>justitia:</strong></span> <span class='ocrx_word' id='word_1_294' title='bbox 2010 1134 2173 1188; x_wconf 80' lang='lat' dir='ltr'><strong>super</strong></span> <span class='ocrx_word' id='word_1_295' title='bbox 2204 1119 2464 1189; x_wconf 86' lang='lat' dir='ltr'><strong>meusalia</strong></span> <span class='ocrx_word' id='word_1_296' title='bbox 2501 1129 2790 1188; x_wconf 67' lang='lat' dir='ltr'><strong>nouantur.</strong></span> 
     </span>
    </p>
   </div>
   <div class='ocr_carea' id='block_1_41' title="bbox 2391 1211 2725 1269">
    <p class='ocr_par' dir='ltr' id='par_1_41' title="bbox 2391 1211 2725 1269">
     <span class='ocr_line' id='line_1_41' title="bbox 2391 1211 2725 1269; baseline 0.006 -2"><span class='ocrx_word' id='word_1_297' title='bbox 2391 1211 2620 1268; x_wconf 81' lang='lat' dir='ltr'><strong>CAPUT</strong></span> <span class='ocrx_word' id='word_1_298' title='bbox 2662 1211 2725 1269; x_wconf 85' lang='lat' dir='ltr'><strong>L.</strong></span> 
     </span>
    </p>
   </div>
   <div class='ocr_carea' id='block_1_42' title="bbox 2194 1302 2929 1373">
    <p class='ocr_par' dir='ltr' id='par_1_42' title="bbox 2194 1302 2929 1373">
     <span class='ocr_line' id='line_1_42' title="bbox 2194 1302 2929 1373; baseline 0 -16"><span class='ocrx_word' id='word_1_299' title='bbox 2194 1302 2271 1358; x_wconf 82' lang='lat' dir='ltr'><strong>De</strong></span> <span class='ocrx_word' id='word_1_300' title='bbox 2304 1304 2647 1372; x_wconf 71' lang='lat' dir='ltr'><strong>suscipiendis</strong></span> <span class='ocrx_word' id='word_1_301' title='bbox 2675 1304 2929 1373; x_wconf 68' lang='lat' dir='ltr'><strong>personis.</strong></span> 
     </span>
    </p>
   </div>
   <div class='ocr_carea' id='block_1_43' title="bbox 1835 1390 3348 1463">
    <p class='ocr_par' dir='ltr' id='par_1_43' title="bbox 1835 1390 3348 1463">
     <span class='ocr_line' id='line_1_43' title="bbox 1835 1390 3348 1463; baseline 0 -17"><span class='ocrx_word' id='word_1_302' title='bbox 1835 1392 1850 1411; x_wconf 84' lang='lat'><strong>‘</strong></span> <span class='ocrx_word' id='word_1_303' title='bbox 1882 1390 1937 1446; x_wconf 89' lang='lat' dir='ltr'><strong>Si</strong></span> <span class='ocrx_word' id='word_1_304' title='bbox 1979 1393 2230 1463; x_wconf 67' lang='lat' dir='ltr'><strong>qutelibet</strong></span> <span class='ocrx_word' id='word_1_305' title='bbox 2264 1408 2491 1463; x_wconf 88' lang='lat' dir='ltr'><strong>persona</strong></span> <span class='ocrx_word' id='word_1_306' title='bbox 2521 1409 2643 1449; x_wconf 91' lang='lat' dir='ltr'><strong>cum</strong></span> <span class='ocrx_word' id='word_1_307' title='bbox 2670 1394 3015 1461; x_wconf 82' lang='lat' dir='ltr'><strong>processione</strong></span> <span class='ocrx_word' id='word_1_308' title='bbox 3039 1394 3348 1463; x_wconf 82' lang='lat' dir='ltr'><strong>sitscipitur,</strong></span> 
     </span>
    </p>
   </div>
   <div class='ocr_carea' id='block_1_44' title="bbox 1767 1483 3353 1551">
    <p class='ocr_par' dir='ltr' id='par_1_44' title="bbox 1767 1483 3353 1551">
     <span class='ocr_line' id='line_1_44' title="bbox 1767 1483 3353 1551; baseline 0.003 -13"><span class='ocrx_word' id='word_1_309' title='bbox 1767 1483 1964 1540; x_wconf 68' lang='lat' dir='ltr'><strong>fratres</strong></span> <span class='ocrx_word' id='word_1_310' title='bbox 1999 1501 2189 1542; x_wconf 87' lang='lat' dir='ltr'><strong>omnes</strong></span> <span class='ocrx_word' id='word_1_311' title='bbox 2220 1487 2517 1542; x_wconf 84' lang='lat' dir='ltr'><strong>induuntur</strong></span> <span class='ocrx_word' id='word_1_312' title='bbox 2554 1486 2710 1551; x_wconf 84' lang='lat' dir='ltr'><strong>albis,</strong></span> <span class='ocrx_word' id='word_1_313' title='bbox 2739 1495 2794 1541; x_wconf 88' lang='lat' dir='ltr'><strong>et</strong></span> <span class='ocrx_word' id='word_1_314' title='bbox 2823 1486 2925 1542; x_wconf 86' lang='lat' dir='ltr'><strong>nisi</strong></span> <span class='ocrx_word' id='word_1_315' title='bbox 2956 1502 2987 1541; x_wconf 65' lang='grc' dir='ltr'><strong>ξι</strong></span> <span class='ocrx_word' id='word_1_316' title='bbox 3033 1490 3230 1541; x_wconf 87' lang='lat' dir='ltr'><strong>doumo</strong></span> <span class='ocrx_word' id='word_1_317' title='bbox 3258 1488 3353 1542; x_wconf 87' lang='lat' dir='ltr'><strong>ab-</strong></span> 
     </span>
    </p>
   </div>
   <div class='ocr_carea' id='block_1_45' title="bbox 1764 1574 3349 1647">
    <p class='ocr_par' dir='ltr' id='par_1_45' title="bbox 1764 1574 3349 1647">
     <span class='ocr_line' id='line_1_45' title="bbox 1764 1574 3349 1647; baseline -0.001 -17"><span class='ocrx_word' id='word_1_318' title='bbox 1764 1574 1886 1630; x_wconf 86' lang='lat' dir='ltr'><strong>bate</strong></span> <span class='ocrx_word' id='word_1_319' title='bbox 1912 1576 2275 1645; x_wconf 66' lang='lat' dir='ltr'><strong>prrccipiatur,</strong></span> <span class='ocrx_word' id='word_1_320' title='bbox 2305 1592 2461 1632; x_wconf 90' lang='lat' dir='ltr'><strong>nemo</strong></span> <span class='ocrx_word' id='word_1_321' title='bbox 2488 1592 2749 1647; x_wconf 82' lang='lat' dir='ltr'><strong>unquam,</strong></span> <span class='ocrx_word' id='word_1_322' title='bbox 2773 1586 2999 1646; x_wconf 71' lang='lat' dir='ltr'><strong>excepto</strong></span> <span class='ocrx_word' id='word_1_323' title='bbox 3025 1592 3168 1646; x_wconf 82' lang='lat' dir='ltr'><strong>rege,</strong></span> <span class='ocrx_word' id='word_1_324' title='bbox 3194 1594 3349 1646; x_wconf 87' lang='lat' dir='ltr'><strong>papa,</strong></span> 
     </span>
    </p>
   </div>
   <div class='ocr_carea' id='block_1_46' title="bbox 1762 1664 3352 1738">
    <p class='ocr_par' dir='ltr' id='par_1_46' title="bbox 1762 1664 3352 1738">
     <span class='ocr_line' id='line_1_46' title="bbox 1762 1664 3352 1738; baseline 0.001 -19"><span class='ocrx_word' id='word_1_325' title='bbox 1762 1673 1816 1719; x_wconf 86' lang='lat' dir='ltr'><strong>et</strong></span> <span class='ocrx_word' id='word_1_326' title='bbox 1846 1664 1961 1734; x_wconf 86' lang='lat' dir='ltr'><strong>ipso</strong></span> <span class='ocrx_word' id='word_1_327' title='bbox 1994 1674 2146 1734; x_wconf 87' lang='lat' dir='ltr'><strong>patre</strong></span> <span class='ocrx_word' id='word_1_328' title='bbox 2179 1666 2516 1733; x_wconf 81' lang='lat' dir='ltr'><strong>monasterii,</strong></span> <span class='ocrx_word' id='word_1_329' title='bbox 2544 1668 2595 1720; x_wconf 92' lang='lat' dir='ltr'><strong>in</strong></span> <span class='ocrx_word' id='word_1_330' title='bbox 2625 1667 2813 1738; x_wconf 85' lang='lat' dir='ltr'><strong>cappis</strong></span> <span class='ocrx_word' id='word_1_331' title='bbox 2839 1667 3149 1736; x_wconf 72' lang='lat' dir='ltr'><strong>suscipitur.</strong></span> <span class='ocrx_word' id='word_1_332' title='bbox 3186 1668 3311 1733; x_wconf 70' lang='lat' dir='ltr'><strong>llebi</strong></span> <span class='ocrx_word' id='word_1_333' title='bbox 3332 1680 3352 1721; x_wconf 76' lang='grc' dir='ltr'><strong>ι</strong></span> 
     </span>
    </p>
   </div>
   <div class='ocr_carea' id='block_1_47' title="bbox 1763 1757 3351 1829">
    <p class='ocr_par' dir='ltr' id='par_1_47' title="bbox 1763 1757 3351 1829">
     <span class='ocr_line' id='line_1_47' title="bbox 1763 1757 3351 1829; baseline 0.003 -20"><span class='ocrx_word' id='word_1_334' title='bbox 1763 1766 1942 1810; x_wconf 87' lang='lat' dir='ltr'><strong>autem</strong></span> <span class='ocrx_word' id='word_1_335' title='bbox 1974 1757 2256 1826; x_wconf 85' lang='lat' dir='ltr'><strong>providere</strong></span> <span class='ocrx_word' id='word_1_336' title='bbox 2290 1759 2566 1825; x_wconf 82' lang='lat' dir='ltr'><strong>ostiarius,</strong></span> <span class='ocrx_word' id='word_1_337' title='bbox 2603 1774 2670 1814; x_wconf 88' lang='lat' dir='ltr'><strong>ne</strong></span> <span class='ocrx_word' id='word_1_338' title='bbox 2721 1761 2789 1817; x_wconf 86' lang='lat' dir='ltr'><strong>in-</strong></span> <span class='ocrx_word' id='word_1_339' title='bbox 2815 1760 2945 1815; x_wconf 83' lang='lat' dir='ltr'><strong>liora</strong></span> <span class='ocrx_word' id='word_1_340' title='bbox 2988 1776 3125 1817; x_wconf 73' lang='lat' dir='ltr'><strong>susci</strong></span> <span class='ocrx_word' id='word_1_341' title='bbox 3148 1761 3351 1829; x_wconf 85' lang='lat' dir='ltr'><strong>ptiouis</strong></span> 
     </span>
    </p>
   </div>
   <div class='ocr_carea' id='block_1_48' title="bbox 1697 1838 3349 1923">
    <p class='ocr_par' dir='ltr' id='par_1_48' title="bbox 1697 1838 3349 1923">
     <span class='ocr_line' id='line_1_48' title="bbox 1697 1838 3349 1923; baseline 0.004 -23"><span class='ocrx_word' id='word_1_342' title='bbox 1697 1838 1738 1893; x_wconf 81' lang='grc' dir='ltr'><strong>Β</strong></span> <span class='ocrx_word' id='word_1_343' title='bbox 1767 1848 1995 1902; x_wconf 85' lang='lat' dir='ltr'><strong>nimium</strong></span> <span class='ocrx_word' id='word_1_344' title='bbox 2046 1850 2118 1904; x_wconf 88' lang='lat' dir='ltr'><strong>sit</strong></span> <span class='ocrx_word' id='word_1_345' title='bbox 2158 1862 2427 1918; x_wconf 69' lang='lat' dir='ltr'><strong>remotus,</strong></span> <span class='ocrx_word' id='word_1_346' title='bbox 2467 1854 2778 1921; x_wconf 79' lang='lat' dir='ltr'><strong>quicunque</strong></span> <span class='ocrx_word' id='word_1_347' title='bbox 2805 1862 2906 1917; x_wconf 73' lang='lat' dir='ltr'><strong>est</strong></span> <span class='ocrx_word' id='word_1_348' title='bbox 2954 1853 3349 1923; x_wconf 76' lang='lat' dir='ltr'><strong>suscipiendus.</strong></span> 
     </span>
    </p>
   </div>
   <div class='ocr_carea' id='block_1_49' title="bbox 1763 1938 3351 2018">
    <p class='ocr_par' dir='ltr' id='par_1_49' title="bbox 1763 1938 3351 2018">
     <span class='ocr_line' id='line_1_49' title="bbox 1763 1938 3351 2018; baseline 0.007 -25"><span class='ocrx_word' id='word_1_349' title='bbox 1763 1938 1904 2009; x_wconf 81' lang='lat' dir='ltr'><strong>Ergo</strong></span> <span class='ocrx_word' id='word_1_350' title='bbox 1930 1942 2181 1998; x_wconf 84' lang='lat' dir='ltr'><strong>onmilnts</strong></span> <span class='ocrx_word' id='word_1_351' title='bbox 2212 1944 2420 1999; x_wconf 86' lang='lat' dir='ltr'><strong>vestitis</strong></span> <span class='ocrx_word' id='word_1_352' title='bbox 2449 1954 2504 1999; x_wconf 83' lang='lat' dir='ltr'><strong>et</strong></span> <span class='ocrx_word' id='word_1_353' title='bbox 2549 1946 2601 1999; x_wconf 92' lang='lat' dir='ltr'><strong>iu</strong></span> <span class='ocrx_word' id='word_1_354' title='bbox 2647 1947 2817 2001; x_wconf 82' lang='lat' dir='ltr'><strong>choro</strong></span> <span class='ocrx_word' id='word_1_355' title='bbox 2862 1948 3223 2018; x_wconf 79' lang='lat' dir='ltr'><strong>congregatis,</strong></span> <span class='ocrx_word' id='word_1_356' title='bbox 3255 1949 3351 2016; x_wconf 86' lang='lat' dir='ltr'><strong>qui</strong></span> 
     </span>
    </p>
   </div>
   <div class='ocr_carea' id='block_1_50' title="bbox 1762 2034 3346 2110">
    <p class='ocr_par' dir='ltr' id='par_1_50' title="bbox 1762 2034 3346 2110">
     <span class='ocr_line' id='line_1_50' title="bbox 1762 2034 3346 2110; baseline 0.004 -25"><span class='ocrx_word' id='word_1_357' title='bbox 1762 2034 2094 2101; x_wconf 70' lang='lat' dir='ltr'><strong>processioui</strong></span> <span class='ocrx_word' id='word_1_358' title='bbox 2125 2036 2429 2099; x_wconf 82' lang='lat' dir='ltr'><strong>inserviunt</strong></span> <span class='ocrx_word' id='word_1_359' title='bbox 2474 2037 2727 2092; x_wconf 87' lang='lat' dir='ltr'><strong>ordinate</strong></span> <span class='ocrx_word' id='word_1_360' title='bbox 2766 2046 2913 2092; x_wconf 82' lang='lat' dir='ltr'><strong>stant</strong></span> <span class='ocrx_word' id='word_1_361' title='bbox 2950 2048 3076 2094; x_wconf 85' lang='lat' dir='ltr'><strong>ante</strong></span> <span class='ocrx_word' id='word_1_362' title='bbox 3123 2039 3346 2110; x_wconf 82' lang='lat' dir='ltr'><strong>gradum</strong></span> 
     </span>
    </p>
   </div>
   <div class='ocr_carea' id='block_1_51' title="bbox 1761 2127 3347 2197">
    <p class='ocr_par' dir='ltr' id='par_1_51' title="bbox 1761 2127 3347 2197">
     <span class='ocr_line' id='line_1_51' title="bbox 1761 2127 3347 2197; baseline 0.001 -17"><span class='ocrx_word' id='word_1_363' title='bbox 1761 2127 1935 2180; x_wconf 86' lang='lat' dir='ltr'><strong>versis</strong></span> <span class='ocrx_word' id='word_1_364' title='bbox 1957 2127 2196 2183; x_wconf 87' lang='lat' dir='ltr'><strong>vultibus</strong></span> <span class='ocrx_word' id='word_1_365' title='bbox 2216 2128 2279 2181; x_wconf 91' lang='lat' dir='ltr'><strong>ad</strong></span> <span class='ocrx_word' id='word_1_366' title='bbox 2302 2139 2651 2197; x_wconf 80' lang='lat' dir='ltr'><strong>conventum.</strong></span> <span class='ocrx_word' id='word_1_367' title='bbox 2677 2129 2944 2192; x_wconf 84' lang='lat' dir='ltr'><strong>Sacerdos</strong></span> <span class='ocrx_word' id='word_1_368' title='bbox 2960 2131 3042 2187; x_wconf 70' lang='lat' dir='ltr'><strong>vel</strong></span> <span class='ocrx_word' id='word_1_369' title='bbox 3064 2132 3347 2196; x_wconf 58' lang='lat' dir='ltr'><strong>diaconus,</strong></span> 
     </span>
    </p>
   </div>
   <div class='ocr_carea' id='block_1_52' title="bbox 1759 2215 3348 2291">
    <p class='ocr_par' dir='ltr' id='par_1_52' title="bbox 1759 2215 3348 2291">
     <span class='ocr_line' id='line_1_52' title="bbox 1759 2215 3348 2291; baseline 0.008 -25"><span class='ocrx_word' id='word_1_370' title='bbox 1759 2216 1848 2285; x_wconf 87' lang='lat' dir='ltr'><strong>qui</strong></span> <span class='ocrx_word' id='word_1_371' title='bbox 1880 2215 1984 2269; x_wconf 86' lang='lat' dir='ltr'><strong>fert</strong></span> <span class='ocrx_word' id='word_1_372' title='bbox 2024 2226 2227 2285; x_wconf 79' lang='lat' dir='ltr'><strong>textum</strong></span> <span class='ocrx_word' id='word_1_373' title='bbox 2261 2218 2534 2290; x_wconf 79' lang='lat' dir='ltr'><strong>Evangelii</strong></span> <span class='ocrx_word' id='word_1_374' title='bbox 2588 2220 2663 2275; x_wconf 82' lang='lat' dir='ltr'><strong>in,</strong></span> <span class='ocrx_word' id='word_1_375' title='bbox 2699 2222 2897 2287; x_wconf 69' lang='lat' dir='ltr'><strong>medio,</strong></span> <span class='ocrx_word' id='word_1_376' title='bbox 2938 2231 3007 2281; x_wconf 77' lang='lat' dir='ltr'><strong>et</strong></span> <span class='ocrx_word' id='word_1_377' title='bbox 3031 2222 3284 2291; x_wconf 77' lang='lat' dir='ltr'><strong>utrinque</strong></span> <span class='ocrx_word' id='word_1_378' title='bbox 3316 2243 3348 2277; x_wconf 63' lang='grc' dir='ltr'>ει</span> 
     </span>
    </p>
   </div>
   <div class='ocr_carea' id='block_1_53' title="bbox 1759 2306 3347 2385">
    <p class='ocr_par' dir='ltr' id='par_1_53' title="bbox 1759 2306 3347 2385">
     <span class='ocr_line' id='line_1_53' title="bbox 1759 2306 3347 2385; baseline 0.006 -25"><span class='ocrx_word' id='word_1_379' title='bbox 1759 2306 1930 2361; x_wconf 87' lang='lat' dir='ltr'><strong>latere</strong></span> <span class='ocrx_word' id='word_1_380' title='bbox 1979 2308 2098 2378; x_wconf 86' lang='lat' dir='ltr'><strong>ejus</strong></span> <span class='ocrx_word' id='word_1_381' title='bbox 2143 2309 2413 2379; x_wconf 91' lang='lat' dir='ltr'><strong>conversi,</strong></span> <span class='ocrx_word' id='word_1_382' title='bbox 2471 2312 2563 2381; x_wconf 92' lang='lat' dir='ltr'><strong>qui</strong></span> <span class='ocrx_word' id='word_1_383' title='bbox 2615 2321 2802 2367; x_wconf 87' lang='lat' dir='ltr'><strong>tenent</strong></span> <span class='ocrx_word' id='word_1_384' title='bbox 2846 2314 3202 2381; x_wconf 78' lang='lat' dir='ltr'><strong>candelabra;</strong></span> <span class='ocrx_word' id='word_1_385' title='bbox 3255 2319 3347 2385; x_wconf 87' lang='lat' dir='ltr'><strong>qui</strong></span> 
     </span>
    </p>
   </div>
   <div class='ocr_carea' id='block_1_54' title="bbox 1761 2403 3349 2474">
    <p class='ocr_par' dir='ltr' id='par_1_54' title="bbox 1761 2403 3349 2474">
     <span class='ocr_line' id='line_1_54' title="bbox 1761 2403 3349 2474; baseline 0.008 -24"><span class='ocrx_word' id='word_1_386' title='bbox 1761 2414 1889 2454; x_wconf 88' lang='lat' dir='ltr'><strong>vero</strong></span> <span class='ocrx_word' id='word_1_387' title='bbox 1918 2414 2116 2468; x_wconf 83' lang='lat' dir='ltr'><strong>aquam</strong></span> <span class='ocrx_word' id='word_1_388' title='bbox 2158 2411 2207 2455; x_wconf 89' lang='lat' dir='ltr'><strong>et</strong></span> <span class='ocrx_word' id='word_1_389' title='bbox 2248 2403 2580 2458; x_wconf 88' lang='lat' dir='ltr'><strong>tlmribulum</strong></span> <span class='ocrx_word' id='word_1_390' title='bbox 2615 2405 2843 2465; x_wconf 82' lang='lat' dir='ltr'><strong>extremi</strong></span> <span class='ocrx_word' id='word_1_391' title='bbox 2877 2407 2999 2464; x_wconf 87' lang='lat' dir='ltr'><strong>hinc</strong></span> <span class='ocrx_word' id='word_1_392' title='bbox 3038 2418 3088 2461; x_wconf 87' lang='lat' dir='ltr'><strong>et</strong></span> <span class='ocrx_word' id='word_1_393' title='bbox 3123 2408 3265 2474; x_wconf 79' lang='lat' dir='ltr'><strong>inde,</strong></span> <span class='ocrx_word' id='word_1_394' title='bbox 3292 2421 3349 2463; x_wconf 89' lang='lat' dir='ltr'><strong>et</strong></span> 
     </span>
    </p>
   </div>
   <div class='ocr_carea' id='block_1_55' title="bbox 1758 2480 3349 2565">
    <p class='ocr_par' dir='ltr' id='par_1_55' title="bbox 1758 2480 3349 2565">
     <span class='ocr_line' id='line_1_55' title="bbox 1758 2480 3349 2565; baseline 0.005 -21"><span class='ocrx_word' id='word_1_395' title='bbox 1758 2490 1811 2553; x_wconf 78' lang='lat' dir='ltr'><strong>lii</strong></span> <span class='ocrx_word' id='word_1_396' title='bbox 1862 2506 2072 2547; x_wconf 30' lang='lat' dir='ltr'><strong>omnes.</strong></span> <span class='ocrx_word' id='word_1_397' title='bbox 2109 2493 2308 2549; x_wconf 86' lang='lat' dir='ltr'><strong>debent</strong></span> <span class='ocrx_word' id='word_1_398' title='bbox 2357 2509 2476 2550; x_wconf 83' lang='lat' dir='ltr'><strong>esse</strong></span> <span class='ocrx_word' id='word_1_399' title='bbox 2524 2494 2578 2549; x_wconf 90' lang='lat' dir='ltr'><strong>in</strong></span> <span class='ocrx_word' id='word_1_400' title='bbox 2609 2496 2816 2565; x_wconf 85' lang='lat' dir='ltr'><strong>cappis,</strong></span> <span class='ocrx_word' id='word_1_401' title='bbox 2867 2480 3007 2557; x_wconf 77' lang='lat' dir='ltr'><strong>sicut</strong></span> <span class='ocrx_word' id='word_1_402' title='bbox 3033 2506 3087 2552; x_wconf 91' lang='lat' dir='ltr'><strong>et</strong></span> <span class='ocrx_word' id='word_1_403' title='bbox 3117 2499 3349 2553; x_wconf 84' lang='lat' dir='ltr'><strong>domnus</strong></span> 
     </span>
    </p>
   </div>
   <div class='ocr_carea' id='block_1_56' title="bbox 1756 2572 3343 2659">
    <p class='ocr_par' dir='ltr' id='par_1_56' title="bbox 1756 2572 3343 2659">
     <span class='ocr_line' id='line_1_56' title="bbox 1756 2572 3343 2659; baseline 0.003 -21"><span class='ocrx_word' id='word_1_404' title='bbox 1756 2583 1917 2655; x_wconf 73' lang='lat' dir='ltr'><strong>abba,</strong></span> <span class='ocrx_word' id='word_1_405' title='bbox 1946 2584 2049 2651; x_wconf 87' lang='lat' dir='ltr'><strong>vel,</strong></span> <span class='ocrx_word' id='word_1_406' title='bbox 2088 2601 2153 2640; x_wconf 86' lang='lat' dir='ltr'><strong>eo</strong></span> <span class='ocrx_word' id='word_1_407' title='bbox 2185 2572 2632 2656; x_wconf 77' lang='lat' dir='ltr'><strong>absente,prior.</strong></span> <span class='ocrx_word' id='word_1_408' title='bbox 2651 2589 3131 2659; x_wconf 85' lang='lat' dir='ltr'><strong>Appropinquante</strong></span> <span class='ocrx_word' id='word_1_409' title='bbox 3161 2600 3343 2645; x_wconf 81' lang='lat' dir='ltr'><strong>autem</strong></span> 
     </span>
    </p>
   </div>
   <div class='ocr_carea' id='block_1_57' title="bbox 1756 2677 3345 2751">
    <p class='ocr_par' dir='ltr' id='par_1_57' title="bbox 1756 2677 3345 2751">
     <span class='ocr_line' id='line_1_57' title="bbox 1756 2677 3345 2751; baseline 0.003 -16"><span class='ocrx_word' id='word_1_410' title='bbox 1756 2690 1822 2735; x_wconf 84' lang='lat' dir='ltr'><strong>co</strong></span> <span class='ocrx_word' id='word_1_411' title='bbox 1877 2677 1970 2746; x_wconf 89' lang='lat' dir='ltr'><strong>qui</strong></span> <span class='ocrx_word' id='word_1_412' title='bbox 2022 2678 2399 2748; x_wconf 85' lang='lat' dir='ltr'><strong>suscipiendus</strong></span> <span class='ocrx_word' id='word_1_413' title='bbox 2450 2688 2565 2743; x_wconf 67' lang='lat' dir='ltr'><strong>est,</strong></span> <span class='ocrx_word' id='word_1_414' title='bbox 2605 2680 2873 2749; x_wconf 71' lang='lat' dir='ltr'><strong>incipiunt</strong></span> <span class='ocrx_word' id='word_1_415' title='bbox 2919 2682 3119 2751; x_wconf 82' lang='lat' dir='ltr'><strong>pulsari</strong></span> <span class='ocrx_word' id='word_1_416' title='bbox 3158 2685 3345 2739; x_wconf 76' lang='lat' dir='ltr'><strong>omnia</strong></span> 
     </span>
    </p>
   </div>
   <div class='ocr_carea' id='block_1_58' title="bbox 1754 2768 3345 2847">
    <p class='ocr_par' dir='ltr' id='par_1_58' title="bbox 1754 2768 3345 2847">
     <span class='ocr_line' id='line_1_58' title="bbox 1754 2768 3345 2847; baseline 0.006 -23"><span class='ocrx_word' id='word_1_417' title='bbox 1754 2768 1932 2839; x_wconf 79' lang='lat' dir='ltr'><strong>signa,</strong></span> <span class='ocrx_word' id='word_1_418' title='bbox 1964 2778 2020 2824; x_wconf 90' lang='lat' dir='ltr'><strong>et</strong></span> <span class='ocrx_word' id='word_1_419' title='bbox 2053 2786 2176 2826; x_wconf 77' lang='lat' dir='ltr'><strong>mox</strong></span> <span class='ocrx_word' id='word_1_420' title='bbox 2207 2772 2259 2826; x_wconf 91' lang='lat' dir='ltr'><strong>iu</strong></span> <span class='ocrx_word' id='word_1_421' title='bbox 2289 2774 2536 2829; x_wconf 69' lang='lat' dir='ltr'><strong>exeundo</strong></span> <span class='ocrx_word' id='word_1_422' title='bbox 2564 2774 2900 2844; x_wconf 66' lang='lat' dir='ltr'><strong>praecedunt,</strong></span> <span class='ocrx_word' id='word_1_423' title='bbox 2929 2777 3018 2846; x_wconf 92' lang='lat' dir='ltr'><strong>qui</strong></span> <span class='ocrx_word' id='word_1_424' title='bbox 3048 2793 3243 2847; x_wconf 86' lang='lat' dir='ltr'><strong>aquam</strong></span> <span class='ocrx_word' id='word_1_425' title='bbox 3288 2790 3345 2833; x_wconf 79' lang='lat' dir='ltr'><strong>et</strong></span> 
     </span>
    </p>
   </div>
   <div class='ocr_carea' id='block_1_59' title="bbox 1755 2863 3344 2943">
    <p class='ocr_par' dir='ltr' id='par_1_59' title="bbox 1755 2863 3344 2943">
     <span class='ocr_line' id='line_1_59' title="bbox 1755 2863 3344 2943; baseline 0.008 -26"><span class='ocrx_word' id='word_1_426' title='bbox 1755 2863 2090 2931; x_wconf 79' lang='lat' dir='ltr'><strong>tburiliulum</strong></span> <span class='ocrx_word' id='word_1_427' title='bbox 2141 2865 2324 2923; x_wconf 78' lang='lat' dir='ltr'><strong>ferunt</strong></span> <span class='ocrx_word' id='word_1_428' title='bbox 2366 2885 2550 2939; x_wconf 87' lang='lat' dir='ltr'><strong>:quos</strong></span> <span class='ocrx_word' id='word_1_429' title='bbox 2607 2880 2929 2939; x_wconf 88' lang='lat' dir='ltr'><strong>sequuntur,</strong></span> <span class='ocrx_word' id='word_1_430' title='bbox 2976 2872 3069 2942; x_wconf 82' lang='lat' dir='ltr'><strong>qui</strong></span> <span class='ocrx_word' id='word_1_431' title='bbox 3125 2885 3344 2943; x_wconf 62' lang='lat' dir='ltr'><strong>portant</strong></span> 
     </span>
    </p>
   </div>
   <div class='ocr_carea' id='block_1_60' title="bbox 1755 2952 3340 3031">
    <p class='ocr_par' dir='ltr' id='par_1_60' title="bbox 1755 2952 3340 3031">
     <span class='ocr_line' id='line_1_60' title="bbox 1755 2952 3340 3031; baseline 0.005 -22"><span class='ocrx_word' id='word_1_432' title='bbox 1755 2952 2086 3009; x_wconf 79' lang='lat' dir='ltr'><strong>candelabra</strong></span> <span class='ocrx_word' id='word_1_433' title='bbox 2134 2965 2187 3010; x_wconf 92' lang='lat' dir='ltr'><strong>et</strong></span> <span class='ocrx_word' id='word_1_434' title='bbox 2232 2965 2437 3013; x_wconf 83' lang='lat' dir='ltr'><strong>textum</strong></span> <span class='ocrx_word' id='word_1_435' title='bbox 2470 2958 2744 3031; x_wconf 82' lang='lat' dir='ltr'><strong>Evangelii</strong></span> <span class='ocrx_word' id='word_1_436' title='bbox 2773 2960 2915 3016; x_wconf 91' lang='lat' dir='ltr'><strong>inter</strong></span> <span class='ocrx_word' id='word_1_437' title='bbox 2944 2962 3058 3031; x_wconf 68' lang='lat' dir='ltr'><strong>ipsa</strong></span> <span class='ocrx_word' id='word_1_438' title='bbox 3084 2965 3340 3018; x_wconf 78' lang='lat' dir='ltr'><strong>candela-</strong></span> 
     </span>
    </p>
   </div>
   <div class='ocr_carea' id='block_1_61' title="bbox 1752 3050 3343 3119">
    <p class='ocr_par' dir='ltr' id='par_1_61' title="bbox 1752 3050 3343 3119">
     <span class='ocr_line' id='line_1_61' title="bbox 1752 3050 3343 3119; baseline 0.004 -16"><span class='ocrx_word' id='word_1_439' title='bbox 1752 3050 1868 3119; x_wconf 88' lang='lat' dir='ltr'><strong>bra,</strong></span> <span class='ocrx_word' id='word_1_440' title='bbox 1899 3052 2099 3108; x_wconf 89' lang='lat' dir='ltr'><strong>domno</strong></span> <span class='ocrx_word' id='word_1_441' title='bbox 2128 3050 2324 3107; x_wconf 85' lang='lat' dir='ltr'><strong>abbate</strong></span> <span class='ocrx_word' id='word_1_442' title='bbox 2357 3051 2577 3107; x_wconf 88' lang='lat' dir='ltr'><strong>eosdem</strong></span> <span class='ocrx_word' id='word_1_443' title='bbox 2614 3054 2929 3108; x_wconf 88' lang='lat' dir='ltr'><strong>comitante.</strong></span> <span class='ocrx_word' id='word_1_444' title='bbox 2978 3054 3106 3110; x_wconf 88' lang='lat' dir='ltr'><strong>Post</strong></span> <span class='ocrx_word' id='word_1_445' title='bbox 3141 3072 3235 3111; x_wconf 79' lang='lat' dir='ltr'><strong>eos</strong></span> <span class='ocrx_word' id='word_1_446' title='bbox 3261 3058 3343 3110; x_wconf 89' lang='lat' dir='ltr'><strong>iu-</strong></span> 
     </span>
    </p>
   </div>
   <div class='ocr_carea' id='block_1_62' title="bbox 1752 3143 3339 3215">
    <p class='ocr_par' dir='ltr' id='par_1_62' title="bbox 1752 3143 3339 3215">
     <span class='ocr_line' id='line_1_62' title="bbox 1752 3143 3339 3215; baseline 0.002 -17"><span class='ocrx_word' id='word_1_447' title='bbox 1752 3146 1951 3199; x_wconf 83' lang='lat' dir='ltr'><strong>cedunt</strong></span> <span class='ocrx_word' id='word_1_448' title='bbox 1978 3146 2188 3215; x_wconf 88' lang='lat' dir='ltr'><strong>priores</strong></span> <span class='ocrx_word' id='word_1_449' title='bbox 2215 3143 2405 3200; x_wconf 89' lang='lat' dir='ltr'><strong>eodem</strong></span> <span class='ocrx_word' id='word_1_450' title='bbox 2445 3144 2654 3209; x_wconf 87' lang='lat' dir='ltr'><strong>ordine,</strong></span> <span class='ocrx_word' id='word_1_451' title='bbox 2686 3159 2794 3214; x_wconf 86' lang='lat' dir='ltr'><strong>quo</strong></span> <span class='ocrx_word' id='word_1_452' title='bbox 2820 3145 2995 3201; x_wconf 89' lang='lat' dir='ltr'><strong>solent</strong></span> <span class='ocrx_word' id='word_1_453' title='bbox 3023 3146 3139 3205; x_wconf 58' lang='lat' dir='ltr'><strong>adt</strong></span> <span class='ocrx_word' id='word_1_454' title='bbox 3158 3163 3339 3201; x_wconf 77' lang='lat' dir='ltr'><strong>ruceui</strong></span> 
     </span>
    </p>
   </div>
   <div class='ocr_carea' id='block_1_63' title="bbox 100 3206 3342 3313">
    <p class='ocr_par' dir='ltr' id='par_1_63' title="bbox 100 3206 3342 3313">
     <span class='ocr_line' id='line_1_63' title="bbox 100 3206 3342 3313; baseline 0.003 -33"><span class='ocrx_word' id='word_1_455' title='bbox 100 3237 298 3286; x_wconf 82' lang='lat' dir='ltr'><strong>suorum</strong></span> <span class='ocrx_word' id='word_1_456' title='bbox 326 3249 442 3289; x_wconf 87' lang='lat' dir='ltr'><strong>cum</strong></span> <span class='ocrx_word' id='word_1_457' title='bbox 484 3238 646 3293; x_wconf 86' lang='lat' dir='ltr'><strong>micis</strong></span> <span class='ocrx_word' id='word_1_458' title='bbox 692 3240 886 3311; x_wconf 87' lang='lat' dir='ltr'><strong>accipi,</strong></span> <span class='ocrx_word' id='word_1_459' title='bbox 930 3257 1002 3298; x_wconf 86' lang='lat' dir='ltr'><strong>ne</strong></span> <span class='ocrx_word' id='word_1_460' title='bbox 1050 3251 1270 3313; x_wconf 80' lang='lat' dir='ltr'><strong>propter</strong></span> <span class='ocrx_word' id='word_1_461' title='bbox 1300 3245 1404 3301; x_wconf 80' lang='lat' dir='ltr'><strong>hoc</strong></span> <span class='ocrx_word' id='word_1_462' title='bbox 1444 3246 1647 3304; x_wconf 72' lang='lat' dir='ltr'><strong>diuuus</strong></span> <span class='ocrx_word' id='word_1_463' title='bbox 1674 3206 1719 3268; x_wconf 64' lang='grc' dir='ltr'><strong>δ</strong></span> <span class='ocrx_word' id='word_1_464' title='bbox 1754 3238 2066 3306; x_wconf 82' lang='lat' dir='ltr'><strong>procedere.</strong></span> <span class='ocrx_word' id='word_1_465' title='bbox 2107 3236 2280 3302; x_wconf 90' lang='lat' dir='ltr'><strong>Tunc,</strong></span> <span class='ocrx_word' id='word_1_466' title='bbox 2318 3236 2529 3301; x_wconf 71' lang='lat' dir='ltr'><strong>casteris</strong></span> <span class='ocrx_word' id='word_1_467' title='bbox 2560 3235 2696 3291; x_wconf 87' lang='lat' dir='ltr'><strong>infra</strong></span> <span class='ocrx_word' id='word_1_468' title='bbox 2728 3238 3013 3293; x_wconf 86' lang='lat' dir='ltr'><strong>ecclesiam</strong></span> <span class='ocrx_word' id='word_1_469' title='bbox 3057 3254 3342 3299; x_wconf 48' lang='lat' dir='ltr'><strong>remanens</strong></span> 
     </span>
    </p>
   </div>
   <div class='ocr_carea' id='block_1_64' title="bbox 102 3318 1648 3404">
    <p class='ocr_par' dir='ltr' id='par_1_64' title="bbox 102 3318 1646 3404">
     <span class='ocr_line' id='line_1_64' title="bbox 102 3318 1646 3404; baseline 0.016 -35"><span class='ocrx_word' id='word_1_470' title='bbox 102 3318 292 3377; x_wconf 80' lang='lat' dir='ltr'><strong>debeant</strong></span> <span class='ocrx_word' id='word_1_471' title='bbox 331 3326 637 3399; x_wconf 79' lang='lat' dir='ltr'><strong>immorari.</strong></span> <span class='ocrx_word' id='word_1_472' title='bbox 678 3328 733 3385; x_wconf 92' lang='lat' dir='ltr'><strong>Si</strong></span> <span class='ocrx_word' id='word_1_473' title='bbox 776 3332 1069 3401; x_wconf 83' lang='lat' dir='ltr'><strong>contigerit</strong></span> <span class='ocrx_word' id='word_1_474' title='bbox 1110 3334 1344 3404; x_wconf 82' lang='lat' dir='ltr'><strong>aliquem</strong></span> <span class='ocrx_word' id='word_1_475' title='bbox 1374 3346 1498 3393; x_wconf 90' lang='lat' dir='ltr'><strong>ante</strong></span> <span class='ocrx_word' id='word_1_476' title='bbox 1528 3336 1646 3393; x_wconf 90' lang='lat' dir='ltr'><strong>eol-</strong></span> 
     </span>
    </p>
   </div>
   <div class='ocr_carea' id='block_1_65' title="bbox 1756 3318 3339 3404">
    <p class='ocr_par' dir='ltr' id='par_1_65' title="bbox 1756 3328 3339 3403">
     <span class='ocr_line' id='line_1_65' title="bbox 1756 3328 3339 3403; baseline 0.003 -20"><span class='ocrx_word' id='word_1_477' title='bbox 1756 3328 1920 3393; x_wconf 86' lang='lat' dir='ltr'><strong>libus,</strong></span> <span class='ocrx_word' id='word_1_478' title='bbox 1948 3328 2178 3384; x_wconf 89' lang='lat' dir='ltr'><strong>domnus</strong></span> <span class='ocrx_word' id='word_1_479' title='bbox 2205 3329 2340 3383; x_wconf 87' lang='lat' dir='ltr'><strong>abba</strong></span> <span class='ocrx_word' id='word_1_480' title='bbox 2372 3343 2494 3381; x_wconf 88' lang='lat' dir='ltr'><strong>cum</strong></span> <span class='ocrx_word' id='word_1_481' title='bbox 2519 3328 2754 3398; x_wconf 72' lang='lat' dir='ltr'><strong>prtefatis</strong></span> <span class='ocrx_word' id='word_1_482' title='bbox 2780 3334 3183 3399; x_wconf 84' lang='lat' dir='ltr'><strong>processoribus</strong></span> <span class='ocrx_word' id='word_1_483' title='bbox 3211 3347 3339 3403; x_wconf 73' lang='lat' dir='ltr'><strong>pro-</strong></span> 
     </span>
    </p>
   </div>
   <div class='ocr_carea' id='block_1_66' title="bbox 97 3407 1648 3502">
    <p class='ocr_par' dir='ltr' id='par_1_66' title="bbox 97 3407 1646 3502">
     <span class='ocr_line' id='line_1_66' title="bbox 97 3407 1646 3502; baseline 0.016 -40"><span class='ocrx_word' id='word_1_484' title='bbox 97 3407 312 3469; x_wconf 83' lang='lat' dir='ltr'><strong>lationem</strong></span> <span class='ocrx_word' id='word_1_485' title='bbox 342 3418 596 3502; x_wconf 81' lang='lat' dir='ltr'><strong>reficere,</strong></span> <span class='ocrx_word' id='word_1_486' title='bbox 626 3420 701 3475; x_wconf 90' lang='lat' dir='ltr'><strong>illi</strong></span> <span class='ocrx_word' id='word_1_487' title='bbox 751 3421 1136 3489; x_wconf 77' lang='lat' dir='ltr'><strong>refectorarius</strong></span> <span class='ocrx_word' id='word_1_488' title='bbox 1166 3442 1358 3496; x_wconf 91' lang='lat' dir='ltr'><strong>panem</strong></span> <span class='ocrx_word' id='word_1_489' title='bbox 1385 3437 1439 3482; x_wconf 90' lang='lat' dir='ltr'><strong>et</strong></span> <span class='ocrx_word' id='word_1_490' title='bbox 1460 3437 1646 3499; x_wconf 88' lang='lat' dir='ltr'><strong>potum</strong></span> 
     </span>
    </p>
   </div>
   <div class='ocr_carea' id='block_1_67' title="bbox 1756 3407 3329 3502">
    <p class='ocr_par' dir='ltr' id='par_1_67' title="bbox 1756 3419 3329 3495">
     <span class='ocr_line' id='line_1_67' title="bbox 1756 3419 3329 3495; baseline 0 -20"><span class='ocrx_word' id='word_1_491' title='bbox 1756 3421 1893 3475; x_wconf 89' lang='lat' dir='ltr'><strong>cedit</strong></span> <span class='ocrx_word' id='word_1_492' title='bbox 1919 3421 2133 3475; x_wconf 88' lang='lat' dir='ltr'><strong>obviam</strong></span> <span class='ocrx_word' id='word_1_493' title='bbox 2170 3436 2342 3489; x_wconf 88' lang='lat' dir='ltr'><strong>usque</strong></span> <span class='ocrx_word' id='word_1_494' title='bbox 2366 3420 2441 3488; x_wconf 81' lang='lat' dir='ltr'><strong>ad</strong></span> <span class='ocrx_word' id='word_1_495' title='bbox 2471 3419 2653 3473; x_wconf 86' lang='lat' dir='ltr'><strong>valvas</strong></span> <span class='ocrx_word' id='word_1_496' title='bbox 2682 3421 2943 3476; x_wconf 70' lang='lat' dir='ltr'><strong>ecclesiae.</strong></span> <span class='ocrx_word' id='word_1_497' title='bbox 3322 3488 3329 3495; x_wconf 36' lang='lat'>.</span> 
     </span>
    </p>
   </div>
   <div class='ocr_carea' id='block_1_68' title="bbox 98 3503 3330 3590">
    <p class='ocr_par' dir='ltr' id='par_1_68' title="bbox 98 3503 3330 3590">
     <span class='ocr_line' id='line_1_68' title="bbox 98 3503 3330 3590; baseline 0.004 -36"><span class='ocrx_word' id='word_1_498' title='bbox 98 3503 224 3559; x_wconf 82' lang='lat' dir='ltr'><strong>debet</strong></span> <span class='ocrx_word' id='word_1_499' title='bbox 267 3510 603 3573; x_wconf 77' lang='lat' dir='ltr'><strong>ministrare.</strong></span> <span class='ocrx_word' id='word_1_500' title='bbox 645 3514 984 3587; x_wconf 74' lang='lat' dir='ltr'><strong>Quicunque</strong></span> <span class='ocrx_word' id='word_1_501' title='bbox 1033 3533 1165 3575; x_wconf 90' lang='lat' dir='ltr'><strong>vero</strong></span> <span class='ocrx_word' id='word_1_502' title='bbox 1207 3529 1391 3590; x_wconf 90' lang='lat' dir='ltr'><strong>postea</strong></span> <span class='ocrx_word' id='word_1_503' title='bbox 1437 3523 1641 3589; x_wconf 78' lang='lat' dir='ltr'><strong>reiicit,</strong></span> <span class='ocrx_word' id='word_1_504' title='bbox 1820 3511 1877 3567; x_wconf 89' lang='lat' dir='ltr'><strong>Si</strong></span> <span class='ocrx_word' id='word_1_505' title='bbox 1904 3520 1990 3568; x_wconf 89' lang='lat' dir='ltr'><strong>est</strong></span> <span class='ocrx_word' id='word_1_506' title='bbox 2016 3528 2150 3583; x_wconf 89' lang='lat' dir='ltr'><strong>papa</strong></span> <span class='ocrx_word' id='word_1_507' title='bbox 2174 3513 2257 3566; x_wconf 88' lang='lat' dir='ltr'><strong>vel</strong></span> <span class='ocrx_word' id='word_1_508' title='bbox 2294 3528 2413 3577; x_wconf 77' lang='lat' dir='ltr'><strong>rex,</strong></span> <span class='ocrx_word' id='word_1_509' title='bbox 2443 3513 2525 3568; x_wconf 84' lang='lat' dir='ltr'><strong>vel</strong></span> <span class='ocrx_word' id='word_1_510' title='bbox 2558 3511 2720 3567; x_wconf 83' lang='lat' dir='ltr'><strong>Pater</strong></span> <span class='ocrx_word' id='word_1_511' title='bbox 2748 3514 3087 3577; x_wconf 87' lang='lat' dir='ltr'><strong>monasterii,</strong></span> <span class='ocrx_word' id='word_1_512' title='bbox 3116 3515 3205 3583; x_wconf 90' lang='lat' dir='ltr'><strong>qui</strong></span> <span class='ocrx_word' id='word_1_513' title='bbox 3238 3532 3330 3569; x_wconf 84' lang='lat' dir='ltr'><strong>su—</strong></span> 
     </span>
    </p>
   </div>
   <div class='ocr_carea' id='block_1_69' title="bbox 97 3592 1648 3675">
    <p class='ocr_par' dir='ltr' id='par_1_69' title="bbox 97 3592 1644 3670">
     <span class='ocr_line' id='line_1_69' title="bbox 97 3592 1644 3670; baseline 0.017 -27"><span class='ocrx_word' id='word_1_514' title='bbox 97 3592 195 3651; x_wconf 87' lang='lat' dir='ltr'><strong>huic</strong></span> <span class='ocrx_word' id='word_1_515' title='bbox 214 3600 519 3659; x_wconf 84' lang='lat' dir='ltr'><strong>cellcraritts</strong></span> <span class='ocrx_word' id='word_1_516' title='bbox 557 3607 865 3662; x_wconf 85' lang='lat' dir='ltr'><strong>necessaria</strong></span> <span class='ocrx_word' id='word_1_517' title='bbox 905 3609 1258 3665; x_wconf 88' lang='lat' dir='ltr'><strong>tninistrabit.</strong></span> <span class='ocrx_word' id='word_1_518' title='bbox 1289 3611 1371 3667; x_wconf 81' lang='lat' dir='ltr'><strong>Ad</strong></span> <span class='ocrx_word' id='word_1_519' title='bbox 1418 3615 1644 3670; x_wconf 86' lang='lat' dir='ltr'><strong>manda-</strong></span> 
     </span>
    </p>
   </div>
   <div class='ocr_carea' id='block_1_70' title="bbox 1756 3592 3335 3675">
    <p class='ocr_par' dir='ltr' id='par_1_70' title="bbox 1756 3604 3335 3675">
     <span class='ocr_line' id='line_1_70' title="bbox 1756 3604 3335 3675; baseline -0.002 -15"><span class='ocrx_word' id='word_1_520' title='bbox 1756 3604 1996 3674; x_wconf 79' lang='lat' dir='ltr'><strong>scipitur,</strong></span> <span class='ocrx_word' id='word_1_521' title='bbox 2018 3614 2174 3660; x_wconf 89' lang='lat' dir='ltr'><strong>.totus</strong></span> <span class='ocrx_word' id='word_1_522' title='bbox 2196 3614 2496 3661; x_wconf 88' lang='lat' dir='ltr'><strong>conventus</strong></span> <span class='ocrx_word' id='word_1_523' title='bbox 2533 3621 2703 3675; x_wconf 87' lang='lat' dir='ltr'><strong>usque</strong></span> <span class='ocrx_word' id='word_1_524' title='bbox 2734 3604 2801 3659; x_wconf 87' lang='lat' dir='ltr'><strong>ad</strong></span> <span class='ocrx_word' id='word_1_525' title='bbox 2838 3606 3335 3675; x_wconf 70' lang='lat' dir='ltr'><strong>portaml‘aradisi</strong></span> 
     </span>
    </p>
   </div>
   <div class='ocr_carea' id='block_1_71' title="bbox 95 3695 1648 3779">
    <p class='ocr_par' dir='ltr' id='par_1_71' title="bbox 95 3695 1636 3776">
     <span class='ocr_line' id='line_1_71' title="bbox 95 3695 1636 3776; baseline 0.015 -38"><span class='ocrx_word' id='word_1_526' title='bbox 95 3695 361 3760; x_wconf 82' lang='lat' dir='ltr'><strong>tuineum,</strong></span> <span class='ocrx_word' id='word_1_527' title='bbox 406 3698 501 3766; x_wconf 90' lang='lat' dir='ltr'><strong>qui</strong></span> <span class='ocrx_word' id='word_1_528' title='bbox 553 3700 862 3769; x_wconf 79' lang='lat' dir='ltr'><strong>cymbalum</strong></span> <span class='ocrx_word' id='word_1_529' title='bbox 926 3720 1284 3774; x_wconf 82' lang='lat' dir='ltr'><strong>percussurus</strong></span> <span class='ocrx_word' id='word_1_530' title='bbox 1338 3708 1636 3776; x_wconf 82' lang='lat' dir='ltr'><strong>egreditur,</strong></span> 
     </span>
    </p>
   </div>
   <div class='ocr_carea' id='block_1_72' title="bbox 1756 3695 3331 3779">
    <p class='ocr_par' dir='ltr' id='par_1_72' title="bbox 1756 3697 3331 3779">
     <span class='ocr_line' id='line_1_72' title="bbox 1756 3697 3331 3779; baseline 0.001 -29"><span class='ocrx_word' id='word_1_531' title='bbox 1756 3697 1896 3779; x_wconf 10' lang='lat'><strong>[1477)</strong></span> <span class='ocrx_word' id='word_1_532' title='bbox 1928 3697 2291 3768; x_wconf 80' lang='lat' dir='ltr'><strong>progreditur,</strong></span> <span class='ocrx_word' id='word_1_533' title='bbox 2327 3706 2381 3752; x_wconf 91' lang='lat' dir='ltr'><strong>et</strong></span> <span class='ocrx_word' id='word_1_534' title='bbox 2405 3698 2450 3752; x_wconf 89' lang='lat' dir='ltr'><strong>si</strong></span> <span class='ocrx_word' id='word_1_535' title='bbox 2470 3706 2564 3767; x_wconf 82' lang='lat' dir='ltr'><strong>est.</strong></span> <span class='ocrx_word' id='word_1_536' title='bbox 2598 3712 2734 3768; x_wconf 86' lang='lat' dir='ltr'><strong>papa</strong></span> <span class='ocrx_word' id='word_1_537' title='bbox 2777 3697 2865 3767; x_wconf 7' lang='lat' dir='ltr'><strong>vel,</strong></span> <span class='ocrx_word' id='word_1_538' title='bbox 2900 3700 3190 3769; x_wconf 88' lang='lat' dir='ltr'><strong>episcopus</strong></span> <span class='ocrx_word' id='word_1_539' title='bbox 3230 3700 3295 3761; x_wconf 83' lang='lat' dir='ltr'><strong>lla</strong></span> <span class='ocrx_word' id='word_1_540' title='bbox 3317 3730 3331 3740; x_wconf 65' lang='grc' dir='ltr'><strong>η</strong></span> 
     </span>
    </p>
   </div>
   <div class='ocr_carea' id='block_1_73' title="bbox 94 3783 3329 3874">
    <p class='ocr_par' dir='ltr' id='par_1_73' title="bbox 94 3783 3329 3874">
     <span class='ocr_line' id='line_1_73' title="bbox 94 3783 3329 3874; baseline 0.003 -38"><span class='ocrx_word' id='word_1_541' title='bbox 94 3783 182 3851; x_wconf 85' lang='lat' dir='ltr'><strong>ipse</strong></span> <span class='ocrx_word' id='word_1_542' title='bbox 216 3792 461 3849; x_wconf 89' lang='lat' dir='ltr'><strong>continuo</strong></span> <span class='ocrx_word' id='word_1_543' title='bbox 513 3794 883 3866; x_wconf 85' lang='lat' dir='ltr'><strong>subsequitur.</strong></span> <span class='ocrx_word' id='word_1_544' title='bbox 915 3799 1236 3871; x_wconf 81' lang='lat' dir='ltr'><strong>Cymbalum</strong></span> <span class='ocrx_word' id='word_1_545' title='bbox 1275 3810 1333 3856; x_wconf 88' lang='lat' dir='ltr'><strong>et</strong></span> <span class='ocrx_word' id='word_1_546' title='bbox 1367 3801 1548 3857; x_wconf 84' lang='lat' dir='ltr'><strong>scillas</strong></span> <span class='ocrx_word' id='word_1_547' title='bbox 1584 3804 1640 3859; x_wconf 85' lang='lat' dir='ltr'><strong>in</strong></span> <span class='ocrx_word' id='word_1_548' title='bbox 1744 3790 1943 3846; x_wconf 90' lang='lat' dir='ltr'><strong>bellum</strong></span> <span class='ocrx_word' id='word_1_549' title='bbox 1971 3791 2020 3847; x_wconf 93' lang='lat' dir='ltr'><strong>ei</strong></span> <span class='ocrx_word' id='word_1_550' title='bbox 2049 3792 2233 3874; x_wconf 82' lang='lat' dir='ltr'><strong>datur,</strong></span> <span class='ocrx_word' id='word_1_551' title='bbox 2257 3806 2363 3861; x_wconf 91' lang='lat' dir='ltr'><strong>quo</strong></span> <span class='ocrx_word' id='word_1_552' title='bbox 2394 3791 2631 3863; x_wconf 88' lang='lat' dir='ltr'><strong>seipsum</strong></span> <span class='ocrx_word' id='word_1_553' title='bbox 2660 3800 2910 3861; x_wconf 81' lang='lat' dir='ltr'><strong>aspergat</strong></span> <span class='ocrx_word' id='word_1_554' title='bbox 2944 3808 2969 3845; x_wconf 66' lang='lat'><strong>:~</strong></span> <span class='ocrx_word' id='word_1_555' title='bbox 3002 3791 3084 3845; x_wconf 90' lang='lat' dir='ltr'><strong>sin</strong></span> <span class='ocrx_word' id='word_1_556' title='bbox 3127 3801 3329 3854; x_wconf 76' lang='lat' dir='ltr'><strong>autem.</strong></span> 
     </span>
    </p>
   </div>
   <div class='ocr_carea' id='block_1_74' title="bbox 94 3882 3331 3965">
    <p class='ocr_par' dir='ltr' id='par_1_74' title="bbox 94 3882 3331 3965">
     <span class='ocr_line' id='line_1_74' title="bbox 94 3882 3331 3965; baseline 0.002 -31"><span class='ocrx_word' id='word_1_557' title='bbox 94 3894 346 3945; x_wconf 78' lang='lat' dir='ltr'><strong>parasceve</strong></span> <span class='ocrx_word' id='word_1_558' title='bbox 379 3889 546 3953; x_wconf 67' lang='lat' dir='ltr'><strong>lavat,</strong></span> <span class='ocrx_word' id='word_1_559' title='bbox 578 3902 635 3942; x_wconf 75' lang='grc' dir='ltr'>οι</span> <span class='ocrx_word' id='word_1_560' title='bbox 661 3888 713 3945; x_wconf 81' lang='lat' dir='ltr'><strong>in</strong></span> <span class='ocrx_word' id='word_1_561' title='bbox 738 3891 933 3959; x_wconf 69' lang='lat' dir='ltr'><strong>eodem</strong></span> <span class='ocrx_word' id='word_1_562' title='bbox 962 3892 1079 3948; x_wconf 71' lang='lat' dir='ltr'><strong>loco</strong></span> <span class='ocrx_word' id='word_1_563' title='bbox 1105 3892 1380 3959; x_wconf 72' lang='lat' dir='ltr'><strong>malleolos</strong></span> <span class='ocrx_word' id='word_1_564' title='bbox 1411 3894 1637 3965; x_wconf 60' lang='grc' dir='ltr'><strong>Ιεςηεοε,</strong></span> <span class='ocrx_word' id='word_1_565' title='bbox 1744 3882 1878 3954; x_wconf 91' lang='lat' dir='ltr'><strong>ipse,</strong></span> <span class='ocrx_word' id='word_1_566' title='bbox 1912 3884 2025 3961; x_wconf 84' lang='lat' dir='ltr'><strong>qui</strong></span> <span class='ocrx_word' id='word_1_567' title='bbox 2051 3884 2405 3955; x_wconf 83' lang='lat' dir='ltr'><strong>suscipientes</strong></span> <span class='ocrx_word' id='word_1_568' title='bbox 2432 3887 2693 3957; x_wconf 78' lang='lat' dir='ltr'><strong>aspergit,</strong></span> <span class='ocrx_word' id='word_1_569' title='bbox 2719 3892 2775 3939; x_wconf 78' lang='lat' dir='ltr'><strong>et</strong></span> <span class='ocrx_word' id='word_1_570' title='bbox 2818 3884 3098 3965; x_wconf 81' lang='lat' dir='ltr'><strong>incensum</strong></span> <span class='ocrx_word' id='word_1_571' title='bbox 3131 3901 3227 3955; x_wconf 84' lang='lat' dir='ltr'><strong>per</strong></span> <span class='ocrx_word' id='word_1_572' title='bbox 3270 3904 3331 3950; x_wconf 77' lang='lat' dir='ltr'><strong>se</strong></span> 
     </span>
    </p>
   </div>
   <div class='ocr_carea' id='block_1_75' title="bbox 93 3975 3325 4062">
    <p class='ocr_par' dir='ltr' id='par_1_75' title="bbox 93 3975 3325 4062">
     <span class='ocr_line' id='line_1_75' title="bbox 93 3975 3325 4062; baseline 0.004 -40"><span class='ocrx_word' id='word_1_573' title='bbox 93 3984 198 4035; x_wconf 83' lang='lat' dir='ltr'><strong>qoos</strong></span> <span class='ocrx_word' id='word_1_574' title='bbox 224 3995 250 4033; x_wconf 90' lang='lat' dir='ltr'><strong>a</strong></span> <span class='ocrx_word' id='word_1_575' title='bbox 286 3982 486 4037; x_wconf 88' lang='lat' dir='ltr'><strong>decano</strong></span> <span class='ocrx_word' id='word_1_576' title='bbox 522 3984 665 4038; x_wconf 78' lang='lat' dir='ltr'><strong>villae</strong></span> <span class='ocrx_word' id='word_1_577' title='bbox 705 3982 924 4051; x_wconf 83' lang='lat' dir='ltr'><strong>accipit,</strong></span> <span class='ocrx_word' id='word_1_578' title='bbox 956 3998 1077 4039; x_wconf 90' lang='lat' dir='ltr'><strong>esse</strong></span> <span class='ocrx_word' id='word_1_579' title='bbox 1115 3994 1393 4054; x_wconf 75' lang='lat' dir='ltr'><strong>procurrat.</strong></span> <span class='ocrx_word' id='word_1_580' title='bbox 1442 3986 1636 4059; x_wconf 83' lang='lat' dir='ltr'><strong>llospi-</strong></span> <span class='ocrx_word' id='word_1_581' title='bbox 1740 3975 2049 4048; x_wconf 89' lang='lat' dir='ltr'><strong>impositum</strong></span> <span class='ocrx_word' id='word_1_582' title='bbox 2098 3979 2272 4062; x_wconf 87' lang='lat' dir='ltr'><strong>eidem</strong></span> <span class='ocrx_word' id='word_1_583' title='bbox 2297 4021 2311 4045; x_wconf 91' lang='lat'><strong>,</strong></span> <span class='ocrx_word' id='word_1_584' title='bbox 2356 3979 2727 4059; x_wconf 83' lang='lat' dir='ltr'><strong>cujuscunque</strong></span> <span class='ocrx_word' id='word_1_585' title='bbox 2774 3984 2846 4038; x_wconf 88' lang='lat' dir='ltr'><strong>sit</strong></span> <span class='ocrx_word' id='word_1_586' title='bbox 2889 3983 3115 4046; x_wconf 89' lang='lat' dir='ltr'><strong>ordinis,</strong></span> <span class='ocrx_word' id='word_1_587' title='bbox 3148 3982 3325 4038; x_wconf 81' lang='lat' dir='ltr'><strong>offert.</strong></span> 
     </span>
    </p>
   </div>
   <div class='ocr_carea' id='block_1_76' title="bbox 93 4064 3326 4150">
    <p class='ocr_par' dir='ltr' id='par_1_76' title="bbox 93 4064 3326 4150">
     <span class='ocr_line' id='line_1_76' title="bbox 93 4064 3326 4150; baseline 0.003 -30"><span class='ocrx_word' id='word_1_588' title='bbox 93 4064 204 4122; x_wconf 82' lang='lat' dir='ltr'><strong>libus</strong></span> <span class='ocrx_word' id='word_1_589' title='bbox 229 4076 764 4142; x_wconf 71' lang='lat' dir='ltr'><strong>supervenientibus,</strong></span> <span class='ocrx_word' id='word_1_590' title='bbox 790 4083 950 4146; x_wconf 83' lang='lat' dir='ltr'><strong>prout</strong></span> <span class='ocrx_word' id='word_1_591' title='bbox 980 4075 1126 4132; x_wconf 84' lang='lat' dir='ltr'><strong>videt</strong></span> <span class='ocrx_word' id='word_1_592' title='bbox 1177 4078 1261 4150; x_wconf 62' lang='lat' dir='ltr'><strong>eis</strong></span> <span class='ocrx_word' id='word_1_593' title='bbox 1293 4079 1431 4145; x_wconf 77' lang='lat' dir='ltr'><strong>dari,</strong></span> <span class='ocrx_word' id='word_1_594' title='bbox 1479 4088 1638 4136; x_wconf 74' lang='lat' dir='ltr'><strong>curat</strong></span> <span class='ocrx_word' id='word_1_595' title='bbox 1738 4074 1942 4130; x_wconf 89' lang='lat' dir='ltr'><strong>Deinde</strong></span> <span class='ocrx_word' id='word_1_596' title='bbox 1972 4083 2120 4130; x_wconf 84' lang='lat' dir='ltr'><strong>textu</strong></span> <span class='ocrx_word' id='word_1_597' title='bbox 2150 4077 2413 4149; x_wconf 82' lang='lat' dir='ltr'><strong>evangelii</strong></span> <span class='ocrx_word' id='word_1_598' title='bbox 2441 4078 2749 4133; x_wconf 87' lang='lat' dir='ltr'><strong>deosculato</strong></span> <span class='ocrx_word' id='word_1_599' title='bbox 2779 4086 3051 4149; x_wconf 89' lang='lat' dir='ltr'><strong>cantuque</strong></span> <span class='ocrx_word' id='word_1_600' title='bbox 3078 4078 3326 4148; x_wconf 85' lang='lat' dir='ltr'><strong>imposito</strong></span> 
     </span>
    </p>
   </div>
   <div class='ocr_carea' id='block_1_77' title="bbox 90 4159 3323 4240">
    <p class='ocr_par' dir='ltr' id='par_1_77' title="bbox 90 4159 3323 4240">
     <span class='ocr_line' id='line_1_77' title="bbox 90 4159 3323 4240; baseline 0.008 -31"><span class='ocrx_word' id='word_1_601' title='bbox 90 4159 331 4217; x_wconf 81' lang='lat' dir='ltr'><strong>stationem</strong></span> <span class='ocrx_word' id='word_1_602' title='bbox 360 4167 412 4222; x_wconf 89' lang='lat' dir='ltr'><strong>iu</strong></span> <span class='ocrx_word' id='word_1_603' title='bbox 444 4170 636 4233; x_wconf 75' lang='lat' dir='ltr'><strong>choro,</strong></span> <span class='ocrx_word' id='word_1_604' title='bbox 678 4168 792 4239; x_wconf 85' lang='lat' dir='ltr'><strong>ipse</strong></span> <span class='ocrx_word' id='word_1_605' title='bbox 820 4182 1035 4237; x_wconf 87' lang='lat' dir='ltr'><strong>quoque</strong></span> <span class='ocrx_word' id='word_1_606' title='bbox 1065 4170 1154 4224; x_wconf 87' lang='lat' dir='ltr'><strong>dat</strong></span> <span class='ocrx_word' id='word_1_607' title='bbox 1184 4171 1406 4226; x_wconf 86' lang='lat' dir='ltr'><strong>sedendi</strong></span> <span class='ocrx_word' id='word_1_608' title='bbox 1455 4173 1632 4229; x_wconf 87' lang='lat' dir='ltr'><strong>locum</strong></span> <span class='ocrx_word' id='word_1_609' title='bbox 1739 4168 2030 4223; x_wconf 65' lang='grc' dir='ltr'><strong>Ῡενετιὶιιιτ</strong></span> <span class='ocrx_word' id='word_1_610' title='bbox 2058 4172 2350 4240; x_wconf 67' lang='grc' dir='ltr'><strong>Ιινοοοδείο.</strong></span> <span class='ocrx_word' id='word_1_611' title='bbox 2382 4170 2581 4227; x_wconf 71' lang='grc' dir='ltr'>ἀοιῐιηο</span> <span class='ocrx_word' id='word_1_612' title='bbox 2611 4170 2805 4224; x_wconf 58' lang='lat' dir='ltr'><strong>illihuic</strong></span> <span class='ocrx_word' id='word_1_613' title='bbox 2835 4186 2957 4225; x_wconf 76' lang='lat' dir='ltr'><strong>cum</strong></span> <span class='ocrx_word' id='word_1_614' title='bbox 2977 4211 2992 4234; x_wconf 74' lang='grc' dir='ltr'><strong>ν</strong></span> <span class='ocrx_word' id='word_1_615' title='bbox 3022 4170 3111 4238; x_wconf 80' lang='lat' dir='ltr'><strong>qui</strong></span> <span class='ocrx_word' id='word_1_616' title='bbox 3140 4186 3323 4224; x_wconf 60' lang='grc' dir='ltr'><strong>δαείω*</strong></span> 
     </span>
    </p>
   </div>
   <div class='ocr_carea' id='block_1_78' title="bbox 87 4242 3322 4334">
    <p class='ocr_par' dir='ltr' id='par_1_78' title="bbox 87 4242 3322 4334">
     <span class='ocr_line' id='line_1_78' title="bbox 87 4242 3322 4334; baseline 0.005 -39"><span class='ocrx_word' id='word_1_617' title='bbox 87 4242 429 4311; x_wconf 69' lang='lat' dir='ltr'><strong>iurefeclorio.</strong></span> <span class='ocrx_word' id='word_1_618' title='bbox 486 4256 699 4325; x_wconf 70' lang='lat' dir='ltr'><strong>Quibus</strong></span> <span class='ocrx_word' id='word_1_619' title='bbox 738 4264 797 4312; x_wconf 83' lang='lat' dir='ltr'><strong>et</strong></span> <span class='ocrx_word' id='word_1_620' title='bbox 841 4256 1093 4331; x_wconf 81' lang='lat' dir='ltr'><strong>justitias</strong></span> <span class='ocrx_word' id='word_1_621' title='bbox 1141 4260 1351 4315; x_wconf 89' lang='lat' dir='ltr'><strong>noviter</strong></span> <span class='ocrx_word' id='word_1_622' title='bbox 1399 4262 1554 4328; x_wconf 73' lang='lat' dir='ltr'><strong>lotae,</strong></span> <span class='ocrx_word' id='word_1_623' title='bbox 1586 4264 1631 4320; x_wconf 90' lang='lat' dir='ltr'><strong>si</strong></span> <span class='ocrx_word' id='word_1_624' title='bbox 1736 4260 1858 4329; x_wconf 83' lang='lat' dir='ltr'><strong>plus</strong></span> <span class='ocrx_word' id='word_1_625' title='bbox 1888 4271 1970 4315; x_wconf 91' lang='lat' dir='ltr'><strong>est</strong></span> <span class='ocrx_word' id='word_1_626' title='bbox 1999 4276 2095 4334; x_wconf 80' lang='lat' dir='ltr'><strong>per</strong></span> <span class='ocrx_word' id='word_1_627' title='bbox 2126 4277 2341 4320; x_wconf 83' lang='lat' dir='ltr'><strong>manum</strong></span> <span class='ocrx_word' id='word_1_628' title='bbox 2386 4261 2619 4315; x_wconf 87' lang='lat' dir='ltr'><strong>ducente</strong></span> <span class='ocrx_word' id='word_1_629' title='bbox 2666 4275 2834 4329; x_wconf 86' lang='lat' dir='ltr'><strong>usque</strong></span> <span class='ocrx_word' id='word_1_630' title='bbox 2876 4261 2942 4313; x_wconf 90' lang='lat' dir='ltr'><strong>ad</strong></span> <span class='ocrx_word' id='word_1_631' title='bbox 2978 4270 3156 4327; x_wconf 83' lang='lat' dir='ltr'><strong>tapete</strong></span> <span class='ocrx_word' id='word_1_632' title='bbox 3180 4258 3322 4329; x_wconf 81' lang='lat' dir='ltr'><strong>quod</strong></span> 
     </span>
    </p>
   </div>
   <div class='ocr_carea' id='block_1_79' title="bbox 85 4349 3317 4425">
    <p class='ocr_par' dir='ltr' id='par_1_79' title="bbox 85 4349 3317 4425">
     <span class='ocr_line' id='line_1_79' title="bbox 85 4349 3317 4425; baseline 0.005 -36"><span class='ocrx_word' id='word_1_633' title='bbox 85 4350 191 4406; x_wconf 84' lang='lat' dir='ltr'><strong>opus</strong></span> <span class='ocrx_word' id='word_1_634' title='bbox 214 4355 315 4413; x_wconf 87' lang='lat' dir='ltr'><strong>est,</strong></span> <span class='ocrx_word' id='word_1_635' title='bbox 339 4358 397 4404; x_wconf 91' lang='lat' dir='ltr'><strong>ut</strong></span> <span class='ocrx_word' id='word_1_636' title='bbox 432 4349 707 4415; x_wconf 82' lang='lat' dir='ltr'><strong>laventur,</strong></span> <span class='ocrx_word' id='word_1_637' title='bbox 749 4351 982 4419; x_wconf 88' lang='lat' dir='ltr'><strong>reponit.</strong></span> <span class='ocrx_word' id='word_1_638' title='bbox 1013 4351 1146 4407; x_wconf 89' lang='lat' dir='ltr'><strong>Nam</strong></span> <span class='ocrx_word' id='word_1_639' title='bbox 1196 4362 1415 4425; x_wconf 88' lang='lat' dir='ltr'><strong>propter</strong></span> <span class='ocrx_word' id='word_1_640' title='bbox 1445 4356 1545 4411; x_wconf 88' lang='lat' dir='ltr'><strong>hoc</strong></span> <span class='ocrx_word' id='word_1_641' title='bbox 1572 4366 1630 4413; x_wconf 84' lang='lat' dir='ltr'><strong>ut</strong></span> <span class='ocrx_word' id='word_1_642' title='bbox 1733 4361 1964 4409; x_wconf 90' lang='lat' dir='ltr'><strong>stratum</strong></span> <span class='ocrx_word' id='word_1_643' title='bbox 1994 4361 2079 4407; x_wconf 89' lang='lat' dir='ltr'><strong>est</strong></span> <span class='ocrx_word' id='word_1_644' title='bbox 2107 4362 2232 4408; x_wconf 86' lang='lat' dir='ltr'><strong>ante</strong></span> <span class='ocrx_word' id='word_1_645' title='bbox 2262 4354 2433 4409; x_wconf 82' lang='lat' dir='ltr'><strong>altare</strong></span> <span class='ocrx_word' id='word_1_646' title='bbox 2458 4362 2659 4408; x_wconf 74' lang='lat' dir='ltr'><strong>sancta:</strong></span> <span class='ocrx_word' id='word_1_647' title='bbox 2683 4352 2873 4407; x_wconf 88' lang='lat' dir='ltr'><strong>Crucis</strong></span> <span class='ocrx_word' id='word_1_648' title='bbox 2895 4351 3317 4423; x_wconf 80' lang='lat' dir='ltr'><strong>superjmieum.</strong></span> 
     </span>
    </p>
   </div>
   <div class='ocr_carea' id='block_1_80' title="bbox 83 4428 3318 4519">
    <p class='ocr_par' dir='ltr' id='par_1_80' title="bbox 83 4428 3318 4519">
     <span class='ocr_line' id='line_1_80' title="bbox 83 4428 3318 4519; baseline 0.004 -33"><span class='ocrx_word' id='word_1_649' title='bbox 83 4428 241 4498; x_wconf 69' lang='lat' dir='ltr'><strong>aliquis</strong></span> <span class='ocrx_word' id='word_1_650' title='bbox 282 4440 359 4493; x_wconf 89' lang='lat' dir='ltr'><strong>vel</strong></span> <span class='ocrx_word' id='word_1_651' title='bbox 392 4443 661 4508; x_wconf 81' lang='lat' dir='ltr'><strong>exiturus,</strong></span> <span class='ocrx_word' id='word_1_652' title='bbox 693 4440 779 4496; x_wconf 86' lang='lat' dir='ltr'><strong>vel</strong></span> <span class='ocrx_word' id='word_1_653' title='bbox 809 4441 877 4495; x_wconf 90' lang='lat' dir='ltr'><strong>de</strong></span> <span class='ocrx_word' id='word_1_654' title='bbox 908 4444 1103 4498; x_wconf 89' lang='lat' dir='ltr'><strong>itinere</strong></span> <span class='ocrx_word' id='word_1_655' title='bbox 1146 4447 1382 4512; x_wconf 77' lang='lat' dir='ltr'><strong>rediens,</strong></span> <span class='ocrx_word' id='word_1_656' title='bbox 1414 4448 1632 4505; x_wconf 89' lang='lat' dir='ltr'><strong>benedi-</strong></span> <span class='ocrx_word' id='word_1_657' title='bbox 1731 4449 1806 4505; x_wconf 90' lang='lat' dir='ltr'><strong>lbi</strong></span> <span class='ocrx_word' id='word_1_658' title='bbox 1838 4449 2092 4505; x_wconf 90' lang='lat' dir='ltr'><strong>dimissus</strong></span> <span class='ocrx_word' id='word_1_659' title='bbox 2118 4450 2184 4503; x_wconf 89' lang='lat' dir='ltr'><strong>ab</strong></span> <span class='ocrx_word' id='word_1_660' title='bbox 2209 4465 2294 4515; x_wconf 89' lang='lat' dir='ltr'><strong>eo,</strong></span> <span class='ocrx_word' id='word_1_661' title='bbox 2319 4449 2615 4519; x_wconf 88' lang='lat' dir='ltr'><strong>prosternit</strong></span> <span class='ocrx_word' id='word_1_662' title='bbox 2640 4463 2696 4503; x_wconf 91' lang='lat' dir='ltr'><strong>se</strong></span> <span class='ocrx_word' id='word_1_663' title='bbox 2723 4448 2789 4501; x_wconf 91' lang='lat' dir='ltr'><strong>ad</strong></span> <span class='ocrx_word' id='word_1_664' title='bbox 2816 4448 3140 4514; x_wconf 78' lang='lat' dir='ltr'><strong>orationem.</strong></span> <span class='ocrx_word' id='word_1_665' title='bbox 3164 4447 3318 4501; x_wconf 83' lang='lat' dir='ltr'><strong>Abba</strong></span> 
     </span>
    </p>
   </div>
   <div class='ocr_carea' id='block_1_81' title="bbox 80 4520 3315 4613">
    <p class='ocr_par' dir='ltr' id='par_1_81' title="bbox 80 4520 3315 4613">
     <span class='ocr_line' id='line_1_81' title="bbox 80 4520 3315 4613; baseline 0.005 -35"><span class='ocrx_word' id='word_1_666' title='bbox 80 4520 273 4613; x_wconf 70' lang='lat' dir='ltr'><strong>Cilonem</strong></span> <span class='ocrx_word' id='word_1_667' title='bbox 303 4535 516 4604; x_wconf 78' lang='lat' dir='ltr'><strong>accipit,</strong></span> <span class='ocrx_word' id='word_1_668' title='bbox 554 4535 667 4606; x_wconf 90' lang='lat' dir='ltr'><strong>ipse</strong></span> <span class='ocrx_word' id='word_1_669' title='bbox 696 4538 778 4593; x_wconf 85' lang='lat' dir='ltr'><strong>vel</strong></span> <span class='ocrx_word' id='word_1_670' title='bbox 810 4538 1020 4608; x_wconf 88' lang='lat' dir='ltr'><strong>adjutor</strong></span> <span class='ocrx_word' id='word_1_671' title='bbox 1048 4539 1163 4608; x_wconf 87' lang='lat' dir='ltr'><strong>ejus</strong></span> <span class='ocrx_word' id='word_1_672' title='bbox 1194 4539 1478 4610; x_wconf 82' lang='lat' dir='ltr'><strong>diligenter</strong></span> <span class='ocrx_word' id='word_1_673' title='bbox 1502 4556 1629 4610; x_wconf 68' lang='grc' dir='ltr'>ιιι-οε-</span> <span class='ocrx_word' id='word_1_674' title='bbox 1658 4590 1705 4613; x_wconf 58' lang='lat' dir='ltr'><strong>h</strong></span> <span class='ocrx_word' id='word_1_675' title='bbox 1732 4552 1914 4607; x_wconf 86' lang='lat' dir='ltr'><strong>autem</strong></span> <span class='ocrx_word' id='word_1_676' title='bbox 1948 4543 2056 4599; x_wconf 90' lang='lat' dir='ltr'><strong>illic</strong></span> <span class='ocrx_word' id='word_1_677' title='bbox 2096 4552 2395 4611; x_wconf 85' lang='lat' dir='ltr'><strong>exspectat,</strong></span> <span class='ocrx_word' id='word_1_678' title='bbox 2444 4542 2618 4597; x_wconf 89' lang='lat' dir='ltr'><strong>donec</strong></span> <span class='ocrx_word' id='word_1_679' title='bbox 2662 4542 2969 4607; x_wconf 81' lang='lat' dir='ltr'><strong>orationem</strong></span> <span class='ocrx_word' id='word_1_680' title='bbox 3013 4542 3184 4605; x_wconf 81' lang='lat' dir='ltr'><strong>ﬁniat.</strong></span> <span class='ocrx_word' id='word_1_681' title='bbox 3214 4542 3315 4613; x_wconf 82' lang='lat' dir='ltr'><strong>Qui</strong></span> 
     </span>
    </p>
   </div>
   <div class='ocr_carea' id='block_1_82' title="bbox 80 4611 3316 4705">
    <p class='ocr_par' dir='ltr' id='par_1_82' title="bbox 80 4611 3316 4705">
     <span class='ocr_line' id='line_1_82' title="bbox 80 4611 3316 4705; baseline 0.007 -42"><span class='ocrx_word' id='word_1_682' title='bbox 80 4611 229 4705; x_wconf 72' lang='lat' dir='ltr'><strong>spicit,</strong></span> <span class='ocrx_word' id='word_1_683' title='bbox 249 4621 331 4687; x_wconf 88' lang='lat' dir='ltr'><strong>qui</strong></span> <span class='ocrx_word' id='word_1_684' title='bbox 362 4624 442 4678; x_wconf 88' lang='lat' dir='ltr'><strong>vel</strong></span> <span class='ocrx_word' id='word_1_685' title='bbox 482 4634 617 4694; x_wconf 91' lang='lat' dir='ltr'><strong>quot</strong></span> <span class='ocrx_word' id='word_1_686' title='bbox 672 4627 873 4686; x_wconf 88' lang='lat' dir='ltr'><strong>fratres</strong></span> <span class='ocrx_word' id='word_1_687' title='bbox 922 4628 1353 4685; x_wconf 89' lang='lat' dir='ltr'><strong>benedictionem</strong></span> <span class='ocrx_word' id='word_1_688' title='bbox 1382 4640 1510 4686; x_wconf 90' lang='lat' dir='ltr'><strong>tunc</strong></span> <span class='ocrx_word' id='word_1_689' title='bbox 1539 4647 1629 4687; x_wconf 84' lang='lat' dir='ltr'><strong>ae-</strong></span> <span class='ocrx_word' id='word_1_690' title='bbox 1656 4611 1706 4653; x_wconf 74' lang='grc' dir='ltr'><strong><em>υ</em></strong></span> <span class='ocrx_word' id='word_1_691' title='bbox 1732 4650 1863 4690; x_wconf 89' lang='lat' dir='ltr'><strong>vero</strong></span> <span class='ocrx_word' id='word_1_692' title='bbox 1888 4636 2220 4705; x_wconf 86' lang='lat' dir='ltr'><strong>processioui</strong></span> <span class='ocrx_word' id='word_1_693' title='bbox 2254 4634 2576 4700; x_wconf 82' lang='lat' dir='ltr'><strong>inserviunt,</strong></span> <span class='ocrx_word' id='word_1_694' title='bbox 2609 4633 2743 4689; x_wconf 92' lang='lat' dir='ltr'><strong>sicut</strong></span> <span class='ocrx_word' id='word_1_695' title='bbox 2778 4650 2940 4704; x_wconf 88' lang='lat' dir='ltr'><strong>supra</strong></span> <span class='ocrx_word' id='word_1_696' title='bbox 2971 4635 3036 4688; x_wconf 91' lang='lat' dir='ltr'><strong>ad</strong></span> <span class='ocrx_word' id='word_1_697' title='bbox 3066 4634 3316 4704; x_wconf 86' lang='lat' dir='ltr'><strong>gradum,</strong></span> 
     </span>
    </p>
   </div>
   <div class='ocr_carea' id='block_1_83' title="bbox 78 4700 3316 4791">
    <p class='ocr_par' dir='ltr' id='par_1_83' title="bbox 78 4700 3316 4791">
     <span class='ocr_line' id='line_1_83' title="bbox 78 4700 3316 4791; baseline 0.003 -22"><span class='ocrx_word' id='word_1_698' title='bbox 78 4700 268 4774; x_wconf 71' lang='grc' dir='ltr'>οῖρίιιηις</span> <span class='ocrx_word' id='word_1_699' title='bbox 319 4722 376 4765; x_wconf 90' lang='lat' dir='ltr'><strong>ut</strong></span> <span class='ocrx_word' id='word_1_700' title='bbox 413 4717 551 4770; x_wconf 89' lang='lat' dir='ltr'><strong>sciat</strong></span> <span class='ocrx_word' id='word_1_701' title='bbox 595 4718 836 4786; x_wconf 86' lang='lat' dir='ltr'><strong>justitias</strong></span> <span class='ocrx_word' id='word_1_702' title='bbox 884 4735 1176 4790; x_wconf 88' lang='lat' dir='ltr'><strong>apponere,</strong></span> <span class='ocrx_word' id='word_1_703' title='bbox 1220 4723 1543 4791; x_wconf 85' lang='lat' dir='ltr'><strong>observans,</strong></span> <span class='ocrx_word' id='word_1_704' title='bbox 1567 4733 1626 4781; x_wconf 85' lang='lat' dir='ltr'><strong>ut</strong></span> <span class='ocrx_word' id='word_1_705' title='bbox 1730 4725 1804 4780; x_wconf 91' lang='lat' dir='ltr'><strong>ita</strong></span> <span class='ocrx_word' id='word_1_706' title='bbox 1830 4700 1919 4779; x_wconf 78' lang='lat' dir='ltr'><strong>hic</strong></span> <span class='ocrx_word' id='word_1_707' title='bbox 1949 4732 2076 4780; x_wconf 90' lang='lat' dir='ltr'><strong>ante</strong></span> <span class='ocrx_word' id='word_1_708' title='bbox 2110 4725 2283 4786; x_wconf 85' lang='lat' dir='ltr'><strong>altare</strong></span> <span class='ocrx_word' id='word_1_709' title='bbox 2323 4725 2558 4780; x_wconf 89' lang='lat' dir='ltr'><strong>ordinati</strong></span> <span class='ocrx_word' id='word_1_710' title='bbox 2587 4700 2909 4782; x_wconf 79' lang='lat' dir='ltr'><strong>consistunt.</strong></span> <span class='ocrx_word' id='word_1_711' title='bbox 2946 4725 3125 4781; x_wconf 85' lang='lat' dir='ltr'><strong>Finito</strong></span> <span class='ocrx_word' id='word_1_712' title='bbox 3153 4735 3316 4780; x_wconf 86' lang='lat' dir='ltr'><strong>cantu</strong></span> 
     </span>
    </p>
   </div>
   <div class='ocr_carea' id='block_1_84' title="bbox 79 4792 3313 4893">
    <p class='ocr_par' dir='ltr' id='par_1_84' title="bbox 79 4792 3313 4893">
     <span class='ocr_line' id='line_1_84' title="bbox 79 4792 3313 4893; baseline 0.01 -51"><span class='ocrx_word' id='word_1_713' title='bbox 79 4792 243 4893; x_wconf 72' lang='lat' dir='ltr'><strong>pullum</strong></span> <span class='ocrx_word' id='word_1_714' title='bbox 276 4799 497 4860; x_wconf 83' lang='lat' dir='ltr'><strong>fratrem</strong></span> <span class='ocrx_word' id='word_1_715' title='bbox 527 4811 597 4863; x_wconf 88' lang='lat' dir='ltr'><strong>ad</strong></span> <span class='ocrx_word' id='word_1_716' title='bbox 631 4824 871 4865; x_wconf 90' lang='lat' dir='ltr'><strong>mensam</strong></span> <span class='ocrx_word' id='word_1_717' title='bbox 904 4811 1126 4866; x_wconf 87' lang='lat' dir='ltr'><strong>alterius</strong></span> <span class='ocrx_word' id='word_1_718' title='bbox 1150 4811 1234 4866; x_wconf 89' lang='lat' dir='ltr'><strong>vel</strong></span> <span class='ocrx_word' id='word_1_719' title='bbox 1265 4812 1488 4869; x_wconf 89' lang='lat' dir='ltr'><strong>inferius</strong></span> <span class='ocrx_word' id='word_1_720' title='bbox 1512 4816 1623 4870; x_wconf 84' lang='lat' dir='ltr'><strong>col-</strong></span> <span class='ocrx_word' id='word_1_721' title='bbox 1726 4827 1971 4874; x_wconf 78' lang='lat' dir='ltr'><strong>cessatur</strong></span> <span class='ocrx_word' id='word_1_722' title='bbox 2024 4835 2055 4874; x_wconf 90' lang='lat' dir='ltr'><strong>a</strong></span> <span class='ocrx_word' id='word_1_723' title='bbox 2109 4820 2443 4889; x_wconf 89' lang='lat' dir='ltr'><strong>pulsatione,</strong></span> <span class='ocrx_word' id='word_1_724' title='bbox 2496 4821 2840 4893; x_wconf 84' lang='lat' dir='ltr'><strong>subjungitur</strong></span> <span class='ocrx_word' id='word_1_725' title='bbox 2894 4837 3034 4876; x_wconf 89' lang='lat' dir='ltr'><strong>unus</strong></span> <span class='ocrx_word' id='word_1_726' title='bbox 3091 4822 3157 4876; x_wconf 90' lang='lat' dir='ltr'><strong>de</strong></span> <span class='ocrx_word' id='word_1_727' title='bbox 3228 4822 3313 4874; x_wconf 85' lang='lat' dir='ltr'><strong>his</strong></span> 
     </span>
    </p>
   </div>
   <div class='ocr_carea' id='block_1_85' title="bbox 78 4877 3317 4982">
    <p class='ocr_par' dir='ltr' id='par_1_85' title="bbox 78 4877 3317 4982">
     <span class='ocr_line' id='line_1_85' title="bbox 78 4877 3317 4982; baseline 0 -22"><span class='ocrx_word' id='word_1_728' title='bbox 78 4877 203 4982; x_wconf 58' lang='grc' dir='ltr'><strong>ιθίξθίι</strong></span> <span class='ocrx_word' id='word_1_729' title='bbox 234 4892 353 4959; x_wconf 66' lang='lat' dir='ltr'><strong>filii&quot;</strong></span> <span class='ocrx_word' id='word_1_730' title='bbox 392 4896 534 4955; x_wconf 63' lang='grc' dir='ltr'>θεῖαι</span> <span class='ocrx_word' id='word_1_731' title='bbox 566 4896 681 4966; x_wconf 71' lang='lat' dir='ltr'><strong>eius</strong></span> <span class='ocrx_word' id='word_1_732' title='bbox 709 4899 954 4956; x_wconf 90' lang='lat' dir='ltr'><strong>ordinem</strong></span> <span class='ocrx_word' id='word_1_733' title='bbox 986 4917 1127 4957; x_wconf 88' lang='lat' dir='ltr'><strong>esse.</strong></span> <span class='ocrx_word' id='word_1_734' title='bbox 1723 4898 2029 4973; x_wconf 78' lang='lat' dir='ltr'><strong>versiculis,</strong></span> <span class='ocrx_word' id='word_1_735' title='bbox 2055 4910 2146 4979; x_wconf 88' lang='lat' dir='ltr'><strong>qui</strong></span> <span class='ocrx_word' id='word_1_736' title='bbox 2178 4919 2439 4979; x_wconf 84' lang='lat' dir='ltr'><strong>corgruat</strong></span> <span class='ocrx_word' id='word_1_737' title='bbox 2465 4877 2729 4981; x_wconf 58' lang='lat' dir='ltr'><strong>suscepta;</strong></span> <span class='ocrx_word' id='word_1_738' title='bbox 2757 4927 3025 4981; x_wconf 80' lang='lat' dir='ltr'><strong>personae,</strong></span> <span class='ocrx_word' id='word_1_739' title='bbox 3052 4918 3317 4982; x_wconf 82' lang='lat' dir='ltr'><strong>protector</strong></span> 
     </span>
    </p>
   </div>
   <div class='ocr_carea' id='block_1_86' title="bbox 131 4972 3309 5075">
    <p class='ocr_par' dir='ltr' id='par_1_86' title="bbox 131 4972 3309 5075">
     <span class='ocr_line' id='line_1_86' title="bbox 131 4972 3309 5075; baseline 0.006 -37"><span class='ocrx_word' id='word_1_740' title='bbox 131 4972 240 5074; x_wconf 55' lang='lat' dir='ltr'><strong>[lem</strong></span> <span class='ocrx_word' id='word_1_741' title='bbox 265 4984 325 5075; x_wconf 76' lang='lat' dir='ltr'><strong>ad</strong></span> <span class='ocrx_word' id='word_1_742' title='bbox 349 4985 498 5042; x_wconf 88' lang='lat' dir='ltr'><strong>illum</strong></span> <span class='ocrx_word' id='word_1_743' title='bbox 538 4991 790 5059; x_wconf 86' lang='lat' dir='ltr'><strong>pertinet,</strong></span> <span class='ocrx_word' id='word_1_744' title='bbox 837 5002 898 5047; x_wconf 85' lang='lat' dir='ltr'><strong>ut</strong></span> <span class='ocrx_word' id='word_1_745' title='bbox 945 4994 1093 5047; x_wconf 88' lang='lat' dir='ltr'><strong>omni</strong></span> <span class='ocrx_word' id='word_1_746' title='bbox 1142 4994 1229 5049; x_wconf 89' lang='lat' dir='ltr'><strong>die</strong></span> <span class='ocrx_word' id='word_1_747' title='bbox 1259 4996 1534 5055; x_wconf 87' lang='lat' dir='ltr'><strong>Dominica</strong></span> <span class='ocrx_word' id='word_1_748' title='bbox 1567 5011 1622 5058; x_wconf 80' lang='lat' dir='ltr'><strong>et</strong></span> <span class='ocrx_word' id='word_1_749' title='bbox 1723 5015 1927 5070; x_wconf 82' lang='lat' dir='ltr'><strong>uoster,</strong></span> <span class='ocrx_word' id='word_1_750' title='bbox 1979 5004 2153 5075; x_wconf 79' lang='lat' dir='ltr'><strong>aspice</strong></span> <span class='ocrx_word' id='word_1_751' title='bbox 2202 5004 2364 5059; x_wconf 80' lang='lat' dir='ltr'><strong>Deus.</strong></span> <span class='ocrx_word' id='word_1_752' title='bbox 2422 5001 2547 5057; x_wconf 83' lang='lat' dir='ltr'><strong>Fiat</strong></span> <span class='ocrx_word' id='word_1_753' title='bbox 2602 5021 2793 5058; x_wconf 76' lang='lat' dir='ltr'><strong>manus</strong></span> <span class='ocrx_word' id='word_1_754' title='bbox 2848 5014 2940 5058; x_wconf 86' lang='lat' dir='ltr'><strong>tua</strong></span> <span class='ocrx_word' id='word_1_755' title='bbox 2987 5020 3144 5073; x_wconf 82' lang='lat' dir='ltr'><strong>super</strong></span> <span class='ocrx_word' id='word_1_756' title='bbox 3195 5020 3309 5059; x_wconf 81' lang='lat' dir='ltr'><strong>nos.</strong></span> 
     </span>
    </p>
   </div>
   <div class='ocr_carea' id='block_1_87' title="bbox 76 5057 3314 5158">
    <p class='ocr_par' dir='ltr' id='par_1_87' title="bbox 76 5057 3314 5158">
     <span class='ocr_line' id='line_1_87' title="bbox 76 5057 3314 5158; baseline 0.009 -40"><span class='ocrx_word' id='word_1_757' title='bbox 76 5057 182 5158; x_wconf 54' lang='lat' dir='ltr'><strong>feria</strong></span> <span class='ocrx_word' id='word_1_758' title='bbox 215 5071 387 5138; x_wconf 87' lang='lat' dir='ltr'><strong>quinta</strong></span> <span class='ocrx_word' id='word_1_759' title='bbox 417 5088 537 5147; x_wconf 88' lang='lat' dir='ltr'><strong>post</strong></span> <span class='ocrx_word' id='word_1_760' title='bbox 568 5081 861 5149; x_wconf 87' lang='lat' dir='ltr'><strong>capitulum</strong></span> <span class='ocrx_word' id='word_1_761' title='bbox 909 5082 997 5137; x_wconf 90' lang='lat' dir='ltr'><strong>illa</strong></span> <span class='ocrx_word' id='word_1_762' title='bbox 1032 5088 1391 5156; x_wconf 79' lang='lat' dir='ltr'><strong>manutergia,</strong></span> <span class='ocrx_word' id='word_1_763' title='bbox 1418 5104 1537 5158; x_wconf 74' lang='lat' dir='ltr'><strong>qua:</strong></span> <span class='ocrx_word' id='word_1_764' title='bbox 1563 5090 1615 5145; x_wconf 91' lang='lat' dir='ltr'><strong>iu</strong></span> <span class='ocrx_word' id='word_1_765' title='bbox 1719 5094 1978 5149; x_wconf 85' lang='lat' dir='ltr'><strong>Dominus</strong></span> <span class='ocrx_word' id='word_1_766' title='bbox 2018 5057 2278 5149; x_wconf 53' lang='lat' dir='ltr'><strong>custodiat</strong></span> <span class='ocrx_word' id='word_1_767' title='bbox 2304 5096 2580 5149; x_wconf 84' lang='lat' dir='ltr'><strong>introitum</strong></span> <span class='ocrx_word' id='word_1_768' title='bbox 2617 5106 2775 5154; x_wconf 81' lang='lat' dir='ltr'><strong>tuum</strong></span> <span class='ocrx_word' id='word_1_769' title='bbox 2801 5104 2848 5150; x_wconf 81' lang='lat' dir='ltr'><strong>et</strong></span> <span class='ocrx_word' id='word_1_770' title='bbox 2875 5098 3090 5157; x_wconf 76' lang='lat' dir='ltr'><strong>exitum.</strong></span> <span class='ocrx_word' id='word_1_771' title='bbox 3122 5094 3314 5150; x_wconf 74' lang='lat' dir='ltr'><strong>Sacer-</strong></span> 
     </span>
    </p>
   </div>
   <div class='ocr_carea' id='block_1_88' title="bbox 78 5148 2536 5255">
    <p class='ocr_par' dir='ltr' id='par_1_88' title="bbox 78 5148 2536 5255">
     <span class='ocr_line' id='line_1_88' title="bbox 78 5148 2536 5255; baseline 0.017 -55"><span class='ocrx_word' id='word_1_772' title='bbox 78 5148 275 5255; x_wconf 79' lang='lat' dir='ltr'><strong>claustro</strong></span> <span class='ocrx_word' id='word_1_773' title='bbox 300 5170 533 5235; x_wconf 87' lang='lat' dir='ltr'><strong>pendent</strong></span> <span class='ocrx_word' id='word_1_774' title='bbox 572 5148 649 5226; x_wconf 14' lang='lat' dir='ltr'><strong>ad,</strong></span> <span class='ocrx_word' id='word_1_775' title='bbox 674 5172 960 5241; x_wconf 75' lang='lat' dir='ltr'><strong>tergendas</strong></span> <span class='ocrx_word' id='word_1_776' title='bbox 996 5189 1211 5240; x_wconf 85' lang='lat' dir='ltr'><strong>manus,</strong></span> <span class='ocrx_word' id='word_1_777' title='bbox 1244 5148 1449 5231; x_wconf 42' lang='lat' dir='ltr'><strong>involet.-</strong></span> <span class='ocrx_word' id='word_1_778' title='bbox 1484 5177 1613 5236; x_wconf 85' lang='lat' dir='ltr'><strong>Item</strong></span> <span class='ocrx_word' id='word_1_779' title='bbox 1718 5182 1863 5239; x_wconf 79' lang='lat' dir='ltr'><strong>dotes</strong></span> <span class='ocrx_word' id='word_1_780' title='bbox 1893 5187 1971 5239; x_wconf 83' lang='lat' dir='ltr'><strong>tui</strong></span> <span class='ocrx_word' id='word_1_781' title='bbox 2002 5185 2223 5245; x_wconf 78' lang='lat' dir='ltr'><strong>induant</strong></span> <span class='ocrx_word' id='word_1_782' title='bbox 2250 5186 2536 5255; x_wconf 79' lang='lat' dir='ltr'><strong>justitiam.</strong></span> 
     </span>
    </p>
   </div>
   <div class='ocr_carea' id='block_1_89' title="bbox 75 5248 3306 5345">
    <p class='ocr_par' dir='ltr' id='par_1_89' title="bbox 75 5248 3306 5345">
     <span class='ocr_line' id='line_1_89' title="bbox 75 5248 3306 5345; baseline 0.01 -45"><span class='ocrx_word' id='word_1_783' title='bbox 75 5248 456 5345; x_wconf 60' lang='lat' dir='ltr'><strong>tllsciatquibus</strong></span> <span class='ocrx_word' id='word_1_784' title='bbox 478 5261 666 5335; x_wconf 88' lang='lat' dir='ltr'><strong>diebus</strong></span> <span class='ocrx_word' id='word_1_785' title='bbox 689 5278 887 5329; x_wconf 75' lang='lat' dir='ltr'><strong>mensa:</strong></span> <span class='ocrx_word' id='word_1_786' title='bbox 908 5279 975 5319; x_wconf 83' lang='lat' dir='ltr'><strong>ex</strong></span> <span class='ocrx_word' id='word_1_787' title='bbox 1003 5274 1113 5320; x_wconf 87' lang='lat' dir='ltr'><strong>toto</strong></span> <span class='ocrx_word' id='word_1_788' title='bbox 1135 5282 1257 5322; x_wconf 76' lang='lat' dir='ltr'><strong>cum</strong></span> <span class='ocrx_word' id='word_1_789' title='bbox 1288 5269 1616 5328; x_wconf 85' lang='lat' dir='ltr'><strong>utensalibus</strong></span> <span class='ocrx_word' id='word_1_790' title='bbox 1722 5264 1725 5275; x_wconf 40' lang='grc' dir='ltr'>λ</span> <span class='ocrx_word' id='word_1_791' title='bbox 1789 5278 2038 5334; x_wconf 81' lang='lat' dir='ltr'><strong>Redeunt</strong></span> <span class='ocrx_word' id='word_1_792' title='bbox 2077 5294 2265 5343; x_wconf 85' lang='lat' dir='ltr'><strong>omnes</strong></span> <span class='ocrx_word' id='word_1_793' title='bbox 2311 5294 2432 5341; x_wconf 89' lang='lat' dir='ltr'><strong>cum</strong></span> <span class='ocrx_word' id='word_1_794' title='bbox 2480 5279 2695 5335; x_wconf 88' lang='lat' dir='ltr'><strong>silentio</strong></span> <span class='ocrx_word' id='word_1_795' title='bbox 2740 5280 2792 5337; x_wconf 88' lang='lat' dir='ltr'><strong>iu</strong></span> <span class='ocrx_word' id='word_1_796' title='bbox 2831 5280 3090 5345; x_wconf 85' lang='lat' dir='ltr'><strong>chorum,</strong></span> <span class='ocrx_word' id='word_1_797' title='bbox 3140 5294 3306 5333; x_wconf 84' lang='lat' dir='ltr'><strong>umis-</strong></span> 
     </span>
    </p>
   </div>
   <div class='ocr_carea' id='block_1_90' title="bbox 76 5331 3309 5453">
    <p class='ocr_par' dir='ltr' id='par_1_90' title="bbox 76 5331 3309 5453">
     <span class='ocr_line' id='line_1_90' title="bbox 76 5331 3309 5453; baseline 0.013 -68"><span class='ocrx_word' id='word_1_798' title='bbox 76 5331 163 5390; x_wconf 84' lang='lat' dir='ltr'><strong>sint</strong></span> <span class='ocrx_word' id='word_1_799' title='bbox 186 5350 648 5417; x_wconf 66' lang='lat' dir='ltr'><strong>cooperiendre._Et</strong></span> <span class='ocrx_word' id='word_1_800' title='bbox 669 5356 773 5419; x_wconf 83' lang='lat' dir='ltr'><strong>hoc</strong></span> <span class='ocrx_word' id='word_1_801' title='bbox 822 5366 908 5413; x_wconf 82' lang='lat' dir='ltr'><strong>est</strong></span> <span class='ocrx_word' id='word_1_802' title='bbox 938 5359 1155 5427; x_wconf 83' lang='lat' dir='ltr'><strong>quoties</strong></span> <span class='ocrx_word' id='word_1_803' title='bbox 1183 5361 1362 5415; x_wconf 86' lang='lat' dir='ltr'><strong>cuncti</strong></span> <span class='ocrx_word' id='word_1_804' title='bbox 1411 5362 1611 5421; x_wconf 87' lang='lat' dir='ltr'><strong>fratres</strong></span> <span class='ocrx_word' id='word_1_805' title='bbox 1715 5352 1942 5453; x_wconf 73' lang='lat' dir='ltr'><strong>quisque</strong></span> <span class='ocrx_word' id='word_1_806' title='bbox 1980 5373 2033 5428; x_wconf 92' lang='lat' dir='ltr'><strong>in</strong></span> <span class='ocrx_word' id='word_1_807' title='bbox 2066 5374 2239 5434; x_wconf 87' lang='lat' dir='ltr'><strong>locum</strong></span> <span class='ocrx_word' id='word_1_808' title='bbox 2283 5389 2478 5441; x_wconf 91' lang='lat' dir='ltr'><strong>suum;</strong></span> <span class='ocrx_word' id='word_1_809' title='bbox 2508 5374 2580 5429; x_wconf 83' lang='lat' dir='ltr'><strong>ita</strong></span> <span class='ocrx_word' id='word_1_810' title='bbox 2615 5382 2673 5429; x_wconf 92' lang='lat' dir='ltr'><strong>ut</strong></span> <span class='ocrx_word' id='word_1_811' title='bbox 2704 5372 2912 5443; x_wconf 89' lang='lat' dir='ltr'><strong>priores</strong></span> <span class='ocrx_word' id='word_1_812' title='bbox 2944 5374 3051 5428; x_wconf 88' lang='lat' dir='ltr'><strong>sint</strong></span> <span class='ocrx_word' id='word_1_813' title='bbox 3076 5371 3309 5444; x_wconf 82' lang='lat' dir='ltr'><strong>proximi</strong></span> 
     </span>
    </p>
   </div>
   <div class='ocr_carea' id='block_1_91' title="bbox 1656 4590 1706 4653">
    <p class='ocr_par' dir='ltr' id='par_1_91' title="bbox 1656 4590 1706 4653">
     <span class='ocr_line' id='line_1_91' title="bbox 1656 4590 1706 4653; baseline 0 0"><span class='ocrx_word' id='word_1_814' title='bbox 1656 4590 1706 4653; x_wconf 81' lang='grc' dir='ltr'><strong>Ι)</strong></span> 
     </span>
    </p>
   </div>
   <div class='ocr_carea' id='block_1_92' title="bbox 86 5476 1609 5570">
    <p class='ocr_par' dir='ltr' id='par_1_92' title="bbox 86 5476 1609 5570">
     <span class='ocr_line' id='line_1_92' title="bbox 86 5476 1609 5570; baseline 0.016 -34"><span class='ocrx_word' id='word_1_815' title='bbox 86 5476 754 5570; x_wconf 25' lang='grc' dir='ltr'><strong>ὲ-ΔςμῖλΡοτιηηΡαναάἱεξ</strong></span> <span class='ocrx_word' id='word_1_816' title='bbox 794 5509 823 5570; x_wconf 88' lang='lat'><strong><em>:_</em></strong></span> <span class='ocrx_word' id='word_1_817' title='bbox 852 5496 1139 5551; x_wconf 83' lang='lat' dir='ltr'><strong>Paradisus</strong></span> <span class='ocrx_word' id='word_1_818' title='bbox 1174 5498 1609 5570; x_wconf 85' lang='lat' dir='ltr'><strong>quadriportieus</strong></span> 
     </span>
    </p>
   </div>
   <div class='ocr_carea' id='block_1_93' title="bbox 74 5556 1603 5629">
    <p class='ocr_par' dir='ltr' id='par_1_93' title="bbox 74 5556 1603 5629">
     <span class='ocr_line' id='line_1_93' title="bbox 74 5556 1603 5629; baseline 0.016 -24"><span class='ocrx_word' id='word_1_819' title='bbox 74 5556 185 5629; x_wconf 39' lang='grc' dir='ltr'><strong>ξτξιοιη</strong></span> <span class='ocrx_word' id='word_1_820' title='bbox 210 5565 335 5612; x_wconf 85' lang='lat' dir='ltr'><strong>ante</strong></span> <span class='ocrx_word' id='word_1_821' title='bbox 373 5559 646 5617; x_wconf 88' lang='lat' dir='ltr'><strong>basilicam</strong></span> <span class='ocrx_word' id='word_1_822' title='bbox 705 5564 1022 5621; x_wconf 82' lang='lat' dir='ltr'><strong>Vaticauam</strong></span> <span class='ocrx_word' id='word_1_823' title='bbox 1068 5586 1095 5622; x_wconf 89' lang='lat' dir='ltr'><strong>a</strong></span> <span class='ocrx_word' id='word_1_824' title='bbox 1139 5556 1603 5629; x_wconf 53' lang='lat' dir='ltr'><strong>Cotistan&#39;tiuolll:</strong></span> 
     </span>
    </p>
   </div>
   <div class='ocr_carea' id='block_1_94' title="bbox 75 5617 1605 5711">
    <p class='ocr_par' dir='ltr' id='par_1_94' title="bbox 75 5617 1605 5711">
     <span class='ocr_line' id='line_1_94' title="bbox 75 5617 1605 5711; baseline 0.016 -37"><span class='ocrx_word' id='word_1_825' title='bbox 75 5617 297 5711; x_wconf 39' lang='lat' dir='ltr'><strong>igililcata</strong></span> <span class='ocrx_word' id='word_1_826' title='bbox 313 5643 404 5711; x_wconf 67' lang='lat' dir='ltr'><strong>,_a</strong></span> <span class='ocrx_word' id='word_1_827' title='bbox 454 5617 822 5711; x_wconf 5' lang='lat' dir='ltr'><strong>Simplicio-get</strong></span> <span class='ocrx_word' id='word_1_828' title='bbox 838 5617 1129 5707; x_wconf 49' lang='grc' dir='ltr'><strong>’ἑῇιῆξίειῖο</strong></span> <span class='ocrx_word' id='word_1_829' title='bbox 1147 5617 1605 5711; x_wconf 49' lang='grc' dir='ltr'>ξ</span> 
     </span>
    </p>
   </div>
   <div class='ocr_carea' id='block_1_95' title="bbox 79 5685 1604 5772">
    <p class='ocr_par' dir='ltr' id='par_1_95' title="bbox 79 5685 1604 5772">
     <span class='ocr_line' id='line_1_95' title="bbox 79 5685 1604 5772; baseline 0.014 -27"><span class='ocrx_word' id='word_1_830' title='bbox 79 5685 297 5772; x_wconf 40' lang='lat' dir='ltr'><strong>ﬁlicibus.</strong></span> <span class='ocrx_word' id='word_1_831' title='bbox 331 5685 603 5772; x_wconf 61' lang='lat' dir='ltr'><strong>Panuimts</strong></span> <span class='ocrx_word' id='word_1_832' title='bbox 636 5715 691 5760; x_wconf 92' lang='lat' dir='ltr'><strong>et</strong></span> <span class='ocrx_word' id='word_1_833' title='bbox 730 5685 1038 5769; x_wconf 53' lang='lat' dir='ltr'><strong>severimus</strong></span> <span class='ocrx_word' id='word_1_834' title='bbox 1081 5710 1145 5763; x_wconf 89' lang='lat' dir='ltr'><strong>de</strong></span> <span class='ocrx_word' id='word_1_835' title='bbox 1180 5710 1283 5765; x_wconf 79' lang='lat' dir='ltr'><strong>VII.</strong></span> <span class='ocrx_word' id='word_1_836' title='bbox 1320 5685 1481 5765; x_wconf 81' lang='lat' dir='ltr'><strong>l‘rbisl</strong></span> 
     </span>
    </p>
   </div>
   <div class='ocr_carea' id='block_1_96' title="bbox 79 5755 1599 5851">
    <p class='ocr_par' dir='ltr' id='par_1_96' title="bbox 79 5755 1599 5851">
     <span class='ocr_line' id='line_1_96' title="bbox 79 5755 1599 5851; baseline 0.005 -21"><span class='ocrx_word' id='word_1_837' title='bbox 79 5755 304 5851; x_wconf 45' lang='grc' dir='ltr'><strong>ςι¹ςςξξίδνεξι</strong></span> <span class='ocrx_word' id='word_1_838' title='bbox 330 5769 519 5851; x_wconf 63' lang='lat' dir='ltr'><strong>Paulus</strong></span> <span class='ocrx_word' id='word_1_839' title='bbox 540 5777 605 5851; x_wconf 84' lang='lat' dir='ltr'><strong>de</strong></span> <span class='ocrx_word' id='word_1_840' title='bbox 629 5755 850 5843; x_wconf 65' lang='lat' dir='ltr'><strong>Angelis</strong></span> <span class='ocrx_word' id='word_1_841' title='bbox 875 5780 927 5851; x_wconf 87' lang='lat' dir='ltr'><strong>in</strong></span> <span class='ocrx_word' id='word_1_842' title='bbox 954 5781 1094 5832; x_wconf 76' lang='lat' dir='ltr'><strong>rotis</strong></span> <span class='ocrx_word' id='word_1_843' title='bbox 1123 5783 1186 5835; x_wconf 87' lang='lat' dir='ltr'><strong>ad</strong></span> <span class='ocrx_word' id='word_1_844' title='bbox 1217 5782 1368 5836; x_wconf 73' lang='lat' dir='ltr'><strong>llatn.</strong></span> <span class='ocrx_word' id='word_1_845' title='bbox 1395 5783 1599 5838; x_wconf 75' lang='lat' dir='ltr'><strong>Caium.</strong></span> 
     </span>
    </p>
   </div>
   <div class='ocr_carea' id='block_1_97' title="bbox 78 5822 1597 5915">
    <p class='ocr_par' dir='ltr' id='par_1_97' title="bbox 78 5822 1597 5915">
     <span class='ocr_line' id='line_1_97' title="bbox 78 5822 1597 5915; baseline 0.016 -27"><span class='ocrx_word' id='word_1_846' title='bbox 78 5822 215 5888; x_wconf 65' lang='lat' dir='ltr'><strong>Porro</strong></span> <span class='ocrx_word' id='word_1_847' title='bbox 243 5847 293 5892; x_wconf 91' lang='lat' dir='ltr'><strong>ut</strong></span> <span class='ocrx_word' id='word_1_848' title='bbox 329 5842 377 5895; x_wconf 90' lang='lat' dir='ltr'><strong>in</strong></span> <span class='ocrx_word' id='word_1_849' title='bbox 416 5841 586 5902; x_wconf 67' lang='lat' dir='ltr'><strong>Veteri</strong></span> <span class='ocrx_word' id='word_1_850' title='bbox 626 5835 908 5905; x_wconf 80' lang='lat' dir='ltr'><strong>oratiounli</strong></span> <span class='ocrx_word' id='word_1_851' title='bbox 958 5851 1190 5909; x_wconf 62' lang='lat' dir='ltr'><strong>basilica:</strong></span> <span class='ocrx_word' id='word_1_852' title='bbox 1239 5866 1405 5909; x_wconf 69' lang='lat' dir='ltr'><strong>Siilt&#39;ll</strong></span> <span class='ocrx_word' id='word_1_853' title='bbox 1455 5854 1597 5915; x_wconf 79' lang='lat' dir='ltr'><strong>l’ett&#39;i</strong></span> 
     </span>
    </p>
   </div>
   <div class='ocr_carea' id='block_1_98' title="bbox 1713 5509 3304 5581">
    <p class='ocr_par' dir='ltr' id='par_1_98' title="bbox 1713 5509 3304 5581">
     <span class='ocr_line' id='line_1_98' title="bbox 1713 5509 3304 5581; baseline 0.001 -19"><span class='ocrx_word' id='word_1_854' title='bbox 1713 5523 1871 5581; x_wconf 72' lang='lat' dir='ltr'><strong>num.</strong></span> <span class='ocrx_word' id='word_1_855' title='bbox 1918 5509 1963 5571; x_wconf 52' lang='lat'><strong>,8</strong></span> <span class='ocrx_word' id='word_1_856' title='bbox 2013 5510 2275 5581; x_wconf 82' lang='lat' dir='ltr'><strong>habetur,</strong></span> <span class='ocrx_word' id='word_1_857' title='bbox 2321 5518 2439 5566; x_wconf 88' lang='lat' dir='ltr'><strong>erat</strong></span> <span class='ocrx_word' id='word_1_858' title='bbox 2482 5517 2781 5567; x_wconf 79' lang='lat' dir='ltr'><strong>oratorium</strong></span> <span class='ocrx_word' id='word_1_859' title='bbox 2842 5509 3304 5581; x_wconf 85' lang='lat' dir='ltr'><strong>quadriporticum</strong></span> 
     </span>
    </p>
   </div>
   <div class='ocr_carea' id='block_1_99' title="bbox 1720 5577 3311 5649">
    <p class='ocr_par' dir='ltr' id='par_1_99' title="bbox 1720 5577 3311 5649">
     <span class='ocr_line' id='line_1_99' title="bbox 1720 5577 3311 5649; baseline 0.003 -17"><span class='ocrx_word' id='word_1_860' title='bbox 1720 5577 1977 5645; x_wconf 82' lang='lat' dir='ltr'><strong>basilicae,</strong></span> <span class='ocrx_word' id='word_1_861' title='bbox 2034 5579 2351 5641; x_wconf 79' lang='lat' dir='ltr'><strong>Porndisiou</strong></span> <span class='ocrx_word' id='word_1_862' title='bbox 2390 5582 2616 5649; x_wconf 91' lang='lat' dir='ltr'><strong>dictum,</strong></span> <span class='ocrx_word' id='word_1_863' title='bbox 2665 5582 2807 5637; x_wconf 91' lang='lat' dir='ltr'><strong>unde</strong></span> <span class='ocrx_word' id='word_1_864' title='bbox 2846 5577 2915 5636; x_wconf 80' lang='lat' dir='ltr'><strong>ab</strong></span> <span class='ocrx_word' id='word_1_865' title='bbox 2956 5577 3311 5637; x_wconf 47' lang='lat' dir='ltr'><strong>co&#39;o‘ratorio</strong></span> 
     </span>
    </p>
   </div>
   <div class='ocr_carea' id='block_1_100' title="bbox 1722 5649 3301 5723">
    <p class='ocr_par' dir='ltr' id='par_1_100' title="bbox 1722 5649 3301 5723">
     <span class='ocr_line' id='line_1_100' title="bbox 1722 5649 3301 5723; baseline 0.002 -21"><span class='ocrx_word' id='word_1_866' title='bbox 1722 5664 1830 5723; x_wconf 71' lang='lat' dir='ltr'><strong>per</strong></span> <span class='ocrx_word' id='word_1_867' title='bbox 1856 5649 2174 5704; x_wconf 66' lang='lat' dir='ltr'><strong>Paraclisum</strong></span> <span class='ocrx_word' id='word_1_868' title='bbox 2200 5652 2581 5723; x_wconf 84' lang='lat' dir='ltr'><strong>procedebant</strong></span> <span class='ocrx_word' id='word_1_869' title='bbox 2625 5652 2677 5707; x_wconf 91' lang='lat' dir='ltr'><strong>in</strong></span> <span class='ocrx_word' id='word_1_870' title='bbox 2712 5653 3055 5723; x_wconf 85' lang='lat' dir='ltr'><strong>processiouc</strong></span> <span class='ocrx_word' id='word_1_871' title='bbox 3100 5651 3301 5717; x_wconf 70' lang='lat' dir='ltr'><strong>clerici.</strong></span> 
     </span>
    </p>
   </div>
   <div class='ocr_carea' id='block_1_101' title="bbox 1720 5718 3299 5793">
    <p class='ocr_par' dir='ltr' id='par_1_101' title="bbox 1720 5718 3299 5793">
     <span class='ocr_line' id='line_1_101' title="bbox 1720 5718 3299 5793; baseline 0.002 -21"><span class='ocrx_word' id='word_1_872' title='bbox 1720 5718 1919 5793; x_wconf 79' lang='lat' dir='ltr'><strong>Emletn</strong></span> <span class='ocrx_word' id='word_1_873' title='bbox 1948 5726 2164 5793; x_wconf 83' lang='lat' dir='ltr'><strong>nomine</strong></span> <span class='ocrx_word' id='word_1_874' title='bbox 2198 5721 2465 5791; x_wconf 85' lang='lat' dir='ltr'><strong>hodieque</strong></span> <span class='ocrx_word' id='word_1_875' title='bbox 2496 5724 2634 5791; x_wconf 87' lang='lat' dir='ltr'><strong>apud</strong></span> <span class='ocrx_word' id='word_1_876' title='bbox 2667 5718 2764 5778; x_wconf 77' lang='lat' dir='ltr'><strong>uos</strong></span> <span class='ocrx_word' id='word_1_877' title='bbox 2800 5725 3065 5793; x_wconf 75' lang='lat' dir='ltr'><strong>appellant</strong></span> <span class='ocrx_word' id='word_1_878' title='bbox 3106 5724 3299 5777; x_wconf 88' lang='lat' dir='ltr'><strong>alriuut</strong></span> 
     </span>
    </p>
   </div>
   <div class='ocr_carea' id='block_1_102' title="bbox 1711 5789 3300 5931">
    <p class='ocr_par' dir='ltr' id='par_1_102' title="bbox 1711 5789 3300 5931">
     <span class='ocr_line' id='line_1_102' title="bbox 1711 5789 3300 5931; baseline 0.008 -91"><span class='ocrx_word' id='word_1_879' title='bbox 1711 5790 1962 5931; x_wconf 45' lang='lat' dir='ltr'><strong>grex-site</strong></span> <span class='ocrx_word' id='word_1_880' title='bbox 2011 5789 2229 5859; x_wconf 71' lang='lat' dir='ltr'><strong>majoris</strong></span> <span class='ocrx_word' id='word_1_881' title='bbox 2283 5789 2772 5867; x_wconf 74' lang='lat' dir='ltr'><strong>quadriportlcum,</strong></span> <span class='ocrx_word' id='word_1_882' title='bbox 2831 5789 2983 5866; x_wconf 72' lang='lat' dir='ltr'><strong>vulgi)</strong></span> <span class='ocrx_word' id='word_1_883' title='bbox 3043 5793 3300 5859; x_wconf 63' lang='lat' dir='ltr'><strong>l’urndcis</strong></span> 
     </span>
     <span class='ocr_line' id='line_1_103' title="bbox 1768 5867 2544 5915; baseline 0.006 -2"><span class='ocrx_word' id='word_1_884' title='bbox 1768 5878 1811 5913; x_wconf 78' lang='lat' dir='ltr'><strong>tr</strong></span> <span class='ocrx_word' id='word_1_885' title='bbox 1855 5878 1925 5915; x_wconf 84' lang='grc' dir='ltr'>ιιι.</span> <span class='ocrx_word' id='word_1_886' title='bbox 2525 5867 2544 5881; x_wconf 82' lang='grc'><strong><em>⁸</em></strong></span> 
     </span>
    </p>
   </div>
   <div class='ocr_carea' id='block_1_103' title="bbox 1768 5867 2544 5915">
    <p class='ocr_par' dir='ltr' id='par_1_103' title="bbox 1768 5867 2544 5915">
     <span class='ocr_line' id='line_1_104' title="bbox 1768 5867 2544 5915; baseline 0.006 -2"><span class='ocrx_word' id='word_1_887' title='bbox 1768 5867 1904 5915; x_wconf 79' lang='lat' dir='ltr'><strong>u‘ﬂm</strong></span> <span class='ocrx_word' id='word_1_888' title='bbox 1913 5901 1925 5915; x_wconf 88' lang='lat'><strong>.</strong></span> <span class='ocrx_word' id='word_1_889' title='bbox 2525 5867 2544 5881; x_wconf 80' lang='grc'><strong><em>⁸</em></strong></span> 
     </span>
    </p>
   </div>
   <div class='ocr_carea' id='block_1_104' title="bbox 2642 5956 2664 5982">
    <p class='ocr_par' dir='ltr' id='par_1_104' title="bbox 2642 5956 2664 5982">
     <span class='ocr_line' id='line_1_105' title="bbox 2642 5956 2664 5982; baseline 0 0"><span class='ocrx_word' id='word_1_890' title='bbox 2642 5956 2664 5982; x_wconf 60' lang='grc' dir='ltr'><strong><em>β</em></strong></span> 
     </span>
    </p>
   </div>
  </div>
