3872 6306
516 360 646 417 ΗΙΙ

1616 360 1671 414 S.
1705 360 2078 417 GUILLl-LLill
2116 361 2408 417 ABll.\TlS
2446 362 2771 419 llIRSAUG.

3618 382 3720 440 illi

438 504 441 507 -
514 473 668 527 altari
716 472 1020 542 principali.
1064 473 1279 529 Ultimis
1325 486 1504 529 autem
1560 474 1757 529 domno
1805 476 2001 530 abbate
2045 482 2095 529 et
2131 478 2171 537 Α
2207 474 2422 530 licentia
2465 477 2612 532 ducit
2660 493 2782 531 eum
2832 477 2883 532 in
2935 478 3260 537 claustrum.
3291 482 3359 538 Et
3403 485 3445 539 si
3492 503 3581 543 non
3612 501 3723 553 novit

511 581 598 625 eo,
629 564 719 633 q‘ui
765 573 1047 635 susceptus
1075 575 1160 621 est
1205 583 1329 621 cum
1371 566 1475 631 his,
1507 565 1598 635 qui
1639 567 1969 635 proccssioni
2011 566 2098 619 in-

513 654 776 716 serviunt,
820 655 1047 709 chorum
1080 657 1405 711 intrantibus
1439 673 1455 710 :
1486 656 1529 710 si
1564 655 1732 710 Pater
1762 655 2098 721 monasterii,

514 758 604 797 res
630 785 645 808 ,
705 743 790 798 vel
822 745 1183 815 apostolicus,
1242 747 1565 816 susiipitur,
1603 745 1729 801 item
1761 754 1951 802 cantus
1999 746 2101 801 im-

508 835 732 903 ponitur
767 853 779 889 :
812 839 856 890 si
899 853 1031 892 vero
1059 840 1344 911 episcopus
1368 840 1451 894 vel
1500 838 1689 902 abbas.
1728 841 1965 910 psalmus
1989 840 2101 911 pri-

512 940 634 978 ntus
657 925 997 982 dccantatur.
1031 929 1249 984 Interim
1282 931 1512 986 domnus
1542 931 1709 986 abbas
1741 947 1799 986 se
1829 933 2097 997 disvestit,

512 1026 567 1070 et
593 1018 711 1072 sine
742 1032 893 1072 mora
926 1021 1140 1077 rediens
1168 1033 1285 1093 post
1315 1024 1582 1093 psalmum
1630 1027 1865 1094 prinnnu
1892 1036 1949 1081 et
1977 1042 2102 1078 era-

514 1113 721 1168 tionem
756 1115 1091 1171 Dominicam
1142 1116 1434 1180 subinfett,
1484 1132 1584 1187 pro
1632 1119 1886 1189 episcopo
1933 1135 2098 1173 tnuun

514 1206 581 1262 de
609 1208 885 1276 prtcdictis
907 1209 1165 1279 quinque,
1190 1225 1347 1278 quem
1375 1219 1552 1264 tanten
1578 1211 1727 1280 prius
1751 1226 1855 1264 non
1881 1212 2097 1265 dixerit.

512 1297 620 1355 Pro
663 1299 861 1353 abbate
903 1300 1247 1370 subjungitur
1277 1316 1464 1355 versus
1504 1298 1718 1355 Salium
1752 1301 1838 1370 fac
1872 1318 2099 1355 servum.

513 1388 665 1443 Mitte
700 1391 748 1443 ei
800 1389 1053 1456 Domine,
1086 1407 1208 1446 cum
1241 1392 1432 1447 ordine
1474 1392 1522 1446 ei
1569 1402 1915 1462 congruente.
1948 1390 2105 1457 Quod

514 1481 558 1535 si
586 1481 871 1551 episcopus
904 1482 986 1537 vel
1016 1483 1183 1539 abbas
1222 1484 1383 1539 simul
1423 1483 1817 1553 suscipiuntur,
1850 1485 2104 1539 dicuntur

513 1572 570 1628 hi
596 1588 807 1630 versus.
833 1574 1146 1633 Sacerdotes
1168 1580 1265 1632 tui.
1293 1577 1439 1631 Mitte
1460 1579 1554 1631 eis.
1584 1576 1735 1632 Tunc
1759 1578 1803 1632 si
1828 1586 1910 1631 est
1936 1579 2102 1633 abbas

511 1666 599 1722 vel
630 1670 916 1741 episcOpus
968 1671 1142 1725 nostri
1188 1671 1417 1734 ordinis,
1453 1671 1682 1737 ducunt,
1726 1670 1776 1724 iu
1810 1686 1968 1739 quem
2000 1672 2100 1726 sibi

512 1759 715 1828 placet,
755 1760 951 1816 locum.
985 1761 1043 1816 Si
1076 1777 1204 1816 vero
1237 1777 1397 1833 papa,
1440 1763 1525 1817 vel
1556 1778 1647 1816 rex
1667 1805 1680 1826 ,
1706 1756 1787 1815 vel
1818 1762 2102 1831 cpiscopus

513 1848 784 1906 clericalis
830 1852 1067 1917 ordinis,
1110 1854 1311 1907 ducunt
1360 1870 1482 1909 cum
1534 1854 1586 1908 in
1641 1854 1874 1923 aliquem
1926 1842 2177 1908 locuan

512 1942 666 2012 prius
697 1942 763 1997 ad
795 1944 900 1999 hoc
933 1945 1157 2000 honeste
1189 1947 1457 2016 tapetibus
1484 1956 1537 2001 et
1576 1947 1800 2001 cortinis
1833 1963 2102 2017 purpura-

514 2044 651 2101 tnm,
683 2035 865 2108 ibique
892 2038 1017 2093 data
1050 2035 1429 2095 benedictione
1476 2042 1603 2096 facit
1647 2041 1848 2112 aliquid
1879 2043 1944 2114 de
1986 2042 2103 2112 lege

513 2126 697 2181 divina
728 2143 910 2183 coram
936 2146 1000 2184 eo
1028 2132 1267 2198 recitari,
1297 2142 1350 2186 et
1377 2133 1529 2189 lectis
1554 2135 1724 2189 tribus
1752 2143 1844 2188 aut
1869 2145 2104 2205 quatuor

512 2220 714 2287 verbis,
749 2222 925 2292 signat
978 2224 1206 2279 domnus
1256 2226 1393 2280 abba
1440 2225 1659 2295 lectori,
1708 2236 1767 2283 ιιι
1814 2228 2101 2283 lectionem

514 2309 699 2377 ﬁniat,
732 2312 986 2384 dictoque
1032 2315 1330 2370 Benedicite
1367 2318 1645 2373 osculatur
1680 2328 2023 2389 susceptum,
2050 2330 2105 2374 et

514 2404 606 2459 alii
636 2404 856 2473 fratres,
890 2408 980 2478 qui
1029 2423 1151 2462 cum
1183 2424 1248 2463 eo
1280 2418 1405 2463 sunt
1451 2410 1516 2464 ad
1565 2411 1728 2481 pedes
1774 2411 1890 2481 ejus
1936 2413 2104 2469 semel

515 2498 680 2554 iidem
711 2509 834 2555 ante
868 2492 1113 2557 osculum
1154 2503 1369 2559 veniam
1402 2514 1669 2576 petentes,
1702 2507 1748 2562 si
1787 2518 1870 2563 est
1895 2509 2105 2580 cpisco-

514 2606 618 2662 pus
653 2592 737 2648 vel
768 2594 967 2661 abbas;
1008 2597 1051 2651 si
1082 2607 1260 2651 autem
1288 2612 1402 2663 rex,
1435 2599 1517 2652 vel
1550 2601 1875 2669 apostolicus
1898 2612 1952 2657 et
1978 2612 2105 2658 ante

517 2694 573 2740 et
601 2695 807 2755 postea.
843 2687 1047 2745 Deinde
1077 2704 1200 2745 cum
1240 2703 1305 2745 eo
1356 2689 1595 2761 loquitur
1632 2694 1773 2762 quod
1822 2694 1925 2749 sibi
1974 2710 2106 2750 cou-

515 2791 708 2847 gruum
732 2779 965 2835 videtur.
992 2772 1230 2837 Tandem
1257 2781 1380 2837 facit
1404 2788 1524 2839 eum
1550 2788 1616 2838 ad
1641 2786 1928 2857 hospitium
1958 2788 2104 2852 duci,

514 2867 804 2939 ipsumque
838 2886 962 2926 cum
1006 2871 1257 2928 omnibus
1288 2873 1401 2927 suis
1434 2875 1755 2931 charitative
1786 2886 1841 2933 et
1879 2878 2107 2934 honeste

515 2962 765 3017 tractari.
798 2961 1084 3019 Sciendum
1112 2973 1313 3028 autem,
1344 2965 1486 3033 quod
1524 2966 1721 3033 nullus,
1752 2969 1840 3037 qui
1874 2969 1943 3023 sit
1983 2985 2107 3039 pro-

517 3051 770 3111 fessionis
818 3056 872 3111 in
920 3057 1347 3130 Quadragesima
1396 3077 1518 3117 cum
1568 3071 1728 3117 cantu
1792 3062 2102 3132 suscipitur,

518 3157 696 3213 neque
743 3145 796 3200 in
846 3145 1011 3212 albis;
1043 3158 1273 3219 excepto
1316 3154 1460 3222 quod
1488 3152 1540 3206 hi
1596 3160 1835 3217 tantum,
1864 3155 1952 3222 qui
1986 3167 2106 3222 pro-

2206 578 2447 621 nostrum
2496 569 2775 637 ordinent,
2820 570 2969 639 prius
3026 573 3073 625 ei
3126 574 3405 630 humiliter
3446 583 3645 637 ostendit
3677 590 3723 642 de

2206 657 2599 712 consuetudine
2634 669 2848 725 nostra,
2878 660 3088 717 scilicet
3113 672 3171 716 ut
3214 664 3258 718 si
3293 666 3339 719 ei
3380 666 3570 735 placet,
3594 672 3724 730 intra-

2207 759 2362 804 turus
2394 750 2679 806 ecclesiam
2712 754 2776 807 ad
2803 752 2963 809 limen
2994 756 3210 809 veniam
3242 768 3387 827 petat
3409 769 3461 814 et
3485 774 3727 831 prosternat

2205 857 2264 897 se
2305 844 2370 897 ad
2400 845 2722 908 orationem,
2751 845 2795 899 si
2840 854 2924 901 est
2957 847 3073 903 dies
3104 848 3293 905 festus.
3329 851 3567 909 Adltmret
3589 860 3627 912 ei
3661 861 3729 930 ju-

2206 938 2346 1007 giter
2366 947 2418 990 et
2447 946 2714 993 monstrat
2738 939 2789 993 in
2820 940 3018 1009 quibus
3042 941 3174 998 locis
3198 944 3392 999 debeat
3415 961 3576 1011 orare,
3601 954 3728 1019 primo

2207 1027 2273 1081 ad
2303 1027 2359 1081 S.
2384 1026 2638 1094 Crucem,
2672 1029 2722 1082 iu
2750 1031 2917 1086 choro
2944 1033 3010 1087 ad
3044 1034 3217 1089 altare
3245 1035 3550 1106 principale,
3573 1043 3610 1095 si
3638 1058 3729 1097 con-

2206 1128 2400 1173 ventus
2432 1135 2536 1173 nou
2569 1130 2658 1175 cst
2690 1121 2741 1175 in
2772 1138 2858 1188 eo,
2887 1133 2981 1177 aut
3004 1124 3048 1179 si
3075 1125 3308 1180 ecclesia
3340 1143 3443 1181 non
3474 1138 3549 1184 est
3574 1132 3728 1201 clausi,

2206 1221 2261 1264 et
2292 1211 2439 1266 intus
2485 1221 2611 1266 sunt
2649 1213 2820 1284 aliqui
2870 1216 3178 1286 populares,
3226 1226 3430 1273 tantum
3475 1222 3535 1274 ad
3575 1224 3727 1291 altare,

2206 1302 2348 1371 quod
2380 1312 2461 1358 cst
2491 1303 2546 1357 in
2578 1305 2768 1360 dextra
2797 1316 2950 1376 parte
2981 1309 3154 1373 chori,
3187 1319 3243 1363 et
3287 1311 3354 1363 ad
3403 1310 3458 1365 S.
3489 1312 3673 1369 Mariam
3693 1320 3728 1371 in

2207 1395 2384 1449 medio
2412 1395 2577 1464 ipsius
2604 1398 2841 1468 capellae.
2871 1398 2930 1453 Si
2958 1407 3230 1469 tempore,
3263 1415 3371 1469 quo
3404 1400 3582 1457 fratres
3608 1410 3730 1459 ineri-

2206 1488 2424 1542 diautur
2452 1490 2641 1543 eadem
2691 1506 2854 1545 causa
2885 1494 3281 1562 supervenerit,
3316 1502 3439 1561 post
3466 1511 3636 1549 nonam
3672 1500 3730 1552 in-

2208 1581 2540 1646 troducitur;
2590 1581 2634 1636 si
2676 1598 2805 1637 vero
2852 1592 2977 1653 post
3031 1586 3445 1656 completoriuut
3492 1603 3549 1641 ex
3588 1589 3729 1644 eadem

2207 1687 2368 1727 causa
2397 1672 2661 1728 adventus
2686 1674 2853 1744 ipsius
2879 1691 3000 1731 esse
3028 1676 3383 1746 dignoscitur,
3409 1692 3469 1731 ea
3496 1690 3629 1733 nocte
3651 1682 3733 1734 erit

2208 1766 2504 1820 claustrum
2547 1781 2857 1833 remanens,
2902 1767 2956 1821 in
3000 1770 3247 1838 sequenti
3274 1769 3370 1825 die
3399 1779 3518 1823 ante
3554 1771 3731 1840 prinum

2207 1860 2286 1913 vel
2314 1860 2419 1914 alio
2444 1869 2686 1929 tempore
2722 1869 2849 1914 ante
2881 1861 3094 1915 tertiam
3134 1861 3297 1916 simili
3330 1861 3485 1916 modo
3511 1875 3728 1929 oraturus,

2206 1966 2258 2009 et
2282 1971 2494 2010 versum
2537 1966 2659 2027 post
2687 1954 2931 2025 singulas
2972 1954 3136 2009 horas
3187 1963 3510 2023 accepturus
3536 1954 3734 2009 introdu—

2207 2051 2370 2104 citur.

2278 2144 2447 2198 Porro
2477 2143 2523 2198 si
2556 2142 2818 2213 ejusmodi
2868 2142 3065 2212 hospes
3106 2154 3204 2211 per
3248 2140 3453 2210 aliquot
3500 2140 3731 2208 lempasia

2208 2236 2543 2291 monasterio
2595 2251 2663 2289 cx
2717 2248 3043 2305 quacunque
3088 2247 3252 2287 causa
3294 2231 3487 2287 morati
3524 2229 3735 2295 voluerit,

2209 2326 2328 2381 talis
2358 2341 2480 2381 csse
2510 2333 2708 2397 potest,
2750 2334 2809 2380 ut
2840 2324 3004 2380 etiam
3050 2324 3093 2378 si
3122 2322 3290 2379 abbas
3333 2323 3427 2387 sit,
3474 2338 3567 2378 rion
3598 2330 3734 2376 tamen

2208 2417 2385 2472 facilis
2418 2417 2467 2473 ei
2495 2416 2822 2473 concedatur
2848 2416 3145 2482 ingressus.
3179 2414 3287 2469 Sed
3314 2414 3559 2483 quamdiu
3586 2415 3739 2468 domno

2208 2510 2391 2564 abbati
2422 2508 2593 2563 visum
2625 2506 2811 2571 fuerit,
2841 2506 2974 2562 foris
3023 2514 3301 2569 moratur,
3330 2514 3510 2573 postea
3548 2505 3740 2559 introdu-

2209 2605 2378 2668 citur;
2410 2602 2777 2673 praescriptum
2805 2607 2987 2654 tamen
3032 2600 3280 2653 ordinem
3323 2600 3614 2652 orationum
3646 2614 3739 2666 pro-

2208 2705 2327 2766 pter
2373 2704 2482 2747 tatu
2526 2694 2743 2763 longum
2792 2695 3059 2747 adventus
3101 2700 3157 2746 et
3194 2691 3744 2745 iutroductionisiutcr-

2210 2788 2405 2843 vallum
2436 2803 2539 2842 nou
2579 2788 2986 2842 observaturus.
3012 2784 3367 2855 Capellanum
3390 2785 3489 2839 etsi
3517 2786 3741 2854 pr0prinm

2209 2879 2427 2944 habeat,
2465 2878 2615 2948 prior
2643 2876 2822 2931 abbati
2848 2876 3096 2948 providet
3131 2876 3327 2939 alium,
3380 2876 3467 2945 qui
3507 2874 3741 2927 lucernam

2212 2987 2241 3025 3
2277 2970 2582 3025 camerario
2612 2978 2891 3039 acceptam
2938 2979 3065 3025 ante
3105 2985 3229 3024 eum
3279 2979 3441 3023 ιιοειιι
3482 2976 3655 3037 μοι-ιρι,
3693 2980 3742 3017 ει

2211 3060 2367 3130 cujus
2403 3060 2567 3115 etiam
2599 3060 2877 3131 diligentia
2928 3061 2981 3114 in
3014 3062 3249 3126 caeteris,
3286 3074 3407 3129 quze
3444 3060 3507 3112 ad
3547 3057 3742 3113 ordinem

2215 3154 2508 3223 pertinent,
2537 3153 2824 3223 adjuvetur
2850 3153 2991 3208 illius
3022 3154 3357 3224 ignorantia.

521 3237 755 3293 cessioni
789 3239 1089 3295 inserviunt
1116 3241 1254 3297 albis
1292 3252 1348 3298 et
1388 3245 1575 3315 cappis
1603 3254 1729 3301 sunt
1770 3245 1964 3301 imluti.
2003 3245 2109 3301 Nc-
2137 3218 2183 3281 ρ·
2284 3248 2418 3303 Cum
2448 3255 2668 3301 ventum
2706 3245 2869 3301 fuerit
2894 3247 2960 3299 ad
2985 3246 3176 3301 horam
3210 3244 3537 3310 refectionis,
3562 3243 3685 3314 prior
3705 3251 3745 3295 et

521 3330 724 3386 minem
752 3336 916 3388 etiam
952 3350 1190 3406 unquam
1225 3354 1348 3395 eum
1376 3338 1724 3410 processionc
1761 3340 2108 3411 suscipimus,

522 3431 808 3495 postquam
837 3428 1183 3485 nocturnalcs
1206 3430 1497 3486 induimus.

1141 3541 1368 3599 CAPUT
1406 3542 1470 3597 LI

777 3629 857 3685 De
886 3632 1128 3699 ostiario,
1165 3635 1222 3689 id
1250 3646 1323 3689 est
1389 3636 1604 3691 custode
1629 3636 1860 3706 hospitii.

599 3745 725 3812 (uo.
778 3746 931 3817 var.)
980 3746 1251 3820 Hospites,
1299 3751 1389 3820 qui
1442 3751 1750 3821 equitantes
1800 3751 2111 3819 adveniunt,

526 3834 826 3890 monachos
869 3851 1087 3908 quoque
1135 3848 1190 3893 et
1239 3840 1581 3896 honestiores
1626 3840 1855 3896 clericos
1886 3842 2112 3911 pedites,

527 3938 729 3980 uxores
758 3926 920 3982 etiam
958 3928 1262 3985 villicorum
1296 3940 1353 3986 et
1395 3946 1585 3986 onmes
1626 3931 1777 3986 brevi
1822 3934 2117 4003 portitores

530 4031 716 4075 custos
762 4021 1017 4092 hospitii,
1046 4023 1135 4093 qui
1182 4040 1248 4080 ex
1279 4024 1670 4079 consuetudine
1711 4035 1797 4079 est
1839 4026 2118 4093 sacerdos,

529 4126 653 4167 cum
680 4112 826 4167 omni
852 4114 1042 4185 recipit
1071 4114 1425 4186 benignitate.
1466 4115 1735 4185 Quidquid
1764 4132 1898 4186 opus
1934 4115 2117 4186 fuerit,

531 4217 563 4257 a
600 4201 882 4261 cellerario
917 4207 1134 4275 quaerit,
1164 4216 1219 4261 et
1266 4207 1311 4262 si
1355 4207 1491 4262 forte
1526 4207 1838 4263 eellerarius
1877 4223 1983 4263 non
2013 4219 2119 4278 est,

529 4297 722 4366 qumrit
768 4311 799 4351 a
842 4300 1168 4367 camerario,
1218 4308 1279 4355 ttt
1318 4300 1362 4355 si
1408 4300 1527 4372 talis
1558 4308 1641 4355 est
1687 4300 1865 4364 locus,
1918 4302 2123 4372 absque

530 4391 679 4448 omni
708 4394 1060 4448 excusatione
1094 4402 1458 4463 comparetur.
1507 4392 1659 4459 Quod
1693 4394 1737 4448 si
1788 4393 1927 4449 forte
1961 4394 2123 4449 celle-

532 4486 713 4543 rarius
760 4487 936 4552 abest,
978 4495 1033 4541 et
1071 4485 1176 4540 tale
1226 4486 1352 4557 quid
1396 4494 1479 4543 est
1529 4485 1824 4552 inclusum,
1868 4486 2008 4540 ouod
2054 4485 2120 4541 ad

530 4577 805 4648 hospitum
853 4577 1102 4648 protinus
1146 4578 1512 4633 necessarium
1541 4586 1624 4632 est
1656 4592 1838 4642 usum,
1871 4576 1957 4632 ille
2000 4593 2121 4646 vas,

535 4670 590 4725 in
622 4687 730 4741 quo
762 4681 947 4743 sperat
978 4671 1108 4727 illud
1135 4672 1397 4727 contineri
1418 4712 1433 4736 ,
1476 4670 1561 4741 pie
1596 4669 1863 4725 violentus
1894 4687 1998 4727 non
2028 4673 2124 4727 duo

531 4762 672 4819 hitat
698 4762 947 4835 frangere
976 4763 1029 4819 in
1060 4762 1151 4819 tali
1200 4763 1549 4825 necessitate,
1583 4770 1643 4815 ut
1673 4761 1959 4833 integritas
1990 4764 2123 4818 cha-

533 4856 712 4911 ritatis
746 4871 843 4927 per
878 4856 1060 4913 omnia
1111 4856 1352 4914 salvetur
1393 4856 1445 4910 in
1489 4857 1793 4914 exhibenda
1825 4856 2128 4931 hospitibus

534 4949 893 5006 humanitate.

609 5039 706 5094 Est
731 5040 895 5094 etiam
935 5039 1286 5103 consuetudo,
1321 5040 1366 5095 si
1402 5038 1685 5095 cellerario
1707 5053 1815 5094 non
1857 5046 1958 5105 est,
1985 5038 2127 5110 quod

534 5131 615 5187 eis
668 5140 926 5204 apponat.
960 5143 1014 5187 ut
1068 5133 1121 5187 iu
1170 5132 1520 5188 refectorittm
1573 5142 1697 5187 ante
1747 5133 1997 5189 abbatem
2045 5131 2128 5188 vel

535 5224 772 5292 priorem
803 5225 1001 5288 veniat,
1027 5234 1082 5279 et
1104 5225 1229 5279 inde
1253 5225 1462 5294 signum
1494 5223 1672 5279 faciat.
1696 5224 1848 5280 Tunc
1871 5222 2129 5280 continuo

534 5332 564 5369 a
602 5314 929 5385 praesidente
958 5314 1031 5369 illi
1066 5315 1330 5380 innuitur,
1373 5325 1433 5370 ut
1470 5331 1655 5370 coram
1686 5331 1746 5371 se
1775 5317 1952 5386 posita
1984 5315 2128 5369 acci-

534 5408 670 5477 piat.
706 5408 1092 5464 Verumtamen
1160 5407 1398 5465 studiose
1424 5418 1612 5473 cavet,
1644 5417 1703 5463 ut
1732 5424 2006 5478 nunquam
2038 5423 2128 5462 cx-

540 5508 790 5555 traneum
842 5500 1167 5557 mouaclntm
1211 5502 1493 5571 permittat
1544 5500 1839 5555 claustrum
1896 5500 2131 5567 intrare,

543 5608 830 5664 quousque
854 5594 1086 5651 solerter
1112 5595 1428 5668 inquisitum
1472 5592 1671 5647 lia-beat
1697 5593 1765 5646 ah
1793 5608 1878 5657 eo,
1910 5594 1975 5647 ad
2004 5594 2130 5662 quid

538 5687 747 5751 veniat,
779 5701 847 5741 an
879 5687 1043 5742 etiam
1090 5687 1317 5757 legatus,
1360 5685 1472 5739 sive
1515 5693 1825 5739 moraturus
1859 5684 2130 5750 adveniat,

545 5793 642 5830 seu
676 5778 893 5847 aliquod
922 5779 1025 5833 iter
1046 5777 1248 5832 faciens
1283 5776 1546 5844 hospitari
1579 5784 1786 5829 tantum
1816 5776 1962 5831 velit.
1995 5776 2129 5848 (υυ.)

547 5867 700 5933 Quod
741 5868 786 5923 si
821 5867 922 5924 hoc
970 5876 1172 5923 tantum
1221 5866 1434 5936 quaerit,
1482 5854 1603 5922 'sinc
1635 5882 1784 5923 mora
1828 5878 1880 5925 et
1928 5868 2130 5940 absque

2215 3349 2385 3404 abbas
2427 3346 2593 3402 simul
2640 3346 2847 3401 intrant
2895 3344 3276 3410 refectorium,
3322 3353 3379 3399 ct
3423 3344 3533 3415 pari
3579 3344 3747 3396 incessu

2215 3439 2377 3496 simul
2422 3440 2765 3510 progreditur
2804 3454 2928 3494 cum
2981 3438 3071 3492 illo
3122 3439 3189 3492 ad
3222 3452 3489 3507 mensam,
3518 3444 3568 3490 et
3608 3435 3747 3505 priore

2216 3534 2435 3589 sedente
2459 3534 2524 3588 ad
2548 3533 2775 3597 scillam,
2801 3532 2915 3602 ipse
2951 3516 3110 3588 sedet
3151 3531 3219 3586 ad
3260 3529 3381 3600 ejus
3429 3529 3691 3591 sinistram,
3709 3536 3748 3580 et

2217 3627 2309 3682 tlat
2336 3626 2523 3680 lectori
2556 3626 3010 3681 benedictionem.
3052 3624 3333 3695 Capellani
3376 3623 3514 3693 ejus,
3541 3622 3619 3691 qui
3653 3635 3745 3674 cum

2218 3720 2333 3788 ipso
2362 3725 2651 3783 venerunt,
2674 3718 2716 3772 si
2744 3718 2850 3771 duo
2877 3726 3023 3780 sunt,
3055 3716 3217 3771 simul
3250 3716 3587 3771 sedentsicut
3615 3720 3660 3767 et
3682 3712 3747 3764 alii

2218 3809 2480 3879 hospites,
2516 3808 2764 3879 quamvis
2794 3808 2847 3862 in
2874 3807 3039 3863 choro
3067 3815 3122 3861 et
3152 3807 3219 3860 ad
3249 3806 3605 3869 collationem,
3630 3811 3750 3872 prout

2218 3901 2386 3971 priori
2416 3900 2654 3967 videtur,
2686 3900 2755 3954 ab
2786 3899 3015 3954 invicem
3048 3908 3392 3969 separentur.
3426 3896 3527 3952 Sed
3550 3897 3588 3949 si
3613 3895 3751 3966 plures

2219 4001 2364 4055 sum,
2380 4007 2543 4062 quam
2573 3992 2773 4047 dictum
2797 3998 2899 4053 est,
2925 4006 3030 4044 non
3054 4003 3244 4043 omnes
3270 3987 3430 4042 simul
3452 3986 3749 4042 cul'ocantnr.

2220 4085 2289 4139 At
2336 4084 2379 4139 si
2427 4082 2490 4139 ca
2520 4082 2895 4154 supervenerit
2942 4081 3100 4145 hora,
3142 4096 3247 4149 qua
3279 4081 3566 4134 servitores
3593 4077 3681 4144 jam
3706 4073 3752 4127 ad

2224 4175 2578 4230 reﬁciendum
2616 4173 3000 4240 censederunt,
3026 4174 3300 4227 detinetur
3326 4172 3540 4227 interim
3568 4186 3595 4224 a
3620 4169 3755 4239 priore

2223 4285 2320 4339 per
2369 4267 2612 4338 spiritale
2659 4266 3017 4337 colloquium,
3046 4272 3120 4341 ‘et
3167 4272 3458 4335 postquam
3520 4260 3755 4319 servitores

2225 4360 2538 4426 refecerint,
2568 4358 2741 4413 reficit
2762 4367 2816 4413 et
2845 4358 2960 4427 ipse
2985 4356 3179 4413 sedens
3203 4355 3272 4411 ad
3306 4365 3473 4425 caput
3502 4351 3757 4408 alterutrins

2224 4468 2492 4524 suprema:
2516 4450 2733 4516 tabulae,
2760 4447 3049 4503 comitibus
3075 4446 3191 4515 ejus
3213 4446 3527 4502 sedentibus
3550 4444 3680 4512 juxta
3700 4453 3754 4492 se.

2225 4546 2378 4614 Quod
2418 4543 2462 4597 si
2509 4552 2615 4596 tam
2662 4555 2785 4596 sero
2830 4539 3150 4603 advenerit,
3197 4547 3257 4592 ut
3290 4544 3428 4592 ante
3475 4537 3757 4592 collationem

2228 4637 2376 4693 reﬁci
2407 4650 2510 4691 non
2548 4636 2751 4707 possit,
2782 4650 2956 4706 usque
2998 4643 3123 4705 post
3165 4632 3576 4707 completorium
3615 4642 3758 4696 crispe

2226 4745 2363 4799 etat,
2392 4739 2725 4800 acceptaque
2754 4728 3160 4790 benedictione,
3195 4705 3249 4781 in
3289 4726 3549 4796 praedicto
3582 4724 3680 4778 loco
3701 4732 3758 4773 se

2228 4826 2362 4879 deus
2392 4822 2587 4885 reficit,
2620 4820 2708 4875 ubi
2740 4828 2921 4872 tamen
2956 4818 3095 4872 alius
3132 4817 3304 4871 frater
3331 4831 3401 4870 eo
3444 4826 3665 4885 tempore
3684 4821 3759 4863 non

2229 4916 2382 4971 sedet
2411 4913 2693 4980 reﬁciens;
2742 4914 2837 4967 scd
2874 4910 2941 4964 ad
2987 4912 3145 4965 linem
3180 4908 3377 4963 tabula:
3402 4917 3659 4961 extremm.
3689 4898 3760 4967 Qui

2229 5010 2416 5073 etiam,
2451 5007 2494 5061 si
2524 5005 2663 5060 infra
2692 5002 3046 5060 refectionem
3073 4998 3452 5054 ministrorum
3476 4997 3546 5051 ita
3574 4992 3759 5051 advenit,

2229 5112 2287 5157 ιιι
2323 5116 2445 5156 cum
2472 5100 2553 5155 eis
2582 5098 2814 5170 pleniter
2846 5096 3070 5151 reficere
3100 5092 3427 5162 nequiverit,
3458 5084 3563 5145 illis
3592 5099 3765 5154 surgen-
3854 5088 3855 5165 ξ

2233 5196 2378 5251 tibus
2407 5198 2523 5264 ipse
2553 5200 2687 5247 nutu
2726 5187 3069 5260 praesidentis
3112 5192 3379 5247 remanet,
3412 5192 3465 5237 et
3497 5194 3650 5249 usque
3670 5185 3763 5229 dum

2230 5293 2637 5359 pertranscant,
2670 5291 2779 5338 stat
2810 5279 3042 5347 inclinis,
3076 5280 3421 5345 refectusque
3453 5285 3647 5328 versuta
3674 5278 3764 5322 eum

2231 5380 2437 5453 psalmo
2463 5387 2590 5434 ante
2615 5376 2862 5432 eamdem
2889 5373 3123 5429 tabulam
3152 5369 3288 5424 fiuit.

2309 5492 2607 5547 Prmdictus
2626 5488 2814 5553 abbas,
2846 5487 2892 5543 si
2912 5486 3227 5542 societatem
3254 5489 3497 5545 nostram
3523 5472 3761 5550 quaesierit,

2242 5595 2528 5657 postquam
2559 5584 2892 5654 disputatum
2937 5580 3099 5636 fuerit
3148 5581 3200 5634 in
3248 5580 3485 5651 capitulo
3513 5578 3573 5631 de
3598 5572 3765 5633 ordine,

2237 5686 2499 5750 quantum
2537 5676 2704 5747 priori
2736 5675 2969 5740 videtur,
3002 5673 3169 5728 tnittit
3198 5688 3299 5743 pro
3348 5688 3431 5728 eo.
3464 5668 3674 5726 Veniens
3696 5677 3759 5715 alr

2236 5781 2343 5825 tem
2394 5770 2445 5824 in
2495 5766 2831 5840 capitulum,
2887 5776 2994 5821 tam
3055 5764 3169 5834 ipse
3217 5780 3383 5835 quam
3431 5758 3636 5819 Comites
3675 5753 3760 5821 eius

2236 5862 2542 5935 (inferiores
2592 5869 2772 5917 tamen
2826 5860 2916 5915 illo
2963 5858 3332 5930 procidentes)
3374 5861 3553 5929 petunt
3594 5848 3765 5906 veniam
