3872 6306
111 358 225 421 1113

1126 349 1545 408 CONSTITUT.
1580 349 1904 406 ιιιιιεΑυϐ.
1943 379 2013 390 -ο
2049 336 2175 405 LlB.
2208 349 2268 403 ll.

3203 348 3303 413 t-tt
3319 346 3347 423 tu

107 492 183 551 pro
210 486 309 543 ipsa
339 474 624 527 societate.
653 469 767 536 Qua
795 467 961 537 petita
1004 472 1057 520 et
1087 474 1336 534 exoptata
1385 464 1653 520 societate
1680 466 1727 523 Α
1755 464 1909 519 cinas
1953 460 2202 524 claustri,
2238 459 2463 531 quaesita
2517 461 2758 532 licentia,
2793 470 2978 520 custos
3028 461 3241 533 hospitii
3275 460 3349 527 ad,

106 570 322 636 surgunt;
368 561 515 633 prior
540 575 759 630 quoque
789 558 927 612 sicut
966 555 1196 611 domnus
1224 555 1385 621 abba,
1415 556 1457 610 si
1489 558 1647 610 ades-

106 671 190 724 sel,
212 666 258 708 et
292 659 431 706 totus
471 658 774 706 conventus
813 660 1099 714 assurgere
1142 654 1197 699 et
1242 646 1448 699 tamdiu
1500 658 1657 701 stare‘

106 749 261 811 debet,
289 755 569 811 usquequo
616 740 730 811 ipse
781 748 836 793 et
879 737 1010 791 socii
1059 736 1200 791 illius
1250 734 1644 791 fraternitatem

105 836 349 907 accipiant.
376 832 545 900 Quam
580 842 864 901 postquam
888 828 1229 898 acceperint,
1262 836 1319 882 ut
1345 837 1430 883 est
1456 829 1659 894 moris,

104 945 203 986 cum
244 926 392 991 libro,
444 936 669 995 rogatur
712 932 769 977 ut
816 923 1021 987 sedeat,
1070 936 1169 976 nec
1211 921 1545 990 permittitur
1590 926 1659 977 ut

104 1019 294 1090 amplius
338 1017 551 1071 veniam
602 1025 769 1085 petat.
820 1014 963 1070 Socii
1019 1028 1147 1069 vero
1198 1014 1315 1084 ejus
1361 1029 1535 1084 usque
1578 1015 1657 1069 ad

102 1110 363 1181 analogium
404 1108 834 1170 retrocedentes,
872 1115 1056 1160 ternas
1099 1112 1288 1175 petunt
1325 1104 1512 1157 venias
1551 1119 1645 1158 su-

99 1217 178 1273 per
206 1212 380 1255 manus
425 1208 481 1253 et
514 1214 687 1269 genua
714 1210 901 1255 contra
948 1199 1180 1269 priorem
1213 1197 1279 1251 ad
1317 1199 1562 1253 dextram
1592 1207 1650 1253 et

98 1292 153 1345 ad
192 1289 488 1353 sinistram,
532 1288 796 1343 fratribus
847 1288 1069 1342 econtra
1123 1301 1416 1355 parumper
1457 1301 1645 1341 assur-

100 1380 244 1452 gendo
288 1378 685 1433 inclinantibus.
732 1379 802 1433 Et
848 1377 975 1432 licet
1029 1374 1323 1445 capitulum
1373 1377 1534 1432 citius
1577 1377 1659 1432 sit

99 1472 353 1527 ﬁniendum
373 1512 387 1537 ,
422 1480 599 1527 tamen
632 1479 688 1526 et
720 1471 799 1526 eis
828 1471 1140 1542 designatur
1165 1471 1317 1525 locus
1346 1470 1411 1523 ad
1446 1470 1643 1524 seden-

99 1564 219 1618 dum.
246 1563 300 1617 ln
324 1563 548 1619 ecclesia
578 1564 817 1619 defertur
842 1563 1018 1619 eidem
1048 1562 1254 1628 abbati,
1287 1570 1343 1616 ut
1366 1561 1643 1630 stetjuxta

97 1657 234 1711 sedile
265 1658 440 1713 donmi
484 1657 699 1713 abbatis
730 1657 798 1711 ad
843 1656 1088 1712 dextram
1138 1656 1252 1710 sive
1297 1671 1538 1726 praesens
1574 1658 1643 1711 sit

97 1750 186 1814 ille,
209 1748 315 1803 sive
346 1749 559 1812 absens,
592 1758 652 1803 ut
685 1749 930 1819 imponat
957 1747 1335 1816 antiphonam,
1366 1749 1455 1802 det
1481 1751 1643 1803 heue-

1752 554 2068 611 alterutram
2123 551 2345 607 missam
2377 550 2581 609 inducit
2623 572 2717 610 cos
2760 556 2993 625 primunt
3041 554 3092 607 in
3125 552 3342 607 domum

1749 642 2260 714 cleemosynariatn,
2303 642 2353 696 in
2389 642 2692 712 cellarium,
2731 648 2783 702 in
2826 648 3135 717 coquinum,
3170 646 3221 700 in
3260 660 3342 698 rc-

1750 738 2057 801 fectorium,
2097 738 2149 791 in
2194 736 2384 791 cellam
2431 738 2782 802 novitiorum,
2835 738 2890 793 in
2941 738 3349 809 dormitorium,

1750 830 1803 885 in
1850 831 2068 885 domum
2118 830 2479 886 infirmorum.
2516 831 2615 886 Ubi
2649 830 2849 884 fratres
2879 846 2986 885 non
3031 828 3344 897 loquuntur,

1749 938 1850 977 nec
1894 923 2008 991 ipse
2058 921 2283 977 verbum
2334 921 2484 976 facit.
2544 922 2713 975 Cavet
2759 928 2941 972 autem
2996 920 3215 973 omnino
3276 933 3351 972 ne

1748 1030 1906 1085 quem
1937 1013 2239 1068 introducat
2274 1016 2324 1067 in
2357 1012 2651 1067 claustrum
2684 1026 2809 1065 cum
2836 1008 3139 1065 calcaribus
3167 1020 3260 1062 aut
3291 1009 3341 1061 in

1748 1107 1881 1162 solis
1914 1105 2287 1161 femoralibus.
2322 1104 2557 1172 Quando
2585 1103 2850 1174 cpiscOpi,
2877 1102 3070 1167 duces,
3094 1102 3342 1169 comites,

1747 1209 1803 1255 et
1834 1200 1953 1254 alim
1985 1213 2195 1269 magna:
2239 1197 2617 1253 aestimationis
2645 1211 2895 1267 persona:
2930 1195 3351 1265 superveniunt,

1750 1293 1855 1347 duo
1891 1295 2037 1351 cerei
2085 1312 2272 1353 coram
2323 1295 2425 1361 eis,
2459 1294 2635 1351 donec
2664 1310 2723 1355 se
2768 1295 2820 1350 in
2872 1292 3013 1347 lecto
3054 1292 3343 1356 collocent,

1745 1383 1955 1453 jngiter
1982 1387 2197 1442 ardent.
2226 1387 2380 1442 Alius
2418 1386 2581 1441 etiam
2630 1401 2820 1441 cereus
2876 1387 2945 1441 ibi
2977 1401 3204 1441 arsurus
3246 1399 3344 1453 per

1749 1488 1919 1532 totam
1963 1489 2179 1535 noctem
2225 1496 2331 1535 non
2375 1480 2570 1557 deerit.
2621 1478 2770 1547 Quos
2816 1494 3004 1534 cereos
3041 1496 3070 1534 a
3114 1480 3347 1537 saerista

1748 1573 2023 1642 quaesitos,
2072 1582 2258 1629 custos
2310 1574 2524 1643 hOSpitii
2580 1570 2945 1630 administrat.
2994 1574 3049 1630 Si
3096 1588 3225 1631 vero
3275 1575 3342 1629 ad

1748 1682 1966 1721 manum
2008 1666 2157 1721 illum
2207 1681 2313 1721 non
2367 1666 2666 1731 invenerit,
2723 1668 2837 1736 ipse
2886 1682 2981 1723 eos
3036 1669 3352 1735 ubicunque

1750 1766 1991 1828 rt-pertos
2021 1758 2226 1828 absque.
2272 1756 2453 1813 delicti
2486 1764 2614 1819 uota
2644 1759 2862 1831 accipit.
2897 1764 2996 1817 Dat
3040 1761 3204 1814 etiam
3232 1758 3343 1812 eis-

96 1839 345 1893 dictionem
375 1837 743 1906 lectoribus,‘
770 1846 827 1893 et
862 1847 1025 1909 ponat
1057 1839 1337 1905 incensum
1382 1840 1432 1892 in
1468 1839 1638 1892 tlmri-
1675 1827 1717 1885 Β
1745 1850 1866 1904 de".
1923 1827 2153 1906 sacris“,
2209 1851 2390 1906 ιιιιηεη
2442 1864 2690 1910 arsurum
2738 1827 2835 1924 ῥοι-
2887 1863 3052 1910 lotam
3104 1860 3341 1912 ηοςιοηι,

94 1932 215 1988 bufo.
240 1930 485 1986 Armario
531 1938 712 1986 autem
744 1932 1040 1986 cavendum
1078 1943 1161 1987 cst
1191 1949 1284 1999 ne,
1340 1933 1405 1985 ad
1453 1932 1640 1985 lectio-

95 2040 216 2091 nem,
245 2024 663 2095 responsorium.
691 2023 1054 2094 evangelium,
1095 2024 1353 2093 majorem
1386 2023 1468 2078 vel
1499 2024 1645 2093 prio-

95 2131 185 2169 rem
222 2115 432 2171 missam
481 2115 597 2170 sine
636 2129 902 2170 consensu
951 2115 1147 2185 prioris
1187 2130 1310 2170 eum
1353 2114 1639 2175 admittat;

94 2205 211 2275 quod
257 2214 432 2259 tamen
464 2213 665 2259 nostra:
705 2193 1147 2276 congregationis
1188 2204 1369 2259 abbati
1413 2220 1509 2273 per
1551 2220 1641 2260 sc-

96 2295 237 2365 ipsum
264 2303 434 2365 potest
469 2292 767 2366 injungere.
798 2295 853 2349 lu
885 2296 1230 2366 processionc
1252 2296 1492 2366 qualibet
1520 2310 1641 2350 cum

96 2391 215 2457 virga
248 2386 500 2457 pastorali
527 2386 825 2457 eodemque
857 2399 1146 2458 apparatu,
1176 2404 1284 2459 quo
1327 2398 1382 2443 et
1410 2388 1647 2446 domnus

94 2480 249 2544 abbas,
271 2480 381 2535 sive
410 2479 478 2535 sit
508 2495 748 2551 praesens
773 2482 886 2535 sive
916 2485 1136 2548 absens,
1168 2483 1391 2539 incedit.

152 2569 331 2640 llospes
381 2580 558 2625 autem
626 2571 926 2639 monachus
969 2572 1283 2642 aliquandiu
1356 2575 1665 2630 uobiscum

94 2679 397 2718 commorans
416 2663 701 2719 lectionem
730 2665 879 2736 legit,
904 2668 1271 2737 responsoria,
1294 2671 1643 2740 privatasque

94 2760 253 2814 missas
277 2760 419 2815 canit
460 2762 698 2816 armario
746 2761 1094 2834 injungcnte,
1138 2775 1193 2819 et
1232 2765 1274 2820 si
1307 2763 1538 2819 voluerit
1573 2763 1642 2816 ad

95 2853 343 2907 tenendum
380 2853 602 2910 chorum
631 2854 732 2909 sibi
779 2869 902 2911 eum
950 2857 1214 2928 adjungit.
1256 2856 1354 2912 llic
1391 2858 1565 2921 idem,
1595 2856 1667 2910 si.

98 2942 199 3010 quid
226 2952 405 2997 contra
437 2944 677 3015 regulam
719 2948 804 3002 vel
848 2949 1094 3004 ordinem
1135 2948 1313 3003 facere
1345 2947 1644 3016 deprehen-

94 3033 227 3097 ditur,
256 3042 313 3088 ut
340 3035 615 3109 emendet,
646 3039 829 3095 verbis
858 3040 1182 3109 aliquotiens
1218 3041 1560 3103 admonetur,
1588 3047 1642 3094 et

92 3125 128 3181 si
167 3141 261 3184 non
290 3131 681 3199 emendaverit,
719 3134 1012 3188 secundum
1060 3133 1300 3205 regulam
1346 3148 1477 3203 erga
1518 3146 1640 3184 cum

94 3220 258 3287 agitur.

148 3315 244 3385 (tta.
272 3316 407 3388 var.)
432 3318 641 3389 llospes
663 3320 751 3389 qni
781 3334 1124 3374 comessurus
1152 3318 1308 3375 estin
1335 3316 1641 3380 refecturis,

92 3404 126 3457 si
163 3416 234 3459 est
266 3406 493 3462 clericus
513 3449 530 3475 ,
559 3411 798 3465 habitum
827 3426 1041 3480 quoque
1086 3411 1391 3465 clericalem
1411 3452 1423 3474 ,
1454 3425 1643 3479 supero

94 3495 329 3563 pelliciqu
368 3494 579 3554 scilicet
627 3511 681 3555 ct
711 3502 943 3569 desuper
972 3518 1199 3572 eappam
1235 3502 1429 3555 induit.
1464 3502 1646 3555 Addu-

92 3598 189 3643 ctus
209 3590 269 3642 ad
300 3593 495 3645 ostium
544 3593 765 3648 claustri
794 3604 1073 3665 exspectat
1116 3609 1286 3663 usque
1331 3594 1456 3647 dum
1505 3593 1646 3647 invi-

92 3688 227 3746 tetur,
275 3694 334 3738 ut
381 3687 613 3741 domnus
652 3674 838 3749 abbas,
888 3686 969 3741 vel
1018 3701 1083 3741 co
1132 3686 1355 3740 absente
1401 3685 1548 3755 prior
1596 3686 1643 3739 ei

93 3789 258 3843 aquam
285 3781 349 3835 ad
388 3798 577 3836 tuauus
606 3772 861 3852 praebeat.
893 3780 992 3848 Qui
1023 3790 1073 3835 et
1109 3779 1385 3851 praecedit,
1431 3788 1488 3833 ut
1516 3779 1647 3833 scil-

92 3868 177 3923 lam
210 3870 540 3942 pulset.'Qua
588 3876 767 3930 audita
814 3886 998 3931 custos
1045 3875 1262 3944 hospitii
1313 3874 1515 3928 inducit
1548 3874 1647 3927 ho-

93 3967 287 4033 spitem,
338 3979 393 4023 et
440 3969 484 4022 si
525 3985 629 4022 non
677 3980 761 4023 cst
806 3970 1094 4039 cpiscopus
1138 3968 1220 4023 vel
1270 3969 1459 4031 abbas,
1503 3977 1649 4021 stant

93 4076 236 4128 usque
254 4064 379 4115 dum
401 4076 591 4115 versus
625 4060 1009 4129 finiaturjuxta
1042 4061 1320 4115 introitum
1353 4058 1647 4124 refectorii,

96 4149 267 4220 hospes
291 4161 531 4217 erectus,
563 4160 746 4206 custos
783 4151 1108 4214 inclinatus,
1145 4150 1283 4205 sicut
1321 4158 1375 4204 et
1412 4164 1649 4203 conven-

97 4250 180 4294 tus.
226 4242 403 4298 Finito
453 4259 614 4297 versu
672 4242 819 4311 ducit
862 4256 985 4296 eum
1040 4242 1229 4298 sedere
1278 4240 1341 4293 ad
1406 4254 1646 4295 mensam

96 4332 436 4401 principalem.
472 4334 489 4355 ‘
517 4331 635 4400 Quo
681 4332 823 4387 facto
851 4333 918 4385 ad
962 4332 1135 4386 locum
1177 4345 1334 4384 suum
1369 4332 1564 4400 pergit,
1598 4338 1654 4383 et

94 4435 347 4492 pstsfqttattt
393 4426 545 4479 sedet
592 4434 719 4479 ante
748 4433 802 4478 et
830 4432 975 4477 retro
1012 4422 1192 4476 faciat.
1232 4420 1287 4476 Si
1321 4431 1404 4476 est
1440 4423 1653 4491 cpisco-

95 4517 293 4581 pus,dat
314 4516 743 4572 benedictionem
773 4516 980 4570 lectori.
996 4515 1394 4585 Qualiscunque
1422 4514 1648 4568 fratrum

93 4605 149 4658 sit
186 4607 354 4673 cibus,
383 4607 579 4677 hospiti
628 4607 787 4661 simul
831 4621 953 4661 cum
1000 4608 1179 4677 priore
1229 4606 1526 4660 liberaliter
1570 4616 1653 4662 est

94 4698 428 4752 serviendum.
468 4698 601 4753 Cum
641 4708 820 4752 autem
861 4697 927 4751 de
957 4713 1142 4751 mensa
1175 4696 1370 4752 fratres
1398 4711 1655 4751 surrexe-

95 4789 203 4851 riut,
228 4800 410 4845 custos
440 4790 659 4860 hospitii
695 4790 1018 4844 novissimus
1046 4789 1153 4843 exit
1195 4806 1315 4843 cum
1359 4790 1474 4857 ipso
1507 4789 1642 4843 ince-

95 4881 207 4934 dcns
230 4882 576 4952 pedetentim,
602 4880 810 4953 (uo.)ct
839 4882 1105 4947 psalmum
1139 4879 1375 4935 Laudare
1404 4890 1656 4946 cantans,

95 4985 231 5039 quem
273 4974 323 5028 in
366 4974 634 5031 auditorio
674 4971 1134 5043 liospitnm'fiuit,
1187 4988 1254 5028 eo
1305 4974 1498 5036 modo,
1551 4990 1658 5044 quo

96 5075 371 5120 enm'eutus
399 5083 518 5120 cum
548 5082 708 5121 versu
741 5067 942 5135 absque
981 5065 1348 5120 inclinatione.
1395 5065 1661 5123 Similiter

95 5170 203 5226 erga
226 5158 536 5228 peregrinos
561 5158 851 5213 monachos
876 5167 927 5212 et
953 5158 1179 5215 clericos
1206 5160 1401 5229 agitur,
1430 5170 1658 5230 excepto

98 5252 219 5316 quod
248 5268 368 5304 cum
412 5253 554 5321 peris
590 5253 702 5306 suis
746 5264 799 5306 et
830 5253 947 5308 sine
982 5253 1383 5323 supcrpclliccis
1412 5254 1658 5307 introdu-

98 5352 290 5399 cuiimr,
343 5340 481 5394 Nulli
539 5350 721 5394 autem
771 5343 1013 5397 s:rculari
1063 5343 1200 5397 laico
1250 5343 1562 5398 conceditur
1607 5344 1658 5398 iu

99 5439 267 5483 nostro
296 5430 581 5484 comedere
612 5429 914 5485 t'el’ectorio.

157 5520 593 5591 Quandocuuque
622 5520 815 5590 hospes
854 5522 1047 5591 aliquis
1071 5537 1471 5577 commessurus
1498 5530 1578 5575 cst
1608 5521 1659 5574 in

99 5626 172 5674 co,
205 5615 347 5683 prior
391 5616 473 5674 vel
506 5614 762 5669 ostiarius
800 5616 957 5671 debet
1002 5617 1104 5669 hoc
1148 5616 1489 5670 innotescere
1525 5614 1660 5669 refe-

98 5708 343 5763 ctorario.
377 5709 435 5763 Si
470 5709 626 5762 laicis
646 5709 854 5763 clericis
877 5710 1108 5764 societas
1132 5712 1291 5764 datur
1321 5711 1371 5762 in
1404 5706 1659 5777 capitulo,

104 5797 148 5850 hi
175 5799 379 5854 veniam
413 5815 517 5855 non
547 5807 751 5868 petunt.
787 5799 921 5871 (ευ.)
959 5799 1015 5855 Si
1059 5800 1239 5855 videre
1273 5798 1507 5869 gestiunt
1556 5796 1665 5852 olli-

1743 1942 1967 2012 quando
2012 1942 2179 2012 aliqui
2233 1942 2432 2003 fratres
2476 1941 2547 1998 in
2582 1944 2820 2015 hospitio
2859 1944 3169 2002 dormiunt,
3202 1942 3344 1996 sicut

1744 2050 1886 2104 STPG
1917 2036 2200 2104 εοιιιὶιιείι,
2230 2043 2378 2108 quod
2402 2040 2625 2095 veniunt
2655 2038 2808 2095 cellis
2853 2036 3055 2091 nostris
3081 2034 3164 2087 vel
3195 2032 3351 2103 novin

1745 2127 1823 2191 tii,
1862 2126 1945 2181 vel
1976 2126 2064 2180 alii
2099 2126 2317 2198 fratres,
2347 2140 2407 2185 ιιι
2442 2132 2645 2185 faciant
2671 2127 3087 2200 profeSsionem.

1778 2254 1783 2257 -
1815 2216 2138 2289 Priusquam
2177 2221 2420 2289 hospites
2460 2220 2773 2285 discedant,
2806 2226 3074 2289 quotquot
3096 2216 3340 2285 jumeuta

1743 2322 1849 2365 non
1890 2307 2091 2364 ferrata
2131 2310 2354 2375 habent,
2380 2312 2447 2366 ad
2475 2326 2666 2366 omnes
2693 2312 2782 2365 dat
2817 2324 2953 2364 nova
2986 2305 3349 2365 ferramenta.

1746 2401 1959 2457 Ostium
1989 2402 2211 2457 claustri
2244 2418 2566 2472 unaquaque
2591 2412 2747 2461 nocte
2779 2408 2899 2472 post
2925 2395 3338 2463 completorium

1746 2493 1811 2548 ab
1840 2493 1956 2562 ipso
1983 2501 2066 2553 est
2095 2492 2482 2557 claudendum,
2513 2504 2566 2547 et
2597 2500 2751 2562 porta
2782 2486 3029 2547 vestibuli
3073 2484 3341 2548 ecclesiu’,

1746 2588 1886 2643 sicut
1925 2588 2089 2642 etiam
2117 2604 2147 2642 a
2187 2587 2389 2642 famulo
2424 2588 2541 2658 ejus
2577 2587 2818 2642 exterior
2846 2594 2997 2655 porta
3028 2597 3336 2638 murorum.

1746 2678 1811 2733 lit
1836 2679 2130 2735 claustrum
2162 2681 2379 2750 quidem
2410 2692 2535 2735 ante
2562 2680 2799 2734 sonitum
2839 2678 2921 2733 vel
2965 2677 3073 2732 alio
3100 2689 3353 2745 tempore.

1743 2779 1869 2825 ante
1919 2771 2124 2824 finitam
2181 2770 2421 2825 Iitaniam
2468 2784 2810 2839 nequaquam
2871 2768 3135 2838 aperitur.
3201 2766 3351 2825 Illud.

1749 2880 1879 2924 vero
1908 2864 2105 2919 ostium
2137 2865 2415 2929 auditorii,
2440 2864 2582 2934 quod
2608 2873 2687 2918 est
2714 2862 2974 2923 exterius,
3011 2862 3188 2913 firmat
3211 2869 3339 2912 ante

1746 2952 2063 3023 capitulum,
2097 2963 2152 3009 et
2198 2956 2322 3008 dum
2355 2953 2551 3010 fratres
2578 2962 2704 3009 sunt
2738 2953 2791 3006 in
2835 2951 3096 3020 capitulo,
3137 2951 3182 3004 si
3213 2951 3339 3019 quis

1743 3046 1941 3115 pulsat,
1992 3046 2058 3100 ad
2104 3046 2234 3101 illud
2281 3045 2398 3114 ejus
2444 3054 2527 3102 est
2568 3060 2822 3116 surgere,
2873 3045 3136 3112 signoque
3173 3042 3339 3113 petita

1747 3139 1960 3194 licentia
2013 3138 2283 3204 abeundi,
2334 3139 2381 3192 ei
2434 3142 2664 3207 aperire.
2720 3135 2985 3191 Similiter
3024 3135 3074 3189 in
3114 3133 3344 3187 meri-lie

1687 3226 1714 3246 "
1748 3232 1947 3284 ostium
2002 3231 2223 3285 claustri
2264 3247 2361 3301 per
2398 3248 2519 3285 cum
2561 3231 2829 3295 firmatur,
2874 3229 2968 3284 sed
3022 3242 3126 3282 non
3164 3226 3346 3297 prius-

1748 3338 1909 3392 quam
1940 3323 2313 3377 ministrorum
2346 3322 2572 3377 refectio
2598 3322 2837 3375 finiatur.

2352 3456 2577 3511 CAPUT
2616 3456 2721 3511 LII.

2281 3550 2354 3603 De
2389 3550 2765 3619 efcemoxynari
2770 3565 2819 3601 0.

1822 3665 1960 3735 (un.)
1983 3664 2444 3732 Quemadmodum
2466 3678 2494 3715 a
2520 3663 2741 3715 custode
2768 3660 2983 3730 hospi:ii
3011 3659 3343 3730 rccipiuninr

1749 3746 1965 3823 omnes,
2017 3758 2106 3829 qui
2160 3757 2363 3811 faciunt
2410 3758 2511 3810 iter
2554 3754 2888 3827 equitando,
2938 3754 3128 3807 eodem
3179 3753 3338 3806 modo

1750 3862 2014 3923 quotquot
2052 3853 2260 3923 pedites
2289 3852 2533 3916 vadunt,
2557 3851 2626 3906 ab
2656 3848 3107 3919 eleemosynario,
3144 3846 3233 3914 qui
3261 3854 3345 3899 cst

1751 3950 2029 4013 sacerdos,
2078 3956 2203 4001 sunt
2244 3945 2574 4017 recipiendi;
2621 3941 3170 4013 exceptis-uxoribus
3206 3939 3359 4003 villis

1752 4057 1937 4097 Corum
1991 4048 2047 4093 ct
2092 4038 2307 4109 legatis,
2339 4038 2430 4107 qui
2482 4038 2676 4092 breves
2726 4040 3037 4105 apportant,
3088 4030 3359 4101 omnibus

1752 4146 1969 4200 quoque
2020 4129 2320 4192 monachis,
2373 4138 2429 4182 et
2473 4125 2874 4183 houestioribus
2906 4121 3154 4183 clericis,
3202 4135 3341 4187 otios

1753 4238 1963 4285 omnes,
1989 4230 2046 4273 ιιι
2069 4220 2437 4289 supradictum
2461 4228 2565 4284 est,
2598 4217 2760 4271 etiam
2786 4215 2829 4269 si
2861 4213 3067 4284 pedites
3097 4212 3339 4274 veniunt,

1754 4324 1937 4369 custos
1963 4313 2180 4383 hospitii
2227 4311 2449 4383 colligit.
2480 4311 2553 4365 At
2594 4309 2638 4365 si
2668 4308 2878 4378 aliquos
2908 4306 3048 4360 forte
3088 4305 3139 4358 iu
3171 4304 3342 4367 comi-

1757 4414 1869 4460 tatu
1917 4418 2015 4459 suo
2064 4402 2304 4458 caballos
2352 4412 2445 4457 aut
2491 4402 2673 4457 asinos
2730 4396 3103 4462 babuerint,‘
3156 4403 3361 4457 cuStos,

1757 4496 1972 4565 hospitii
2005 4494 2245 4549 caballos
2272 4509 2393 4548 cmn
2426 4493 2645 4548 totidem
2690 4489 3003 4545 hominibus
3032 4486 3259 4557 suscipit
3291 4494 3355 4540 et.

1756 4596 2041 4659 procurat;
2073 4595 2130 4641 et
2157 4585 2617 4657 eleemosynarius
2664 4583 2847 4638 asinos
2879 4580 3001 4653 (nisi
3040 4579 3181 4635 forte
3220 4594 3365 4639 eum

1755 4683 1834 4737 eis
1879 4678 2081 4749 aliquid
2138 4692 2236 4747 pro
2287 4679 2555 4734 charitate
2610 4677 2926 4733 conferatur
2979 4673 3344 4737 monasterio;

1758 4785 1885 4841 tunc
1911 4776 2055 4830 enim
2095 4789 2190 4837 eos
2220 4773 2444 4842 suscipit
2480 4780 2666 4837 custos
2696 4771 2912 4843 hospitii
2951 4785 3075 4825 cum
3125 4766 3344 4822 totidem

1757 4852 2067 4922 hominibus
2111 4865 2524 4937 procurandos).
2570 4862 2634 4919 Ut
2666 4876 2843 4929 autem
2890 4864 3082 4917 habeat
3111 4861 3342 4925 cleemo:

1758 4960 2007 5032 syuarins
2036 4960 2176 5015 unde
2209 4960 2291 5014 his
2329 4968 2385 5012 et
2428 4958 2670 5022 caeteris,
2708 4957 2798 5026 qui
2839 4955 2904 5009 ad
2950 4970 3009 5009 se
3054 4954 3342 5023 pertinent,

1760 5053 2066 5108 necessm'ia
2101 5051 2418 5123 provideat,
2451 5051 2805 5105 constitutum
2852 5055 2966 5111 est,
3013 5055 3068 5100 ut
3107 5043 3342 5111 exceptis

1760 5146 2006 5207 decimis,
2042 5160 2162 5215 qua:
2204 5160 2271 5199 cx
2302 5143 2550 5198 instituto
2593 5155 2863 5205 canonum
2894 5139 3091 5191 dantur
3130 5136 3197 5187 ad
3235 5133 3341 5186 siu-

1761 5239 1915 5309 gulas
1954 5237 2234 5300 ecclesias,
2270 5236 2320 5289 in
2348 5249 2576 5304 quarum
2611 5230 2855 5287 terminis
2904 5228 3020 5281 sine
3064 5233 3190 5279 sunt
3220 5239 3341 5293 pos-

1761 5334 2032 5387 sessiones
2082 5340 2298 5393 nostrae,
2347 5329 2588 5384 omnium
2629 5338 2813 5379 earum
2869 5332 3250 5386 t‘ct‘uquum
3282 5315 3343 5370 ad

1763 5423 2148 5477 monasterium
2179 5430 2341 5490 atque
2373 5420 2423 5474 in
2442 5400 2579 5473 usus
2610 5425 2821 5471 nostros
2860 5411 3215 5477 undecunque
3256 5408 3324 5462 de

1765 5516 2040 5579 feruntur,
2084 5513 2307 5568 decima:
2353 5512 2549 5565 dentur
2590 5503 3047 5574 eleemosynario,
3102 5500 3343 5555 vialclice'

1766 5610 1999 5680 frugum,
2032 5608 2171 5669 viui,
2204 5604 2339 5668 olei,
2371 5600 2730 5671 leguminum,
2776 5610 3087 5665 pontorum,
3116 5591 3326 5645 olcrtun

1768 5678 2015 5771 piscium,
2046 5696 2378 5755 animalium,
2409 5706 2681 5753 vasorum,
2706 5686 2953 5754 vestium,
2987 5678 3340 5740 denariorum.

1770 5793 1885 5849 auri
1917 5800 1969 5848 et
2009 5789 2240 5859 argenti,
2270 5797 2318 5842 ct
2348 5785 2473 5840 ferri
2523 5786 2603 5842 vel
2641 5786 2924 5857 cujuslibet
2958 5780 3181 5845 ntetalli,
3217 5775 3342 5843 f‘eui,
