3886 6308
530 334 671 411 ius

1618 336 1677 399 S.
1710 335 2081 397 GUILLELMI
2124 330 2413 387 .‘iBB.\TiS
2448 324 2764 382 lllllSAL'G.

3664 316 3779 375 Hui

526 476 671 544 quod
692 471 749 525 in
775 465 1076 522 obedientia
1099 461 1366 518 cellerarii
1394 446 1655 541 nascitur,
1673 456 1756 510 vel
1783 453 2117 511 tantumdem
2150 449 2191 505 A
2214 444 2406 515 jejunii
2433 436 2739 544 non-lavet,
2767 437 2863 544 dat
2892 442 3068 544 tamen
3092 433 3285 490 libram
3310 444 3367 490 et
3391 431 3657 544 justitiam

524 576 822 637 pratorum.
856 559 956 626 Qui
1010 558 1172 611 etiam
1221 553 1533 610 cellerarius
1580 549 1737 604 annis
1788 544 2014 615 singulis
2061 544 2115 598 in

531 632 812 707 nativitate
842 649 898 703 S.
933 648 1132 710 Mai-he,
1164 645 1462 714 plaustrum
1510 655 1675 694 unum
1717 652 1815 707 pro
1871 634 1977 690 leni
2022 632 2117 687 de-

525 744 686 804 cima,
721 741 803 793 vel
834 755 997 793 unum
1028 737 1327 793 solidum...

546 860 547 863 η
596 832 875 886 Postremo
907 836 1073 881 totum
1114 826 1415 880 decimatnr
1459 819 1716 891 quidquid
1754 816 1895 874 infra
1924 814 2114 870 cellam

526 927 790 987 nascitur,
840 922 1097 984 nutritur,
1148 918 1232 974 vel
1288 918 1451 987 opere
1502 927 1758 969 manuum
1808 909 2112 973 conficitur,

525 1015 786 1087 quidquid
821 1016 887 1069 de
918 1014 1050 1070 foris
1079 1013 1163 1069 vel
1206 1012 1275 1066 de
1314 1000 1747 1081 possessionibus
1786 1001 1986 1057 nostris
2023 1000 2116 1054 dc-

526 1110 719 1171 fertur,
750 1107 1007 1177 quidquid
1059 1104 1245 1161 novitii
1291 1103 1357 1157 ad
1397 1099 1807 1157 cmtvet'sionem
1836 1093 2115 1149 venientes

528 1200 828 1253 attulerint.
862 1200 935 1254 Ex
962 1197 1157 1268 quibus
1187 1206 1363 1250 tamen
1410 1194 1571 1249 rebus
1606 1191 1671 1245 ad
1702 1191 1846 1260 ipsos
1878 1187 2114 1242 vestien~

529 1290 645 1352 dos,
676 1291 717 1343 si
752 1284 1047 1343 menachns
1074 1288 1287 1342 futurus
1329 1293 1411 1340 est
1454 1282 1685 1354 pretium
1718 1280 1936 1350 triginta
1982 1276 2112 1332 soli-

531 1382 757 1445 dorum,
810 1380 851 1434 si
903 1380 969 1433 de
1025 1376 1383 1433 exterioribus
1431 1372 1688 1427 fratribus
1736 1369 1949 1424 futurus
1990 1377 2112 1433 est,

527 1474 759 1543 pretium
808 1472 968 1525 unius
995 1470 1197 1533 talenti,
1233 1484 1261 1522 a
1291 1466 1592 1524 camerario
1620 1465 1735 1518 sine
1780 1462 1988 1517 decima
2021 1475 2115 1514 ex-

526 1567 779 1635 cipietur.‘
834 1567 904 1620 Ea
956 1575 1131 1620 tamen
1181 1573 1386 1619 tantum
1434 1577 1540 1616 non
1591 1560 1947 1621 deeimantur,
1996 1569 2115 1625 qute

525 1660 754 1728 pecunia
786 1658 865 1713 vel
915 1658 1035 1711 aliis
1072 1658 1232 1711 rebus
1258 1656 1433 1726 prius
1465 1653 1747 1709 dccimatis
1795 1659 2116 1707 coemuntur

526 1760 581 1806 et
610 1751 865 1821 quidquid
900 1752 1003 1806 cibi
1036 1752 1117 1805 Vel
1153 1754 1332 1819 potus,
1361 1748 1529 1811 lacte,
1560 1745 1766 1810 caseis,
1798 1744 1933 1806 ovis,
1971 1743 2113 1807 lana,

2218 537 2398 607 aliquo
2431 532 2634 596 edulio,
2677 528 2820 583 sient
2848 541 2943 597 per
2967 534 3136 580 totmn
3165 542 3393 587 annum,
3443 533 3504 579 (ιι
3531 525 3773 583 libramtle

2218 598 2324 685 tali.
2372 641 2547 698 pane,
2613 621 2829 693 qualem
2882 620 3083 675 habent
3139 619 3340 674 fratres
3394 620 3448 673 in
3506 620 3770 677 refcctorio.

2217 720 2445 789 Quando
2472 715 2715 785 reliquis:
2747 713 2900 784 panis
2934 712 2987 765 in
3030 712 3323 767 refcctorio
3350 713 3559 766 dantur
3586 711 3770 773 alelee-
3852 712 3853 755 l

2218 824 2522 882 mosynam,
2562 818 2690 863 tunc
2716 806 2834 874 ipse
2859 803 3326 875 eleemosynarius
3359 805 3412 857 in
3450 806 3690 872 sequenti
3709 808 3770 861 die
3852 808 3853 863 ξ

2218 906 2271 960 in
2310 900 2667 958 inlirmariam
2706 896 2845 953 infra
2886 897 3122 964 priorem
3172 896 3397 949 missam
3438 911 3570 950 cum
3615 895 3768 949 faan
3852 900 3853 975 ὲ

2217 1008 2317 1050 suo
2345 991 2513 1056 venit,
2544 998 2600 1045 et
2645 988 2787 1059 quod
2824 986 2999 1059 pridie
3029 985 3260 1040 infirmis
3285 987 3353 1041 de
3404 1000 3552 1055 pane
3601 994 3651 1041 et
3676 998 3765 1056 potu

2217 1084 2503 1157 superfuit,
2533 1081 2599 1136 ad
2627 1096 2762 1150 opus
2783 1094 3084 1150 pauperum
3112 1080 3323 1147 accipit.
3480 1111 3485 1137 ῖ
3780 1112 3783 1139 τ

2287 1175 2562 1242 Quotidie,
2593 1174 2636 1229 si
2667 1183 2749 1229 est
2774 1172 3067 1237 litteratus,
3105 1172 3362 1227 lectorem
3400 1171 3489 1228 vel
3518 1174 3764 1229 armaria
3852 1216 3853 1239 ς

2216 1268 2535 1338 interrogat,
2554 1274 2694 1337 quot
2726 1265 2944 1320 nomina
2969 1263 3349 1320 defunctorum
3381 1264 3611 1321 fratrum
3631 1280 3687 1319 ea
3708 1267 3766 1321 die
3852 1302 3853 1311 η

2217 1357 2574 1430 pronuntiata
2602 1357 2711 1412 sint
2740 1356 2793 1423 in
2832 1355 3095 1425 capitulo,
3121 1364 3180 1411 ιιι
3208 1355 3325 1425 ipse
3362 1370 3583 1425 quoque
3603 1357 3764 1425 prodo-
3852 1426 3853 1433 γ

2215 1452 2437 1508 vitanda
2492 1450 2713 1507 errorisi
2756 1459 2812 1505 et
2866 1449 3163 1504 oblivionis.
3204 1449 3541 1517 negligentia
3591 1450 3763 1503 totidem
3852 1456 3853 1525 ξ

2216 1546 2535 1619 prmbendas
2566 1544 2769 1601 scribat
2794 1545 2847 1599 in
2881 1542 3061 1598 tabula
3088 1541 3292 1613 jugiter
3324 1542 3392 1595 ad
3421 1543 3526 1596 hoc
3551 1543 3767 1611 pendente

2218 1649 2345 1695 ante
2368 1639 2680 1703 cellarium;
2710 1638 2729 1659 '
2759 1646 2816 1693 et
2858 1636 2903 1692 si
2934 1636 3074 1691 forte
3100 1635 3422 1690 cellerarius
3463 1651 3560 1690 eas
3582 1638 3659 1690 die
3682 1638 3764 1706 ἰμκι

2218 1747 2282 1789 ex
2328 1732 2537 1803 integro
2567 1729 2698 1785 dare
2724 1744 2831 1784 non
2871 1736 3070 1799 potest,
3118 1727 3315 1781 deletis
3366 1728 3477 1793 his,
3529 1744 3641 1797 qua:
3683 1731 3763 1799 jam
3852 1750 3853 1803 ς

528 1843 685 1897 melle
723 1853 774 1897 et
817 1859 961 1909 cera,
990 1844 1092 1898 vel
1143 1843 1355 1898 emteris
1402 1841 1667 1897 simililws
1713 1838 2007 1909 percipitur
2043 1850 2108 1890 ex

2216 1802 2675 1895 accepit,ic:etera
2714 1835 2834 1892 qua:
2864 1819 3501 1891 alia-vice’recepturus
3524 1831 3622 1888 est,
3657 1832 3765 1876 stare

526 1932 849 1988 animalibus
897 1935 1047 2004 prius
1097 1930 1416 1997 dccimatis,
1463 1942 1516 1987 et
1561 1930 1821 2001 qu'dquid
1872 1927 1977 1982 cibi
2029 1924 2110 1981 vel

526 2032 686 2092 potus
714 2020 777 2076 ex
805 2039 1025 2078 annona
1044 2025 1191 2093 prius
1218 2024 1483 2078 decimata
1511 2021 1817 2078 conficitur.

599 2115 953 2184 Excipiunlur
978 2117 1141 2171 etiam
1172 2131 1323 2181 vasa,
1355 2116 1535 2187 pallia,
1560 2124 1759 2179 vestes,
1786 2128 1932 2179 cera,
1965 2112 2135 2177 thus,‘

527 2207 753 2274 pecunia
791 2223 1005 2277 quoque
1059 2224 1180 2279 quae
1205 2222 1271 2263 ex
1299 2223 1462 2264 censu
1494 2207 1560 2262 ad
1597 2205 1881 2261 ecclesiam
1906 2204 2113 2275 specia-

526 2304 650 2358 liter
679 2306 1038 2373 persolvitnr,
1076 2315 1131 2360 et
1156 2298 1490 2376 (pitecunque
1523 2304 1626 2358 alia
1660 2304 1712 2358 in
1751 2302 2110 2356 ministerium

526 2396 772 2450 eerlesize
817 2396 1166 2467 deputantur.
1202 2397 1259 2451 Si
1305 2397 1432 2465 quid
1480 2405 1659 2449 tamen
1689 2410 1752 2449 ex
1787 2393 1871 2448 his
1913 2392 1996 2446 vel
2044 2408 2110 2447 ex

524 2488 645 2541 aliis
689 2488 851 2543 rebus
900 2488 1283 2544 ecclesiasticis
1331 2489 1383 2542 in
1437 2504 1565 2543 usus
1614 2486 1841 2542 fratrum
1887 2502 2113 2542 venum-

525 2580 703 2644 datnr,
751 2580 865 2649 ipsa
896 2576 1494 2652 pecuniaidecim‘atur.
1541 2581 1613 2634 Ea
1667 2596 1835 2647 vero,
1887 2595 2007 2650 qua:
2044 2579 2111 2635 ad

526 2672 720 2725 altaria
753 2671 1071 2741 offeruntur,
1105 2676 1149 2728 si
1178 2676 1242 2728 ad
1269 2675 1450 2730 etbum
1487 2673 1568 2728 vel
1600 2682 1782 2742 potum
1816 2674 2127 2744 pertinent,

526 2763 811 2818 cellerario
833 2766 1244 2836 consignantur,
1274 2766 1515 2835 exceptis
1547 2764 1776 2835 panibus
1820 2779 1925 2819 non
1975 2765 2112 2819 inte-

524 2857 657 2928 gris,
682 2857 792 2925 qui,
820 2866 877 2910 ut
901 2874 1062 2929 supra
1093 2860 1291 2914 dictum
1319 2866 1419 2923 est,
1444 2857 1869 2929 eleemosynario
1893 2857 2111 2913 dantur.

524 2950 639 3018 (ea.
672 2950 808 3020 var.)
852 2950 1028 3019 Super
1073 2952 1187 3005 haec
1229 2951 1410 3004 omnia
1458 2950 1523 3005 de
1560 2950 1800 3020 reliquiis
1840 2949 2107 3015 ciborum,

522 3056 643 3109 qua:
670 3052 960 3111 supersunt
992 3043 1248 3098 fratribus
1274 3044 1341 3097 ad
1379 3044 1663 3113 prandium
1693 3043 1773 3097 vel
1804 3043 1870 3097 ad
1897 3058 2105 3098 coenam

523 3132 579 3187 in
612 3132 899 3188 refectorio
921 3135 1002 3187 vel
1028 3138 1082 3189 in
1114 3136 1408 3189 infirmaria
1436 3136 1841 3190 comedentibns
1864 3136 2104 3204 (excepta
2136 3152 2181 3214 ρ

522 3238 724 3289 carne,
775 3240 894 3294 qua:
940 3226 1167 3280 infirmis
1220 3244 1315 3297 pro
1366 3228 1703 3297 reparatione
1750 3227 2111 3299 ministratur)

521 3314 683 3368 datur
707 3316 1406 3389 quatidie'eleemosynario
1446 3316 1669 3371 dimidia
1712 3333 1837 3388 pars
1863 3317 2078 3386 pulmen

524 3411 727 3471 torum,
772 3403 930 3475 (ιάιο.)
961 3421 1080 3475 qua:
1126 3415 1303 3460 tamen
1360 3416 1683 3476 praegustata
1734 3407 2019 3474 tolluntur,
2054 3415 2108 3461 et

517 3495 777 3564 quidquid
822 3496 978 3564 panis
1030 3497 1208 3553 minus
1253 3499 1553 3567 quadrante
1591 3499 1881 3569 unicuique
1927 3515 2111 3554 come-

519 3586 665 3638 denti
694 3586 1039 3657 superfuerit.
1070 3580 1073 3581 ν
1182 3652 1183 3655 η
1594 3580 1599 3583 ῆ

587 3676 644 3729 lu
672 3679 923 3734 omnibus
950 3695 1163 3750 quoque
1194 3679 1344 3734 feriis
1376 3680 1543 3734 sextis
1573 3680 1835 3734 adventus
1871 3678 2103 3745 Domini,

517 3766 572 3847 et
591 3770 1037 3839 quadragesimae,
1067 3779 1120 3825 et
1146 3771 1197 3824 in
1231 3771 1435 3839 vigiliis
1466 3771 1703 3840 quinque
1730 3769 2082 3823 festivitatnm

522 3864 575 3917 id
607 3852 1062 3918 est-Ascensionis
1089 3864 1322 3927 Domini,
1346 3850 1713 3935 Pentecostes,
1742 3862 2105 3932 apostolnrmn

516 3953 664 4008 Petri
702 3962 757 4009 et
795 3953 971 4018 Pauli,
1000 3953 1401 4024 Assumptionis
1439 3952 1497 4009 S.
1530 3954 1732 4018 Mariae,
1766 3966 1821 4009 et
1854 3953 2104 4009 Omnium

523 4043 871 4099 Sanctorum.
904 4044 1179 4115 Reliquias
1209 4046 1364 4117 panis
1390 4061 1454 4099 ex
1490 4053 1605 4099 toto
1633 4046 1685 4099 in
1718 4061 2032 4115 parasceve,
2054 4057 2108 4099 el.

517 4152 582 4191 eo
625 4138 732 4201 die,
779 4154 888 4207 quo
921 4137 1116 4207 aliquis
1146 4147 1454 4191 nostrorum
1504 4135 1731 4191 fratrum
1768 4136 1878 4206 (qui
1926 4149 2104 4190 tamen

517 4228 813 4283 monaclms
848 4226 1032 4297 fuerit)
1065 4232 1204 4297 apud
1236 4243 1331 4283 nos
1359 4227 1636 4297 sepelitur,
1663 4229 1931 4299 quidquid
1954 4230 2106 4296 panis

516 4324 571 4370 et
596 4314 1021 4386 pulmentorum,
1051 4325 1103 4369 et
1126 4318 1193 4370 ad
1224 4330 1401 4371 seram
1430 4326 1589 4387 potus
1617 4317 1887 4372 residumn
1923 4318 2101 4371 fuerit.

516 4406 646 4472 Qua:
674 4392 972 4476 sepultura,
1013 4408 1056 4463 si
1088 4408 1225 4485 forte
1259 4408 1311 4462 in
1355 4409 1535 4477 aliquo
1567 4410 1946 4478 praedictorum
1992 4409 2106 4463 die-

2213 1915 2494 1988 permittit.
2536 1958 2537 1961 η
2604 1962 2609 1967 .

2244 2038 2247 2041 <
2286 2009 2413 2064 llme
2448 2015 2629 2062 autem
2657 2004 3125 2077 eleemosynarius
3151 2019 3215 2061 ex
3248 2004 3561 2059 obedientia
3583 2021 3669 2059 sua
3702 2012 3747 2058 ad

2213 2100 2511 2157 ministrat.
2534 2100 2734 2155 Omnes
2755 2099 3141 2154 subterraneos
3172 2114 3330 2168 aqua:
3361 2099 3558 2153 ductus
3579 2108 3629 2154 et
3649 2116 3746 2153 mnu

2214 2191 2430 2257 diciale,
2461 2207 2583 2246 cum
2614 2206 2753 2261 opus
2779 2189 2964 2255 fuerit,
2997 2188 3129 2245 facit
3153 2189 3399 2259 purgari,
3441 2191 3628 2244 subtus
3656 2190 3762 2242 lava.

2217 2284 2337 2339 torii
2368 2283 2557 2338 sordes
2587 2281 2812 2347 auferri,
2843 2281 3033 2336 subtus
3058 2279 3439 2334 mortariolnm
3477 2279 3623 2345 illud,
3642 2295 3763 2350 super

2214 2378 2355 2450 quod
2406 2376 2611 2431 humidi
2655 2376 2762 2430 eihi
2818 2376 2871 2429 in
2925 2373 3215 2428 refectorio
3271 2373 3652 2436 refunduntnr,
3682 2390 3763 2427 are-

2212 2485 2337 2524 nam
2365 2476 2587 2538 propter
2633 2466 2864 2521 fetorem
2902 2464 3065 2528 mitti,
3096 2463 3305 2534 lapides
3335 2472 3391 2531 et
3429 2465 3679 2535 ejusmodi
3704 2467 3760 2516 in-

2214 2560 2365 2615 utilia
2393 2559 2461 2613 de
2510 2558 2747 2613 claustro
2778 2556 2990 2627 projiei.
3022 2556 3139 2626 Ipse
3177 2571 3401 2625 quoque
3434 2556 3592 2610 debet
3615 2570 3763 2625 procn-

2214 2668 2371 2717 rare,
2425 2666 2492 2706 ue
2549 2654 2688 2720 aqua
2756 2664 2852 2721 per
2909 2648 3253 2703 necessarias
3308 2647 3542 2700 fratrum
3593 2646 3765 2701 ductilis

2213 2747 2500 2816 aliquando
2523 2744 2683 2811 desit,
2711 2751 2762 2800 et
2794 2742 2913 2798 ideo
2943 2742 2997 2797 in
3026 2749 3235 2805 testate,
3266 2756 3394 2793 rum
3437 2755 3533 2809 pro
3559 2739 3763 2793 siccitate

2214 2857 2352 2912 aqua
2402 2839 2685 2903 minuitur,
2742 2834 2874 2891 facit
2923 2833 3135 2889 clausas
3186 2832 3303 2886 fieri
3359 2832 3683 2897 frequenter,
3722 2838 3763 2879 et

2212 2931 2605 3003 aliquantisper
2633 2934 2841 2984 retenta
2884 2924 3072 2995 majori
3104 2923 3313 2993 impetu
3365 2923 3563 2976 veniat.
3596 2920 3763 2975 Ferrum

2210 3039 2427 3096 quoque
2468 3022 2627 3077 molle
2654 3018 2895 3076 secundo
2936 3016 3238 3073 abscissum
3269 3016 3336 3071 de
3363 3024 3544 3085 prato,
3581 3015 3644 3067 ad
3674 3027 3765 3065 eas-

2212 3118 2333 3173 dem
2365 3114 2701 3171 neceSSarias
2728 3109 3140 3166 accommodare
3169 3108 3353 3169 debet,
3385 3115 3441 3160 et
3473 3106 3536 3159 ad
3564 3105 3663 3158 hoc
3684 3118 3765 3154 non

2212 3206 2482 3284 modicum
2508 3218 2521 3257 :
2546 3202 2710 3257 habet
2731 3209 2778 3254 et
2813 3199 3165 3267 berbas,qn:e
3188 3196 3240 3249 in
3263 3195 3503 3251 claustro
3528 3200 3761 3247 crescunt.

2211 3299 2364 3369 Quod
2395 3298 2439 3353 si
2468 3297 2650 3351 fenum
2708 3291 2910 3349 habere
2932 3306 3039 3345 non
3081 3296 3281 3359 potest,
3322 3287 3514 3358 ligneae
3543 3284 3713 3339 astuLe
3744 3298 3763 3331 α

2210 3390 2471 3446 fratribus
2495 3393 2803 3456 portantur.
2832 3381 3060 3439 Vascula
3090 3381 3156 3435 ad
3185 3378 3556 3449 recipiendum
3582 3374 3763 3443 sangui-

2210 3498 2331 3537 nem
2359 3480 2773 3534 minuetulorum
2803 3476 3070 3546 providet,
3095 3481 3287 3529 etcum
3315 3471 3516 3540 aliquis
3545 3468 3765 3524 minuerlt

2209 3576 2376 3629 altera
2413 3575 2497 3629 die
2528 3572 2679 3641 infra
2712 3568 3087 3625 matutinalem
3120 3567 3343 3621 missam
3387 3565 3440 3618 in
3489 3563 3688 3617 foveam
3712 3561 3762 3612 ad

2211 3667 2311 3720 hoc
2341 3665 2513 3720 solum
2545 3663 2739 3718 factam
2779 3662 3010 3716 eundem
3046 3658 3366 3729 sanguinem
3401 3656 3606 3711 infundi
3632 3653 3761 3707 facit.
3852 3653 3853 3729 ξ

2208 3757 2413 3813 Juncus
2443 3765 2509 3813 et,
2539 3754 2591 3809 in
2641 3752 2926 3808 ecclesiam
2974 3761 3030 3806 et
3076 3750 3129 3806 in
3157 3749 3396 3806 claustro
3428 3763 3526 3817 per
3564 3763 3675 3800 eum
3700 3752 3767 3797 est

2210 3849 2592 3919 providentius.
2629 3845 2852 3915 Septem
2879 3843 3024 3898 enim
3056 3841 3267 3898 vicibus
3309 3855 3410 3910 per
3444 3853 3637 3892 annum
3664 3852 3765 3889 stoc

2211 3942 2323 4011 pari
2354 3940 2482 4001 facit
2518 3939 2827 4005 ecclesiam,
2869 3944 2925 3991 et
2968 3934 3227 4006 capellam
3258 3933 3316 3989 S.
3350 3934 3532 3988 Maria:
3561 3947 3671 3987 cum
3701 3943 3767 3980 re.

2212 4034 2369 4104 liquis
2399 4032 2643 4102 capellis,
2666 4030 2993 4094 claustrum,
3024 4026 3214 4082 cellam
3254 4026 3603 4085 novitiorum,
3637 4019 3765 4075 inti:-

2211 4130 2463 4189 mariam,
2497 4124 2865 4189 refectorimn,
2902 4130 3181 4192 totumque
3198 4120 3369 4189 junco
3400 4133 3585 4173 recens
3612 4115 3767 4181 arqui.

2210 4222 2315 4275 silo
2386 4218 2601 4288 contegi
2660 4216 3093 4287 pavimentum:
3148 4214 3197 4268 id
3256 4223 3340 4267 est
3400 4213 3453 4267 in
3512 4210 3765 4264 Nativitatc

2214 4312 2447 4371 Domini,
2480 4312 2546 4364 ad
2574 4308 2802 4373 Pascha,
2836 4307 2904 4361 ad
2935 4305 3331 4363 Pentecostem,
3360 4304 3426 4357 ad
3458 4302 3763 4357 Nativitatcm

2211 4403 2268 4457 S.
2294 4402 2534 4465 Joannis,
2569 4402 2636 4454 ad
2668 4399 3106 4469 Assumptionem
3141 4399 3200 4453 S.
3233 4397 3438 4458 Marim,
3468 4407 3521 4451 et
3542 4394 3765 4450 Omnium

524 4511 643 4550 rum
670 4498 929 4563 evenerit,
963 4499 1104 4568 quod
1133 4514 1231 4568 pro
1269 4496 1474 4565 jejunio
1494 4498 1734 4553 dandum
1771 4498 1968 4561 fuerat,
1998 4500 2099 4551 alia
2140 4502 2184 4555 D
2215 4494 2559 4550 Sanctorum.
2591 4491 2696 4547 Sed
2731 4501 2783 4545 et
2811 4492 2863 4545 in
2896 4489 3111 4545 eunetis
3140 4488 3548 4547 festivitatibus.
3592 4487 3643 4541 in
3672 4485 3767 4553 qui-

515 4585 605 4641 die
646 4590 1060 4643 instaurahitnr.
1102 4589 1398 4644 Prmbenda
1434 4589 1582 4659 (“8)
1624 4590 1841 4659 quoque
1896 4590 2103 4657 integra

515 4678 679 4732 datur
707 4694 804 4748 per
834 4681 1053 4750 triginta
1101 4669 1241 4744 dies,
1279 4681 1392 4735 sive
1422 4681 1721 4734 monachus
1760 4681 1945 4744 fuerit,
1992 4681 2107 4734 sive

516 4770 585 4824 de
630 4772 993 4827 exterioribus
1056 4770 1333 4829 fratribus.
1379 4772 1435 4827 In
1470 4772 1840 4828 anniversario
1867 4788 2104 4843 quoque,

514 4863 610 4917 sed
644 4858 892 4917 monachi
924 4873 1156 4919 tantum.

469 4963 479 5013 ξ
546 4982 549 4985 ν
588 4953 690 5009 Tot
732 4958 949 5024 queque
1001 4956 1052 5010 in
1099 4970 1242 5009 anno
1298 4956 1514 5026 triginta
1555 4957 1857 5026 praebenda:
1905 4958 2106 5010 dantur

514 5045 945 5118 eleemosynario
985 5064 1081 5119 pro
1104 5048 1459 5103 familiaribus
1488 5050 1537 5103 dt
1558 5048 1779 5113 functis,
1818 5049 2024 5104 scilicet
2051 5051 2102 5104 in

515 5137 939 5209 Quadragesima
972 5149 1090 5209 post
1121 5138 1466 5195 Nativitatem
1491 5138 1857 5209 apostolorum
1888 5138 2032 5193 Petri
2053 5150 2107 5194 et

512 5228 688 5296 Pauli,
711 5242 766 5285 et
791 5239 919 5299 post,
938 5218 1283 5287 festivitatem
1307 5232 1556 5287 Omnium
1574 5232 1917 5285 Sanctorum.
1948 5231 2099 5285 Man-

514 5321 699 5377 datum
744 5324 907 5377 trium
943 5339 1261 5394 pauperum,
1288 5325 1409 5380 etsi
1436 5340 1533 5394 per
1557 5332 1725 5378 totum
1753 5338 1955 5377 annum
1997 5340 2101 5378 non

516 5425 736 5483 geratur
761 5430 788 5468 a
812 5416 1096 5482 fratribus,
1123 5428 1300 5473 tamen
1332 5417 1669 5488 eleemosyna
1697 5425 1938 5471 remanet
1964 5434 2098 5470 nun-

517 5500 701 5574 quam.
730 5506 988 5562 Famnlns
1012 5510 1155 5563 enim
1184 5509 1619 5581 eleemosynarii,
1657 5507 1782 5561 licet
1825 5508 1989 5577 pedes
2012 5525 2105 5563 eo-

520 5613 637 5651 rum
669 5615 697 5653 a
732 5600 912 5669 vigilia
966 5603 1206 5656 onminm
1251 5610 1564 5657 sanctorum
1613 5617 1783 5672 usque
1833 5601 1899 5656 ad
1940 5612 2105 5673 caput

2213 4590 2314 4642 bus
2340 4587 2447 4641 duo
2476 4596 2530 4639 ct
2570 4587 2677 4641 duo
2700 4595 2986 4640 cantamus
3020 4583 3392 4653 responsoria,
3444 4591 3603 4635 lotam
3627 4576 3769 4632 cedr-

2210 4680 2371 4744 siam,
2399 4678 2658 4749 capellam
2703 4677 2762 4732 S.
2809 4677 3013 4742 Maria),
3054 4686 3108 4731 et
3139 4685 3307 4730 totum
3341 4675 3633 4729 cluastrnm
3660 4686 3766 4723 cum

2211 4772 2416 4842 spcrgit
2439 4772 2629 4840 junco.
2658 4769 2717 4823 In
2748 4770 2902 4825 festis
2926 4784 3076 4835 vero,
3108 4783 3228 4837 qua:
3262 4767 3311 4819 in
3352 4766 3529 4836 cappis
3551 4764 3633 4818 vel
3660 4759 3771 4813 albis

2211 4872 2476 4931 aguntur,
2524 4878 2617 4916 seu
2673 4876 2864 4916 omnes
2920 4859 3231 4915 Dominicas
3278 4857 3669 4928 Sexagesima,
3698 4865 3771 4920 pit

2210 4952 2487 5015 ecclesias,
2504 4961 2558 5007 et
2583 4951 2650 5005 ab
2669 4952 2808 5011 ostio
2824 4950 3044 5020 majoris
3060 4948 3302 5004 ecclesia:
3326 4945 3573 5017 usquead
3602 4941 3769 4997 immi-

2217 5054 2329 5098 tum
2354 5042 2599 5114 capituli,
2630 5052 2686 5097 et
2717 5043 2769 5096 in
2814 5042 2994 5096 medio
3024 5040 3142 5111 ejus
3167 5049 3221 5093 et
3248 5040 3546 5105 ubicunque
3577 5047 3771 5087 incuss:

2214 5147 2317 5204 cst,
2352 5154 2455 5193 non
2508 5137 2730 5207 negligit
2776 5136 3000 5206 jnncnm
3042 5147 3321 5203 spargere,
3352 5141 3403 5187 et
3434 5133 3523 5186 hoe
3551 5128 3665 5182 sive
3689 5126 3769 5183 bis.

2214 5232 2327 5287 sive
2360 5232 2533 5288 semel
2554 5236 2893 5296 comedatur,
2923 5229 3059 5283 infra
3092 5230 3380 5298 praudinm
3406 5228 3555 5282 debet
3586 5225 3771 5279 facere;

2215 5324 2310 5377 sed
2357 5323 2491 5376 nihil
2520 5322 2742 5387 omnino
2773 5322 2824 5375 in
2865 5322 3106 5376 claustro
3149 5320 3409 5388 loquitur,
3449 5316 3575 5385 quin
3598 5314 3772 5383 juncas

2188 5413 2297 5466 -vel
2346 5414 2490 5467 aliud
2553 5414 2680 5483 quid
2728 5414 2794 5467 de
2842 5413 3147 5468 obedientia
3196 5429 3291 5466 sua
3346 5410 3459 5465 aliis
3503 5407 3773 5461 silentibus

2214 5504 2637 5559 administratur.

2288 5603 2408 5657 Non
2441 5597 2663 5668 negligit
2689 5597 2851 5652 etiam
2880 5605 3078 5653 inattas
3103 5596 3155 5651 in
3186 5593 3430 5657 ecclesia,
3454 5591 3501 5645 iu
3530 5589 3773 5643 claustro.

546 5805 553 5813 ⁴
594 5737 739 5807 (118)
787 5737 1074 5796 Prn'ltemla
1107 5743 1208 5797 cibi
1241 5762 1301 5797 ac
1333 5757 1489 5813 potus
1534 5745 1704 5814 portio
1743 5744 1954 5809 diurna,
1986 5759 2101 5811 ψείυ

2216 5739 2405 5794 marito
2438 5738 2704 5808 praebetur
