3886 6308
105 350 209 417 illi

1078 344 1490 405 CONSTITUT.
1535 342 1860 402 lllIZS.‘.UG.
1887 370 1956 385 οη
1993 342 2120 397 LIB.
2164 342 2224 397 ll.

3153 340 3290 397 HIS

107 472 146 527 in
170 466 364 539 capitulo
402 476 631 546 qpoque,
662 477 725 518 ac
772 460 1079 531 refectorio,
1113 477 1275 534 super
1315 462 1505 518 sedilia
1546 463 1597 517 in
1632 464 1678 520 Α
1708 456 2117 518 imbecilliores.
2168 454 2432 525 depositis
2481 454 2780 511 scdialibus
2827 468 2989 525 super
3037 468 3101 508 ea
3150 454 3291 509 inter

105 560 241 632 vigilia
255 559 483 614 Omnium
505 556 824 613 Sanctorum
859 556 1262 627 expendendos,
1291 564 1346 609 et
1380 572 1595 628 scurras,

105 658 253 731 quibus
305 653 619 710 mundentur
652 653 890 718 canales,
939 655 1084 711 aedes
1142 659 1596 725 necessariarum,

104 745 308 819 regularis
326 744 564 814 coquina,
584 751 636 798 et
658 736 977 799 lavatorium
1002 746 1309 814 providere.
1345 749 1601 805 Provialet

104 853 265 912 quoque
286 838 332 893 in
349 836 671 892 refectorium
690 834 958 905 cophinos
980 839 1046 892 ad
1075 839 1413 909 recipiendas
1444 840 1619 910 panis

103 932 317 1001 reliquias.
364 927 710 984 Ramusculos
766 928 1039 984 frondium
1088 933 1155 986 ad
1211 918 1501 1003 abigendos
1546 936 1599 989 in

104 1031 243 1078 estate
263 1035 473 1084 muscas,
502 1017 751 1074 seutcllas
771 1028 825 1074 et
858 1018 1069 1075 ﬂabella
1098 1018 1165 1076 ad
1211 1022 1598 1095 abstergendas

102 1115 243 1176 micas,
281 1119 328 1167 et
360 1113 774 1181 quotiescunque
819 1127 955 1182 opus
995 1122 1079 1167 est
1125 1112 1181 1168 in
1250 1112 1511 1179 claustro,
1546 1117 1597 1172 in

103 1205 372 1271 donnitorio,
402 1204 451 1259 in
482 1204 610 1260 cella
640 1205 967 1261 novitiorum
998 1205 1126 1262 facit
1150 1204 1352 1265 auferri
1376 1225 1603 1265 aranea-

101 1312 187 1351 rum
217 1296 345 1353 telas.

149 1392 189 1444 In
223 1390 295 1446 die
332 1399 507 1446 sancto
549 1390 897 1447 Pentecostes
944 1392 1083 1450 infra
1132 1395 1394 1468 hymnum
1442 1396 1596 1463 Veni,

100 1482 279 1549 Greater,
314 1484 374 1537 ad
403 1484 611 1539 tertiam
653 1493 734 1539 tot
762 1500 1030 1555 pauperes
1073 1501 1212 1557 pane
1254 1499 1311 1544 et
1355 1504 1521 1547 carne
1548 1500 1603 1545 et

98 1571 245 1624 vinosi
272 1572 500 1638 habetur,
533 1572 697 1627 debet
722 1574 968 1641 reﬁcere,
1008 1586 1137 1643 quot
1172 1578 1370 1635 fratres
1402 1581 1452 1633 in
1484 1596 1602 1635 mo-

98 1660 277 1715 nasterio
311 1669 423 1718 tunc
453 1663 601 1717 novit
633 1678 772 1719 esse.
820 1665 1069 1722 Providet
1115 1685 1329 1740 quoque
1358 1680 1418 1725 ut
1448 1671 1607 1727 Iumi-

97 1753 205 1806 naria
229 1752 273 1808 in
301 1755 619 1817 dormitorio,
639 1757 691 1812 in
717 1758 1034 1829 iniirmaria,
1055 1763 1105 1817 in
1124 1748 1368 1829 cellario,
1391 1764 1441 1818 in
1470 1765 1605 1820 ce'la

96 1849 349 1904 novitiornm
399 1863 793 1923 praeparentur,
833 1871 1061 1926 quorum
1115 1857 1365 1912 lucernas
1398 1859 1463 1913 de
1493 1860 1601 1914 sin-

95 1939 194 2008 gulis
224 1939 336 1996 locis
363 1944 823 2016 quotienscunque
866 1963 1003 2018 opus
1031 1957 1135 2014 est,
1181 1950 1412 2007 famulus
1463 1952 1599 2022 ejus,

94 2034 177 2103 ipso
201 2038 519 2106 prrecedente,
547 2039 687 2094 infra
718 2042 954 2111 priorem
984 2043 1391 2099 missam'debet
1417 2060 1605 2116 aspor-

96 2136 194 2191 tare,
225 2137 271 2181 ct
294 2130 436 2199 adipe
480 2148 507 2185 a
560 2133 868 2188 eamerario
918 2143 1140 2205 accepto
1176 2135 1424 2206 impletas
1453 2146 1507 2193 et
1534 2138 1600 2193 ad

91 2219 420 2276 accendendum
458 2234 792 2293 prtep'aratas
831 2237 1130 2297 reportare.

139 2309 271 2376 Ipsius
309 2314 640 2380 providentia
681 2315 960 2370 fodiuntur
984 2316 1250 2383 omnium,
1286 2317 1339 2372 in
1372 2317 1491 2374 loco
1518 2335 1603 2375 se-

89 2400 406 2469 pelietnlorum,
456 2414 565 2459 tam
607 2405 837 2462 fratrum
867 2424 1029 2479 quam
1056 2410 1386 2465 exteriorum
1417 2412 1621 2481 scpul-,

88 2491 205 2555 Clll‘ﬂ;
247 2494 327 2547 sed
363 2494 423 2547 ad
454 2496 625 2551 solam
660 2492 960 2567 pauperum
990 2507 1044 2553 et
1090 2500 1498 2570 peregrinorum
1528 2510 1584 2558 et

87 2582 278 2648 aliorum,
307 2587 388 2657 qui
422 2588 483 2642 in‘
516 2588 950 2662 eleemosyuaria
982 2592 1309 2659 moriuntur,
1354 2594 1601 2665 sepultu-

88 2690 186 2740 ram,
213 2672 308 2750 ipse
336 2681 468 2751 ligna
498 2684 750 2754 providet
779 2685 991 2740 eteteris
1037 2686 1291 2743 omnibus
1339 2689 1479 2744 villa:
1511 2691 1605 2745 de-

89 2783 230 2826 cimis.
276 2773 378 2829 lloc
423 2786 504 2832 est
555 2777 745 2843 etiam,
791 2777 933 2847 quod
985 2792 1325 2849 nequaquam
1377 2782 1601 2850 omittit,

85 2862 179 2927 quin
206 2867 349 2923 semel
379 2869 428 2922 in
482 2870 789 2940 septimana
845 2879 1012 2924 totam
1048 2871 1230 2927 villam
1283 2873 1617 2942 perlustrat,

84 2965 273 3018 quia-rens
296 2956 453 3015 sicubi
485 2976 694 3030 panper
723 2960 919 3031 aliquis
935 2958 1117 3029 jaceat
1151 2973 1408 3033 aegrotus,
1436 2965 1457 2987 '
1479 2975 1534 3020 et
1555 2965 1600 3021 si

83 3045 293 3103 masculus
319 3058 415 3114 est,
454 3052 782 3108 visitaturus
820 3054 986 3108 intrat
1015 3070 1028 3106 :
1074 3053 1118 3108 si
1145 3052 1366 3117 femina,
1399 3063 1508 3111 stat
1535 3056 1603 3111 ad

82 3136 249 3239 ostium,
273 3151 321 3225 et
349 3142 608 3199 fantulum
637 3159 795 3199 suum
841 3145 1007 3199 mittit
1038 3146 1104 3200 ad
1151 3158 1268 3200 eam
1303 3163 1426 3201 cum
1462 3163 1605 3218 pane
1631 3179 1678 3241 C

78 3235 116 3277 et
143 3229 261 3298 vina,
308 3222 356 3288 et
396 3250 514 3291 eum
566 3237 687 3292 aliis
734 3237 1039 3306 hujusmodi
1086 3240 1397 3311 speciebus,
1447 3257 1587 3312 quas

82 3319 282 3380 meliores
308 3330 540 3396 potuerit
576 3330 843 3386 invenire.

604 3442 833 3500 CAPUT
873 3443 1001 3498 Lill.

152 3526 212 3582 De
236 3530 327 3599 his,
369 3535 454 3605 qui
491 3552 707 3590 cursum
740 3536 1031 3659 rsgularem
1061 3534 1130 3589 ad
1161 3533 1221 3591 S.
1268 3533 1497 3590 Mariam

685 3623 755 3659 au
798 3617 933 3659 tum.

685 3617 933 3661 audiunt.

141 3687 155 3709 ⁴
188 3690 369 3757 Quibus
391 3695 710 3752 conceditur
737 3697 1037 3768 regularem
1065 3712 1281 3753 cursum
1312 3698 1501 3753 audire
1537 3698 1604 3753 ad

75 3778 115 3834 S.
145 3782 334 3844 Mariam
360 3792 494 3847 sicut
528 3793 799 3848 diversam
843 3794 967 3849 illuc
1026 3796 1185 3851 eundi
1233 3798 1435 3852 habent
1465 3811 1602 3851 cau-

74 3888 175 3940 sam,
214 3880 277 3935 ita
310 3898 518 3955 quoque
561 3886 895 3942 dissimiliter
922 3889 1130 3943 ordinis
1178 3876 1374 3947 ibidem
1416 3892 1605 3945 obser—

74 3979 169 4023 rant
194 3975 436 4046 regulam.
470 3979 609 4035 Nam
640 3982 882 4050 exceptis
924 3981 1176 4048 inﬁrmis,
1223 3985 1315 4049 qui
1362 3984 1602 4055 quandiu

71 4060 375 4138 inﬁrmantur,
415 4073 607 4128 tandiu
667 4074 833 4129 etiam
873 4088 903 4128 a
954 4086 1222 4130 conventu
1254 4086 1606 4146 sequestran-

73 4162 158 4222 tttr,
199 4164 389 4228 caeteri,
428 4166 632 4235 quibus
672 4164 776 4221 hoc
808 4152 1146 4231 conceditur,
1190 4169 1243 4222 in
1276 4180 1391 4223 tres
1421 4179 1604 4239 partes

70 4259 162 4302 sunt
185 4253 345 4323 divisi,
386 4262 478 4328 qui
525 4268 707 4314 tamen
739 4276 837 4330 per
885 4264 1068 4319 omnia
1097 4264 1164 4320 de
1208 4274 1407 4319 caetero
1438 4264 1607 4318 inter-

69 4347 164 4391 sunt
205 4347 525 4429 conventui,
577 4348 895 4406 cellerarins
951 4352 1192 4417 scilicet,
1249 4352 1600 4419 camerarius,

65 4437 376 4503 granatarins,
410 4441 656 4497 decanus
697 4443 858 4509 vill:c,
903 4446 1184 4513 ostiarius,
1243 4447 1601 4513 inﬁrmarius,

64 4529 105 4573 εί
128 4525 201 4593 Ψιῖ
223 4543 408 4598 praeest
432 4536 585 4604 operi
617 4540 1128 4605 ccementariornm;
1154 4510 1207 4595 et
1229 4541 1283 4595 hi
1314 4510 1605 4604 interdum,
1637 4532 1688 4591 Ι)
1714 4510 1895 4605 ιξξ¹¹¹θ¹¹

64 4615 131 4679 (illi
168 4619 264 4687 p'rzr
303 4624 471 4682 nimio
521 4627 721 4684 divina:
766 4632 1052 4688 servitutis
1101 4632 1285 4687 labore
1334 4634 1605 4701 exhausti,

64 4704 228 4764 nullum
273 4716 437 4773 choro
490 4719 749 4774 auxilium
804 4730 1034 4791 possunt
1088 4724 1338 4779 conferre
1390 4725 1442 4779 in
1486 4740 1610 4780 can-

62 4800 221 4866 tando;
250 4805 468 4878 insuper
495 4818 552 4865 et
582 4810 658 4876 hi,
688 4813 777 4882 qui
804 4828 916 4881 przc
947 4815 1126 4884 aliqua
1160 4814 1439 4871 debilitate
1467 4815 1627 4872 intra

60 4884 126 4938 vel
142 4898 273 4943 extra
290 4891 518 4951 chorum
535 4899 1064 4956 consuetudinaliter
1079 4910 1354 4971 nequeunt
1385 4892 1625 4957 manere

60 4977 256 5039 sedendo
278 4998 365 5042 ant
404 4984 621 5042 Stando.
664 4987 803 5060 Ergo
847 4990 901 5044 hi
935 5005 1124 5046 omnes
1170 4994 1386 5061 quando
1412 4992 1478 5046 ad
1515 5008 1613 5047 no-

60 5072 244 5127 cturnos
268 5076 417 5131 scilla
450 5076 698 5147 pulsatur
738 5080 792 5134 in
835 5080 1123 5135 ecclesiam
1169 5082 1225 5136 S.
1273 5081 1455 5136 Mariae
1480 5097 1612 5138 con-

60 5162 301 5257 venientes
334 5169 388 5224 in
418 5185 540 5225 eam
586 5181 801 5242 partem
832 5173 1068 5244 regionis
1097 5176 1387 5241 secedunt,
1434 5176 1523 5230 cui
1556 5183 1612 5231 et

60 5254 100 5302 in
120 5254 270 5313 choro
294 5262 535 5332 deputati
576 5273 719 5329 sunt,
749 5276 805 5319 et
836 5264 1031 5335 singuli
1058 5281 1155 5336 pro
1179 5270 1337 5322 modo
1359 5268 1610 5321 ordinum

59 5341 231 5415 Eligant
272 5352 372 5407 sibi
412 5355 599 5418 etiam,
644 5356 762 5411 sive
790 5358 1035 5424 sedeant,
1081 5357 1195 5414 sive
1225 5357 1609 5428 procumbunt,

59 5431 151 5493 loca
177 5446 474 5501 orationum
503 5466 516 5503 :
548 5459 601 5505 et
632 5450 737 5504 hoc
763 5451 867 5505 isto
901 5449 1084 5505 modo.

113 5531 160 5585 Si
189 5545 267 5591 est
304 5536 503 5594 festum
543 5542 825 5616 duodecim
874 5541 1192 5607 lectionum,
1232 5540 1321 5612 qui
1354 5552 1481 5598 sunt
1524 5541 1615 5596 fir-

59 5622 232 5681 miores
256 5644 417 5701 super
446 5632 848 5691 misericordias
872 5633 1121 5689 sedilium
1150 5636 1196 5707 (i
1217 5635 1328 5704 l9);
1364 5635 1454 5706 qui
1484 5650 1611 5692 vero

113 5780 249 5857 tua)
278 5786 410 5844 vute
434 5798 614 5848 initam
645 5808 764 5866 cap.
789 5794 878 5863 ες),
915 5794 1033 5851 libri
1065 5811 1103 5854 ι.

1704 550 1967 603 orandum
2000 547 2204 618 jacent.
2254 547 2406 613 Quod
2450 546 2494 600 si
2552 548 2729 602 adhuc
2770 547 2933 615 aliqui
2974 554 3289 616 supersunt,

1706 640 1758 692 in
1806 638 1982 692 medio
2023 652 2185 702 super
2240 637 2606 713 pavimentum
2656 638 2711 691 in
2762 652 2935 708 genua
2974 646 3029 691 et
3081 635 3293 690 cubitus

1705 732 1924 785 cadunt.
1968 728 2175 782 Tandiu
2226 729 2389 798 igitur
2447 743 2637 782 omnes
2686 728 2738 781 in
2782 729 2969 782 eodem
3016 726 3135 781 loco
3164 742 3289 779 ora-

1707 822 1869 877 tionis
1904 830 2088 876 tenent
2124 822 2363 885 modum,
2404 822 2517 876 sive
2548 822 2953 876 successionum
2985 820 3049 873 ad
3092 819 3288 880 levant,

1705 921 1759 966 et
1804 912 1870 967 ad
1927 913 2177 967 dextram
2235 912 2648 977 vicissitudine,
2704 925 2989 981 quousque
3041 910 3307 964 secundae

1706 1001 2028 1073 pulsationis'
2049 1002 2320 1056 audierint
2352 1018 2566 1057 sonum.
2601 1002 2753 1057 Tunc
2776 1002 2980 1071 pariter
3008 1009 3293 1069 surgentes

1706 1097 1920 1166 signant
1959 1111 2038 1160 se,
2081 1104 2135 1150 et
2170 1096 2237 1149 ad
2264 1105 2514 1150 neutram
2546 1094 2732 1148 lateris
2773 1110 2831 1147 se
2863 1102 3138 1147 moventes
3168 1101 3293 1144 ante

1707 1197 1762 1243 et
1786 1198 1930 1243 retro
1955 1187 2180 1242 faciunt.
2205 1187 2462 1257 Quisquis
2490 1202 2678 1242 eorum
2709 1186 2792 1240 bis
2820 1184 3156 1253 orationibus
3186 1200 3309 1243 non,

1709 1277 2050 1347 interfuerit,
2104 1278 2320 1332 veniam
2369 1278 2422 1331 in
2478 1276 2711 1346 capitulo
2766 1286 2989 1346 propter
3034 1276 3134 1328 huc
3188 1290 3294 1327 non

1706 1370 1871 1441 petit.
1900 1369 2240 1431 Percantatis
2286 1368 2469 1437 itaque
2496 1356 2734 1423 sedendo
2776 1367 3021 1436 psalmis,
3061 1365 3154 1434 qui
3200 1380 3296 1416 uo-

1707 1470 1930 1515 eturnos
1980 1458 2295 1528 praecedunt
2340 1457 2408 1512 ad
2444 1455 2803 1527 pulsationem
2844 1456 3072 1508 duorum
3115 1454 3297 1522 signo-

1708 1566 1827 1605 rum
1866 1558 2201 1619 cousurgunt
2247 1557 2304 1602 et
2346 1546 2643 1619 primordia
2692 1555 3081 1600 nocturnorum
3126 1558 3295 1613 Usque

1711 1640 1777 1693 ad
1825 1640 1985 1694 linem
2023 1639 2229 1709 hymni,
2275 1640 2371 1708 qui
2409 1637 2679 1708 psalmum
2732 1637 2909 1692 Venite
2947 1636 3295 1705 subsequitur

1711 1732 1786 1786 ita
1825 1731 2021 1787 stando
2052 1740 2419 1796 venerantur;
2480 1729 2581 1783 nisi
2624 1728 2713 1799 qui
2747 1727 3113 1782 membrorum
3153 1726 3296 1780 debi-

1636 1822 1684 1881 Β
1714 1823 1865 1880 litate
1896 1824 2055 1888 adeo,
2086 1832 2144 1877 ut
2169 1834 2317 1878 stare
2359 1832 2654 1893 nequeant,
2681 1831 3103 1892 pru‘gl‘avunlm'.
3146 1820 3297 1873 lianc

1705 1915 1869 1969 etiam
1898 1914 2075 1969 standi
2121 1913 2523 1968 venerationem
2550 1912 2616 1967 ad
2646 1912 2939 1981 capitulum
2976 1910 3293 1965 eornnnicm

1705 2020 2124 2071 noeturnorum,
2149 2006 2217 2059 ad
2250 2006 2461 2059 initium
2490 2021 2706 2075 quoque
2729 2014 2783 2059 et
2810 2003 3103 2073 capitulum
3134 2012 3296 2069 atque

1705 2100 1772 2171 ad
1820 2099 2080 2170 hymnum
2115 2099 2508 2171 matutiuorum
2540 2090 2983 2168 singularumque
3014 2096 3294 2156 horarum,

1704 2191 1800 2253 sed
1827 2190 2120 2261 praecipue,
2148 2191 2215 2245 ad
2260 2189 2329 2244 Te
2357 2189 2526 2244 Deum
2553 2189 2855 2255 laudamus,
2888 2187 2953 2241 ad
2988 2186 3295 2257 Quicunque

1705 2284 1811 2338 vui!
1833 2326 1848 2351 ,
1895 2285 1963 2338 ad
1996 2284 2313 2338 Benedictus
2346 2296 2561 2353 quoque
2600 2297 2663 2336 ac
2705 2281 3039 2351 Hugniﬁcul,
3068 2278 3296 2347 quisque

1704 2374 1989 2441 observat,
2024 2374 2127 2429 nisi
2163 2388 2323 2445 quem
2371 2372 2493 2427 talis
2525 2374 2605 2443 (ut
2628 2371 2838 2445 dictum
2865 2376 2971 2440 est)
3007 2368 3295 2422 intirmitas

1705 2477 1892 2539 gravet
2702 2448 2705 2449 ν
3228 2518 3233 2521 Α
3304 2458 3311 2523 ξ

1740 2557 1832 2623 ,Ιιι
1876 2559 2257 2615 decantattone
2306 2571 2436 2612 vero
2483 2571 2653 2626 usque
2694 2556 2747 2611 in
2797 2556 2959 2610 tinem
3002 2563 3313 2611 nocturno-7

1706 2668 1827 2707 ram
1860 2661 1910 2708 et
1937 2652 2331 2707 matutiuorum
2354 2659 2409 2704 et
2442 2661 2562 2719 post
2587 2649 2948 2719 expletionem
2975 2657 3293 2713 camerarum

1708 2744 2008 2813 horarum,
2059 2744 2151 2815 qui
2185 2742 2403 2812 aliquod
2454 2744 2659 2812 patitur
2713 2757 3027 2813 gravameu,
3073 2756 3179 2794 non
3212 2754 3311 2807 re—p

1706 2839 2062 2908 prehenditur
2114 2850 2440 2907 quocunque
2499 2836 2659 2889 modo
2720 2837 2912 2890 sedens
2970 2833 3136 2888 faciat
3191 2830 3311 2903 sibi‘

1710 2932 2019 2985 relevamen
2051 2948 2063 2982 :
2105 2946 2155 2983 v.
2214 2946 2266 2999 ε.
2311 2929 2367 2984 Si
2399 2927 2594 2982 sedens
2634 2942 2796 2995 snper
2827 2926 3195 2994 pavimentum
3229 2921 3313 2993 ad

1706 3020 1931 3085 formas,
1971 3021 2039 3076 ad
2081 3036 2387 3093 scamnum,
2420 3020 2502 3074 vel
2532 3010 2597 3073 ad
2644 3018 2787 3073 aliud
2829 3032 2888 3072 se
2926 3016 3313 3085 ιιιεςιὶιιηιςιιε-¹

1709 3112 2086 3178 teutaeulum,
2142 3112 2188 3166 si
2243 3126 2404 3165 crura
2465 3107 2783 3179 protendit.
2870 3106 2951 3159 vel
3003 3104 3295 3158 contrahit.

1709 3203 2001 3258 Nocturnis
2059 3202 2223 3272 igitur
2281 3211 2335 3256 et
2384 3200 2702 3265 matutinis,
2763 3199 3126 3266 exterisque,
3177 3212 3298 3266 quur.

1708 3296 1952 3351 canenda
1993 3302 2141 3359 sunt,
2183 3291 2377 3359 finitis,
2422 3293 2537 3346 sive
2574 3292 2641 3345 sit
2690 3300 2902 3359 tempus
2941 3289 3148 3343 :estatis
3187 3294 3298 3341 sive

1708 3388 1940 3460 hyemis,
1968 3387 2196 3442 infirmis
2223 3402 2281 3440 se
2309 3386 2722 3449 collocautibus,
2757 3384 2959 3437 fratres
2988 3366 3100 3450 prae
3129 3380 3313 3453 nimio

1710 3483 1805 3538 Dei
1835 3482 2116 3537 servitutis
2149 3480 2335 3534 labore
2362 3479 2638 3543 exhausti,
2670 3476 3049 3530 obedientiarii
3082 3487 3311 3549 quoque

1706 3574 1949 3645 praalicti
2000 3588 2058 3627 se
2112 3588 2235 3627 eum
2288 3570 2506 3645 licentia
2571 3568 2930 3631 recollocant;
2994 3562 3315 3641 cauteraritr

1707 3666 2045 3737 providente,
2104 3672 2159 3716 ut
2200 3662 2266 3715 ad
2316 3662 2417 3715 hoc
2467 3642 2519 3714 in
2575 3657 2868 3711 iniit-maria
2920 3642 3033 3709 aut
3068 3656 3120 3707 in
3161 3651 3315 3729 cella,

1709 3759 2038 3827 novitiorum
2095 3756 2265 3810 lectos
2323 3752 2559 3807 habeant
2617 3769 2630 3804 :
2691 3749 2886 3819 quibus
2956 3757 3133 3801 tamen
3192 3759 3299 3797 ιιιιιι
3370 3730 3377 3739 ’

1706 3852 2023 3907 conceditur
2068 3864 2164 3919 pro
2208 3846 2389 3916 aliqua
2436 3844 2754 3898 inﬁrmitate
2803 3855 2965 3911 super
3013 3836 3317 3917 culcitranr

1707 3944 1969 4008 dormire,
2009 3955 2185 4011 neque
2221 3938 2405 4003 alicui,
2461 3941 2550 4006 qui
2606 3944 2933 3990 conventum
2992 3938 3171 4000 potest
3224 3938 3315 3997 tc-l

1708 4053 1859 4094 nere.
1893 4038 2086 4092 ueteri
2117 4049 2323 4110 autem,
2364 4032 2455 4101 qui
2497 4029 2656 4098 hujus
2693 4027 2914 4097 quidem
2957 4020 3301 4092 indulgentia:

1707 4148 1817 4187 non
1844 4140 1973 4185 sunt
2017 4128 2210 4199 indigi,
2243 4126 2338 4182 sed
2373 4134 2550 4179 tamen
2585 4120 2675 4174 tali
2716 4124 2796 4188 (ut
2836 4116 3151 4187 praedictum
3196 4114 3299 4177 est)

1707 4222 1918 4276 ratione
1970 4219 2052 4274 vel
2104 4234 2201 4274 sua
2259 4218 2497 4286 ipsorum
2551 4211 2811 4283 petitione
2863 4206 2946 4261 vel
3001 4213 3311 4274 spontanca

1706 4314 1924 4369 abbatis
1987 4312 2104 4367 sive
2155 4309 2355 4381 prioris
2412 4302 2785 4373 compassione
2838 4298 2967 4352 illuc
3017 4293 3299 4363 deputati,

1707 4408 1837 4462 licet
1899 4421 1929 4459 a
1974 4413 2244 4459 conventu
2310 4400 2423 4455 sint
2472 4396 2689 4451 interim
2750 4389 3068 4460 segregati,
3127 4386 3300 4455 ipsum

1932 4496 2115 4553 taliter
2144 4494 2342 4550 debent
2378 4489 2599 4553 imitari,
2624 4497 2681 4541 ut
2708 4486 2751 4542 si
2786 4484 2873 4539 ille
2914 4499 2979 4537 ex
3015 4488 3305 4536 C0ll$t.cll:-

1714 4593 1845 4647 dine
1891 4592 2050 4646 debet
2100 4604 2158 4644 se
2193 4584 2548 4647 recollocare,
2572 4576 2674 4635 isti
2719 4577 2867 4632 nullo
2899 4576 3059 4629 modo
3100 4573 3305 4641 absque

1712 4683 1932 4740 licentia
1989 4683 2093 4737 hoc
2146 4683 2479 4751 praesumant
2528 4671 2830 4741 anticipare
2858 4709 2897 4747 ,_
2936 4684 3035 4722 nec
3082 4678 3315 4735 prorsus

1713 4780 2011 4849 quidquam
2057 4774 2110 4830 in
2140 4773 2296 4829 lectis
2328 4779 2450 4843 post
2482 4768 2778 4823 matutinos
2800 4762 3058 4827 dormire,
3092 4760 3135 4814 si
3176 4776 3307 4814 con—

1713 4881 1905 4925 veutus
1931 4869 2076 4939 ordo
2103 4868 2352 4938 prohibet
2381 4861 2676 4919 dormitum
2707 4859 2904 4938 redire.
2932 4854 3063 4909 Nam
3090 4853 3306 4907 interim

1715 4963 1768 5019 in
1813 4960 2049 5031 coclesia
2097 4958 2155 5033 Sp.
2202 4957 2385 5012 Maria:
2422 4953 2765 5010 considentes
2811 4954 3135 5004 conventmn
3184 4959 3306 4998 eum

1714 5054 2068 5126 processione
2104 5053 2379 5116 veniente,
2408 5048 2479 5103 illi
2513 5047 2705 5101 dantes
2732 5044 2931 5106 locum,
2973 5040 3057 5093 vel
3096 5038 3147 5091 in
3178 5037 3317 5109 dote

1720 5149 1999 5206 mitorium
2053 5145 2138 5201 vel
2185 5146 2239 5200 in
2290 5143 2590 5197 claustrum
2641 5124 2900 5192 secedunt
2946 5130 3317 5197 infirmorum.

1717 5248 1835 5308 tuo
1862 5252 2116 5308 exeunte,
2148 5243 2193 5297 si
2241 5242 2347 5296 tale
2369 5251 2453 5297 est
2504 5251 2746 5311 tempus,
2796 5236 2990 5291 iterum
3021 5229 3315 5301 redeuntes

1718 5335 1923 5389 ibidem
1976 5334 2319 5388 intervallum
2361 5343 2418 5388 et
2456 5334 2731 5388 residuum
2780 5328 2953 5381 noctis
3007 5321 3312 5395 transigunt

1719 5428 1983 5498 spatium.
2012 5427 2251 5481 Diui-nas
2278 5440 2492 5495 quoque
2518 5438 2708 5479 omnes
2742 5419 2903 5473 horas
2948 5414 3041 5479 ibi,
3072 5412 3311 5481 exceptis

1715 5521 2149 5585 obedientiariis,
2177 5528 2232 5576 et
2256 5520 2345 5589 qui
2380 5517 2514 5573 tales
2543 5525 2689 5581 sunt,
2723 5515 2811 5583 qui
2864 5515 2916 5568 in
2945 5511 3111 5565 choro
3140 5509 3308 5561 inter-

1720 5629 1838 5671 esse
1885 5624 2133 5686 possunt,
2167 5612 2425 5678 audiunt,
2456 5609 2557 5663 nisi
2590 5607 2678 5679 qui
2722 5604 2922 5662 inﬁrmi
2965 5599 3311 5657 refectionem
