3834 6304
509 342 653 407 1119

510 458 860 526 pr.evcuiunt.
913 459 990 513 Ad
1031 473 1259 528 quarum
1318 444 1497 513 tamen
1556 456 1933 524 singularum,
1981 454 2081 508 nii

509 553 697 623 prima:
742 549 1098 619 pulsationem
1125 591 1139 614 ,
1179 548 1276 618 ipsi
1317 563 1441 603 cttm
1490 555 1778 606 conventu.
1824 545 1908 598 eui
1960 556 2087 599 tunc

506 658 721 710 semper
760 642 1051 704 intersunt,
1078 656 1219 705 eam,
1250 656 1369 709 qum
1399 655 1491 695 eas
1516 641 1615 695 'etu
1654 637 1933 708 praecedit,
1958 652 2087 691 ora-

507 736 730 795 tionem,
758 741 884 786 ante
912 734 1135 788 chorum
1173 732 1396 787 faciunt.

573 823 844 876 Interdum
889 834 1065 876 autem
1101 822 1282 876 evenit
1348 830 1405 874 ut
1450 820 1686 883 interim,
1717 821 1845 875 dum
1881 820 2084 875 e’sdem

502 913 735 968 inlirmis
763 914 925 967 missa
958 913 1188 977 canitur,
1217 913 1285 966 ad
1310 919 1564 980 primatu,
1591 911 1672 964 vel
1710 910 1814 964 alio
1847 919 2088 980 tempore

501 1005 567 1058 ad
615 1005 829 1059 tertiam
870 1004 1129 1075 pulsetur.
1163 1003 1583 1068 Tunc,dimi~so
1640 1001 1817 1071 signo,
1866 1017 2081 1067 omnes,

501 1096 708 1165 absque
754 1096 981 1150 inlirmis
1050 1094 1368 1163 ca'terisque
1431 1088 1658 1147 eandem
1714 1093 1933 1146 missam
1994 1109 2085 1145 at:-

501 1187 791 1253 dientibns,
828 1200 953 1241 ante
987 1196 1041 1240 et
1074 1197 1219 1240 retro
1251 1185 1479 1250 faciunt,
1526 1196 1579 1239 ct
1610 1185 1764 1255 signo
1808 1186 1989 1239 crucis
2028 1199 2103 1238 se-

504 1278 791 1339 nzuniunt,
841 1278 935 1331 sed
998 1285 1173 1330 tamen
1231 1292 1513 1346 quousque
1570 1277 1720 1330 finita
1767 1276 1838 1331 sit
1888 1274 2084 1342 missa,

502 1368 692 1423 horam
723 1371 1011 1423 instantem
1055 1382 1253 1423 canere
1297 1369 1571 1423 differunt.
1621 1370 1735 1435 Qua
1781 1369 1952 1433 linita,
1977 1379 2084 1421 tam

504 1459 705 1513 infirmi
736 1476 895 1529 quam
928 1461 1129 1523 caeteri,
1164 1461 1252 1529 qui
1287 1461 1507 1514 missam
1540 1462 1765 1514 eandem
1798 1461 2086 1515 audierunt

500 1559 626 1605 ante
666 1563 716 1605 et
748 1562 892 1605 retro
936 1550 1196 1606 facientes
1226 1567 1392 1622 seque
1434 1554 1733 1622 signantes,
1774 1568 1964 1607 omnes
1994 1568 2088 1621 pa-

500 1643 634 1697 riter
692 1644 917 1698 candent
980 1645 1170 1698 horam
1228 1652 1473 1698 cantant.
1536 1644 1680 1713 Ergo
1753 1646 2083 1712 percantz-t's

501 1735 651 1791 boris
682 1736 859 1792 nullus
909 1736 1011 1791 nisi
1063 1753 1160 1806 pro
1198 1752 1386 1806 magna
1435 1736 1762 1790 necessitate
1806 1736 2089 1805 pra~sum2t

501 1828 652 1895 prius
674 1830 823 1884 exire
867 1830 935 1884 de
955 1829 1207 1895 ecclesia,
1235 1845 1398 1899 quam
1434 1829 1640 1883 instans
1666 1830 1797 1883 buxa
1824 1830 1874 1883 in
1912 1829 2083 1882 choro

501 1921 666 1976 fuerit
708 1922 855 1976 finita
940 1923 1043 1976 nisi
1085 1932 1409 1991 accepturus
1444 1923 1898 1979 benedictionem.
1929 1923 2082 1990 Quod

502 2013 545 2068 si
576 2014 695 2083 quis
723 2029 912 2069 eorum
957 2016 1024 2069 ad
1056 2015 1301 2083 aliquam
1332 2014 1455 2069 illuc
1487 2024 1607 2084 post
1653 2014 1888 2069 Gloriam
1923 2014 2080 2085 primi

498 2106 690 2177 psalmi
734 2109 995 2171 occurrit,
1045 2117 1324 2177 procurat.
1378 2107 1421 2162 si
1476 2116 1559 2161 est
1606 2107 1851 2161 li:cratus
1924 2116 1983 2161 ut
2029 2107 2082 2161 in

500 2201 763 2255 minorem
789 2201 1037 2267 chorum,
1066 2201 1147 2256 vel
1177 2203 1219 2257 si
1252 2212 1333 2257 est
1361 2202 1666 2265 illiteratus,
1696 2211 1821 2256 ante
1854 2203 2080 2256 cbormn

501 2300 626 2346 ante
654 2292 792 2347 idem
832 2290 1012 2347 Gloria
1041 2293 1229 2349 venire
1256 2294 1446 2364 possit.
1489 2295 1639 2362 Quod
1684 2295 1726 2349 si
1758 2305 1813 2351 et
1843 2295 1944 2349 hoc
1970 2311 2079 2348 non

496 2386 739 2456 poterit,
791 2387 858 2440 ad
890 2387 1115 2457 gradum
1166 2388 1334 2442 venit.
1384 2388 1511 2443 inde
1560 2389 2082 2443 eonsuetudiualiter

498 2477 793 2542 recedens,
835 2479 1087 2541 cazteris,
1146 2495 1266 2548 qua:
1317 2489 1653 2546 sequuntur,
1704 2479 1775 2533 ita
1828 2480 1909 2549 (ut
1956 2478 2080 2531 alibi

495 2570 708 2641 plenius
739 2581 822 2624 est
854 2569 1087 2640 dictum)
1117 2570 1371 2639 peractis,
1409 2578 1562 2623 extra
1613 2572 1835 2625 secedit.
1882 2572 2077 2626 Verum

496 2663 543 2717 si
593 2662 715 2733 quis
755 2662 1179 2718 obedientiarius
1227 2661 1426 2730 aliquid
1476 2662 1657 2731 operis
1703 2673 1810 2716 tam
1862 2664 2017 2733 longe
2048 2681 2078 2717 a

496 2754 630 2810 cella
686 2764 942 2825 operatus
976 2752 1171 2816 fuerit,
1203 2760 1261 2805 ut
1308 2754 1374 2806 ad
1422 2752 1610 2807 horam
1648 2754 1951 2825 regularem
1990 2770 2082 2809 oe-

497 2863 718 2903 currere
759 2864 865 2901 non
898 2845 1092 2917 possit,
1124 2845 1168 2899 is
1194 2859 1313 2898 eam
1357 2844 1446 2897 ubi
1494 2855 1771 2914 operatur,
1796 2846 2077 2901 cantabit:

495 2939 681 2995 ca‘teri
721 2954 912 2994 omnes
959 2937 1143 2993 audito
1177 2935 1328 3000 signo
1368 2951 1492 2991 mox
1524 2936 1590 2991 ad
1638 2938 1943 3001 ecclesiam,
1993 2939 2079 2993 cui

496 3031 738 3099 deputati
772 3039 915 3096 sttnt,
949 3036 1264 3085 occurrunt.
1298 3030 1619 3100 Quicunque
1644 3045 1775 3083 vero
1817 3030 1883 3083 de
1926 3029 2081 3083 itine-

495 3120 747 3174 rantibus
801 3122 952 3175 finita
1010 3122 1141 3176 hora
1184 3123 1505 3187 adveniunt,
1568 3120 1633 3175 ad
1675 3120 1958 3175 ecclesiam
2017 3120 2077 3176 S.

496 3209 681 3266 Maria:
731 3228 797 3265 ex
838 3229 934 3267 usu
988 3216 1212 3270 eandem
1266 3216 1454 3270 horam
1509 3229 1706 3269 canere
1755 3214 1840 3268 vel
1890 3215 2077 3270 audire

494 3316 744 3372 possunt.
777 3304 992 3361 Missam
1037 3318 1214 3362 autetu
1243 3310 1478 3377 priorem
1518 3316 1572 3363 et
1615 3307 1894 3376 majorem,
1938 3309 2078 3363 sicut

494 3402 550 3448 et
581 3394 726 3449 illam
760 3396 973 3463 lioram,
1011 3412 1172 3466 quam
1206 3390 1405 3454 infirmi
1446 3411 1572 3456 ante
1618 3398 1904 3467 prandium
1948 3414 2077 3452 can-

495 3496 631 3551 tant,
680 3497 805 3543 ante
854 3488 1120 3555 chorum,
1168 3494 1253 3547 vel
1298 3495 1351 3549 in
1405 3491 1601 3547 minori
1660 3491 1826 3545 choro
1878 3492 2078 3547 debent

491 3582 711 3647 audire;
753 3580 1019 3649 Vesperos
1053 3599 1270 3655 quoque
1308 3583 1359 3638 in
1391 3584 1581 3639 diebus
1609 3581 2097 3652 Quadragesima‘,

434 3718 439 3721 _
491 3683 721 3741 excepto
750 3674 864 3729 solo
894 3675 1194 3729 cellerario.

562 3765 633 3819 At
664 3765 709 3819 si
737 3766 1027 3837 aliquando
1063 3766 1355 3837 contigerit
1385 3764 1619 3834 aliquem
1653 3764 2079 3819 obeotentiario-

490 3873 611 3911 l'lllll
645 3859 869 3930 collegio
903 3862 1084 3916 domui
1126 3860 1335 3914 abbatis
1374 3856 1458 3912 vel
1489 3857 1685 3928 prioris
1719 3855 1873 3925 jussu
1905 3858 2077 3912 inter-

490 3966 640 4015 esse,
685 3952 772 4007 hic
817 3955 1187 4023 supradictam
1241 3953 1432 4005 horam
1509 3966 1631 4003 cum
1672 3951 1869 4005 eodem
1902 3958 2078 4019 potest

491 4043 701 4107 audire,
740 4044 830 4098 illo
860 4055 1038 4099 tamen
1083 4044 1450 4114 prtecipiente.
1480 4040 1678 4097 Verum
1714 4041 1757 4097 si
1800 4043 1890 4111 qui
1936 4043 2078 4096 inter

492 4134 832 4202 supradictas
869 4144 1031 4190 tanta:
1059 4133 1384 4188 valetudinis
1415 4134 1749 4198 sentiantur,
1777 4147 1835 4187 ιιι
1862 4135 2075 4190 caeteris

491 4222 544 4278 in
575 4225 844 4280 audiendo
876 4235 1037 4280 cantu
1087 4226 1303 4297 aliquod
1334 4223 1663 4293 adjutorinm
1708 4224 1919 4294 possint
1952 4240 2093 4279 con--

489 4314 654 4383 ferre,
690 4334 798 4375 non
821 4318 993 4373 solum
1022 4318 1089 4373 ad
1114 4327 1399 4386 utramque
1423 4317 1649 4371 missam
1673 4317 1726 4371 in
1751 4316 2073 4371 alterutrum

492 4407 721 4462 chorum
744 4410 959 4464 intrare
994 4404 1402 4479 pci'mittuntur,
1429 4410 1523 4464 sed
1560 4410 1722 4463 etiam
1772 4408 1816 4464 si
1857 4425 1961 4463 non
1993 4409 2075 4463 in-

493 4499 791 4562 traverint,
823 4500 1051 4568 proinde
1076 4499 1465 4570 corripiuntur.

561 4588 1090 4646 Obcdientiariorum
1141 4591 1361 4661 aliquis,
1416 4593 1459 4648 si
1522 4593 1772 4657 voluerit,
1827 4593 2070 4659 missam,

491 4695 612 4750 qua:
643 4682 874 4739 inlirmis
906 4696 1067 4740 mane
1094 4680 1369 4750 cantatur,
1401 4687 1550 4741 audit
1595 4707 1608 4741 :
1654 4686 1821 4758 aliqui
1872 4702 2073 4742 eorun-

488 4773 612 4827 dem
662 4773 788 4829 alibi
841 4777 1067 4833 audiunt
1115 4781 1202 4835 ubi
1236 4780 1489 4852 privatim
1543 4768 1779 4835 canitur.
1817 4780 1870 4834 lu
1920 4780 2073 4837 festis

490 4873 669 4921 autem
701 4865 985 4925 duodecim
1033 4871 1323 4929 lectionum
1366 4875 1525 4928 iidem
1573 4873 1983 4939 obedientiarii,
2018 4883 2074 4929 et

487 4966 669 5014 exetert
698 4963 963 5031 praedicti,
988 4966 1081 5035 qui
1122 4977 1349 5037 possunt
1384 4976 1438 5021 et
1472 4965 1677 5031 volunt,
1704 4968 1771 5021 ad
1813 4967 2071 5036 majorem

487 5051 774 5109 ecclesiam
806 5057 1047 5125 veniunt,
1092 5069 1145 5114 et
1194 5060 1239 5114 si
1288 5059 1514 5114 litterati
1556 5069 1701 5124 sunt,
1748 5060 2069 5115 alterutrum

485 5145 711 5201 eltorum
742 5149 952 5207 intrare
974 5169 986 5205 :
1006 5152 1087 5205 sin
1117 5161 1321 5217 autem,
1357 5162 1483 5208 ante
1514 5154 1764 5219 chorum,
1795 5153 1859 5207 ad
1887 5165 2073 5208 utros-

488 5248 593 5309 que
648 5256 952 5313 vesperos,
1008 5244 1077 5297 ad
1135 5244 1433 5298 matutinos
1485 5259 1699 5313 quoque
1746 5253 1799 5299 et
1849 5254 2074 5299 czeteras

488 5330 653 5388 horas
688 5348 976 5389 remanere
1002 5343 1243 5405 possunt.
1274 5334 1446 5390 Porro
1476 5336 1521 5391 si
1557 5338 1746 5392 eadem
1780 5335 1917 5390 festa
1947 5352 2070 5390 cum

484 5423 627 5479 albis
652 5433 708 5478 et
739 5426 1085 5494 processione
1110 5427 1477 5496 celebrantur,
1503 5444 1716 5496 omnes,
1751 5444 1888 5498 quos
1922 5427 2074 5482 infir—

489 5517 653 5571 mitas
692 5518 1106 5589 non'impedit,
1166 5521 1304 5577 albis
1353 5522 1673 5575 induuntur.
1729 5520 1883 5588 Quod
1941 5530 2073 5577 tunc

487 5609 704 5678 quando
734 5614 1014 5683 processio
1051 5630 1155 5668 non
1196 5614 1392 5685 agitur,
1431 5615 1498 5669 ab
1529 5615 1632 5679 eis,
1678 5616 1769 5684 qui
1810 5616 1950 5670 inter
1978 5630 2071 5671 eos

488 5700 729 5758 illiterati
782 5712 927 5769 sunt,
964 5720 1070 5760 non
1110 5705 1366 5774 exigitur.
1413 5704 1682 5760 Caeterum
1714 5705 1767 5760 in
1807 5704 1893 5759 illa
1945 5721 2072 5776 pro-

488 5793 754 5860 sessione,
793 5795 879 5850 cui
911 5795 1074 5850 albati
1102 5795 1372 5851 intersunt
1403 5812 1523 5851 cum
1554 5796 1765 5852 caeteris
1787 5795 1854 5867 (si
1888 5806 2068 5853 tamen

1600 336 1659 395 S.
1696 334 2066 394 GULLELMI
2091 330 2381 388 ABBATIS
2421 328 2741 385 musaea.

3603 328 3733 386 ιηιι

2118 458 2157 513 Α
2193 450 2308 505 loca
2354 451 2495 504 intra
2527 451 2753 509 chorum
2783 460 2841 500 se
2870 444 3080 500 habere
3118 441 3361 514 sperant)
3382 441 3646 521 introeunt,
3674 445 3723 504 in

2192 544 2278 597 illa
2316 558 2464 610 vero,
2498 557 2619 612 qua:
2656 541 2774 595 sine
2805 538 2944 594 albis
2992 537 3201 607 agitur,
3250 545 3380 591 ante
3427 536 3624 594 chorum
3655 539 3721 595 ἀι.

2190 642 2430 689 νει-ιυιιι.

2258 728 2577 797 Quicunque
2608 733 2803 796 praeter
2823 720 3247 780 obcdientiarios
3275 719 3573 774 illitteratus
3596 736 3719 793 regu-

2188 820 2358 874 larem
2392 834 2611 874 cursum
2648 818 2716 872 ad
2746 817 2807 872 S.
2841 815 3067 870 Mariam
3106 813 3369 878 audiunt,
3426 812 3721 880 quotiescun-

2188 926 2294 980 que
2317 903 2517 965 fratres
2538 906 2902 963 communiter
2923 903 3061 959 albis
3089 903 3413 967 induuntur,
3441 899 3575 955 nullo
3598 904 3729 973 modo.

2188 1004 2421 1074 idipsum
2456 999 2748 1072 aliquando
2784 999 3039 1055 omittere
3069 1004 3441 1066 pmsumunt,
3483 995 3568 1049 sed
3594 995 3715 1052 albati

2186 1105 2315 1153 ante
2348 1096 2589 1161 tertiam,
2624 1093 2847 1149 instanti
2881 1091 3057 1146 ollicio
3088 1104 3213 1144 cum
3242 1086 3459 1141 caeteris
3484 1085 3719 1154 intersunt;

2187 1188 2290 1243 nisi
2333 1187 2454 1241 talis
2491 1187 2585 1247 eis
2625 1186 2915 1241 infirmitas
2956 1191 3084 1237 tune
3134 1178 3465 1241 immineat,
3511 1191 3616 1246 qua:
3653 1193 3718 1235 eos

2184 1281 2362 1336 eidem
2394 1280 2618 1335 omnino
2652 1278 2917 1333 interesse
2960 1273 3289 1344 praepediat;
3349 1269 3443 1324 sed
3492 1284 3585 1332 nec
3629 1278 3719 1326 ture

2188 1377 2305 1433 sine
2354 1375 2571 1429 licentia
2620 1373 2877 1429 omittere
2922 1370 3155 1425 audent.
3202 1364 3345 1420 Nulli
3409 1364 3715 1431 sacerdotum,

2186 1467 2277 1536 qui
2315 1466 2380 1520 ad
2423 1464 2736 1535 praedictam
2778 1460 3039 1533 capellam
3070 1457 3274 1528 jugiter
3304 1456 3454 1512 boris
3484 1455 3725 1525 intersunt,

2187 1560 2311 1614 licet
2367 1556 2628 1625 majorem
2672 1556 2894 1610 missam
2952 1560 3216 1614 cantare,
3274 1561 3454 1616 neque
3493 1546 3717 1615 priorem,

2188 1653 2290 1707 nisi
2326 1652 2597 1705 interdum
2626 1649 2679 1705 in
2709 1647 2998 1705 duodecim
3024 1643 3355 1703 lectionibus
3376 1682 3391 1705 ,
3422 1639 3544 1709 quin
3575 1639 3719 1695 eadem

2186 1744 2337 1813 prior
2378 1742 2543 1797 missa
2576 1748 2694 1810 post
2720 1737 3021 1810 capitulum
3068 1734 3253 1790 statim
3289 1730 3437 1786 nulla
3478 1731 3597 1785 bore
3631 1745 3721 1784 eam

2189 1837 2527 1906 praecedente
2574 1837 2805 1890 canitur.
2849 1831 2905 1886 Si
2956 1830 3083 1900 quis
3130 1843 3231 1899 pro
3292 1838 3546 1880 concessa
3588 1824 3719 1894 gratia

2187 1928 2349 1982 boras
2386 1926 2582 1981 ibidem
2623 1924 2853 1979 audiens
2883 1937 2982 1991 pro
3013 1920 3332 1975 infirmitate
3368 1914 3649 1986 aliquandiu
3679 1914 3719 1967 in

2187 2017 2484 2073 inlirmaria
2511 2018 2796 2086 quiescere
2830 2015 3015 2085 jussus
3045 2012 3241 2077 fuerit,
3272 2009 3500 2065 eandem
3540 2005 3715 2060 missam

2185 2128 2306 2167 cum
2357 2110 2588 2181 pristina
2648 2108 2870 2164 licentia
2921 2106 3180 2170 habebit,
3235 2116 3362 2159 eum
3428 2101 3648 2165 redierit,
3685 2100 3718 2154 si

2186 2207 2415 2259 tltllllllllS
2445 2202 2584 2259 abba
2615 2200 2979 2265 eieoueessit,
3026 2208 3083 2254 et
3110 2199 3156 2255 si
3198 2199 3439 2254 nondum
3479 2193 3731 2257 convaluit.

2188 2297 2337 2352 lianc
2374 2306 2555 2351 autem
2606 2293 2882 2350 licentiam
2934 2290 3160 2357 nullus,
3204 2290 3310 2346 nisi
3359 2290 3577 2344 domnus
3612 2286 3721 2341 abba

2184 2398 2362 2458 potest
2393 2389 2444 2443 in
2479 2397 2799 2458 perpetuam
2826 2383 2981 2438 dare.

2781 2474 3011 2531 CAPUT
3048 2472 3181 2531 LIV.

2600 2573 2680 2629 De
2724 2570 2996 2642 capellam
3036 2569 3102 2625 S.
3142 2567 3358 2624 Μαήιυ.

2256 2672 2272 2690 ⁹
2302 2669 2626 2739 Capellanus
2657 2667 2870 2722 Sancta:
2904 2662 3085 2716 Maria:
3116 2661 3185 2716 ad
3220 2661 3498 2715 sinistrum
3537 2658 3723 2713 chorum

2184 2762 2431 2817 ecclesiae
2461 2762 2514 2815 in
2548 2769 2703 2829 parte
2728 2753 3050 2811 occidentali
3074 2767 3301 2823 semper
3330 2761 3436 2807 stat
3480 2751 3541 2805 ad
3581 2750 3722 2819 parie-

2190 2859 2320 2914 tem,
2376 2864 2482 2904 non
2533 2858 2713 2903 tamen
2764 2857 2979 2900 summo
3027 2840 3178 2907 loco;
3232 2842 3336 2897 nisi
3393 2849 3601 2895 creteros
3638 2837 3720 2891 illic

2185 2952 2397 2997 stantes
2446 2943 2500 2996 in
2539 2939 2734 2994 ordine
2772 2936 3064 3009 pmcellat.
3100 2934 3305 2989 lulirmi
3343 2942 3518 2987 autem
3545 2932 3721 2985 sicutct

2186 3034 2278 3087 alii
2329 3034 2380 3087 in
2422 3048 2489 3087 eo
2519 3039 2667 3086 stant
2715 3031 2908 3096 choro,
2959 3028 3160 3099 quoin
3197 3024 3390 3093 majori
3436 3023 3637 3079 ecclesia
3660 3029 3722 3073 est

2184 3126 2365 3180 statio.
2389 3123 2628 3181 Juvenes
2654 3139 2779 3179 vero
2811 3123 2864 3178 in
2898 3121 3140 3177 custodia
3175 3119 3363 3189 positi,
3388 3127 3507 3172 ante
3535 3117 3721 3170 fortnam

2183 3226 2349 3281 stant,
2389 3224 2447 3279 ut
2476 3216 2544 3270 ab
2580 3215 2834 3270 omnibus
2867 3214 3036 3269 videri
3076 3211 3310 3282 possint.
3352 3209 3502 3276 Quod
3542 3206 3583 3260 si
3618 3218 3722 3273 opus

2182 3322 2301 3363 esse
2344 3307 2560 3370 viderit,
2610 3306 2750 3360 idem
2804 3303 3119 3373 capellanus
3169 3312 3281 3354 tam
3335 3300 3568 3354 infirmos
3595 3308 3721 3363 quam

2181 3401 2353 3465 alios,
2403 3400 2491 3468 qni
2544 3398 2617 3453 ibi
2666 3406 2815 3462 sunt,
2848 3397 2916 3451 ad
2971 3405 3265 3464 utrumque
3313 3393 3532 3447 chorum
3576 3389 3723 3443 videre

2180 3499 2553 3561 competenter
2590 3488 2806 3559 poterit.

2256 3582 2577 3637 Matutinutn
2608 3582 2851 3649 aliasque
2877 3579 3040 3634 horas
3064 3576 3344 3648 regulares
3366 3573 3606 3629 soaaliter
3623 3584 3723 3623 cano

2184 3683 2281 3742 tat,
2307 3690 2443 3746 quas
2477 3668 2656 3729 tameii
2692 3689 2799 3729 non
2827 3682 2951 3726 ante
2982 3671 3196 3741 incipit,
3225 3684 3389 3739 quam
3423 3669 3472 3721 iu
3497 3667 3640 3720 clzoro
3660 3662 3719 3714 ἰιι⁴

2180 3776 2367 3838 ceptus
2423 3782 2545 3822 esse
2596 3765 2942 3835 cognoverit;
2993 3771 3224 3832 excepto
3256 3778 3309 3813 ‘a
3363 3757 3719 3830 Septuagesima

2182 3875 2353 3928 usque
2397 3860 2463 3913 ad
2513 3858 2762 3912 Pascha:
2800 3865 2927 3909 tunc
2973 3855 3118 3909 cuitu
3172 3853 3397 3907 dimissa
3445 3851 3582 3906 scilla
3624 3858 3723 3902 ante

2181 3960 2477 4005 nocturnos
2525 3949 2708 4004 statim
2758 3947 3062 4003 orationem
3109 3946 3258 4009 linit,
3310 3954 3368 3998 et
3418 3941 3717 4015 psalmodiam

2182 4044 2387 4114 incipit,
2420 4054 2606 4113 postea
2640 4044 2755 4098 sine
2793 4058 2944 4095 mora
2977 4049 3274 4095 nocturnos
3316 4033 3721 4108 suljungit.Qui-

2180 4140 2281 4194 bus
2314 4137 2485 4191 (initis
2515 4136 2639 4191 cum
2670 4134 2894 4204 psalmis
2944 4133 3305 4187 familiaribus
3354 4132 3644 4186 matutinum
3667 4127 3718 4178 de

2179 4232 2430 4287 omnibus
2475 4229 2703 4293 sanctis,
2748 4231 2813 4283 de
2860 4226 3065 4280 Sancta
3109 4225 3303 4290 Maria,
3357 4239 3453 4295 pro
3502 4216 3719 4276 defunctis

2181 4324 2403 4388 inserit,
2436 4323 2577 4375 sicut
2616 4330 2668 4374 et
2703 4333 2800 4389 per
2848 4326 3017 4373 totam
3060 4320 3311 4388 byemcm
3364 4315 3514 4370 facit.
3559 4309 3719 4366 Deinde

2178 4415 2427 4470 oratione
2459 4412 2599 4468 facta
2632 4411 2911 4483 regulares
2939 4411 3235 4464 matutinos
3264 4410 3526 4480 ,imponit.
3552 4405 3717 4461 Caetera

2104 4517 2148 4570 ι)
2179 4509 2251 4561 ita
2281 4506 2520 4569 ordinat,
2568 4513 2628 4558 ut
2671 4503 2869 4575 psalmi
2895 4502 3194 4556 familiares
3227 4500 3298 4555 ad
3344 4501 3565 4572 primam
3591 4494 3718 4566 perti-

2177 4609 2369 4654 nenlcs
2396 4614 2519 4652 cum
2549 4607 2754 4668 septem
2785 4595 3012 4668 psalmis
3037 4604 3096 4650 et
3129 4593 3314 4648 litania
3365 4602 3490 4649 ante
3531 4591 3714 4662 primatu

2175 4699 2481 4746 cautentur.
2518 4689 2739 4744 Librum
2774 4690 2826 4744 in
2872 4702 2982 4758 quo
3011 4687 3077 4741 ad
3106 4685 3439 4741 matutinum
3484 4681 3715 4755 legendum

2175 4793 2277 4847 est,
2320 4782 2482 4837 alicui
2526 4782 2777 4853 porrigit,
2826 4795 2989 4851 quem
3039 4780 3107 4835 ad
3142 4780 3244 4835 IIOC
3292 4779 3541 4834 idoneum
3580 4772 3716 4829 norit.

2178 4875 2541 4945 Responsoria
2567 4892 2594 4929 a
2618 4875 2809 4945 quovis
2832 4870 3000 4929 fratre
3028 4873 3082 4928 iu
3111 4872 3216 4928 hoc
3243 4872 3419 4943 magis
3442 4870 3599 4926 sciolo
3618 4872 3716 4922 sunt

2176 4973 2445 5027 canenda.
2479 4971 2650 5038 Quem
2683 4970 2785 5024 hoc
2811 4977 3030 5042 oportet
3059 4968 3224 5035 scire,
3263 4968 3410 5037 quod
3452 4967 3618 5021 horam
3641 4975 3715 5015 αι

2175 5063 2338 5119 nemli
2396 5061 2710 5131 tempestive
2759 5062 3027 5130 surgendo
3079 5060 3381 5130 anticipare
3428 5056 3590 5113 debet.
3630 5050 3715 5107 Sed

2176 5157 2329 5210 linito
2357 5154 2723 5225 responsorio,
2748 5155 2829 5209 vel
2854 5155 3018 5210 etiam
3047 5153 3364 5207 invitatorio
3387 5159 3508 5205 ante
3526 5157 3575 5203 et
3596 5154 3712 5202 retro

2177 5264 2279 5302 non
2314 5248 2468 5302 facit.
2500 5247 2703 5302 Versus
2740 5257 2920 5301 autem
2952 5254 3007 5300 ct
3035 5244 3221 5300 brevia
3269 5242 3611 5313 responsorio,
3650 5237 3714 5291 le-

2174 5344 2382 5398 ctiones
2413 5359 2628 5413 quoque
2664 5344 2731 5398 de
2763 5343 2820 5398 S.
2870 5341 3060 5405 Maria,
3111 5349 3168 5395 et
3199 5340 3265 5395 ad
3300 5339 3526 5396 oﬁicium
3552 5335 3713 5391 defun-

2176 5444 2385 5490 ctorum
2435 5453 2556 5490 cum
2602 5435 2963 5507 responsoriis
2995 5434 3191 5489 stando
3223 5433 3355 5505 legit
3379 5441 3431 5486 et
3461 5439 3622 5487 cantat
3646 5424 3713 5496 ju-

2175 5533 2345 5595 venis,
2377 5529 2420 5583 si
2452 5530 2574 5598 quis
2603 5529 2773 5581 adest.

2247 5622 2386 5692 Ergo
2417 5622 2728 5692 capellanus
2755 5620 2897 5676 idem
2941 5628 3186 5690 tempore
3214 5617 3444 5691 liyemali
3473 5612 3621 5671 finitis
3648 5610 3713 5663 in-

2178 5714 2454 5768 firmorum
2483 5715 2787 5781 matutinis,
2816 5712 3027 5769 caeteris
3052 5728 3289 5781 quoque,
3314 5726 3430 5782 qua:
3455 5711 3711 5777 scqtluulur

2178 5805 2539 5875 appendiciis,
2571 5805 2796 5875 primam
2849 5803 3111 5873 adjungit,
3162 5802 3286 5857 licet
3319 5799 3591 5869 sa‘pissime
3624 5804 3712 5847 non

2116 1813 2157 1870 Β

2108 3166 2151 3223 C
