3886 6308
106 382 215 438 ιι-ξι

1108 375 1517 434 conemur.
1561 373 1763 432 lIlRSA
1778 373 1887 432 CG.
1926 404 1997 416 -
2019 357 2158 430 Lm;
2181 373 2238 432 ι’.

3207 375 3346 435 H22

107 498 286 554 modica
335 512 462 569 pars
507 498 688 554 noctis
729 495 906 552 adlmc
956 494 1230 565 supersit:
1283 504 1337 550 et
1369 495 1490 565 quia
1527 511 1662 548 nun-
1691 486 2163 551 As'nt'cancn'ti
2193 533 2208 556 ,
2261 491 2424 546 horas
2473 505 2577 547 non
2626 497 2846 548 cantant
2891 491 3117 559 infirmi,
3173 511 3346 568 neque

106 607 240 661 quam
285 598 401 664 post
433 590 762 643 matutinum
795 588 860 640 ad
900 586 1098 640 lectum
1143 602 1304 641 causa
1333 587 1658 656 quiescendi

105 687 280 753 absque
311 680 534 736 licentia
575 681 734 743 redit,
778 679 879 734 nisi
920 687 1217 734 conventus
1250 679 1480 748 itlipsnm
1520 677 1662 733 fccc-

104 777 175 829 rit.
209 775 257 826 in
280 771 464 827 eadem
497 771 732 825 ecclesia
783 779 1030 824 moratur
1069 783 1350 837 quousque
1383 769 1659 837 processio

103 866 205 920 illuc
249 873 453 933 agatur.
507 863 664 918 Tunc
713 862 932 932 quidem
983 862 1172 916 exiens
1220 871 1347 916 autc
1393 861 1654 932 cf‘pcllam

103 970 261 1009 versus
285 955 586 1024 claustrum
617 953 980 1017 intirmorum,
1011 951 1094 1006 vel
1128 951 1178 1004 in
1214 950 1383 1021 ipsam
1419 952 1659 1005 infirma-

103 1049 232 1110 riam,
265 1045 444 1099 tandiu
491 1045 566 1100 ibi
613 1052 919 1116 exspectat,
966 1059 1137 1114 usque
1185 1044 1310 1098 dmn
1355 1054 1657 1099 conventus

103 1137 438 1192 dormitorium
471 1137 758 1191 ascendat.
787 1136 939 1204 Quod
959 1136 1008 1195 si
1037 1147 1249 1204 tempus
1279 1151 1384 1188 non
1412 1145 1520 1202 est,
1549 1151 1655 1204 quo

102 1239 362 1282 conventus
403 1228 648 1282 dormire
692 1238 813 1298 post
859 1229 1154 1282 matutinos
1184 1225 1401 1291 debeat,
1451 1227 1565 1298 ipse
1599 1227 1651 1282 in

101 1318 255 1372 eadem
280 1317 502 1388 capella,
537 1318 778 1388 quandiu
807 1333 861 1372 et
881 1317 1087 1382 caeteri,
1117 1326 1420 1386 exspectat.

158 1408 223 1460 Ad
251 1407 475 1462 eundem
510 1423 731 1478 quoque
759 1409 1018 1478 pertinet,
1053 1417 1112 1462 ut
1138 1407 1366 1463 infirmis
1409 1401 1651 1478 quotidie

103 1501 286 1554 missam
318 1515 531 1555 summo
565 1518 726 1557 mane
755 1513 977 1567 cantet;
1012 1503 1064 1574 in
1093 1502 1376 1556 duodecim
1406 1501 1652 1557 lectioni-

103 1592 181 1644 bus
214 1601 260 1646 et
290 1593 338 1646 in
373 1593 588 1664 vigilia,
620 1604 674 1648 et
706 1595 757 1648 in
802 1604 1036 1663 quatuor
1073 1579 1376 1665 temporum
1403 1594 1646 1665 jejuniis,

102 1695 142 1735 ct
165 1685 206 1736 iu
230 1683 671 1755 Quadragesima,
696 1701 911 1756 semper
933 1687 998 1742 de
1023 1686 1143 1752 die;
1168 1686 1286 1742 aliis
1313 1703 1438 1741 vero
1463 1687 1651 1742 dielms

99 1791 178 1843 pro
201 1775 473 1840 defunctis,
515 1776 604 1830 vel
642 1792 804 1846 quam
832 1777 1083 1832 voluerit.
1115 1777 1179 1832 Et
1206 1779 1248 1833 si
1280 1778 1332 1832 in
1364 1777 1544 1848 aliquo
1566 1777 1650 1846 je-

99 1863 205 1931 juuii
233 1865 310 1919 die
343 1866 629 1920 duodecim
681 1866 943 1921 lectiones
986 1878 1239 1937 aguntur,
1269 1876 1400 1924 tunc
1437 1867 1503 1923 de
1531 1870 1647 1939 ipso
1681 1857 1722 1916 Β

98 1956 266 2023 jejunio
293 1958 508 2012 missam
536 1959 612 2014 ibi
641 1958 944 2036 cantat.'Ad
970 1957 1266 2028 quamlibet
1295 1959 1512 2014 missam
1543 1973 1648 2014 non

106 2051 203 2121 legit
235 2061 462 2116 cautum,
512 2052 658 2107 sicut
703 2051 770 2106 ad
817 2051 952 2106 alias
998 2051 1260 2122 privatas
1288 2052 1504 2119 missas,
1551 2051 1646 2107 sed

103 2150 270 2194 cantat.
310 2142 547 2212 Quaeque
595 2143 665 2198 ad
711 2143 933 2198 missam
969 2144 1068 2198 sibi
1116 2144 1422 2198 necessaria
1468 2145 1646 2199 omnia

107 2232 194 2286 illic
219 2233 366 2289 habet
390 2235 601 2304 jugit-er
628 2235 895 2306 reposita;
935 2235 1118 2289 vinum
1141 2243 1195 2289 et
1223 2249 1359 2304 aqua
1391 2233 1556 2288 etiam
1592 2235 1646 2288 in

107 2335 230 2378 nocte
250 2326 313 2380 ibi
343 2343 622 2398 nunquam
656 2327 859 2394 deerit,
886 2333 944 2380 ut
984 2326 1028 2380 si
1071 2325 1193 2396 quis
1221 2319 1381 2381 fuerit
1404 2327 1470 2380 ad
1501 2341 1650 2381 com-

106 2416 438 2472 municandum
473 2417 774 2472 infirmum.
802 2457 817 2470 .
846 2455 860 2471 .
906 2417 959 2472 in
999 2426 1251 2487 promptu
1285 2417 1592 2473 babeatur.’

161 2509 206 2563 Si
244 2511 517 2583 aliquando
563 2511 887 2583 contigerit,
939 2519 996 2564 ut
1041 2511 1216 2581 prima
1267 2511 1427 2566 solito
1483 2513 1646 2567 citius

107 2601 319 2666 pulsanda
346 2605 432 2666 sit,
475 2603 589 2658 imo
640 2604 850 2673 quoties
881 2601 1128 2665 voluerit,
1165 2611 1291 2658 ante
1321 2603 1556 2658 sonitum
1589 2619 1646 2659 sc

69 2733 76 2744 .
106 2691 232 2756 levat,
261 2694 555 2764 ubicunque
595 2693 852 2758 dormiat,
895 2700 948 2747 ct
980 2707 1105 2748 mox
1139 2692 1265 2748 lotis
1298 2694 1548 2748 manibus
1577 2695 1644 2749 ad

108 2783 378 2840 lavatorium
430 2779 662 2842 fratrum
715 2785 968 2856 factaque
1013 2787 1282 2852 oratione,
1326 2785 1643 2857 priusquam

108 2877 244 2945 prima
270 2879 526 2949 pulsetur,
556 2879 682 2933 alba
717 2877 963 2950 stolaque
991 2877 1254 2934 induitur.
1289 2877 1422 2933 Nam
1454 2879 1499 2934 si
1529 2880 1642 2935 sto;

105 2967 188 3022 iam
229 2982 344 3044 ante.
385 2973 749 3042 pulsationem
797 2971 986 3041 prima:
1035 2987 1142 3028 non
1199 2970 1467 3038 induerit,
1515 2980 1644 3026 tunc

109 3063 270 3133 absque
308 3066 517 3123 licentia
571 3083 679 3122 non
731 3068 991 3134 cantabit,
1039 3066 1132 3122 sed
1181 3067 1350 3122 misso
1397 3067 1643 3139 adjutore

109 3172 182 3212 suo
205 3159 454 3218 licentiam
497 3166 658 3236 petit.
705 3163 787 3218 Ad
816 3173 1040 3220 etcteras
1077 3164 1238 3219 etiam
1266 3163 1432 3220 horas
1460 3180 1558 3221 suo
1587 3165 1662 3220 in.

111 3259 302 3323 tentpore
325 3257 690 3314 decantandas
719 3275 824 3314 non
857 3258 1051 3323 deerit,
1082 3265 1330 3329 excepto,
1358 3273 1481 3312 cum
1511 3273 1640 3329 pro-

109 3354 197 3410 pter
219 3347 391 3406 festum
415 3354 636 3425 aliquod
659 3354 776 3408 alba
803 3351 882 3408 vel
901 3367 1069 3423 cappa
1099 3351 1316 3407 indutus
1343 3353 1639 3407 conventui

109 3431 392 3506 interfuerit;
426 3451 553 3499 tunc
585 3444 683 3513 ipsi
713 3459 812 3514 per
841 3459 901 3499 se
934 3445 1147 3497 tertiam
1177 3451 1232 3498 et
1271 3451 1482 3498 sextam
1506 3458 1641 3512 quo-

107 3538 184 3590 que
197 3531 482 3607 cantabunt;
501 3537 645 3592 sicut
663 3535 826 3591 etiam
847 3529 974 3590 tunc
990 3523 1218 3600 faciunt,
1234 3535 1278 3590 si
1297 3535 1511 3606 quando
1526 3523 1634 3604 illc‘,

108 3630 205 3670 casu
230 3620 390 3692 aliquo
415 3611 727 3698 impeditus,
763 3628 815 3682 in
855 3615 1095 3698 tempore
1127 3626 1252 3682 illuc
1282 3642 1387 3682 non
1405 3619 1634 3682 venerit.

161 3710 173 3727 '
197 3712 337 3770 Debet
358 3734 572 3791 quoque
594 3720 706 3792 ipse
737 3721 977 3791 quotidie
1001 3719 1066 3776 ad
1099 3727 1387 3790 utramque
1415 3709 1634 3778 missam

109 3816 199 3858 esse
223 3807 267 3861 in
294 3811 546 3870 alterutro
591 3817 791 3888 choro,
823 3824 1048 3888 excepto
1092 3815 1138 3870 si
1173 3803 1410 3869 infirmis
1433 3812 1636 3869 eisdem

109 3892 213 3949 infra
234 3901 468 3970 majorem
502 3907 724 3977 missam
751 3889 983 3971 sextam,
1011 3904 1094 3960 vel
1121 3905 1174 3959 in
1205 3891 1636 3974 Quadragesima

109 3998 312 4056 Vesperos
337 4008 554 4054 cantare
594 3997 774 4054 debet.
825 3997 907 4052 Ad
939 4012 1100 4067 quam
1146 3979 1328 4050 tamen
1354 4005 1540 4066 postea
1581 3981 1633 4048 in

109 4077 236 4135 rboro
273 4087 348 4140 vel
393 4101 515 4146 ante
561 4092 793 4163 eborqu
847 4105 953 4144 non
1003 4089 1198 4152 deerit,
1247 4088 1292 4143 si
1340 4071 1636 4142 necessitas

110 4169 245 4240 aliqua
284 4193 378 4233 nou
405 4183 798 4254 supervenerit.
829 4181 981 4243 lllum
1013 4183 1175 4236 etiam
1209 4169 1367 4236 scire
1400 4187 1634 4250 oportet,

110 4263 217 4325 ‘Illod
246 4266 290 4321 in
317 4271 397 4326 die
427 4273 736 4330 Nativitatis
769 4271 1004 4338 Domini,
1031 4281 1086 4326 et
1117 4272 1168 4325 in
1198 4269 1316 4341 ejus
1342 4281 1553 4333 octava,
1581 4277 1638 4324 et

111 4347 148 4402 in
168 4351 419 4418 festivitate
436 4363 689 4420 Omnium
708 4363 1058 4440 Sanctorum,
1074 4376 1266 4416 cursus
1287 4360 1635 4430 quotidianus

110 4442 401 4511 tlcS.M:tri1
446 4457 770 4516 recitandus,
805 4467 910 4523 est,
959 4457 1211 4526 quodque
1263 4468 1477 4524 semper
1527 4467 1634 4506 uno

1761 585 2078 655 psalterium
2133 586 2182 638 in
2233 597 2546 654 parascevc.
2594 584 2860 641 Pratterea
2912 588 3344 659 quotiescunque

1762 671 2015 747 regulare
2038 675 2306 746 jejunium
2341 675 2535 748 agitur,
2583 687 2640 732 et
2682 679 2750 732 ab
2787 667 3349 751 idibus‘Septetnbris

1759 784 1930 838 usque
1947 769 2012 822 ad
2032 767 2302 823 Kalendas
2315 769 2652 836 Novembris,
2667 788 2693 823 a
2713 769 3118 842 Septuagesim'a
3132 791 3350 847 quoque

1759 874 1930 929 usque
1970 860 2024 914 in
2066 859 2570 931 Quadragesimam,
2616 863 2782 919 finitis
2825 866 3067 934 vesperis
3099 869 3346 924 infirmo—

1759 959 1904 1016 rum,
1938 947 2233 1021 antequam
2257 951 2331 1006 ‘ad
2359 953 2682 1008 regnandum
2709 954 3078 1025 egrediantur,
3109 949 3344 1014 cilicium

1757 1042 2136 1098 defunctorum
2179 1059 2344 1111 agere
2375 1060 2479 1099 non
2521 1053 2786 1101 moratur.
2821 1044 2989 1103 Debet
3017 1050 3178 1104 etiam
3215 1067 3346 1106 can-

1756 1142 1898 1199 tare,
1929 1133 2153 1189 Placeba
2182 1133 2431 1200 Domino,
2463 1136 2514 1190 in
2546 1138 2783 1192 secunda
2810 1153 3033 1208 vespera
3062 1141 3341 1196 duodecim

1755 1223 2070 1294 lectionum,
2101 1229 2320 1298 quando
2370 1230 2424 1283 in
2469 1231 2709 1284 crasﬁno
2755 1233 3201 1288 commemoratio
3243 1233 3344 1288 ali-

1756 1318 1910 1388 cujus
1947 1320 2458 1376 tlel'uncti'maximo
2506 1321 2611 1377 ritu
2663 1323 2868 1392 agenda
2903 1334 3006 1378 est.
3053 1323 3110 1378 Si
3155 1337 3344 1379 versus

1753 1412 1838 1467 vel
1877 1412 2125 1483 psalmus
2153 1413 2352 1484 aliquis
2385 1413 2440 1469 in
2471 1411 2822 1492 regularibus,
2857 1416 3006 1471 horis
3035 1419 3100 1471 ad
3139 1415 3196 1471 S.
3231 1415 3344 1470 Ma-

1755 1504 1892 1559 riam
1923 1507 2436 1574 przntermittentur,
2477 1516 2702 1576 promer
2725 1507 2840 1573 hoc
2875 1508 2988 1578 ipse
3025 1508 3342 1578 capellanus

1752 1609 1805 1651 et
1839 1597 1952 1664 alii,
1984 1597 2074 1666 qui
2107 1599 2175 1652 ad
2207 1597 2504 1667 capitulum
2536 1599 2791 1665 veniunt,
2817 1599 2868 1653 ‘si
2898 1615 2956 1654 se
2995 1598 3047 1652 in
3079 1600 3178 1654 hoc
3208 1599 3340 1654 deli-

1753 1687 1934 1760 quisse
1963 1700 2318 1761 cognoscunt,
2347 1689 2560 1746 veniam
2600 1691 2812 1762 petunt.

2353 1781 2583 1840 CAPUT
2607 1783 2733 1840 LV.

2108 1874 2184 1930 De
2211 1875 2558 1945 inﬁrmariis,
2592 1869 2698 1932 sive
2735 1875 2981 1947 inﬁrmis.

1825 1967 1932 2045 (un.
1963 1968 2100 2040 var.)
2137 1969 2477 2025 lnfirmarius
2500 2010 2514 2036 ,
2548 1971 2649 2038 qui'
2689 1970 2942 2025 sacerdos
2989 1969 3146 2024 debet
3190 1983 3335 2036 esse,

1751 2059 1818 2114 ad
1850 2061 2167 2130 obsequium
2202 2060 2544 2115 infirmorum
2566 2059 2872 2130 separatim
2901 2059 3063 2114 habet
3100 2073 3334 2130 coquum

1751 2162 1804 2208 et
1830 2154 2138 2224 coquinam.
2172 2154 2238 2209 Et
2269 2155 2384 2226 ipse
2413 2169 2628 2226 quoque
2668 2154 2910 2225 quotidie
2950 2170 2979 2208 a
3035 2156 3339 2209 camerario

1750 2248 1964 2316 quaerit,
2012 2246 2154 2317 quod
2203 2261 2340 2317 opus
2377 2245 2666 2312 ‘ltabuerit,
2705 2255 2766 2301 ut
2815 2247 2957 2315 quod
3005 2245 3234 2300 infirmis
3271 2247 3338 2301 ad

1749 2335 2098 2391 refectionem
2131 2347 2214 2390 est
2255 2335 2696 2406 praeparandum,
2729 2337 3045 2406 tempestive
3070 2339 3337 2407 pappare-'-

1752 2439 1858 2484 tur.
1883 2430 1902 2448 θ
1928 2428 2131 2482 lntlrmi
2154 2438 2360 2496 autem,
2387 2430 2636 2500 quamvis
2661 2430 2901 2500 quntidie
2924 2430 3143 2486 missam
3176 2445 3336 2501 quam

1747 2520 2040 2593 pradictus
2063 2511 2375 2592 capellanus
2400 2523 2479 2577 eis
2508 2530 2716 2588 cantat,
2746 2521 2990 2588 audiant,
3017 2521 3082 2576 ad
3115 2520 3337 2577 matuti-

1749 2634 1876 2672 num
1910 2628 2086 2673 tamen
2118 2633 2332 2689 semper
2353 2629 2766 2674 commorantur
2805 2632 2976 2687 usque
3006 2618 3132 2671 dum
3160 2616 3335 2671 oratio

1744 2706 1921 2779 prima
1943 2720 2064 2774 post
2082 2710 2518 2765 communionem
2535 2709 2780 2764 finiatur.
2804 2708 2883 2762 A'd
2906 2723 3068 2779 quam
3091 2707 3332 2773 missam,

1747 2814 1867 2868 cum
1894 2800 2214 2855 intraverint
2240 2800 2550 2863 ecclesiam,
2574 2799 2642 2854 ab
2669 2813 2758 2864 eo,
2783 2798 2872 2868 qui
2900 2799 3041 2852 inter
3062 2811 3156 2852 eos
3186 2797 3336 2868 prior

1747 2881 1830 2946 est
1861 2890 1929 2954 (si
1962 2902 2138 2945 tamen
2173 2899 2256 2946 est
2295 2887 2590 2960 litteratus)
2623 2887 2770 2960 aqua
2813 2889 3096 2944 benedicta
3142 2903 3330 2960 asper-

1745 2993 1964 3053 guntur,
1990 2983 2118 3039 licet
2137 2985 2300 3039 etiam
2327 2984 2564 3040 diluculo
2589 2985 2656 3039 ad
2679 2978 2942 3054 capellam
2968 2981 3076 3037 sint
3100 2981 3331 3052 aspersi.

1742 3073 2038 3147 Postquam
2067 3091 2258 3131 omnes
2288 3075 2662 3137 consederint,
2699 3075 2752 3128 in
2780 3085 2980 3130 eorum"
3000 3074 3223 3128 arbitrio
3252 3079 3338 3127 est

1745 3177 1925 3223 utrum
1961 3161 2074 3224 illic
2101 3177 2359 3239 cooperto
2406 3185 2472 3223 an
2505 3167 2707 3222 nudato
2745 3167 2923 3238 capite
2969 3167 3216 3233 sedeant,
3259 3166 3335 3220 si-

1745 3261 1947 3317 militer
1976 3271 2031 3317 et
2078 3261 2144 3316 ad
2194 3261 2252 3316 S.
2288 3261 2535 3315 Mariam.
2580 3259 2657 3315 lbi
2700 3269 2916 3329 quoque
2957 3258 3000 3314 si
3046 3258 3168 3328 quis
3200 3258 3332 3312 adeo

1743 3355 1936 3411 debilis
1971 3363 2074 3420 est,
2125 3370 2290 3425 super
2325 3353 2576 3422 ‘juncum,
2628 3347 2719 3423 qui
2768 3351 3062 3406 talihus'in
3111 3350 3328 3404 modum

1742 3449 2062 3506 lectiste’rnii
2088 3445 2294 3518 jugitet‘
2323 3446 2430 3502 illic
2469 3446 2538 3501 ab
2567 3445 2803 3500 armario
2827 3444 2909 3498 vel
2934 3443 3051 3513 ejus
3079 3442 3326 3511 atljutore

1742 3550 2080 3612 praeparatus
2101 3541 2271 3610 jacet,
2295 3539 2510 3611 pellicio
2532 3521 2695 3608 capiti
2727 3536 3068 3607 superposito
3089 3547 3320 3606 pausare

1737 3641 1940 3706 potest.
2067 3641 2072 3646 '
2396 3669 2399 3673 -
2675 3643 2682 3654 '

1850 3725 2140 3780 Sciendum
2177 3731 2380 3790 tamen,
2411 3723 2556 3792 quia,
2601 3737 2703 3793 qua
2744 3720 2832 3776 die
2868 3719 3191 3785 radendmn,
3227 3733 3323 3773 seu

1737 3799 1964 3887 radendi
1999 3827 2145 3884 sunt,
2175 3817 2238 3872 ad
2281 3817 2650 3870 matutinalem
2685 3815 2902 3869 missam
2933 3828 3038 3868 non
3079 3811 3324 3878 veniunt,

1740 3908 1834 3963 sed
1869 3906 2086 3962 interim
2142 3905 2454 3960 raduntur:
2503 3903 2764 3959 raduntur
2809 3912 2988 3957 autem
3026 3903 3216 3972 pridie,
3267 3909 3326 3956 ut

1737 3995 1902 4072 Supra
1949 3999 2151 4054 dictum
2199 4008 2301 4063 ρει,
2349 4014 2512 4068 quam
2563 4005 2887 4062 conventus;
2941 3999 2985 4050 si
3040 3995 3177 4050 forte
3222 3995 3324 4050 hoc

1739 4091 1936 4148 festum
1986 4092 2207 4161 aliquod
2254 4091 2338 4144 vel
2383 4089 2672 4145 defunctus
2701 4105 2810 4143 non
2865 4087 3118 4157 impedit;
3157 4096 3209 4140 et
3257 4087 3324 4140 ad

1737 4185 1842 4240 hoc
1878 4184 2187 4254 singulatim
2216 4182 2420 4236 rasoria
2473 4190 2527 4236 et
2557 4181 2723 4234 lintea
2767 4180 2835 4233 ab
2882 4179 3181 4234 intirmario
3209 4194 3326 4232 scr-

1738 4281 1957 4341 vantur’,
1992 4291 2112 4345 quae
2147 4275 2312 4330 etiam
2360 4289 2391 4328 a
2442 4272 2644 4326 famulo
2687 4279 2978 4334 acuuntur,
3011 4280 3068 4324 et
3103 4270 3154 4323 in
3189 4278 3327 4324 tem-

1733 4368 1870 4440 pore
1917 4381 2119 4420 rasura:
2148 4366 2232 4419 ab.
2261 4363 2449 4418 eodem
2485 4362 2761 4417 ras‘oribus
2805 4361 3222 4416 distribuuntur.
3267 4359 3323 4414 In

1739 4462 1846 4525 die,
1881 4463 1988 4530 qua
2029 4459 2227 4512 fratres
2259 4457 2626 4512 communiter
2664 4455 2716 4510 in
2766 4451 3005 4510 claustro
3035 4453 3323 4524 raduntur.

109 4539 349 4632 ςθίῖριηίιιιε
404 4553 559 4606 modo
622 4551 694 4604 sit
744 4548 1055 4614 canendus;
1119 4545 1219 4602 nisi
1278 4546 1331 4600 in
1383 4545 1632 4600 Adventu

1748 4559 1861 4622 post
1915 4548 2323 4622 percussionem
2378 4545 2574 4601 tabulae
2624 4557 2795 4615 usque
2839 4543 2990 4598 dum
3025 4544 3322 4614 psalmodia

111 4624 305 4700 θ⁰¹¹³Ῐ¹¹Ῐι
340 4651 392 4696 ει
437 4643 580 4699 infra
617 4641 936 4698 Nalalillum
985 4641 1188 4712 ὶιιδίυες
1245 4653 1275 4692 3
1325 4646 1451 4692 111ηο
1491 4636 1634 4691 enim
1663 4624 2051 4716 wincipiatur,
2093 4641 2294 4696 infirmi
2327 4641 2488 4695 etiam
2532 4639 2844 4709 loquuntur.
2877 4638 2947 4694 Αι
2974 4639 3327 4710 quotiescun-

110 4733 260 4780 rantns
284 4732 444 4790 eidem
487 4733 719 4808 tempori
757 4750 1035 4806 congruus
1081 4733 1148 4788 de
1197 4746 1260 4786 ca
1303 4737 1539 4791 canitur.
1582 4735 1636 4781 el

109 4813 285 4875 ‘l‘lndin
314 4823 586 4884 duodecim
625 4818 952 4882 lectionibus
1000 4823 1067 4878 ad
1117 4822 1441 4876 matutinum
1492 4816 1637 4888 ejus-

1731 4740 1842 4810 que
1877 4746 2178 4791 conventus
2215 4733 2424 4788 dttabus
2470 4725 2681 4788 vicibus
2721 4731 3046 4798 comederit,
3089 4731 3171 4786 vel
3205 4730 3327 4784 uni-

1739 4827 1948 4883 versale
1967 4821 2236 4897 jejunium
2277 4820 2618 4896 persolverit,
2655 4833 2784 4880 tunc
2815 4823 2905 4894 qui
2949 4823 3002 4878 in
3047 4823 3188 4877 lecto
3219 4839 3321 4876 non

111 4902 418 4984 de“Marsus,
458 4921 692 4994 hymnus
739 4917 810 4974 Te
863 4917 1027 4971 Deum
1069 4914 1356 4968 laudamus
1399 4927 1507 4966 non
1554 4916 1638 4964 est
1727 4918 2024 4990 jacuerint,
2071 4926 2179 4973 non
2209 4917 2465 4970 omittunt
2495 4915 2562 4969 ad
2593 4916 2852 4984 majorem
2886 4914 3106 4969 missam
3155 4912 3326 4968 intrr—

109 5007 576 5081 l‘tmtermittendus;
630 5023 684 5069 et
726 5011 870 5084 quod
905 5018 1026 5082 post
1073 5006 1244 5061 Verba
1301 5020 1417 5058 mea
1473 5003 1634 5057 anni-

111 5095 287 5151 versalis
323 5106 484 5162 oratio
522 5104 765 5176 quotidie
786 5105 926 5159 sicut
958 5110 1014 5156 et
1045 5100 1099 5154 in
1129 5105 1418 5162 conventu,
1451 5093 1635 5150 abillo

109 5187 172 5231 est
207 5185 424 5249 dicenda.
461 5197 590 5252 Item
640 5196 686 5251 si
737 5193 956 5266 quando
1002 5207 1100 5262 pro
1145 5187 1492 5245 tribulatione
1525 5193 1634 5241 tres

111 5271 278 5345 Psalmi,
301 5281 466 5355 idest,
497 5289 735 5353 Domine,
758 5286 887 5359 quid
914 5281 1267 5354 nmltiplicati.
1297 5281 1433 5334 Deus
1461 5288 1635 5334 noster

111 5364 347 5436 "fugiunt.-
375 5381 448 5436 Ad
483 5394 531 5438 te
578 5383 782 5436 levavi:
833 5388 956 5451 post
1001 5376 1309 5452 capitulum
1332 5365 1458 5431 sunt
1504 5389 1632 5427 can-

114 5458 243 5525 lamli,
275 5467 319 5520 hi
361 5483 415 5527 et-
450 5477 514 5532 ah
546 5475 785 5530 infirmis
835 5488 939 5528 non
973 5479 1099 5525 sunt
1127 5467 1467 5538 ιιεειῐεεηάίι
1501 5463 1628 5534 qui"

114 5554 184 5642 Ψ
217 5566 318 5620 Post
342 5568 627 5634 regularem
658 5569 868 5631 horam,
907 5578 1027 5635 qua:
1072 5559 1368 5632 capitulum
1409 5566 1630 5612 antece-

114 5631 196 5702 dits
224 5631 464 5726 Prostra'ti,
494 5663 536 5716 si
565 5661 684 5717 talis
707 5669 790 5716 est
823 5631 965 5724 dies,
994 5666 1050 5712 et
1079 5631 1182 5726 ipsi
1209 5661 1450 5708 cantent.
1477 5651 1632 5704 Atta-

117 5737 210 5823 ¹Ῠ¹⁸ἶ¹¹
236 5737 274 5792 εί
298 5757 490 5813 quando
521 5753 685 5810 Verba
713 5771 825 5808 mea
853 5759 975 5823 post
998 5747 1293 5818 capitulum
1320 5761 1418 5817 pro
1445 5744 1626 5814 aliquo

116 5819 337 5906 Muneto,
359 5846 496 5920 cujus
523 5849 702 5906 brevis
726 5849 779 5904 in
813 5819 928 5908 ipso
961 5843 1202 5903 capitulo
1230 5847 1619 5914 praesentatut‘.

1735 5027 1879 5078 esse,
1914 5011 2060 5084 (un.)
2092 5025 2265 5080 usque
2282 5010 2405 5063 dum
2425 5005 2776 5077 Evangelium
2797 5007 2868 5062 sit
2886 5006 3104 5071 lectum,
3121 5011 3174 5060 et
3199 5013 3325 5058 tunc

1737 5103 2006 5158 recedunt
2037 5100 2104 5156 ad
2137 5099 2192 5154 S.
2227 5099 2471 5170 Mariam,
2496 5104 2554 5152 ut
2579 5104 2802 5153 cantent
2831 5108 3063 5162 sextam,
3104 5110 3202 5149 nec
3243 5092 3324 5147 ul-

1739 5193 1909 5248 terius
1959 5191 2228 5262 protulere
2275 5199 2580 5253 morantur,
2628 5188 2728 5242 nisi
2776 5187 2828 5242 in
2876 5187 2963 5241 die
2983 5180 3180 5241 saneto
3229 5200 3324 5255 pa-

1683 5274 1685 5277 ’
1734 5299 1978 5350 rasceve,
2000 5284 2037 5304 "
2061 5293 2187 5338 tunc
2234 5283 2376 5336 enim
2412 5295 2584 5350 usque
2631 5279 2697 5334 ad
2721 5279 2880 5332 finem
2910 5275 3068 5332 cilicii
3100 5275 3170 5331 ibi
3202 5291 3324 5346 per-

1735 5375 1954 5438 sistunt,
1969 5381 2025 5427 et
2045 5371 2365 5427 discalciali.
2393 5370 2530 5442 (ιω.)
2546 5368 2601 5424 Si
2633 5377 2813 5422 autem
2833 5375 3130 5422 conventus
3151 5373 3325 5436 usque

1735 5465 1803 5520 ad
1853 5479 2050 5520 nonam
2086 5461 2432 5532 jejunaverit‘,
2479 5460 2580 5529 ipsi
2617 5445 2740 5530 post
2772 5457 3090 5528 capitulum,
3131 5457 3224 5512 vel
3273 5457 3320 5510 si

1738 5539 2034 5628 capitulum
2062 5564 2165 5619 est,
2197 5562 2321 5607 ante
2352 5552 2592 5617 tertiam,
2615 5561 2670 5607 et
2695 5552 2763 5607 ab
2785 5551 2965 5606 Idibus
2983 5548 3323 5621 Septembris

1734 5665 1905 5720 usque
1952 5649 2018 5703 ad
2060 5647 2334 5702 Kalendas
2363 5642 2614 5700 Octobris
2647 5653 2769 5716 post
2815 5644 3032 5700 tertiam
3088 5651 3318 5708 stantes,

1734 5749 1956 5797 cantant
1998 5749 2208 5795 sextam
2250 5738 2527 5809 prannissa
2569 5737 2850 5804 oratione,
2885 5747 2942 5795 et
2981 5736 3047 5792 ad
3087 5735 3318 5791 eandem

1733 5834 2062 5890 orationem.
2092 5833 2229 5888 sicut
2261 5830 2425 5886 etiam
2471 5831 2536 5888 ad
2569 5829 2888 5902 quamlibet,
2925 5830 2972 5885 si
3001 5837 3208 5900 tempus
3235 5835 3318 5882 est
