3834 6304
495 363 634 418 1125

1527 352 1586 410 S.
1618 348 1991 410 GUlLLELMl
2029 346 2322 404 ABBATIS
2361 343 2685 403 lllﬁSAUG.

3148 321 3194 386 ⁸
3227 307 3272 315 il
3555 353 3693 410 'ttet

491 473 906 546 procumbeudi,
937 473 1028 542 qui
1059 480 1216 526 tantae
1245 485 1350 525 non
1381 478 1506 525 sunt
1533 469 1886 534 inﬁrmitatis,
1913 482 2075 537 super
2105 471 2149 530 Α
2181 473 2290 530 tur,
2322 464 2375 518 in
2403 463 2631 520 ecclesia
2658 459 2714 517 S.
2742 460 2921 517 Mariae
2949 470 3213 526 moratur,
3245 459 3488 532 ﬁnitoque
3520 466 3698 534 majoris

491 568 696 620 formas
739 565 1131 634 procumbunt,
1175 573 1230 618 et
1273 573 1400 618 ante
1430 572 1486 617 et
1532 577 1681 616 re'ro
1717 562 1940 614 faciunt.
1970 559 2073 625 Qui

491 673 620 710 vero
650 649 784 720 adeo
837 656 1040 724 inﬁrmi
1086 665 1232 720 sunt,
1268 655 1506 709 sedendo
1556 662 1764 708 tantum
1796 651 2076 728 signaculo

487 751 667 805 Ct'ttcis
697 733 756 803 se
785 750 1058 816 muniunt,
1089 749 1507 818 ﬁnitaqnehora
1536 761 1595 802 se
1622 745 1896 801 reﬁciunt.

489 894 494 898 _
562 841 616 893 In
641 843 925 902 duodecim
949 843 1272 900 lectionibus
1303 841 1564 910 quotidie,
1600 855 1724 893 mox
1755 848 1814 892 ut
1839 838 2076 893 sonituum

489 926 740 988 audiunt,
771 943 829 980 se
860 927 1104 980 levantes
1141 936 1197 981 et
1236 943 1374 996 aqua
1410 927 1689 980 benedicta
1731 933 2078 1003 aspergentes

489 1017 558 1081 ad
605 1016 665 1071 S.
715 1017 939 1094 Mariam
991 1019 1246 1094 veniunt,
1301 1019 1603 1073 orationem
1661 1027 1867 1072 tantmn
1915 1033 2077 1072 tnmm

489 1111 704 1173 stando,
745 1111 825 1165 vel
869 1111 958 1181 qui
990 1113 1125 1166 adeo
1163 1121 1292 1166 sunt
1335 1111 1584 1176 invalidi,
1615 1100 1851 1166 Sedendo
1892 1119 1986 1184 aut
2023 1110 2076 1164 in

489 1202 720 1275 privatis
748 1203 961 1268 diebus,
991 1204 1040 1256 in
1063 1202 1267 1279 quibus
1293 1203 1502 1256 sonitus
1523 1202 1722 1272 agitur,
1747 1183 2078 1272 procidendo

489 1303 775 1366 peragunt.
811 1294 1244 1368 (UD.)Nunquam
1279 1295 1886 1370 tneridiantur'diutius,
1915 1308 2077 1365 qutun

489 1397 546 1441 et
569 1397 890 1442 conventus.
917 1389 1312 1468 Adpraudium
1337 1404 1466 1444 vero
1492 1390 1689 1445 habent
1721 1388 1822 1442 tria
1853 1386 2074 1451 fercula,

491 1481 559 1536 ad
589 1497 801 1536 cmuam
851 1498 1042 1536 llllltm.
1081 1482 1153 1556 'Et
1193 1483 1259 1536 ad
1297 1497 1511 1536 emnam
1542 1481 1760 1552 quidem
1794 1481 1844 1534 iu
1886 1494 2080 1536 monae

489 1573 658 1630 sterio
687 1583 806 1644 post
833 1588 1089 1642 veSperas
1125 1573 1278 1644 dicto,
1318 1571 1699 1626 Benedicnmus
1737 1569 1961 1624 Domino
1989 1583 2081 1623 ac-

489 1665 685 1718 cedere
711 1663 856 1717 muni
887 1674 1127 1740 tempore
1152 1665 1231 1719 sic
1258 1664 1588 1726 accelerant,
1615 1667 1629 1680 '
1656 1671 1715 1714 ut
1744 1677 1848 1714 nott
1886 1660 1958 1714 sit
1986 1673 2081 1712 nc-

490 1771 642 1810 cesse
679 1756 783 1810 ulla
816 1756 934 1811 vice
968 1756 1314 1833 collationem
1350 1754 1728 1826 supersedere.
1772 1751 1906 1806 Nam
1952 1753 2075 1804 mox

489 1858 549 1902 ut
596 1859 1224 1924 vesperospcrcautant,
1275 1848 1618 1924 inﬁrmarius
1663 1845 1957 1914 assumptis
2000 1842 2080 1896 fa-

491 1941 694 2018 nmiis,
726 1951 779 1994 et
824 1921 1042 2010 stilopus
1084 1921 1200 2016 est,
1240 1921 1487 2010 adjutore
1536 1955 1634 1994 suo
1677 1939 1744 1992 ad
1789 1937 2078 2007 coquinam

495 2032 734 2095 festinat,
761 2041 819 2086 ut
840 2049 960 2103 qua:
993 2032 1100 2088 illis
1131 2033 1183 2087 in
1215 2025 1396 2090 cibum
1425 2042 1555 2088 sunt
1586 2033 1917 2096 necessaria,
1948 2041 2082 2085 tem-

489 2125 701 2193 pestive
731 2123 942 2180 afl‘erat.

561 2214 714 2292 Quod
753 2215 815 2292 si;
844 2216 1158 2290 mandatum
1189 2225 1273 2273 est
1316 2218 1610 2290 agendum,
1642 2201 1810 2272 ﬁnitis
1840 2214 2083 2286 vcsperis
2128 2263 2150 2284 ,

489 2313 546 2360 et
596 2308 836 2376 cancris,
870 2324 988 2378 qute
1031 2318 1346 2384 sequuntur
1369 2307 1730 2381 appenditiis,
1760 2317 1816 2362 ιιι
1861 2307 2084 2362 ahhmnt

490 2399 656 2466 pedes
679 2413 890 2478 eorum,
917 2402 994 2456 ire
1020 2389 1445 2469 nou'diﬂ‘erunt;
1476 2401 1619 2472 quod
1650 2411 1830 2456 tamen
1866 2401 1918 2456 in
1947 2402 2085 2468 Qua-

491 2489 797 2566 dragesinta
847 2502 966 2560 post
1015 2493 1302 2562 prandium
1363 2493 1609 2558 faciunt;
1662 2493 1904 2564 quotidie
1952 2508 2084 2550 vero

490 2583 752 2651 prazdicto
787 2595 1058 2654 tempore,
1086 2573 1176 2656 qui
1211 2585 1418 2653 volunt,
1458 2585 1710 2641 coctnras
1741 2601 1867 2640 suas
1893 2589 2084 2656 przevi-

491 2674 760 2752 deut,pvel
796 2677 861 2730 ad
893 2678 1230 2754 necessarias
1269 2665 1510 2746 vadunt,
1536 2688 1594 2733 ttt
1622 2694 1744 2734 cum
1773 2677 1863 2733 ille
1900 2693 2084 2733 rever-

493 2765 624 2820 titur
655 2768 1005 2843 relicere'uon
1031 2780 1330 2826 morentur.

566 2857 710 2929 (ω.)
737 2859 837 2938 Qui
861 2860 1066 2938 absque
1105 2863 1442 2918 comestione
1483 2861 1667 2918 carnis
1705 2873 1991 2918 morantur
2028 2863 2080 2917 in

493 2949 659 3003 domo
707 2937 1072 3018 inﬁrmorum,
1124 2949 1220 3010 nec
1267 2964 1395 3010 sunt
1427 2939 1585 3025 hujus
1634 2954 1993 3023 valetudinis,
2028 2965 2084 3010 ut

489 3043 781 3119 eum-aliis
831 3043 882 3118 in
929 3045 1219 3119 refector‘io
1257 3029 1545 3101 comedere
1594 3047 1827 3116 possint,
1877 3047 2081 3102 eisdem

495 3117 816 3190 reﬁciuntur
845 3117 1239 3192 memoriast"
1279 3137 1704 3208 Quadragesima
1738 3154 1866 3194 vero
1892 3155 2083 3196 omnes

495 3225 698 3297 infirmi
729 3236 858 3304 post~
894 3227 1245 3304 Evangelium
1277 3228 1460 3304 statim
1500 3244 1756 3299 vesperos
1781 3240 2000 3286 cantant
2028 3240 2085 3285 et

495 3315 614 3372 sine
647 3333 794 3372 mora
832 3301 896 3372 ad
933 3333 1176 3372 mensam
1214 3301 1496 3374 accedunt.
1543 3317 1676 3374 Nam
1721 3305 1844 3389 post
1887 3336 2083 3376 nouam

495 3411 762 3480 psalmum
816 3411 976 3488 Deus.
1011 3398 1500 3492 auribua'nostris,
1550 3416 1867 3469 cantabunt.
1921 3415 2084 3469 Extra

495 3498 994 3574 Quadragesimam,
1019 3503 1062 3557 si
1087 3491 1340 3559 evenerit
1360 3495 1610 3576 generale
1635 3505 1919 3576 jejunium,
1945 3515 2003 3560 ιιι
2031 3506 2082 3560 in

495 3593 730 3663 quatuor
779 3581 1144 3665 temporibus,
1197 3581 1356 3665 (εὰν.)
1403 3598 1529 3674 item
1569 3608 1689 3669 post
1737 3599 2085 3671 Evangeliuu‘t

497 3687 718 3767 majoris
748 3687 929 3741 missae
957 3697 1178 3742 cantant
1209 3703 1403 3744 nonam
1435 3699 1488 3745 et
1527 3691 1795 3746 reﬁciunt.
1881 3681 1884 3686 ’
2060 3697 2067 3706 ’

496 3851 502 3861 Ι
568 3777 727 3832 Tales
772 3787 900 3850 sunt
947 3780 1236 3849 aliquando
1285 3769 1504 3848 inﬁrmi,
1560 3783 1652 3852 qui
1704 3781 1935 3854 amplius
1976 3796 2084 3837 non

497 3877 699 3922 exeunt
727 3869 793 3924 de
830 3869 1236 3950 inﬁrmaria,let
1273 3872 1378 3936 his,
1411 3872 1454 3926 si
1486 3882 1664 3927 tamen
1691 3873 2081 3941 convaluerint,

495 3960 827 4022 conceditur.
862 3969 1106 4017 utlmaue
1137 3962 1360 4017 sedeant
1388 3962 1439 4016 in
1481 3972 1774 4029 conventu,
1804 3964 1870 4018 ad
1903 3974 2080 4018 matu-

499 4048 720 4104 tinaleut
746 4051 966 4106 missam
996 4052 1048 4105 in
1076 4067 1174 4108 suo
1197 4053 1390 4113 ordine
1417 4051 1671 4117 oﬁeraut,
1701 4053 1766 4107 ad
1789 4053 2082 4122 capitulum

489 4141 736 4209 veniant,
782 4151 836 4196 et
880 4153 1059 4198 tamen
1103 4159 1225 4198 cum
1273 4145 1396 4199 aliis
1443 4144 1672 4199 inﬁrmis
1718 4141 2084 4200 comedantct

491 4231 708 4304 radunt,
737 4241 787 4287 et
837 4241 894 4287 ut
930 4221 1206 4292 diurnales
1235 4234 1447 4292 calceos
1480 4251 1584 4290 non
1630 4236 1874 4301 induant,
1909 4249 2083 4304 neque

488 4323 738 4404 cultellos
760 4341 952 4398 secum
1001 4337 1241 4396 portent.
1275 4329 1310 4389 1‘
1338 4327 1402 4383 lli
1439 4313 1709 4382 fuimirum
1758 4341 1973 4397 semper
2013 4327 2082 4382 ad

491 4414 1036 4498 SanctanrMariaut
1061 4437 1258 4492 corpus
1295 4421 1509 4476 Domini
1553 4422 1847 4492 accipiunt,
1893 4421 1994 4476 nisi
2026 4421 2079 4476 in

491 4521 784 4575 parasceve
813 4517 994 4584 :‘tunc
1021 4511 1168 4566 enim
1201 4501 1252 4566 in
1292 4511 1481 4582 majori
1511 4512 1765 4579 ecclesia,
1804 4513 1945 4568 sicut
1989 4513 2078 4568 alii

485 4599 1018 4671 consuctmliualiter
1053 4605 1476 4660 communicant.
1522 4606 1600 4661 llli
1641 4622 1790 4673 vero,
1835 4607 1927 4678 qui
1973 4607 2084 4664 illic

484 4686 576 4764 _vel
608 4689 783 4758 gratia
819 4695 1220 4762 repausatiouis
1268 4699 1334 4750 ad
1384 4707 1594 4768 tempus
1646 4710 1952 4765 morantur,
1998 4699 2083 4756 vel

492 4781 675 4836 carnis
700 4785 1033 4840 εοιιιθοιὶοιιο
1063 4797 1402 4854 recreantur,
1427 4789 1530 4845 nisi
1557 4790 1623 4846 de
1646 4792 1902 4847 maximis
1927 4793 2085 4862 quiu-

485 4887 600 4941 _que
633 4871 1020 4932 festivitatibus
1064 4880 1245 4951 aliqua
1277 4881 1648 4953 superveniat,
1701 4885 2083 4941 communione

493 4968 654 5020 sinunt
703 4976 759 5022 et
802 4971 1144 5048 confessione
1180 4957 1482 5044 privamur.
1523 4974 1677 5032 Tunc
1722 4969 1959 5048 namque
2002 4979 2083 5032 in-

482 5051 737 5126 _lirmario
761 5053 876 5110 sive
905 5051 1184 5126 capellauo
1213 5053 1271 5113 S.
1297 5058 1480 5114 Maria:
1517 5059 1568 5115 in
1601 5061 1900 5118 inﬁrmat-ia
1935 5063 2084 5134 quis-

485 5158 596 5214 que
625 5157 751 5228 ante
798 5147 993 5203 lectum
1019 5166 1198 5228 suum
1229 5150 1542 5206 conﬁtetur.
1570 5152 1703 5208 Nam
1731 5167 1952 5226 propter
1979 5156 2082 5210 hoc

482 5245 602 5308 tam
629 5225 690 5294 in
730 5224 1025 5298 dominicis
1063 5229 1234 5320 quam.
1267 5243 1319 5298 in
1349 5231 1626 5315 prmdictis
1655 5246 1807 5304 festis
1851 5249 1969 5303 duae
1996 5239 2080 5302 vel

483 5338 759 5401 quotquot
788 5351 885 5410 res
915 5333 1104 5412 exigit,
1139 5333 1339 5390 ibidem
1368 5348 1760 5394 consecrantur
1788 5329 2005 5394 oblatm.

487 5487 494 5500 ἱ
565 5419 706 5502 (μη.)
733 5423 787 5478 Si
827 5440 960 5479 vero
1003 5424 1288 5482 manifeste
1319 5429 1467 5484 tanta
1489 5417 1580 5487 est
1602 5429 1830 5498 alicujus
1853 5429 2080 5485 inﬁrmi-

483 5519 598 5590 .tas,
638 5503 757 5595 quae
793 5532 900 5570 non
952 5519 1178 5574 nudtum
1227 5505 1453 5592 impedit
1477 5525 1741 5582 virtutem
1774 5523 1990 5594 jejunii,
2020 5533 2080 5602 ιιι

489 5617 578 5684 est
619 5607 840 5672 amissio
873 5620 980 5691 aut
1013 5613 1217 5670 orbitas
1246 5601 1550 5685 oculorum,
1597 5626 1866 5672 conventu
1912 5601 2079 5673 seu-.el

493 5698 831 5778 conlcdctltc‘,
871 5702 994 5784 ipse
1037 5719 1252 5774 quoque
1279 5709 1459 5786 semel
1487 5707 1776 5764 comedere
1814 5725 1920 5763 neu
1955 5724 2078 5778 pro-

485 5790 732 5885 .hibctu-r,
763 5793 778 5813 ‘
807 5795 896 5865 qui
927 5805 978 5853 et
1015 5797 1262 5867 interim,
1294 5803 1420 5857 dum
1453 5803 1540 5861 alii
1574 5801 1772 5863 ittﬁrn'ti
1821 5803 2072 5859 reficiun-

2182 562 2363 616 missa:
2405 560 2700 632 Evangelio
2739 562 3002 615 reficitur.
3053 559 3208 626 Quod
3252 561 3296 614 si
3345 561 3422 615 bis
3463 566 3700 620 comedere

2179 653 2453 721 habuerit,
2483 666 2768 724 pos:quam
2799 653 2865 706 ad
2894 653 2994 708 hoc
3022 667 3120 722 per
3142 651 3490 706 iuﬁrmariuut
3513 669 3536 706 a
3555 657 3698 723 priore
3735 683 3741 702 λ

2181 744 2454 798 licentiam
2485 745 2772 814 acceperit,
2800 743 3054 814 deinceps
3091 739 3307 814 quoties
3343 742 3453 796 vult
3478 759 3583 798 cum
3606 746 3698 803 aliis

2182 834 2368 891 reﬁcit.

2179 989 2186 993 ,
2257 931 2393 999 (om)
2411 929 2516 984 Sed
2544 938 2602 984 ut
2629 930 2845 984 redeam
2872 929 2938 984 ad
2964 925 3352 983 inﬁrmarium:
3379 927 3442 982 ad
3464 937 3700 987 nocturnos

2184 1019 2341 1076 factis
2366 1021 2702 1074 orationibus
2730 1021 2928 1090 accipit
2955 1020 3300 1084 abseonsam,
3325 1027 3380 1072 et
3403 1019 3577 1074 circuit
3600 1021 3699 1078 lecta

2181 1113 2421 1170 ninnium
2455 1112 2820 1175 inﬁrmorum,
2849 1121 2904 1165 ut
2942 1113 3145 1177 videat,
3183 1111 3228 1166 si
3259 1112 3381 1182 quis
3409 1126 3578 1165 eorum
3605 1130 3695 1168 nun-

2182 1187 2322 1281 tum
2355 1206 2656 1260 surrexerit
2705 1215 2756 1260 et
2807 1193 3031 1275 propter
3068 1204 3195 1276 quid
3243 1205 3567 1259 remanserit.
3610 1204 3702 1260 Inde

2184 1309 2436 1373 reversus
2474 1297 2542 1349 ad
2570 1295 2833 1366 capellam
2869 1306 2978 1350 tam
3020 1297 3267 1351 inﬁrmos
3309 1311 3463 1366 quam
3501 1297 3612 1351 bene
3635 1301 3686 1352 ita

2179 1390 2373 1446 bentes
2411 1388 2482 1443 ibi
2513 1387 2835 1465 perlustrat,
2871 1399 2925 1442 et
2957 1388 3002 1444 si
3037 1404 3198 1459 quem
3229 1381 3566 1450 dormientem
3591 1390 3702 1442 iuvr-

2183 1485 2350 1548 nerit,
2376 1483 2525 1538 illum
2552 1484 2756 1538 excitat
2784 1483 2835 1538 iu
2869 1499 3024 1538 muro
3052 1481 3134 1536 vel
3167 1483 3220 1536 in
3250 1481 3420 1536 forma
3442 1482 3705 1554 absconsum

2182 1577 2465 1655 trahendo.
2494 1576 2695 1631 Eadem
2736 1576 2962 1630 circatio
2997 1575 3364 1655 .nihilominus
3411 1573 3496 1628 ﬁet
3521 1577 3706 1628 secundo

2181 1649 2448 1722 nocturno
2502 1681 2643 1736 pene
2693 1666 2845 1720 ﬁnito
2901 1674 2957 1720 et
2997 1649 3143 1720 infra
3189 1655 3528 1719 matutinales
3566 1664 3707 1719 laudes

2181 1759 2248 1820 ad
2289 1759 2540 1813 ultimum
2576 1756 2864 1834 psalmtnu.
2899 1756 2981 1811 Ad
3008 1771 3131 1814 eum
3163 1770 3380 1825 quoque
3407 1755 3628 1824 pertinet,
3651 1765 3709 1820 ut,

2184 1852 2228 1906 si
2257 1851 2380 1921 quis
2407 1851 2472 1904 de
2499 1850 2638 1905 lecto
2673 1864 2901 1918 surgere
2928 1863 3034 1902 non
3065 1857 3268 1927 potest,
3301 1863 3502 1902 suntme
3529 1847 3710 1902 diluculo

2183 1957 2306 1997 cum
2334 1940 2620 1996 cellerario
2640 1941 2819 1995 veniat
2847 1940 3010 2010 (sicut
3039 1949 3094 1994 et
3127 1939 3178 1992 itt
3223 1938 3330 1992 alio
3361 1937 3472 1992 loco
3493 1937 3590 2006 jatu
3615 1954 3699 2007 pra:

2183 2033 2316 2104 divi)
2346 2042 2404 2087 nt
2434 2049 2574 2088 cuur
2599 2047 2665 2087 eo
2693 2030 3010 2110 concordet,
3043 2031 3175 2102 quid
3206 2031 3275 2086 ad
3297 2029 3413 2100 ejus
3438 2041 3710 2102 praeparetur

2184 2127 2604 2182 recreatiouem.
2784 2109 2787 2110 ν
3771 2109 3778 2116 ’

2773 2258 3005 2317 CAPUT
3040 2259 3174 2315 LVI.

2221 2373 2338 2440 Quo
2366 2373 2551 2428 ordine
2575 2372 2784 2443 inﬁrmo
2815 2373 2868 2428 in
2897 2373 3028 2426 lcc‘to
3051 2371 3257 2441 jarentt'
3279 2388 3459 2430 cursu:
3478 2382 3691 2428 cantetur.

2254 2467 2272 2507 ³
2304 2488 2409 2542 Pro
2446 2488 2752 2560 hujusntodi
2794 2469 3011 2546 inﬁrmo
3058 2489 3370 2560 designabit
3417 2490 3552 2560 prior
3587 2505 3716 2542 unum

2187 2579 2268 2633 vel
2307 2580 2441 2634 duos
2484 2596 2550 2633 ex
2587 2579 2689 2646 cis,
2739 2581 2940 2651 quibus
2989 2595 3310 2637 concessum
3358 2589 3437 2637 est
3473 2580 3715 2652 regularem

2183 2689 2402 2729 cursum
2435 2673 2502 2727 ad
2531 2672 2589 2728 S.
2620 2673 2846 2728 Mariam
2876 2675 3088 2743 audire,
3118 2676 3208 2730 oui
3240 2675 3314 2730 illi
3348 2682 3552 2730 cantent
3575 2674 3717 2734 horas,

2185 2769 2425 2838 quaudiu
2488 2767 2594 2822 illis
2648 2769 2897 2834 videtur;
2956 2751 3189 2838 quorum
3247 2766 3389 2822 alter
3415 2767 3483 2822 sit
3518 2765 3717 2822 saccrulot

2186 2869 2281 2914 aut
2308 2859 2600 2934 diaconus,
2632 2869 2918 2938 propterea
2957 2876 3076 2930 quae
3114 2859 3167 2914 in
3197 2859 3480 2914 duodecim
3523 2851 3712 2912 lectioni-

2181 2951 2301 3022 bus.
2334 2952 2403 3028 ibi
2455 2953 2678 3024 legenda
2723 2961 2874 3030 sunt.
2919 2951 3073 3020 Quod
3115 2953 3162 3010 si
3204 2951 3340 3006 tales
3371 2951 3443 3006 ibi
3475 2965 3567 3004 non
3604 2949 3714 3003 iuve-

2183 3043 2428 3109 niuutur,
2461 3045 2594 3098 duos
2623 3043 2820 3106 fratres
2844 3043 3239 3114 aliquantulum
3269 3042 3633 3114 provectiores,
3653 3040 3720 3109 qu‘

2188 3134 2262 3189 illi
2292 3151 2389 3204 per
2413 3145 2580 3197 totam
2609 3136 3004 3192 hebdomadam
3032 3135 3314 3206 regulares
3345 3135 3506 3190 horas
3529 3143 3720 3192 cantent.

2156 3217 2521 3302 ‘Iuitoquoqtie
2543 3217 2782 3284 sabbato
2815 3230 3106 3299 deputandi
3140 3238 3264 3282 sunt
3297 3241 3326 3280 a
3359 3228 3552 3297 priore,
3575 3227 3720 3282 admo-

2187 3331 2353 3375 nente
2401 3336 2565 3391 super
2609 3321 2714 3377 hoc
2755 3315 2950 3393 ipsum
2999 3313 3327 3377 inlirmario.
3376 3320 3475 3388 Qui
3523 3319 3720 3374 videlicet

2188 3411 2387 3468 fratres
2434 3421 2685 3483 tempora
2740 3416 2806 3470 ad
2857 3415 2960 3470 hoc
3004 3424 3209 3482 statuta
3257 3413 3538 3484 diligenter
3569 3412 3723 3469 debent

2186 3505 2502 3571 observare,
2551 3507 2759 3562 scilicet
2804 3517 2864 3563 ut
2914 3508 2967 3564 in
3011 3509 3250 3578 privatis
3295 3506 3542 3564 nectibus
3575 3507 3722 3561 tamin

2186 3599 2381 3668 hyeme
2442 3614 2604 3669 quam
2656 3610 2850 3656 aestate
2907 3601 3148 3656 secumlo
3201 3595 3470 3657 nocturno
3505 3617 3611 3656 cum
3651 3613 3722 3652 sua

2185 3677 2412 3746 collecta
2450 3690 2642 3758 ﬁnito,
2691 3690 2743 3745 in
2777 3691 3061 3756 duodecim
3101 3707 3232 3748 vero
3280 3690 3725 3757 lectionibusdicm

2186 3779 2410 3852 hymno,
2448 3781 2519 3836 Te
2562 3783 2706 3836 decet
2739 3781 2880 3850 laus,
2921 3799 3044 3840 cum
3079 3785 3308 3840 collecta
3340 3793 3602 3854 sequente,
3627 3791 3725 3835 ante

2183 3881 2240 3928 et
2263 3883 2410 3928 retro
2439 3871 2700 3928 facientes
2731 3872 2864 3940 illuc,
2878 3874 3063 3929 venire
3100 3891 3206 3929 non
3237 3874 3476 3940 tardent,
3497 3873 3575 3945 qui
3597 3886 3724 3926 cursu

2186 3963 2423 4035 regulari
2465 3964 2791 4024 indirectum
2842 3975 3162 4037 percautato
3188 3967 3256 4021 ad
3291 3965 3351 4022 S.
3388 3965 3595 4020 Mariam
3625 3977 3724 4017 con-

2183 4057 2368 4111 ventui
2401 4069 2460 4111 se
2483 4056 2716 4127 jungere
2736 4057 2958 4124 debent,
2983 4060 3028 4115 si
3057 4058 3177 4115 ﬁeri
3201 4068 3404 4131 potest.
3434 4060 3512 4114 Ad
3536 4058 3725 4126 reliquas

2183 4161 2313 4202 vero
2348 4149 2512 4204 horas
2541 4143 2802 4206 dechoro
2838 4167 2944 4206 non
2985 4160 3210 4218 exeunt,
3237 4147 3351 4207 nisi
3392 4163 3510 4224 post
3545 4149 3724 4204 Benedi-

2179 4228 2365 4296 camus
2394 4241 2623 4297 Domino
2647 4256 2666 4296 :
2691 4242 3118 4315 Completoriqu
3158 4245 3228 4301 ab
3257 4247 3339 4302 eis
3367 4258 3540 4302 tamen
3566 4244 3725 4312 excipi-

2177 4341 2302 4412 tur;
2335 4333 2463 4405 quia
2509 4334 2847 4392 iulirmarius
2880 4348 3172 4408 procurat,
3207 4348 3265 4393 nt
3302 4339 3372 4394 ab
3408 4339 3577 4409 aliquo
3611 4336 3726 4390 iutir-

2185 4439 2398 4482 morum
2444 4424 2834 4496 ibicantetur.
2882 4428 3036 4494 Quod
3076 4429 3168 4499 qui
3208 4430 3541 4493 cantavcrit,
3581 4426 3724 4496 cujus-

2115 4537 2160 4592 ι)
2185 4529 2400 4585 cunque
2439 4517 2508 4572 sit
2541 4517 2787 4583 ordinis,
2826 4518 2990 4572 etiam
3033 4517 3482 4593 benedictionem
3512 4516 3724 4585 adjttugil.

2255 4606 2502 4663 Pmdicti
2549 4620 2732 4674 autem
2775 4608 2976 4665 fratres
3015 4611 3068 4666 in
3113 4612 3402 4684 duodecim
3455 4610 3726 4667 lectionibus

2183 4695 2238 4750 in
2288 4705 2477 4751 testate
2526 4711 2743 4768 quoque
2801 4707 2913 4754 tota
2963 4708 3016 4755 et
3063 4700 3117 4756 in
3167 4700 3377 4757 octavis
3426 4702 3619 4757 tertiam
3647 4712 3725 4750 ttra

2183 4803 2304 4843 cum
2351 4789 2523 4859 prima
2571 4789 2746 4845 eidem
2794 4791 3047 4858 inﬁrmo,
3103 4804 3328 4865 propter
3372 4791 3724 4864 anticipandutu

2181 4882 2494 4951 prandium,
2523 4892 2769 4938 cantant.
2788 4881 3056 4960 Tempore
3081 4887 3247 4942 etiam
3278 4887 3510 4960 hycmali
3536 4896 3727 4961 quoties-

2177 4989 2398 5046 cunque
2431 4974 2772 5036 intervallum
2808 4981 3009 5049 agitur,
3033 5043 3036 5048 η
3057 4982 3290 5050 primam
3330 4980 3613 5044 matutinis,
3641 4981 3726 5032 sitt-

2181 5063 2321 5136 gulis
2351 5075 2532 5121 autem
2559 5059 2915 5134 diebus,cum
2939 5071 3110 5126 semel
3139 5072 3407 5146 reﬁcitur,
3425 5073 3522 5127 nisi
3551 5069 3726 5140 quando

2173 5155 2378 5238 fratres
2409 5159 2788 5230 n=eridiantur,
2825 5178 3022 5240 nouam
3051 5174 3221 5220 sextae
3249 5165 3561 5238 adjungunt.
3585 5163 3632 5218 Si
3650 5161 3726 5214 ali-

2179 5248 2303 5330 quis
2334 5249 2585 5308 inﬁrmus
2617 5263 2722 5320 est,
2753 5256 2841 5324 qui
2877 5256 2931 5311 in
2970 5256 3112 5313 lecto
3154 5273 3260 5312 non
3285 5257 3463 5329 jacet,
3494 5267 3543 5314 et
3579 5266 3724 5310 tamen

2173 5341 2424 5414 jejunare
2476 5333 2580 5404 nou
2630 5347 2794 5415 valet,
2851 5349 3086 5417 tertiam,
3119 5351 3164 5407 si
3191 5363 3276 5407 est
3313 5353 3608 5416 litteratus,
3651 5361 3726 5420 per

2179 5436 2417 5514 scipsum
2447 5451 2662 5507 cantat;
2695 5431 3012 5512 sin-antem,
3037 5444 3106 5500 ab
3139 5445 3357 5504 inﬁrmo
3383 5427 3555 5516 aliquo
3592 5439 3725 5512 (quod

2177 5539 2236 5599 et
2261 5530 2476 5587 cuilibet
2511 5523 2938 5599 eorum'tardius
2968 5537 3034 5591 ad
3058 5537 3323 5608 capellam
3353 5537 3597 5603 venienti,
3631 5533 3722 5588 lici-

2182 5630 2293 5674 tum
2325 5621 2429 5692 est)
2455 5624 2741 5690 auscultat,
2765 5635 2814 5680 et
2843 5623 3110 5696 prandere
3137 5627 3340 5683 diutius
3363 5643 3462 5684 non
3491 5617 3667 5688 tardat,
3688 5620 3722 5676 si

2183 5720 2360 5766 tamen
2403 5713 2469 5768 ab
2500 5713 2796 5772 inﬁrmario
2829 5717 3102 5773 licentiam
3138 5729 3444 5789 acceperat.
3482 5717 3549 5770 At
3583 5717 3624 5770 si
3647 5727 3724 5784 pro

2181 5803 2406 5876 alicujus
2458 5806 2629 5862 morbi
2680 5808 2916 5865 remedio
2959 5809 3063 5863 tale
3113 5809 3241 5880 quid
3284 5824 3494 5866 sumere
3539 5819 3724 5863 necesse

2109 3185 2154 3246 C
