3886 6308
106 381 214 440 H25

988 388 991 391 ‘
1072 373 1491 435 CONSTITUT.
1515 378 1838 438 lllﬂSAUG.
1883 414 1948 424 --
1977 383 2106 441 LIB.
2135 386 2196 443 ll.

3172 403 3318 461 H26

105 494 325 557 ltabuerit,
361 501 479 546 tun.“
515 507 608 562 pro
636 491 737 546 hac
778 507 833 546 re
865 491 1115 559 tertiam,
1143 492 1186 546 si
1224 492 1398 547 visum
1431 493 1626 563 fuerit,
1659 503 1705 557 Α
1732 499 2082 568 quantitatis,
2133 504 2468 559 infit-marios
2512 508 2838 563 servandum
2874 512 3103 582 reponit.
3139 512 3316 571 [labet

104 605 184 642 ttott
206 584 503 653 expectabit.

618 673 728 728 ω’
758 673 848 729 U'r
889 674 1043 729 Lvu.
1108 656 1117 665 ’

362 767 488 822 Item
516 769 578 820 de
604 770 912 836 infiruu.r:'o,
939 787 1026 822 seu
1054 769 1300 838 inﬁrmis.

152 862 348 932 (UD.)Ad
372 863 551 914 horam
582 871 974 931 enn'petentetn
1009 863 1221 915 infirma
1234 863 1342 915 ritts
1360 862 1533 932 pergit
1557 861 1623 916 ad

100 960 331 1025 coquinum
354 952 505 1007 officii
530 953 631 1019 sui,
661 964 712 1005 ut
749 951 923 1006 focum
954 954 1134 1017 faciat,
1158 963 1211 1005 ct
1235 969 1354 1021 qum
1380 958 1618 1023 paranda

100 1056 213 1111 sunt,
241 1053 505 1115 praeparet.
538 1044 615 1098 Ad
641 1044 825 1097 horam
860 1044 1171 1097 refectionis
1204 1044 1402 1097 infirmi
1432 1045 1618 1099 statim

99 1142 146 1194 ad
178 1139 485 1204 lavatorimu,
516 1138 655 1206 quod
706 1149 786 1193 est
835 1140 885 1192 in
920 1140 1165 1194 claustro
1216 1156 1404 1194 eorum
1438 1141 1620 1195 diver-

100 1243 253 1295 teutes,
283 1240 331 1284 et
364 1231 449 1298 qui
478 1231 656 1285 volunt
696 1233 746 1285 iu
778 1242 927 1295 cote,
958 1242 1079 1301 qua:
1111 1232 1161 1287 in
1190 1243 1379 1288 catena
1419 1235 1616 1289 ibidem

92 1326 250 1396 jugiter
273 1326 474 1394 pendet,
502 1326 704 1381 cultros
739 1342 868 1379 suos
900 1335 1122 1390 acuunt,
1157 1328 1174 1346 ⁶
1203 1328 1391 1396 siCque
1422 1328 1615 1398 singuli

95 1422 143 1472 ait
174 1436 355 1473 mensas
384 1419 622 1489 singulas
650 1419 933 1473 accedunt.
966 1418 1021 1473 Si
1057 1420 1146 1488 qui
1181 1429 1323 1486 sunt,
1350 1414 1452 1490 “ﬁni
1490 1436 1617 1475 ear-

95 1515 213 1566 nibus
237 1522 529 1576 vescuntur,
562 1512 630 1565 ab
662 1512 780 1565 aliis
811 1513 1112 1582 separatim
1155 1511 1451 1567 consedere
1480 1496 1615 1583 prae-

94 1606 328 1673 ripinutttr.
355 1606 479 1659 Nam
513 1622 582 1659 ne
614 1614 831 1675 propter
854 1606 1095 1660 diversas
1122 1605 1460 1661 infirmitates
1490 1622 1614 1661 suas

94 1701 141 1749 ab
162 1698 358 1750 iuviretn
385 1706 699 1767 graventur,
738 1697 790 1751 in
822 1697 1051 1753 diversis
1093 1697 1341 1751 dotnibus
1378 1698 1479 1752 sub
1507 1713 1613 1751 uno

93 1790 268 1842 il'tilﬁCin
324 1790 715 1843 coharrentihus
779 1791 1108 1857 sequestrati
1182 1800 1609 1847 commorantur.

97 1883 178 1936 l'ua
212 1894 368 1937 autem
407 1885 596 1938 donius
626 1884 690 1938 ad
722 1885 822 1939 hoc
852 1886 1201 1957 singulariter
1229 1897 1314 1941 est
1338 1889 1609 1958 deputata,

92 1986 129 2027 ιιι
151 1975 427 2045 famuli,‘qui
459 1978 688 2031 infirmis
714 1976 1105 2048 obsequuntur,
1134 1980 1183 2034 in
1215 1997 1276 2034 ea
1316 1981 1609 2047 dormiant,

92 2066 233 2117 ιειιτιςιιιι
268 2077 319 2120 ιιι
343 2108 355 2127 ,
399 2067 655 2121 scutellas
686 2068 927 2133 abluant,
961 2085 1185 2139 aquam,
1222 2087 1326 2140 qtta
1370 2070 1609 2126 defuncti

93 2158 303 2222 lavamur,
329 2158 648 2213 calefaciaut
676 2158 742 2215 Aet
782 2159 1011 2215 fratrum
1063 2162 1339 2217 coctioues
1384 2163 1608 2218 faciant.

92 2251 157 2303 Et
184 2253 303 2305 enim
352 2250 416 2307 ibi
463 2254 686 2324 quidam
739 2253 890 2309 locus
944 2255 995 2309 in
1043 2257 1221 2312 medio
1253 2266 1463 2327 patens,
1516 2258 1611 2314 sed

90 2344 271 2411 inutiqae
314 2346 717 2410 cireumteetus,
759 2346 811 2401 iu
862 2362 969 2417 quo
1022 2348 1198 2404 solent
1224 2362 1225 2365 ‘
1256 2350 1455 2407 fratres
1482 2368 1607 2407 san-

89 2439 254 2505 guinem
281 2441 529 2509 utiuucre,
568 2452 824 2497 cocturas
849 2458 975 2499 suas
1006 2444 1210 2509 videre,
1245 2447 1373 2501 item
1412 2448 1610 2517 quiltus

88 2544 187 2596 rptts
214 2542 303 2601 est,
348 2535 501 2589 tibias
546 2534 886 2591 intirmantes
929 2550 1067 2607 aqua
1121 2537 1309 2610 frigida
1342 2540 1523 2595 lavare
1558 2549 1612 2596 et

88 2637 258 2693 ungere.

137 2718 404 2792 (ro.)(ear.)
446 2721 699 2789 Fercnla,
726 2724 1096 2795 quaa'jnfirmis
1121 2726 1434 2796 apponenda
1462 2735 1606 2789 sunt,

88 2816 167 2862 tam
194 2810 288 2877 his,
325 2814 409 2881 qui
437 2817 624 2871 carnis
662 2816 1013 2872 refectionem
1064 2816 1285 2879 habent,
1318 2831 1477 2885 quam
1516 2817 1607 2887 qui

88 2918 131 2954 ea
170 2907 355 2970 carem",
403 2907 516 2977 ipse
566 2908 908 2964 infirmarius
951 2924 1074 2964 cum
1126 2908 1459 2977 adiutoribus
1497 2911 1609 2965 suis

89 3005 280 3063 apportat
317 3006 367 3052 et
412 2998 670 3070 apponit;
721 2999 909 3054 famuli
950 3013 1168 3070 quoque
1218 2999 1471 3054 similiter
1515 3016 1609 3070 ap-

84 3096 270 3151 portant,
319 3089 406 3143 sed
454 3105 563 3144 non
603 3098 901 3161 apponunt.
933 3090 1108 3145 'Cutn
1156 3087 1458 3157 huiusmodi
1515 3108 1609 3162 ap-

87 3179 234 3243 positio
281 3181 556 3252 incipitur,
592 3183 675 3240 vel
727 3183 860 3254 ipsis
910 3181 1143 3237 inﬁrmis
1170 3181 1253 3237 vel
1310 3181 1607 3237 iufirmario

86 3263 322 3325 Brneitictte
374 3274 798 3343 pronuntiante,
856 3272 1160 3328 benedictio
1216 3287 1378 3342 super
1424 3274 1602 3328 cibum

86 3361 234 3425 agitur.
264 3362 355 3431 Qui
406 3362 697 3423 lectionem
734 3376 864 3422 ante
898 3366 1080 3422 cibum
1130 3366 1447 3435 incmperit,
1490 3366 1604 3435 ipse

84 3466 172 3504 eam
198 3466 300 3523 post
336 3459 510 3514 cibum
545 3458 684 3514 fiuit.
728 3458 785 3513 ln
832 3458 1071 3529 quolibet
1101 3457 1382 3513 duodecim
1419 3458 1605 3512 lectio-

86 3556 177 3593 tutu!
206 3545 323 3601 festo
350 3550 411 3604 de
442 3550 561 3618 ipso
597 3547 735 3607 festo
764 3548 1077 3627 aliquid‘ibi
1121 3546 1337 3620 legitur.
1370 3546 1522 3615 Quod
1557 3547 1601 3601 si

84 3636 235 3705 aliquis
261 3642 385 3697 forte
414 3642 558 3697 inter
588 3642 1014 3698 benedicendum
1042 3640 1293 3705 defuerit,
1336 3649 1391 3695 et
1418 3647 1603 3709 postea

84 3735 416 3799 S'iltervetterit,
446 3750 570 3805 qua:
624 3750 746 3789 cum
789 3734 908 3787 aliis
968 3735 1170 3788 diceret
1220 3732 1398 3802 aliquo
1450 3731 1604 3803 adju-

84 3829 223 3880 vaute.
244 3823 347 3891 ipse
378 3825 565 3887 etiam.
598 3826 691 3880 sed
724 3824 1068 3894 suppressius
1101 3822 1361 3893 implebit.
1394 3814 1397 3815 ν

135 3909 288 3969 Nullus
314 3932 495 3970 eorum
530 3917 583 3971 iu
626 3917 741 3971 sola
768 3915 979 3971 cuculla
1008 3924 1062 3969 et
1092 3914 1303 3984 pellieio
1352 3914 1417 3969 ad
1452 3930 1605 3968 man-

83 4002 328 4062 tlurauilutu
377 4013 608 4073 sedere,
673 4025 773 4064 nec
820 4010 871 4064 iu
926 4010 1067 4064 lecto
1114 4009 1407 4080 quidquam
1459 4008 1602 4079 loqui

84 4099 323 4161 prarsumit,
352 4111 579 4171 excepto
608 4116 692 4165 eo,
727 4101 817 4170 qui
872 4108 1022 4154 tanta
1070 4100 1383 4153 infirmitate
1414 4115 1605 4169 grava-

84 4194 163 4251 tur,
191 4199 238 4243 ut
263 4202 474 4262 propter
504 4195 646 4247 hanc
685 4192 848 4246 etiam
887 4191 940 4246 in
969 4191 1107 4246 lecto
1150 4191 1385 4247 sedendo
1423 4205 1605 4245 eome-

83 4280 174 4335 ilere
195 4296 412 4354 cogatur.
444 4285 587 4342 Nulli
625 4300 813 4340 eorum
859 4284 924 4339 de
956 4283 1077 4339 cibo
1116 4282 1199 4338 vel
1243 4292 1370 4353 potu
1403 4280 1604 4335 famulo

81 4373 200 4431 alicui
227 4380 501 4450 quidquam
525 4376 835 4448 impendere
855 4377 1000 4432 licet.
1028 4377 1171 4431 Inter
1190 4376 1602 4437 comedendum,

80 4471 111 4521 δί
135 4476 347 4541 generale
374 4476 454 4531 vel
485 4474 826 4546 pulmentum
852 4474 1046 4536 datur,
1096 4470 1469 4526 benedictione
1496 4484 1603 4523 non

1706 1152 1770 1205 .ci
1822 1152 2145 1206 conficiatur
2169 1195 2183 1217 ,
2236 1158 2252 1178 ¹

1730 592 2115 659 armariolum,
2157 596 2208 650 in
2240 612 2346 667 quo
2386 599 2509 652 talia
2543 602 2820 667 recondit,
2865 614 2919 658 et
2962 606 3215 663 candelas
3258 616 3317 665 et

1729 700 1887 754 potua
1936 701 2165 756 raroque
2202 698 2293 743 aut
2340 707 2613 759 nunquam
2656 692 2891 749 defuerit
2942 696 2993 750 in
3034 714 3100 753 eo
3136 701 3312 772 piper,

1729 778 2115 844 cinamomum,
2147 782 2477 853 giugiltrum,
2516 784 2742 854 alia-que
2782 788 3011 855 radices,
3034 798 3153 861 quin
3184 794 3316 852 sunt

1727 869 1996 937 salubres,
2033 880 2084 925 ut
2134 875 2204 927 sit
2250 890 2465 945 semper
2512 876 2563 930 in
2622 887 2893 947 promptu,
2944 885 3086 950 quod
3137 876 3315 943 valeat

1727 963 1943 1018 infirmo
1976 965 2245 1036 fortassis,
2284 980 2339 1022 ιιι
2365 973 2654 1043 aliquando
2681 975 2992 1045 contigerit,
3026 980 3310 1035 subitauea

1724 1062 1975 1129 passione
2005 1078 2264 1133 percusso
2292 1065 2423 1121 dare
2455 1068 2535 1122 vel
2567 1068 2610 1122 si
2634 1064 2873 1137 expedit,
2900 1078 2954 1121 ut
2979 1060 3311 1139 pigmentuui

2301 1160 2637 1212 eamerarius
2695 1175 2799 1213 non
2860 1161 3058 1216 invitus
3110 1163 3310 1229 praebet

1723 1242 2026 1298 iufirtuarto
2071 1244 2375 1312 huiusmodi
2418 1250 2751 1305 facultatem.
2796 1251 2968 1307 liabet
3007 1261 3169 1306 etiam
3202 1253 3313 1307 ecl-

1721 1332 2023 1405 lariumﬂiu
2064 1352 2170 1405 quo
2207 1348 2386 1407 potus,
2430 1341 2520 1409 qui
2566 1343 2856 1411 supererit,
2891 1344 3151 1399 mensalia
3180 1362 3312 1413 quo-

1720 1441 1824 1494 que
1855 1437 1908 1479 ct
1940 1428 2145 1496 reliqua
2190 1429 2492 1497 huiusmodi
2531 1443 2656 1486 sunt
2681 1438 3028 1490 reservanda.
3068 1428 3309 1494 Faututis

1719 1527 1923 1583 autem,
1950 1520 2038 1587 qui
2078 1521 2309 1575 infirmis
2340 1523 2731 1591 obsequuntur,
2762 1527 2828 1581 de
2877 1526 3118 1596 reliquiis
3155 1530 3308 1583 cibo-

1718 1627 1835 1664 rum
1876 1613 2193 1682 pietantiam
2230 1616 2510 1686 impendit.
2556 1620 2629 1673 De
2660 1619 2867 1689 reliquo
2906 1620 3080 1676 reddit
3112 1639 3307 1692 panem

1718 1710 1771 1755 ct
1814 1718 2033 1757 carnem
2090 1705 2405 1772 eellerario;
2468 1710 2560 1762 sed
2624 1709 2677 1763 in
2738 1712 2819 1765 his
2866 1711 3055 1766 diebus
3111 1712 3305 1781 pauent

1720 1793 2176 1867 eleetnosyuario,
2210 1799 2428 1865 quando
2461 1800 2506 1853 ei
2534 1800 2693 1854 datur
2724 1816 2773 1856 et
2806 1804 2856 1857 iu
2888 1803 3213 1869 refeetmio;
3254 1796 3313 1859 et.

1649 1873 1691 1928 Β
1719 1885 1761 1940 si
1790 1887 1920 1955 quid
1953 1896 2037 1941 est
2067 1890 2131 1943 de
2155 1905 2319 1943 carne
2350 1900 2405 1943 ιιι
2441 1890 2546 1945 tale
2569 1893 2697 1962 quid
2731 1894 2955 1949 honeste
2982 1896 3150 1965 possit
3183 1896 3311 1949 red-4

1716 1978 1915 2045 hiberi,
1950 1981 2029 2034 eis
2061 1992 2394 2036 reservatur.

1787 2085 1875 2123 uo.
1909 2070 2089 2140 (can).
2143 2070 2295 2138 Quod
2344 2072 2389 2126 si
2422 2074 2654 2129 domnus
2684 2075 2819 2129 abba
2854 2077 2938 2130 vel
2985 2077 3132 2147 prior
3179 2087 3305 2132 sunt

1715 2161 1770 2216 in
1808 2161 2109 2217 iuﬁrmaria
2160 2172 2213 2217 et
2244 2165 2285 2218 si
2316 2181 2659 2221 counnunent
2694 2168 3041 2223 refectionem
3084 2183 3305 2240 propter

1713 2270 1805 2310 eos
1837 2257 2104 2322 omiserit,
2148 2258 2250 2313 ltoc
2294 2275 2397 2312 non
2445 2260 2682 2313 notatur.
2725 2260 2854 2315 Post
2891 2263 3303 2331 completarium

1714 2348 1964 2414 attendit,
1996 2358 2055 2402 ιιι
2085 2365 2222 2419 aqua
2270 2349 2554 2405 benedicta
2593 2363 2684 2405 aut
2712 2368 2806 2421 per
2837 2368 2915 2418 se,
2960 2365 3049 2407 aut
3078 2371 3173 2425 per
3204 2356 3305 2408 fra-

1704 2440 1852 2493 trem
1913 2441 2149 2510 aliquem
2203 2441 2313 2496 illic
2370 2443 2727 2498 dormientem
2760 2461 2855 2514 per
2901 2462 3089 2499 omues
3137 2444 3305 2502 Icelos

1715 2529 2053 2585 inlirutorum
2097 2540 2437 2601 aspergatur,
2472 2535 2713 2603 exceptis
2762 2535 3051 2590 donti..ieis
3092 2536 3313 2613 diebus.

1712 2622 1779 2677 Et
1812 2640 1932 2678 cum
1982 2625 2114 2680 hora
2154 2626 2315 2680 fuerit
2344 2668 2358 2691 ,
2392 2636 2449 2680 ut
2481 2642 2672 2681 euntes
2697 2624 2808 2693 jam
2841 2640 2899 2679 se
2931 2627 3161 2680 debeant
3193 2626 3313 2681 coli

1713 2717 1921 2772 locasse
1949 2759 1963 2783 ,
2023 2720 2138 2790 ipse
2174 2721 2253 2774 vel
2300 2721 2514 2791 adjutor
2549 2718 2665 2788 ejus
2714 2736 2837 2774 cum
2881 2719 3145 2774 absc‘ousa
3179 2720 3303 2773 dili-

1710 2822 1901 2884 genter
1945 2815 2283 2867 nccessarias
2315 2814 2623 2884 perlustrat.
2658 2814 2677 2833 θ
2710 2811 2860 2879 Quod
2912 2821 3091 2866 autem
3138 2796 3313 2866 unus?

1711 2903 1940 2973 quisque
1981 2903 2195 2958 illorum
2230 2904 2281 2958 in
2342 2905 2459 2971 die,
2499 2902 2756 2974 quOIiens
2803 2921 2938 2975 Opus
2993 2905 3191 2972 fuerit,
3246 2913 3302 2961 et

1711 3006 1836 3067 post
1862 2995 2209 3051 collationem
2254 2996 2481 3052 licenter
2516 2998 2700 3052 bibere
2745 2998 2932 3068 possit,
2976 2998 3153 3052 dicere
3193 2980 3315 3051 non"

1712 3090 1949 3158 expedit,
1985 3104 2107 3143 cum
2144 3089 2377 3143 infirmis
2406 3088 2713 3159 hujusmodi
2753 3089 2833 3143 lex
2866 3091 3037 3159 posita
3069 3106 3174 3144 non
3206 3090 3295 3146 sit.

1636 3224 1680 3286 c
1714 3181 1869 3237 Unde
1907 3183 2074 3236 etiam
2127 3182 2458 3236 ἰιιῐίι·ιι.;ιι·ἱιιε
2494 3193 2617 3253 post
2648 3182 3057 3253 contpletorium
3094 3182 3298 3255 aliquot

1704 3274 1947 3343 justitias
1994 3290 2115 3330 cum
2165 3286 2293 3345 potu
2330 3274 2381 3329 in
2434 3285 2682 3346 promptu
2735 3276 2859 3342 poni
2910 3286 3185 3346 procurat,
3239 3268 3310 3329 ut‘

1708 3367 1940 3435 quisque
1973 3380 2161 3419 eorum
2195 3350 2342 3421 sitim
2388 3366 2601 3435 patiens
2639 3366 2803 3419 etiam
2841 3366 2893 3419 iu
2933 3375 3090 3420 nocte
3121 3365 3298 3420 extin-

1707 3475 1872 3531 guere
1898 3459 2096 3513 valeat.
2127 3458 2299 3525 Quem
2322 3466 2503 3512 tamen
2534 3467 2746 3528 oportet
2778 3459 2917 3512 scire
2944 3498 2957 3521 ,
2985 3457 3126 3526 quod
3155 3458 3296 3526 apud

1707 3552 2057 3622 semetipsum
2118 3560 2326 3605 tantum
2394 3559 2521 3605 tunc
2580 3549 2839 3622 temporis
2890 3549 3050 3604 debet
3110 3559 3295 3618 potqu

1706 3644 2047 3701 benedicere.
2817 3625 2825 3633 ‘

1778 3736 1965 3790 Eidem
2018 3750 2234 3805 quoque
2284 3733 2581 3789 iufirmario
2631 3742 2714 3789 est
2758 3730 3177 3795 Observandum,
3226 3744 3295 3784 ne

1706 3828 1834 3899 quid
1876 3827 2130 3897 loquatur
2160 3827 2213 3881 iu
2249 3838 2491 3895 tempore
2526 3827 2726 3883 silentii
2769 3843 2891 3882 cum
2928 3826 3107 3895 aliquo
3144 3824 3307 3879 iutir-~

1706 3936 1815 3984 mo,
1851 3920 1952 3974 nisi
2000 3919 2141 3991 quod
2190 3920 2257 3973 ab
2307 3928 2539 3989 utroque
2589 3920 2826 3974 vicissim
2860 3918 3126 3973 insinuari
3187 3908 3311 3971 non.

1705 4010 1848 4063 valet
1895 4024 1991 4080 per
2041 4010 2274 4081 signum,
2330 4019 2578 4080 excepto,
2620 4024 2781 4081 quem
2834 4010 2955 4065 talis
3005 4007 3293 4063 infirmitas

1704 4108 1913 4172 gravat,
1967 4104 2107 4172 quod
2159 4120 2269 4173 pra:
2326 4104 2437 4173 ipsa
2488 4102 2808 4173 a‘gritudiue
2862 4104 3147 4157 observare
3187 4094 3311 4153 non

1705 4192 1901 4247 valeat.
1943 4192 2081 4247 Nulli
2115 4194 2266 4247 valde
2306 4194 2471 4247 e.iam
2503 4192 2798 4245 infirmanti
2832 4192 3035 4259 absque
3075 4190 3291 4243 lieeutia

1704 4282 1987 4336 culcitram
2032 4284 2303 4353 supponit,
2336 4293 2391 4336 et
2433 4291 2613 4336 tamen
2664 4279 2883 4335 cuilibet
2912 4277 3156 4349 jejunare
3184 4293 3291 4331 non

1705 4373 1906 4428 valenti
1935 4415 1949 4439 ,
2003 4383 2061 4427 ut
2109 4373 2245 4427 alios
2289 4374 2585 4443 praeveniat
2631 4371 2968 4443 prandendo,
3020 4370 3290 4427 concedit.

1707 4466 1941 4521 lnf‘trtuis
1966 4476 2180 4535 quoque
2211 4479 2555 4535 nequaquam
2590 4464 2927 4528 conceditur,
2963 4472 3019 4516 ιιι
3060 4463 3123 4516 iu‘
3159 4456 3309 4517 lem-'

80 4561 290 4624 privatur.
324 4565 376 4621 Si
419 4565 635 4636 quando
678 4577 842 4618 carne
872 4561 1177 4617 reficientes
1215 4576 1244 4614 a
1281 4575 1445 4615 carne
1483 4559 1604 4614 abs-
1637 4587 1681 4647 θ
1712 4573 1841 4627 pore
1877 4556 2097 4621 silentii,
2124 4566 2177 4610 et
2223 4557 2459 4611 maxime
2507 4557 2647 4611 inter
2690 4553 3079 4610 comedendum
3120 4555 3185 4607 ad
3234 4570 3292 4608 se

82 4655 252 4725 tinent,
298 4662 541 4717 eumdem
601 4660 819 4715 modum
881 4653 1229 4710 benedicendi
1291 4653 1601 4707 observant.

79 4746 467 4824 Quandocuuqne
500 4754 696 4809 fratres
730 4750 782 4805 in
820 4747 1110 4804 refectorio
1144 4743 1470 4819 generaliter
1493 4742 1602 4811 pie-

80 4844 260 4898 tantiam
288 4847 506 4911 habent,
543 4844 743 4901 infirmi
777 4856 992 4913 quoque
1022 4840 1209 4896 eadem
1247 4854 1353 4893 non
1393 4842 1601 4892 carent.

80 4930 119 4984 Si
146 4936 330 4994 interim
360 4941 484 4994 dum
508 4940 574 4995 ad
608 4951 850 4993 mensam
873 4935 1143 4998 sederent,
1176 4932 1355 4988 brevis
1379 4927 1605 4998 alicujus

77 5022 269 5081 defuncti
308 5029 528 5085 affertur
568 5039 624 5085 et
667 5026 845 5083 tabula
890 5026 957 5081 ad
992 5011 1368 5080 convocandos
1409 5024 1604 5078 fratres

76 5119 343 5185 percutitur,
386 5123 508 5177 inde
538 5136 645 5176 non
688 5125 953 5190 surgunt;
994 5116 1087 5172 sed
1132 5124 1316 5187 postea
1354 5114 1493 5169 idem
1522 5112 1604 5168 of-

77 5203 219 5263 fteiutu
274 5228 390 5268 cum
452 5214 626 5269 tribus
682 5209 1007 5265 lectionibus
1059 5214 1345 5279 peragunt.
1414 5203 1604 5259 Nullus

76 5314 225 5355 eorum
263 5305 414 5361 debet
466 5322 683 5377 surgere
721 5307 787 5360 de
832 5315 1017 5357 mensa
1043 5338 1060 5365 ,
1112 5297 1217 5351 nisi
1264 5310 1363 5367 pro
1393 5308 1602 5349 summa

75 5398 374 5464 necessitate,
417 5415 514 5455 nec
546 5413 851 5471 mapputam
887 5407 1038 5450 suam
1070 5390 1300 5461 plicare,
1348 5386 1602 5457 quamdiu

75 5484 129 5538 ibi
150 5491 370 5560 quilibet,
394 5496 553 5549 etiam
584 5494 864 5555 minimus,
893 5484 1213 5543 comederit.
1252 5481 1427 5536 Finita
1460 5480 1604 5535 refc-

75 5582 258 5649 ctioue,
307 5589 348 5641 si
389 5590 509 5659 quis
556 5589 691 5643 adeo
741 5582 939 5641 infirmi
983 5596 1087 5634 non
1128 5585 1280 5642 sunt,
1320 5581 1605 5645 surgentes

73 5670 540 5752 versumincipiunt,
561 5680 705 5752 (ιω.)
734 5691 896 5750 quem
924 5682 1102 5728 tamen
1132 5667 1283 5723 finito
1306 5667 1514 5737 psalmo
1536 5663 1603 5719 ad

74 5760 271 5822 Gloriam
308 5772 581 5828 rcsidcndo
632 5771 824 5826 finiunt
848 5783 885 5832 ;Δ
921 5763 1016 5821 sed
1054 5769 1181 5816 ante
1220 5770 1275 5815 et
1316 5767 1463 5813 retro
1493 5773 1600 5811 non

76 5853 259 5912 lati-tu.
287 5861 428 5930 Q'zol
461 5864 861 5921 comedentibus
897 5858 1192 5929 supererit,
1238 5854 1279 5908 si
1323 5853 1480 5925 hujus
1517 5861 1603 5907 cst
1649 5896 1661 5905 .

1711 4647 1943 4701 invicem
2008 4646 2210 4716 aliquid
2274 4645 2592 4716 loquantur;
2652 4647 2746 4701 sed
2801 4660 2925 4700 cum
2993 4643 3309 4698 infirtuario‘

1710 4746 1839 4792 tunc
1864 4737 2142 4806 temporis,
2171 4753 2257 4801 eo,
2288 4752 2394 4805 quo
2422 4736 2703 4806 pra-fatum
2727 4744 2832 4803 est,
2863 4736 3054 4791 ordine
3084 4734 3293 4803 absque

1708 4831 1956 4895 licentia,
2011 4846 2131 4900 qum
2158 4840 2283 4884 sunt
2317 4830 2624 4884 necessaria
2668 4829 2813 4899 loqui
2863 4845 2968 4885 non
3002 4822 3309 4899 prohiberi?

1708 4933 1813 4980 tur.
1838 4925 1951 4993 ‘lpsi
1985 4924 2149 4979 etiam
2190 4924 2243 4978 iu
2280 4923 2455 4993 capite
2481 4922 2671 4992 jejuuii
2719 4938 2823 4977 non
2864 4924 3021 4978 nudis
3068 4922 3293 4992 pedibus

1705 5018 1917 5072 cineres
1941 5016 2236 5087 accipiunt.
2268 5015 2322 5069 lu
2358 5014 2745 5069 [‘urilicatioue
2779 5013 2835 5067 S.
2866 5012 3047 5066 Maria:
3079 5018 3307 5076 eereos,‘

1705 5119 1758 5165 et
1788 5112 1839 5164 in
1881 5098 2084 5164 l‘almis
2112 5124 2292 5163 ramos
2318 5110 2617 5179 palmarum
2643 5104 2917 5161 offerendo
2940 5116 3065 5159 sunt
3091 5104 3307 5171 ultimi._

1706 5201 1761 5258 Si
1808 5204 1930 5272 quis
1965 5217 2153 5257 eorum
2196 5199 2477 5272 jejuuaudi
2530 5199 2672 5255 vires
2725 5213 2830 5251 non
2891 5196 3073 5261 habet,
3114 5196 3158 5250 is
3191 5204 3305 5249 nec

1704 5296 1916 5351 cineres
1962 5296 2212 5365 accipiet.
2256 5295 2311 5349 Si
2356 5294 2479 5363 quis
2518 5306 2705 5345 eorum
2734 5291 2897 5345 etiam
2946 5289 2999 5343 iu
3044 5288 3305 5353 Quadra-'

1704 5388 1909 5456 gesima
1965 5385 2071 5439 alio
2123 5384 2245 5439 cibo
2299 5383 2444 5438 refici
2500 5382 2664 5446 valet,
2718 5379 2858 5434 lacte
2890 5378 2973 5434 vel
3023 5379 3128 5431 alio
3164 5378 3290 5432 huic

1704 5478 1865 5533 Simili
1929 5476 2051 5530 cibo
2110 5475 2299 5529 utitur.
2357 5471 2602 5539 Qualibet
2652 5471 2737 5525 die
2791 5470 3055 5540 regularis
3096 5468 3287 5541 jejun'ii

1703 5570 1893 5624 audito
1934 5570 2091 5639 signo
2121 5567 2359 5622 secundo
2390 5567 2456 5618 ad
2491 5579 2686 5617 nouam
2716 5564 3019 5617 orationem
3059 5562 3285 5629 faciant,

1703 5664 2019 5733 priusquam
2050 5660 2331 5731 incipiant.
2371 5656 2699 5711 Vestimenta
2744 5673 2863 5722 sua,
2907 5673 3025 5726 quae
3058 5670 3290 5725 Stt‘spetz-

1705 5757 1877 5810 deuda
1908 5767 2051 5817 sunt,
2084 5754 2136 5807 in
2165 5768 2263 5808 suo
2287 5750 2525 5806 elattstro
2550 5752 2906 5821 suspenduan
2935 5750 3074 5821 quod
3102 5758 3286 5802 tamen

1705 5847 1791 5901 alii
1825 5861 1922 5917 pro
1956 5843 2159 5899 indulta
2205 5842 2375 5914 gratia
2411 5840 2478 5895 ibi
2511 5841 2865 5911 dormientes,
2908 5860 3011 5899 non
3056 5841 3284 5897 faciunt.
