3886 6308
527 273 662 330 ΙΙΞἹ

1529 259 1608 328 ‘s.
1657 271 2030 328 thlt.LEL.\il
2067 272 2360 330 ABBATIS
2400 257 2726 331 musaeo.”

3653 281 3773 334 “'23

521 390 568 446 Α
605 387 802 460 quibus
831 400 1173 456 summopere
1210 394 1265 442 et
1306 385 1412 443 hoc
1449 397 1692 452 cavetur,
1727 399 1790 442 ut
1829 403 2106 458 nunquam
2137 397 2183 452 Α
2211 391 2312 444 hoc
2342 366 2503 443 iidem
2529 387 2800 458 pineerme
2839 386 2890 441 in
2933 389 3116 457 domo,
3165 404 3270 459 qua
3303 391 3583 445 comedere
3620 397 3774 446 solent

522 482 811 542 occasione
847 479 1068 536 indultae
1100 479 1489 536 misericordia:
1515 478 1720 548 aliquid
1763 479 1871 534 illic
1906 480 2109 549 absque

524 571 743 628 licentia
781 569 1088 638 loquantur.
1140 569 1380 636 Quorum
1417 568 1580 636 etiam
1622 568 1798 622 nullus
1850 570 1918 623 ad
1958 568 2104 623 lava-

526 654 726 720 torium
758 647 1096 727 inﬁrmorum
1132 675 1323 715 manus
1353 660 1532 724 lavat;
1569 659 1669 713 nisi
1692 676 1758 714 ex
1787 661 2110 717 necessitate

525 755 732 825 aliqua,
783 764 841 808 ιιι
886 763 969 808 est
1011 752 1291 824 sanguinis
1339 753 1494 816 ﬁuor,
1528 749 1779 805 similiter
1822 752 1984 806 etiam
2034 752 2105 814 hi,

524 849 616 917 qui
663 855 942 902 coeturam
989 859 1142 897 suam
1196 853 1519 912 procurant,
1568 843 1638 897 ibi
1685 842 1956 897 lavantur.
1989 842 2112 897 Sta-

530 939 706 994 minea
737 953 830 993 sua
855 927 998 991 omni
1031 945 1270 1004 tempore
1291 945 1413 1005 post
1441 935 1735 988 matutinos
1760 950 1887 988 suos
1910 933 2108 987 inﬁrmi

524 1028 754 1086 licenter
787 1028 1035 1082 ittduuut.

1098 1114 1326 1170 CAPUT
1368 1113 1542 1168 LVlll.

772 1210 850 1264 De
881 1207 1094 1280 [.rntulis
1121 1208 1211 1278 qui
1237 1207 1462 1276 inﬁrmis
1493 1202 1865 1278 obsequuntur.

597 1301 970 1364 Fatuulorutu,
997 1299 1088 1368 qui
1120 1299 1187 1352 ad
1211 1299 1427 1351 domum
1461 1297 1794 1350 inﬁrmorum
1817 1295 2110 1366 pertinent,

525 1402 606 1448 tot
631 1409 698 1448 ex
737 1408 894 1446 more
936 1401 1084 1455 sunt,
1135 1398 1266 1457 quot
1303 1389 1368 1442 ad
1418 1388 1807 1442 inﬁrmantium
1850 1389 2109 1458 obsequia

527 1484 824 1541 Sufﬁciunt.
860 1483 998 1554 (cn)
1032 1483 1094 1537 lli
1136 1483 1178 1537 si
1209 1481 1413 1546 volunt,
1456 1481 1693 1550 quotidie
1716 1482 1780 1535 ad
1803 1481 1860 1536 S.
1891 1482 2035 1535 Mari.
2061 1499 2111 1535 tu

525 1579 748 1632 missam
792 1579 1043 1642 audiunt,
1091 1588 1388 1644 pacemque
1449 1572 1757 1642 aet-ipiuut,
1803 1583 1857 1627 et
1902 1575 2113 1643 quoties

531 1649 918 1734 iisum'fuerit,
965 1683 1164 1737 corpus
1193 1665 1402 1721 Domini
1430 1681 1644 1720 sumere
1673 1671 1938 1734 possunt.‘
1967 1668 2114 1734 Qun-

2210 482 2572 546 eonsidentes,
2597 481 2918 538 cliari‘tatem
2947 483 3156 536 bibunt.
3176 483 3368 538 Nullus
3395 493 3576 538 tamen
3603 496 3776 540 eorum

2208 573 2502 642 quidquam
2552 572 2624 627 ibi
2661 574 2729 626 de
2777 575 2902 628 cibo
2925 575 3008 629 vel
3057 584 3186 644 potu
3220 583 3424 646 gustat,
3461 576 3564 630 nisi
3587 585 3642 631 et
3684 577 3778 632 illic

2211 667 2463 720 dormiat.
2494 665 2632 736 (υιι.)
2672 661 2823 721 Unus
2877 683 2946 722 ex
2993 667 3104 722 illis
3162 668 3232 720 ad
3281 655 3390 722 hoc
3435 678 3520 723 est
3567 672 3777 724 maxime

2211 759 2522 826 deputatus,
2572 768 2630 812 ιιι
2697 758 2839 814 lavet
2893 771 3100 827 pannos
3155 759 3226 813 ad
3275 769 3531 814 cocturas
3578 761 3774 814 fratrum

2213 849 2574 916 necessarios,
2610 849 2790 905 focum
2822 849 3005 916 faciat,
3040 860 3095 905 et
3126 865 3328 920 aquam
3365 850 3664 914 calefaciat,
3688 866 3774 920 quia

2215 941 2461 996 scutella:
2511 947 2637 996 sunt
2687 942 2954 998 lavandae.
2999 945 3018 966 ⁴
3053 942 3151 997 Cui
3200 943 3430 998 omnino
3467 944 3776 998 interdictum

2215 1040 2316 1092 est,
2347 1039 2406 1084 ut
2428 1029 2497 1084 de
2536 1031 2659 1086 cibo
2687 1031 2768 1088 vel
2808 1039 2935 1104 potu
2973 1031 3323 1087 inﬁrmorum
3349 1032 3646 1104 quidqna
3670 1043 3768 1086 tau-

2212 1134 2339 1190 gere
2365 1129 2672 1190 praesumat.

2806 1234 3035 1292 CAPUT
3071 1233 3210 1291 LIX.

2252 1324 2328 1378 De
2353 1336 2540 1395 ,ratre,
2581 1343 2730 1397 quem
2771 1337 2926 1382 noctu
2968 1327 3280 1408 infirmitas.
3313 1327 3394 1382 re!
3431 1327 3486 1382 in
3512 1327 3596 1382 die
3619 1343 3750 1381 cccl-

2895 1407 3112 1467 paverit.

2284 1493 2302 1509 '
2345 1489 2535 1543 Frater
2563 1488 2655 1559 qui
2696 1485 2862 1544 nectu
2912 1489 2964 1543 in
3013 1488 3346 1544 dormitorio
3373 1488 3465 1543 tali
3497 1489 3777 1545 inﬁmitate

2219 1590 2650 1651 pra’occupatur,
2669 1590 2726 1635 ut
2751 1583 2956 1651 absque
2978 1580 3211 1636 fratrum
3244 1581 3621 1652 inquietudine
3639 1597 3779 1651 usque

2217 1673 2282 1724 ad
2319 1681 2613 1727 nocturnos
2648 1672 2946 1742 perdurare
2973 1689 3100 1726 non
3127 1672 3325 1742 possit,
3378 1689 3412 1728 a
3466 1673 3709 1728 fratribus
3736 1675 3776 1724 in

523 1762 680 1827 tidie,
707 1761 809 1816 nisi
850 1762 922 1815 sit
951 1760 1204 1830 generale
1237 1757 1506 1830 jejunium
1549 1757 1689 1812 intra
1737 1761 2111 1814 tuattttitmlent
2147 1742 2186 1799 Β
2217 1762 2494 1844 vicinitate
2525 1750 2627 1818 sibi
2657 1762 3076 1825 dormientibus,
3105 1762 3328 1817 licentia
3360 1777 3391 1816 a
3418 1763 3596 1832 priore
3618 1763 3778 1831 acqui-

523 1859 747 1912 missatu
783 1859 849 1912 de
879 1859 1001 1912 cibo
1047 1864 1102 1910 et
1154 1866 1285 1926 potu
1331 1855 1726 1922 aliquantulum
1761 1862 2109 1924 przegnstant,

525 1957 585 2000 ut
624 1947 911 2016 prandium
946 1950 1199 2020 generale
1239 1956 1390 2004 tanto
1433 1949 1647 2004 facilius
1678 1956 1994 2016 exspectare
2027 1961 2114 1997 va.

526 2037 696 2092 leaut.
733 2039 874 2106 Quid
920 2049 1100 2095 autem
1127 2041 1372 2110 obsequii
1415 2033 1710 2095 exhibeant
1753 2033 1986 2092 inﬁrmis
2013 2036 2115 2091 sub

524 2130 740 2206 silentio
767 2133 1202 2202 pr:etereundutn
1231 2149 1336 2187 non
1367 2141 1472 2188 est.

597 2220 762 2290 lgitur
792 2223 859 2276 ad
896 2232 1196 2277 nocturnos
1228 2223 1421 2279 audito
1458 2221 1648 2292 signo,
1702 2218 2114 2290 aliquiseorunt

526 2321 810 2380 procurat,
859 2322 917 2367 ut
967 2313 1148 2368 lumen
1180 2317 1248 2371 ad
1296 2315 1661 2380 necessarias,
1712 2321 1767 2367 et
1813 2328 1936 2367 cum
1983 2326 2119 2381 Opus

523 2411 645 2468 est,
694 2403 748 2458 in
789 2404 1031 2474 claustro
1077 2421 1294 2478 quoque
1335 2421 1522 2461 eorum
1555 2405 1918 2470 accendatur;
1972 2404 2116 2473 quod

523 2494 693 2552 ﬁnitis
714 2499 994 2552 nocturnis
1019 2513 1114 2568 per
1137 2499 1494 2553 inﬁrmariutn
1521 2498 1718 2569 agitur.
1746 2496 1900 2552 Tunc
1919 2496 2082 2552 etiam
2103 2537 2118 2561 ,

522 2589 574 2647 si
612 2604 716 2644 non
753 2588 827 2644 sit
874 2589 1107 2644 hiemale
1152 2599 1384 2662 tempus,
1409 2589 1701 2661 praedictus
1741 2588 1974 2643 famulus
2012 2603 2118 2642 nou

522 2680 838 2754 negligiteis
902 2679 1082 2738 focum
1129 2698 1458 2754 praeparare.
1508 2679 1700 2756 Nullus
1741 2696 1930 2736 eorum
1978 2680 2118 2734 infra

523 2773 818 2843 capitulum
871 2773 924 2828 in
973 2773 1273 2830 inﬁrutaria
1325 2787 1609 2828 remanere
1655 2772 1957 2843 praesumit,
2013 2771 2118 2825 nisi

523 2865 774 2922 inﬁrmus
796 2867 993 2938 aliquis
1029 2868 1082 2922 in
1106 2869 1354 2940 proximo
1390 2867 1640 2922 obiturus
1668 2868 1759 2922 sit.
1801 2865 1952 2920 Tune
1983 2881 2122 2920 unus

523 2975 592 3014 ex
625 2958 728 3015 illis
769 2969 1036 3026 remanet,
1066 2961 1224 3032 etde
1267 2961 1606 3032 adjutoribus
1658 2959 1943 3016 inﬁrmarii
1985 2974 2124 3013 unus

526 3065 649 3105 cum
683 3051 793 3119 illo,
840 3067 909 3110 ne
961 3052 1028 3107 ad
1066 3052 1388 3122 capitulum,
1419 3053 1701 3122 surripere
1729 3059 1912 3122 queat,
1939 3059 1994 3105 et
2021 3050 2123 3104 ali-

527 3141 656 3209 quid
678 3141 1004 3206 auscultare,
1038 3140 1182 3214 quod
1211 3158 1318 3198 non
1341 3143 1610 3214 expediat.
1637 3143 1716 3196 Ad
1743 3156 1904 3214 quem
1937 3151 2116 3196 tamen

528 3231 1015 3308 inﬁrmariusacto
1062 3250 1126 3290 ex
1169 3247 1326 3306 parte
1347 3236 1585 3306 capitulo
1612 3238 1770 3304 redit,
1828 3246 1966 3292 utet
1996 3235 2112 3306 ipse

529 3327 702 3406 eidem
732 3329 967 3399 capitulo
1001 3329 1181 3385 inesse
1225 3331 1415 3401 possit.
1461 3329 1641 3386 Finito
1697 3329 1931 3401 capitulo
1969 3344 2121 3383 men-

528 3420 662 3475 salia
706 3436 868 3492 super
911 3421 1120 3478 tabulas
1147 3423 1482 3493 expendunt,
1511 3439 1705 3494 panem
1742 3412 1792 3478 et
1818 3422 2121 3478 cochlearia

530 3524 828 3582 apponunt,
853 3515 1096 3586 justitias
1122 3530 1252 3572 vero
1289 3515 1512 3586 implere
1541 3526 1669 3587 potu
1699 3532 1762 3571 ac
1784 3531 1948 3587 super
1975 3532 2123 3570 met:-

530 3599 558 3660 ς
593 3621 618 3660 s
649 3616 848 3674 poi-.ere
879 3622 1050 3677 usque
1079 3607 1129 3661 in
1162 3607 1331 3677 ipsam
1362 3605 1575 3678 prandii
1607 3606 1798 3661 horam
1834 3605 2122 3670 differunt;

530 3693 658 3764 quia
707 3702 834 3749 tunc
890 3695 1125 3765 primunt
1171 3697 1238 3751 de
1267 3695 1489 3752 cellario
1519 3696 1749 3750 eundem
1781 3695 1966 3766 potum
1998 3693 2158 3748 alii?"

532 3794 675 3864 r_unt.
711 3785 812 3852 Qui
851 3789 1016 3841 etiam
1056 3787 1218 3858 hujus
1261 3797 1388 3843 sunt
1419 3787 1740 3858 disciplina),
1778 3796 1838 3842 ut
1883 3783 2123 3858 quandiu

529 3879 822 3933 comedunt
843 3879 1064 3946 inﬁrmi,
1092 3895 1370 3950 nunquam
1403 3897 1588 3936 coram
1641 3880 1722 3936 eis
1773 3880 2001 3935 sedeant
2031 3887 2124 3933 aut

529 3972 825 4026 consistant
846 4015 860 4038 ,
905 3973 997 4028 sed
1027 3989 1149 4027 cum
1175 3974 1297 4044 quis
1325 3989 1516 4028 eorum
1557 3972 1870 4044 perfecerit,
1903 3981 2124 4042 pr0pter

529 4067 672 4134 quod
701 4077 922 4121 vocatus
950 4075 1054 4136 est,
1082 4081 1268 4121 rursus
1295 4065 1547 4121 celeriter
1575 4066 1705 4121 exit.
1750 4065 1892 4120 Nihil
1934 4065 2120 4130 edulii,

528 4169 754 4228 excepto
782 4160 916 4226 sale,
945 4168 1119 4226 aceto,
1152 4169 1206 4216 et
1238 4160 1437 4230 sinapi,
1473 4159 1518 4216 si
1569 4149 1704 4232 opus
1732 4169 1839 4226 est,
1885 4175 1982 4228 per
2029 4175 2119 4216 eos

529 4250 671 4304 inter
697 4251 1087 4306 comedendum
1121 4254 1434 4323 apponitur,
1456 4261 1510 4306 et
1543 4260 1721 4306 tamen
1752 4251 2010 4317 scutellze,
2042 4251 2123 4306 \el

528 4343 574 4395 si
602 4351 721 4411 quae
750 4343 1058 4413 ltujusntodi
1090 4355 1236 4410 sunt,
1275 4361 1369 4416 per
1395 4345 1540 4415 ipsos
1570 4343 1914 4400 auferuntur.
1953 4342 2121 4398 Justi-

530 4438 820 4490 timtantcn
867 4451 1030 4506 super
1073 4452 1308 4504 mensas,
1339 4452 1514 4507 usque
1562 4446 1683 4508 post
1710 4451 1923 4492 ccenam
1979 4444 2124 4491 stare

529 4525 898 4589 dimittuntur,
948 4535 1007 4580 ut
1040 4527 1130 4596 qui
1159 4527 1431 4584 voluerint
1466 4526 1672 4592 bibere,
1707 4529 1941 4598 possint.
1975 4525 2126 4581 Tunc

529 4613 746 4667 demum
798 4613 992 4670 ablatze
1079 4625 1131 4671 et
1183 4628 1460 4679 evacuatae
1509 4618 1672 4673 simul
1717 4629 2010 4688 potiuntur.
2067 4618 2124 4673 Si

531 4704 846 4760 mandatum
889 4708 1142 4778 generale
1175 4697 1430 4766 tune‘cst
1482 4711 1777 4782 agendum,
1833 4721 2126 4781 anteqnaut

529 4812 751 4869 ccenare
777 4799 978 4854 infirmi
1002 4801 1282 4872 incipiant,
1317 4804 1433 4858 sive
1477 4804 1548 4860 sit
1579 4805 1632 4858 in
1674 4814 1885 4869 instate,
1929 4805 2041 4859 sive
2071 4803 2124 4857 iu

530 4890 749 4964 hyeme,
786 4891 1012 4963 singulis
1043 4909 1182 4965 aqua
1222 4895 1383 4950 iidem
1422 4894 1608 4950 famuli
1639 4896 1804 4966 pedes
1832 4895 2033 4960 lavant,
2074 4903 2128 4950 et

531 4982 698 5038 linteo
730 4993 970 5055 tergunt.

600 5076 894 5150 Postquam
927 5085 1224 5133 conventus
1273 5077 1425 5134 ﬁnito
1471 5078 1731 5134 mandato
1779 5077 2126 5134 refectorium

529 5172 811 5243 ingressus
857 5171 1042 5240 fuerit,
1096 5171 1279 5224 vinttm
1323 5172 1466 5240 quod
1511 5187 1609 5242 pro
1655 5173 1926 5228 charitate
1964 5173 2125 5228 iidem

530 5263 714 5319 famuli
750 5264 972 5320 bibituri
1005 5273 1150 5332 sunt,
1173 5264 1224 5318 ltt
1254 5263 1769 5332 eellario,exigente
1802 5265 2124 5331 inﬁrmat-io,

531 5357 822 5425 accipiunt.
841 5356 993 5424 Quod
1016 5344 1236 5412 allatum
1271 5341 1475 5425 pateris
1493 5355 1787 5409 infundunt
1815 5365 1870 5409 et
1891 5354 2125 5411 inﬁrmis

531 5449 832 5518 porrigunt.
863 5449 1064 5503 Inﬁrmi
1101 5459 1276 5506 autem
1317 5464 1422 5503 non
1459 5448 1608 5519 prius
1653 5449 1888 5506 eundem
1937 5461 2124 5522 potum

532 5535 877 5616 benedicunt,
903 5556 1062 5610 quam
1083 5558 1274 5598 omnes
1303 5543 1356 5596 in
1390 5557 1585 5596 manus
1620 5542 1916 5614 accipiunt,
1945 5553 1998 5599 et
2023 5546 2125 5601 hoc

534 5629 746 5698 publice
779 5632 1017 5700 faciunt,
1063 5635 1202 5690 sicut
1248 5637 1414 5692 etiam
1459 5635 1891 5708 quotiescunque
1921 5638 2097 5712 (sintnl

534 5724 618 5772 rel
643 5723 986 5791 singulariter
1013 5724 1220 5783 bibunt.
1247 5726 1397 5795 Quod
1426 5725 1735 5786 bibentibus
1765 5741 2032 5801 superest,
2061 5731 2124 5785 de

2213 1857 2316 1911 sita
2355 1858 2478 1912 sine
2525 1873 2676 1913 mora
2722 1857 2786 1913 ad
2833 1857 3052 1924 domum
3095 1857 3444 1913 inﬁrmorum
3493 1858 3780 1922 ducitur;si

2215 1965 2345 2003 vero
2381 1956 2488 2002 tam
2517 1948 2778 2003 mediocri
2808 1949 3126 2003 inﬁrmitate
3161 1948 3399 2013 laborat,
3433 1958 3493 2004 nt
3522 1958 3778 2008 noenum

2217 2051 2543 2110 exspectare
2573 2039 2770 2106 valeat,
2804 2055 2929 2094 mox
2961 2048 3017 2093 ut
3048 2048 3159 2096 tres
3184 2040 3470 2099 orationes
3499 2041 3668 2098 ﬁnitas
3689 2057 3783 2097 esse

2219 2135 2459 2198 noverit,
2509 2132 2884 2188 inﬁrmitatem
2935 2145 3116 2212 suam_
3143 2133 3317 2207 priori
3350 2136 3657 2199 innotescit,
3695 2143 3784 2187 st:-

2221 2211 2426 2297 timque
2455 2227 2772 2299 illiusjussu
2805 2243 2891 2298 pet
2933 2211 3157 2288 fratrem
3195 2231 3436 2300 aliquem
3467 2231 3536 2284 ad
3573 2227 3777 2284 inﬁrm:-

2221 2321 2356 2374 riam
2383 2309 2621 2376 ducitur.
2647 2305 2908 2394 idemque
2949 2323 3015 2380 de
3053 2326 3255 2398 juvene
3285 2322 3555 2380 custodiae
3593 2320 3782 2380 tradito.

2220 2412 2264 2467 si
2291 2411 2468 2470 taliter
2491 2415 2823 2479 inﬁru’iatur,
2861 2433 2955 2488 per
2980 2416 3260 2472 custodem
3290 2415 3562 2486 acquisita
3582 2413 3783 2472 licentia,

2221 2507 2418 2578 agitur.
2451 2507 2552 2576 Qui
2573 2509 2762 2579 fantem
2805 2511 2875 2566 ita
2903 2511 3132 2580 cmperit
3158 2509 3454 2572 inﬁrmari,
3495 2518 3554 2563 ιιι
3580 2521 3784 2562 convest-

2225 2608 2335 2652 tum
2365 2609 2547 2655 tenere
2572 2616 2678 2654 non
2713 2582 2910 2671 possit,
2931 2601 3098 2672 priori
3129 2601 3510 2656 inﬁrmitatem
3541 2595 3782 2670 patefacit,

2224 2690 2304 2746 vel
2337 2691 2381 2746 si
2405 2691 2596 2760 placet,
2635 2693 2686 2748 in
2721 2693 2959 2764 capitulo
2983 2694 3195 2748 veniam
3231 2693 3381 2764 petit.
3432 2702 3492 2746 et
3534 2701 3784 2748 monstrat.

2224 2782 2365 2853 quod
2397 2782 2645 2838 inﬁrmus
2676 2784 2768 2847 sit,
2821 2793 2878 2840 et
2907 2785 2950 2838 si
2985 2785 3110 2839 talis
3138 2783 3256 2853 ejus
3301 2781 3598 2838 inﬁrmitas
3649 2791 3789 2851 patri,

2224 2871 2374 2943 prior
2393 2872 2480 2927 vel
2507 2890 2601 2927 sua
2650 2882 2861 2945 sponte,
2891 2873 2972 2928 vel
3009 2873 3076 2927 ab
3104 2875 3212 2928 alio
3252 2873 3592 2937 admonitus,
3635 2871 3788 2925 statim

2227 2962 2292 3016 ad
2348 2962 2702 3018 infirmariam
2757 2979 2880 3019 eum
2927 2964 3008 3019 ire
3057 2964 3244 3032 jubet;
3286 2964 3368 3019 sin
3425 2974 3633 3026 autem,
3683 2959 3789 3015 foris

2227 3053 2456 3106 chorum
2486 3067 2607 3106 esse
2639 3061 2843 3122 potest,
2875 3060 2934 3106 ttt
2959 3068 3056 3123 pro
3094 3064 3219 3107 vero
3248 3068 3346 3107 suo
3367 3053 3540 3121 possit
3576 3051 3762 3106 sedere.

2241 3129 2246 3132 i
2298 3145 2410 3215 (uo.
2453 3147 2588 3214 var.)
2630 3135 2956 3199 Ci-llcrarius
2992 3156 3179 3208 curat,
3215 3153 3270 3198 ιιι
3305 3145 3357 3198 in
3393 3143 3788 3199 refectoriouoa

2227 3238 2430 3307 absque
2463 3223 2720 3308 pietantia
2753 3253 2877 3293 eum
2907 3231 3162 3292 dimittat.
3192 3237 3325 3295 Cum
3370 3246 3556 3292 auten
3599 3236 3792 3290 Liduent

2226 3322 2309 3402 vel
2337 3331 2570 3384 tridnutn
2599 3317 2894 3396 transierit,
2917 3331 2960 3385 si
2990 3323 3184 3385 inelius
3213 3345 3321 3384 non
3339 3327 3604 3393 habuerit,
3619 3328 3792 3381 iterum

2228 3437 2326 3491 pro
2372 3413 2558 3476 eadem
2592 3436 2752 3476 causa
2789 3419 3002 3476 veniam
3033 3413 3190 3490 petit,
3247 3427 3302 3475 et
3353 3419 3424 3474 ad
3471 3417 3792 3474 iulirmariant

2231 3515 2307 3569 ire
2329 3513 2569 3582 jubetur.
2599 3513 2749 3580 Quod
2775 3514 2819 3568 si
2849 3513 3013 3569 etiam
3046 3514 3238 3568 eodem
3269 3512 3354 3566 die
3386 3510 3676 3565 inﬁrmitas
3697 3507 3792 3576 ejus

2231 3607 2283 3660 in
2320 3617 2531 3660 tantum
2562 3608 2888 3672 excreveril,
2941 3606 3159 3660 domum
3209 3603 3555 3659 infirmorum
3615 3603 3666 3655 in
3709 3614 3790 3670 qua

2232 3697 2529 3754 reiectione
2551 3697 2731 3753 carnis
2752 3705 3006 3752 carentes
3046 3696 3379 3762 cohabitant,
3402 3692 3566 3762 jussu
3606 3691 3790 3762 prioris,

2227 3788 2408 3858 aliquo
2435 3804 2618 3844 secum
2645 3796 2805 3844 eunte
2827 3802 2891 3840 ac
2921 3787 3350 3851 demonstrantc,
3375 3783 3625 3838 intrabit.
3650 3786 3663 3799 '
3684 3777 3791 3832 Nam

2227 3871 2570 3956 quacumque
2595 3881 2726 3935 hora
2763 3879 2989 3934 cuilibet
3023 3879 3269 3932 ordinem
3302 3886 3428 3929 tunc
3465 3874 3692 3945 pleniter
3724 3884 3790 3922 re-

2227 3973 2370 4045 genti
2405 3973 2620 4026 videtur
2652 3972 2755 4026 hoe
2785 3971 3062 4040 expedire,
3115 3969 3408 4040 quemlibet
3471 3971 3790 4034 aegrotantem

2227 4071 2292 4140 ad
2330 4057 2684 4122 iuﬁrutariam
2712 4064 2840 4120 facit
2871 4066 2972 4120 ire.
3032 4109 3036 4113 .
3241 4061 3244 4064 ’

2243 4228 2248 4232 η
2301 4159 2508 4214 Similis
2537 4173 2751 4228 quoque
2796 4159 2932 4212 ordo
2981 4164 3232 4210 servatur
3279 4153 3334 4207 in
3380 4167 3478 4218 eo,
3539 4149 3642 4230 qui
3677 4145 3790 4202 iniri

2225 4250 2550 4306 Matutinum
2574 4266 2672 4320 pro
2699 4249 3014 4304 inﬁrmitate
3038 4248 3103 4302 de
3129 4248 3297 4303 choro
3319 4239 3788 4313 exivit,:\'ele.idem

2230 4347 2556 4402 necessitate
2603 4345 2765 4398 etiam
2805 4355 3026 4398 coactus
3052 4342 3277 4396 chorum
3303 4355 3409 4394 non
3445 4337 3680 4393 intravit.
3707 4331 3790 4386 i‘ro

2157 4461 2204 4519 ι)
2229 4425 2338 4519 qua
2369 4455 2430 4495 re
2459 4440 2512 4494 in
2538 4437 2776 4494 crastina
2802 4425 3040 4506 capitulo
3063 4435 3274 4489 veniam
3305 4433 3464 4502 petit,
3511 4428 3792 4519 requisitas-

2229 4547 2334 4604 que
2365 4548 2395 4586 a
2425 4532 2606 4603 priore
2645 4539 2828 4585 utrum
2887 4527 3081 4583 melius
3133 4523 3370 4580 habeat?
3427 4525 3478 4578 si
3538 4523 3788 4594 respondi“!

2227 4626 2387 4680 etiam
2410 4625 2598 4678 domne
2623 4621 2879 4694 :jubetur
2913 4637 3124 4677 sessum
3158 4625 3267 4688 ire;
3300 4623 3346 4679 si
3380 4630 3566 4676 autem
3602 4612 3786 4673 dixerilu

2229 4735 2355 4783 non,
2381 4718 2604 4790 jubctur
2625 4723 2779 4772 extra
2807 4705 3036 4770 chorum
3063 4717 3377 4788 aliquandiu
3401 4731 3544 4770 esse.

2273 4881 2276 4886 ι
2301 4811 2410 4868 Sed
2447 4821 2532 4867 est
2554 4799 2860 4879 sciendum,
2884 4813 2930 4868 si
2959 4810 3101 4866 infra
3133 4807 3428 4880 capitulum
3474 4807 3544 4862 ad
3573 4803 3788 4861 inlim-

2229 4909 2366 4977 riam
2399 4908 2522 4978 quis
2550 4905 2892 4976 irejubetur,
2919 4891 3068 4976 quod.
3099 4904 3167 4958 ad
3193 4895 3378 4958 sedem
3423 4916 3578 4956 suam
3627 4899 3669 4952 is
3705 4908 3788 4948 non

2230 5009 2553 5066 revertetur,
2586 5014 2869 5070 quousque
2918 4998 3059 5054 idem
3088 4995 3388 5066 capitulum
3438 4993 3676 5054 finiatur,
3705 4985 3788 5039 nisi

2230 5108 2258 5145 a
2283 5091 2467 5161 priore
2488 5091 2698 5155 audiat,
2733 5089 2874 5160 quod
2899 5089 2998 5170 .ad'
3033 5100 3272 5157 prmeens
3310 5083 3436 5140 illuc
3475 5083 3554 5138 ire
3577 5079 3785 5174 debeat;

2231 5191 2358 5236 tunc
2388 5180 2531 5236 facto
2556 5181 2622 5236 ad
2644 5181 2943 5254 sessionem
2977 5192 3130 5231 suam
3158 5184 3284 5230 ante
3316 5181 3372 5228 et
3401 5182 3571 5238 retro,
3602 5179 3788 5224 neuter

2229 5255 2629 5344 ducente,uisi
2667 5271 2738 5326 sit
2775 5268 3000 5340 juvenis
3033 5267 3086 5320 iu
3124 5265 3372 5320 custodia
3399 5261 3607 5334 positus
3655 5269 3788 5328 quem

2230 5364 2476 5436 sequitur
2503 5361 2862 5428 inﬁnnarius,
2890 5358 3162 5424 discedet;
3193 5365 3248 5410 et
3285 5356 3329 5410 si
3363 5367 3586 5409 necesse
3617 5351 3790 5406 hab-er

2230 5458 2321 5522 rit,
2353 5457 2404 5512 in
2429 5456 2590 5522 lecto,
2636 5455 2679 5509 si
2712 5468 2873 5526 quem
2905 5452 2977 5506 ibi
3013 5450 3288 5520 jac-cutem
3344 5463 3448 5501 non
3500 5441 3718 5504 invenit,
3743 5449 3788 5526 se

2229 5527 2446 5604 interim
2469 5530 2756 5604 colloc'abit
2783 5527 3138 5620 (uam'uullus
3170 5543 3220 5596 in
3251 5539 3390 5596 lecto
3430 5538 3676 5598 alterius,
3703 5525 3786 5584 nisi

2230 5641 2319 5696 illo
2344 5641 2714 5712 permittente,
2745 5628 2831 5696 vel
2859 5639 2928 5695 ad
2963 5646 3294 5695 momentum
3337 5648 3398 5688 se
3439 5629 3598 5686 debet
3643 5621 3786 5682 collo-

2229 5732 2378 5804 carc)
2417 5731 2496 5788 vel
2541 5733 2585 5788 si
2614 5731 2850 5798 vult,,in
2884 5719 3154 5804 capellam
3181 5728 3347 5800 vadit.
3402 5723 3456 5778 Si
3512 5730 3694 5776 autem
3740 5715 3788 5767 tit

2151 3098 2196 3158 (ἶ,

3802 1153 3822 1212 ι
