  <div class='ocr_page' id='page_1' title='image "/cluster/home/n/w/nwhite01/storage/ocr_20150623/150/hvd.32044015473788/569.png"; bbox 0 0 3834 6304; ppageno 0'>
   <div class='ocr_carea' id='block_1_1' title="bbox 442 368 570 436">
    <p class='ocr_par' dir='ltr' id='par_1_1' title="bbox 442 368 570 436">
     <span class='ocr_line' id='line_1_1' title="bbox 442 368 570 436; baseline -0.023 0"><span class='ocrx_word' id='word_1_1' title='bbox 442 368 570 436; x_wconf 66' lang='grc' dir='ltr'><strong>ίιδι</strong></span> 
     </span>
    </p>
   </div>
   <div class='ocr_carea' id='block_1_2' title="bbox 1526 330 2666 429">
    <p class='ocr_par' dir='ltr' id='par_1_2' title="bbox 1526 330 2666 429">
     <span class='ocr_line' id='line_1_2' title="bbox 1526 330 2666 429; baseline -0.018 -11"><span class='ocrx_word' id='word_1_2' title='bbox 1526 358 1581 417; x_wconf 88' lang='lat' dir='ltr'><strong>s.</strong></span> <span class='ocrx_word' id='word_1_3' title='bbox 1618 350 1990 417; x_wconf 79' lang='lat' dir='ltr'><strong>GUILLELMI</strong></span> <span class='ocrx_word' id='word_1_4' title='bbox 2014 330 2304 409; x_wconf 76' lang='lat' dir='ltr'><strong>ABBATlS</strong></span> <span class='ocrx_word' id='word_1_5' title='bbox 2343 338 2666 429; x_wconf 71' lang='lat' dir='ltr'><strong>HIRSA&#39;UG.</strong></span> 
     </span>
    </p>
   </div>
   <div class='ocr_carea' id='block_1_3' title="bbox 3549 346 3654 407">
    <p class='ocr_par' dir='ltr' id='par_1_3' title="bbox 3549 346 3654 407">
     <span class='ocr_line' id='line_1_3' title="bbox 3549 346 3654 407; baseline 0.048 -5"><span class='ocrx_word' id='word_1_6' title='bbox 3549 346 3654 407; x_wconf 66' lang='lat'><strong>“&#39;59.</strong></span> 
     </span>
    </p>
   </div>
   <div class='ocr_carea' id='block_1_4' title="bbox 439 446 3653 553">
    <p class='ocr_par' dir='ltr' id='par_1_4' title="bbox 439 446 3653 553">
     <span class='ocr_line' id='line_1_4' title="bbox 439 446 3653 553; baseline -0.009 -9"><span class='ocrx_word' id='word_1_7' title='bbox 439 502 547 553; x_wconf 88' lang='lat' dir='ltr'><strong>tur,</strong></span> <span class='ocrx_word' id='word_1_8' title='bbox 579 499 679 541; x_wconf 86' lang='lat' dir='ltr'><strong>nec</strong></span> <span class='ocrx_word' id='word_1_9' title='bbox 710 497 816 539; x_wconf 89' lang='lat' dir='ltr'><strong>non</strong></span> <span class='ocrx_word' id='word_1_10' title='bbox 848 482 900 536; x_wconf 91' lang='lat' dir='ltr'><strong>in</strong></span> <span class='ocrx_word' id='word_1_11' title='bbox 932 478 1112 550; x_wconf 79' lang='lat' dir='ltr'><strong>vigilia</strong></span> <span class='ocrx_word' id='word_1_12' title='bbox 1145 472 1456 530; x_wconf 84' lang='lat' dir='ltr'><strong>Nativitatis</strong></span> <span class='ocrx_word' id='word_1_13' title='bbox 1483 469 1718 536; x_wconf 85' lang='lat' dir='ltr'><strong>Domini,</strong></span> <span class='ocrx_word' id='word_1_14' title='bbox 1747 476 1800 522; x_wconf 89' lang='lat' dir='ltr'><strong>et</strong></span> <span class='ocrx_word' id='word_1_15' title='bbox 1832 468 1885 522; x_wconf 91' lang='lat' dir='ltr'><strong>in</strong></span> <span class='ocrx_word' id='word_1_16' title='bbox 1915 464 2028 520; x_wconf 84' lang='lat' dir='ltr'><strong>An-</strong></span> <span class='ocrx_word' id='word_1_17' title='bbox 2055 470 2101 530; x_wconf 79' lang='grc' dir='ltr'>Α</span> <span class='ocrx_word' id='word_1_18' title='bbox 2134 472 2245 517; x_wconf 90' lang='lat' dir='ltr'><strong>tum</strong></span> <span class='ocrx_word' id='word_1_19' title='bbox 2277 456 2460 516; x_wconf 79' lang='lat' dir='ltr'><strong>tenere</strong></span> <span class='ocrx_word' id='word_1_20' title='bbox 2490 475 2597 515; x_wconf 90' lang='lat' dir='ltr'><strong>non</strong></span> <span class='ocrx_word' id='word_1_21' title='bbox 2642 471 2799 529; x_wconf 84' lang='lat' dir='ltr'><strong>posse</strong></span> <span class='ocrx_word' id='word_1_22' title='bbox 2846 446 3059 511; x_wconf 83' lang='lat' dir='ltr'><strong>videtur</strong></span> <span class='ocrx_word' id='word_1_23' title='bbox 3113 455 3419 517; x_wconf 81' lang='lat' dir='ltr'><strong>infirmario</strong></span> <span class='ocrx_word' id='word_1_24' title='bbox 3453 463 3653 517; x_wconf 74' lang='lat' dir='ltr'><strong>calamo-</strong></span> 
     </span>
    </p>
   </div>
   <div class='ocr_carea' id='block_1_5' title="bbox 438 559 2029 645">
    <p class='ocr_par' dir='ltr' id='par_1_5' title="bbox 438 559 2029 645">
     <span class='ocr_line' id='line_1_5' title="bbox 438 559 2029 645; baseline -0.014 -9"><span class='ocrx_word' id='word_1_25' title='bbox 438 578 779 636; x_wconf 82' lang='lat' dir='ltr'><strong>nuntiatiOne</strong></span> <span class='ocrx_word' id='word_1_26' title='bbox 818 575 956 645; x_wconf 82' lang='lat' dir='ltr'><strong>ejus.</strong></span> <span class='ocrx_word' id='word_1_27' title='bbox 999 572 1150 624; x_wconf 80' lang='lat' dir='ltr'><strong>Tunc</strong></span> <span class='ocrx_word' id='word_1_28' title='bbox 1193 568 1340 624; x_wconf 89' lang='lat' dir='ltr'><strong>enim</strong></span> <span class='ocrx_word' id='word_1_29' title='bbox 1377 563 1558 621; x_wconf 89' lang='lat' dir='ltr'><strong>nullus</strong></span> <span class='ocrx_word' id='word_1_30' title='bbox 1583 576 1772 617; x_wconf 87' lang='lat' dir='ltr'><strong>eorum</strong></span> <span class='ocrx_word' id='word_1_31' title='bbox 1808 559 2029 630; x_wconf 84' lang='lat' dir='ltr'><strong>propter</strong></span> 
     </span>
    </p>
   </div>
   <div class='ocr_carea' id='block_1_6' title="bbox 440 650 2027 737">
    <p class='ocr_par' dir='ltr' id='par_1_6' title="bbox 440 650 2027 737">
     <span class='ocr_line' id='line_1_6' title="bbox 440 650 2027 737; baseline -0.014 -10"><span class='ocrx_word' id='word_1_32' title='bbox 440 670 656 727; x_wconf 87' lang='lat' dir='ltr'><strong>veniam</strong></span> <span class='ocrx_word' id='word_1_33' title='bbox 679 662 1043 737; x_wconf 74' lang='lat' dir='ltr'><strong>communiter</strong></span> <span class='ocrx_word' id='word_1_34' title='bbox 1062 660 1129 715; x_wconf 90' lang='lat' dir='ltr'><strong>ab</strong></span> <span class='ocrx_word' id='word_1_35' title='bbox 1150 658 1399 714; x_wconf 90' lang='lat' dir='ltr'><strong>omnibus</strong></span> <span class='ocrx_word' id='word_1_36' title='bbox 1428 653 1715 725; x_wconf 83' lang='lat' dir='ltr'><strong>petendam</strong></span> <span class='ocrx_word' id='word_1_37' title='bbox 1739 650 1812 706; x_wconf 87' lang='lat' dir='ltr'><strong>ibi</strong></span> <span class='ocrx_word' id='word_1_38' title='bbox 1834 651 2027 717; x_wconf 89' lang='lat' dir='ltr'><strong>deerit,</strong></span> 
     </span>
    </p>
   </div>
   <div class='ocr_carea' id='block_1_7' title="bbox 442 741 2032 828">
    <p class='ocr_par' dir='ltr' id='par_1_7' title="bbox 442 741 2032 828">
     <span class='ocr_line' id='line_1_7' title="bbox 442 741 2032 828; baseline -0.014 -11"><span class='ocrx_word' id='word_1_39' title='bbox 442 761 547 817; x_wconf 88' lang='lat' dir='ltr'><strong>nisi</strong></span> <span class='ocrx_word' id='word_1_40' title='bbox 596 774 709 828; x_wconf 76' lang='lat' dir='ltr'><strong>pne</strong></span> <span class='ocrx_word' id='word_1_41' title='bbox 739 754 1057 811; x_wconf 84' lang='lat' dir='ltr'><strong>inﬁrmitate</strong></span> <span class='ocrx_word' id='word_1_42' title='bbox 1085 750 1212 806; x_wconf 89' lang='lat' dir='ltr'><strong>illuc</strong></span> <span class='ocrx_word' id='word_1_43' title='bbox 1241 748 1427 804; x_wconf 88' lang='lat' dir='ltr'><strong>venire</strong></span> <span class='ocrx_word' id='word_1_44' title='bbox 1457 761 1564 801; x_wconf 90' lang='lat' dir='ltr'><strong>non</strong></span> <span class='ocrx_word' id='word_1_45' title='bbox 1593 746 1784 816; x_wconf 79' lang='lat' dir='ltr'><strong>possit.</strong></span> <span class='ocrx_word' id='word_1_46' title='bbox 1807 743 1941 797; x_wconf 78' lang='lat' dir='ltr'><strong>l’ost</strong></span> <span class='ocrx_word' id='word_1_47' title='bbox 1970 741 2032 796; x_wconf 86' lang='lat' dir='ltr'><strong>ﬁ-</strong></span> 
     </span>
    </p>
   </div>
   <div class='ocr_carea' id='block_1_8' title="bbox 439 834 2025 905">
    <p class='ocr_par' dir='ltr' id='par_1_8' title="bbox 439 834 2025 905">
     <span class='ocr_line' id='line_1_8' title="bbox 439 834 2025 905; baseline -0.013 0"><span class='ocrx_word' id='word_1_48' title='bbox 439 850 612 905; x_wconf 90' lang='lat' dir='ltr'><strong>nitum</strong></span> <span class='ocrx_word' id='word_1_49' title='bbox 641 855 823 903; x_wconf 89' lang='lat' dir='ltr'><strong>autem</strong></span> <span class='ocrx_word' id='word_1_50' title='bbox 853 854 1162 900; x_wconf 81' lang='lat' dir='ltr'><strong>sermonem</strong></span> <span class='ocrx_word' id='word_1_51' title='bbox 1190 837 1397 894; x_wconf 87' lang='lat' dir='ltr'><strong>diutius</strong></span> <span class='ocrx_word' id='word_1_52' title='bbox 1422 834 1546 891; x_wconf 90' lang='lat' dir='ltr'><strong>illuc</strong></span> <span class='ocrx_word' id='word_1_53' title='bbox 1568 844 1683 889; x_wconf 89' lang='lat' dir='ltr'><strong>non</strong></span> <span class='ocrx_word' id='word_1_54' title='bbox 1707 839 2025 888; x_wconf 71' lang='lat' dir='ltr'><strong>morantur&#39;</strong></span> 
     </span>
    </p>
   </div>
   <div class='ocr_carea' id='block_1_9' title="bbox 441 922 1924 997">
    <p class='ocr_par' dir='ltr' id='par_1_9' title="bbox 441 922 1924 997">
     <span class='ocr_line' id='line_1_9' title="bbox 441 922 1924 997; baseline -0.016 0"><span class='ocrx_word' id='word_1_55' title='bbox 441 940 535 997; x_wconf 88' lang='lat' dir='ltr'><strong>sed</strong></span> <span class='ocrx_word' id='word_1_56' title='bbox 565 936 866 994; x_wconf 87' lang='lat' dir='ltr'><strong>inﬁrmario</strong></span> <span class='ocrx_word' id='word_1_57' title='bbox 886 933 1210 989; x_wconf 85' lang='lat' dir='ltr'><strong>admonente</strong></span> <span class='ocrx_word' id='word_1_58' title='bbox 1231 928 1417 984; x_wconf 85' lang='lat' dir='ltr'><strong>statim</strong></span> <span class='ocrx_word' id='word_1_59' title='bbox 1450 922 1924 993; x_wconf 86' lang='lat' dir='ltr'><strong>redireiubentur.</strong></span> 
     </span>
    </p>
   </div>
   <div class='ocr_carea' id='block_1_10' title="bbox 516 1036 2025 1108">
    <p class='ocr_par' dir='ltr' id='par_1_10' title="bbox 516 1036 2025 1108">
     <span class='ocr_line' id='line_1_10' title="bbox 516 1036 2025 1108; baseline -0.015 1"><span class='ocrx_word' id='word_1_60' title='bbox 516 1053 739 1108; x_wconf 87' lang='lat' dir='ltr'><strong>Interim</strong></span> <span class='ocrx_word' id='word_1_61' title='bbox 772 1051 899 1105; x_wconf 88' lang='lat' dir='ltr'><strong>dum</strong></span> <span class='ocrx_word' id='word_1_62' title='bbox 931 1045 1103 1102; x_wconf 87' lang='lat' dir='ltr'><strong>frater</strong></span> <span class='ocrx_word' id='word_1_63' title='bbox 1130 1055 1298 1097; x_wconf 90' lang='lat' dir='ltr'><strong>carne</strong></span> <span class='ocrx_word' id='word_1_64' title='bbox 1328 1040 1587 1103; x_wconf 86' lang='lat' dir='ltr'><strong>reﬁcitur,</strong></span> <span class='ocrx_word' id='word_1_65' title='bbox 1615 1037 1812 1092; x_wconf 85' lang='lat' dir='ltr'><strong>fratres</strong></span> <span class='ocrx_word' id='word_1_66' title='bbox 1835 1036 2025 1104; x_wconf 82' lang='lat' dir='ltr'><strong>supcr-</strong></span> 
     </span>
    </p>
   </div>
   <div class='ocr_carea' id='block_1_11' title="bbox 446 1126 2030 1204">
    <p class='ocr_par' dir='ltr' id='par_1_11' title="bbox 446 1126 2030 1204">
     <span class='ocr_line' id='line_1_11' title="bbox 446 1126 2030 1204; baseline -0.017 -2"><span class='ocrx_word' id='word_1_67' title='bbox 446 1147 738 1202; x_wconf 81' lang='lat' dir='ltr'><strong>venientes</strong></span> <span class='ocrx_word' id='word_1_68' title='bbox 785 1139 1053 1204; x_wconf 84' lang='lat' dir='ltr'><strong>osculari,</strong></span> <span class='ocrx_word' id='word_1_69' title='bbox 1104 1136 1247 1191; x_wconf 88' lang='lat' dir='ltr'><strong>sicut</strong></span> <span class='ocrx_word' id='word_1_70' title='bbox 1297 1141 1350 1187; x_wconf 88' lang='lat' dir='ltr'><strong>et</strong></span> <span class='ocrx_word' id='word_1_71' title='bbox 1398 1131 1509 1197; x_wconf 85' lang='lat' dir='ltr'><strong>alii,</strong></span> <span class='ocrx_word' id='word_1_72' title='bbox 1543 1146 1648 1184; x_wconf 89' lang='lat' dir='ltr'><strong>non</strong></span> <span class='ocrx_word' id='word_1_73' title='bbox 1692 1126 2030 1197; x_wconf 83' lang='lat' dir='ltr'><strong>prohibetur.</strong></span> 
     </span>
    </p>
   </div>
   <div class='ocr_carea' id='block_1_12' title="bbox 449 1222 2034 1311">
    <p class='ocr_par' dir='ltr' id='par_1_12' title="bbox 449 1222 2034 1311">
     <span class='ocr_line' id='line_1_12' title="bbox 449 1222 2034 1311; baseline -0.015 -16"><span class='ocrx_word' id='word_1_74' title='bbox 449 1239 587 1311; x_wconf 69' lang='lat'><strong>(00.)</strong></span> <span class='ocrx_word' id='word_1_75' title='bbox 611 1236 845 1305; x_wconf 85' lang='lat' dir='ltr'><strong>Quando</strong></span> <span class='ocrx_word' id='word_1_76' title='bbox 873 1236 941 1288; x_wconf 88' lang='lat' dir='ltr'><strong>ita</strong></span> <span class='ocrx_word' id='word_1_77' title='bbox 965 1229 1318 1291; x_wconf 86' lang='lat' dir='ltr'><strong>convaluerit,</strong></span> <span class='ocrx_word' id='word_1_78' title='bbox 1348 1235 1405 1281; x_wconf 91' lang='lat' dir='ltr'><strong>ut</strong></span> <span class='ocrx_word' id='word_1_79' title='bbox 1431 1226 1607 1281; x_wconf 87' lang='lat' dir='ltr'><strong>redire</strong></span> <span class='ocrx_word' id='word_1_80' title='bbox 1627 1224 1795 1294; x_wconf 87' lang='lat' dir='ltr'><strong>possit</strong></span> <span class='ocrx_word' id='word_1_81' title='bbox 1820 1222 1885 1276; x_wconf 91' lang='lat' dir='ltr'><strong>ad</strong></span> <span class='ocrx_word' id='word_1_82' title='bbox 1909 1234 2034 1273; x_wconf 87' lang='lat' dir='ltr'><strong>con-</strong></span> 
     </span>
    </p>
   </div>
   <div class='ocr_carea' id='block_1_13' title="bbox 453 1312 2035 1393">
    <p class='ocr_par' dir='ltr' id='par_1_13' title="bbox 453 1312 2035 1393">
     <span class='ocr_line' id='line_1_13' title="bbox 453 1312 2035 1393; baseline -0.014 -6"><span class='ocrx_word' id='word_1_83' title='bbox 453 1342 702 1393; x_wconf 79' lang='lat' dir='ltr'><strong>ventura,</strong></span> <span class='ocrx_word' id='word_1_84' title='bbox 738 1325 994 1383; x_wconf 91' lang='lat' dir='ltr'><strong>redeundi</strong></span> <span class='ocrx_word' id='word_1_85' title='bbox 1028 1322 1303 1377; x_wconf 78' lang='lat' dir='ltr'><strong>licentiam</strong></span> <span class='ocrx_word' id='word_1_86' title='bbox 1334 1318 1524 1389; x_wconf 69' lang='lat' dir='ltr'><strong>quaarit</strong></span> <span class='ocrx_word' id='word_1_87' title='bbox 1554 1333 1582 1371; x_wconf 88' lang='lat' dir='ltr'><strong>a</strong></span> <span class='ocrx_word' id='word_1_88' title='bbox 1611 1318 1789 1386; x_wconf 88' lang='lat' dir='ltr'><strong>priore</strong></span> <span class='ocrx_word' id='word_1_89' title='bbox 1828 1330 1925 1383; x_wconf 89' lang='lat' dir='ltr'><strong>per</strong></span> <span class='ocrx_word' id='word_1_90' title='bbox 1950 1312 2035 1365; x_wconf 89' lang='lat' dir='ltr'><strong>iu-</strong></span> 
     </span>
    </p>
   </div>
   <div class='ocr_carea' id='block_1_14' title="bbox 445 1405 2035 1483">
    <p class='ocr_par' dir='ltr' id='par_1_14' title="bbox 445 1405 2035 1483">
     <span class='ocr_line' id='line_1_14' title="bbox 445 1405 2035 1483; baseline -0.015 -3"><span class='ocrx_word' id='word_1_91' title='bbox 445 1424 766 1480; x_wconf 84' lang='lat' dir='ltr'><strong>ﬁrtnarium.</strong></span> <span class='ocrx_word' id='word_1_92' title='bbox 807 1422 825 1441; x_wconf 75' lang='lat'><strong>‘</strong></span> <span class='ocrx_word' id='word_1_93' title='bbox 857 1418 991 1473; x_wconf 80' lang='lat' dir='ltr'><strong>Nam</strong></span> <span class='ocrx_word' id='word_1_94' title='bbox 1050 1418 1102 1470; x_wconf 89' lang='lat' dir='ltr'><strong>in</strong></span> <span class='ocrx_word' id='word_1_95' title='bbox 1156 1415 1274 1483; x_wconf 85' lang='lat' dir='ltr'><strong>ejus</strong></span> <span class='ocrx_word' id='word_1_96' title='bbox 1319 1411 1546 1467; x_wconf 82' lang='lat' dir='ltr'><strong>arbitrio</strong></span> <span class='ocrx_word' id='word_1_97' title='bbox 1593 1418 1707 1477; x_wconf 84' lang='lat' dir='ltr'><strong>est,</strong></span> <span class='ocrx_word' id='word_1_98' title='bbox 1759 1416 1818 1463; x_wconf 89' lang='lat' dir='ltr'><strong>ut</strong></span> <span class='ocrx_word' id='word_1_99' title='bbox 1856 1405 2035 1460; x_wconf 89' lang='lat' dir='ltr'><strong>nullus</strong></span> 
     </span>
    </p>
   </div>
   <div class='ocr_carea' id='block_1_15' title="bbox 447 1500 2033 1585">
    <p class='ocr_par' dir='ltr' id='par_1_15' title="bbox 447 1500 2033 1585">
     <span class='ocr_line' id='line_1_15' title="bbox 447 1500 2033 1585; baseline -0.013 -14"><span class='ocrx_word' id='word_1_100' title='bbox 447 1518 572 1571; x_wconf 86' lang='lat' dir='ltr'><strong>inde</strong></span> <span class='ocrx_word' id='word_1_101' title='bbox 618 1513 948 1585; x_wconf 77' lang='lat' dir='ltr'><strong>egrediatur,</strong></span> <span class='ocrx_word' id='word_1_102' title='bbox 978 1509 1290 1579; x_wconf 87' lang='lat' dir='ltr'><strong>priusquam</strong></span> <span class='ocrx_word' id='word_1_103' title='bbox 1349 1504 1446 1574; x_wconf 89' lang='lat' dir='ltr'><strong>ipsi</strong></span> <span class='ocrx_word' id='word_1_104' title='bbox 1504 1513 1714 1572; x_wconf 86' lang='lat' dir='ltr'><strong>tempus</strong></span> <span class='ocrx_word' id='word_1_105' title='bbox 1767 1500 2033 1553; x_wconf 86' lang='lat' dir='ltr'><strong>videatur.</strong></span> 
     </span>
    </p>
   </div>
   <div class='ocr_carea' id='block_1_16' title="bbox 448 1592 2035 1681">
    <p class='ocr_par' dir='ltr' id='par_1_16' title="bbox 448 1592 2035 1681">
     <span class='ocr_line' id='line_1_16' title="bbox 448 1592 2035 1681; baseline -0.016 -15"><span class='ocrx_word' id='word_1_106' title='bbox 448 1610 587 1681; x_wconf 78' lang='grc' dir='ltr'><strong>(ιω.)</strong></span> <span class='ocrx_word' id='word_1_107' title='bbox 624 1608 775 1660; x_wconf 91' lang='lat' dir='ltr'><strong>Tunc</strong></span> <span class='ocrx_word' id='word_1_108' title='bbox 808 1611 1085 1671; x_wconf 78' lang='lat' dir='ltr'><strong>unguntur</strong></span> <span class='ocrx_word' id='word_1_109' title='bbox 1114 1596 1279 1654; x_wconf 86' lang='lat' dir='ltr'><strong>calcei</strong></span> <span class='ocrx_word' id='word_1_110' title='bbox 1310 1595 1426 1664; x_wconf 90' lang='lat' dir='ltr'><strong>eius</strong></span> <span class='ocrx_word' id='word_1_111' title='bbox 1455 1595 1749 1659; x_wconf 88' lang='lat' dir='ltr'><strong>diurnales,</strong></span> <span class='ocrx_word' id='word_1_112' title='bbox 1775 1600 1830 1646; x_wconf 90' lang='lat' dir='ltr'><strong>et</strong></span> <span class='ocrx_word' id='word_1_113' title='bbox 1856 1592 1909 1644; x_wconf 91' lang='lat' dir='ltr'><strong>in</strong></span> <span class='ocrx_word' id='word_1_114' title='bbox 1951 1603 2035 1644; x_wconf 90' lang='lat' dir='ltr'><strong>se—</strong></span> 
     </span>
    </p>
   </div>
   <div class='ocr_carea' id='block_1_17' title="bbox 448 1682 2037 1768">
    <p class='ocr_par' dir='ltr' id='par_1_17' title="bbox 448 1682 2037 1768">
     <span class='ocr_line' id='line_1_17' title="bbox 448 1682 2037 1768; baseline -0.011 -19"><span class='ocrx_word' id='word_1_115' title='bbox 448 1699 639 1768; x_wconf 91' lang='lat' dir='ltr'><strong>quenti</strong></span> <span class='ocrx_word' id='word_1_116' title='bbox 667 1698 752 1751; x_wconf 91' lang='lat' dir='ltr'><strong>die</strong></span> <span class='ocrx_word' id='word_1_117' title='bbox 783 1695 955 1750; x_wconf 86' lang='lat' dir='ltr'><strong>induit</strong></span> <span class='ocrx_word' id='word_1_118' title='bbox 980 1707 1072 1747; x_wconf 90' lang='lat' dir='ltr'><strong>eos</strong></span> <span class='ocrx_word' id='word_1_119' title='bbox 1106 1691 1401 1744; x_wconf 87' lang='lat' dir='ltr'><strong>rediturus.</strong></span> <span class='ocrx_word' id='word_1_120' title='bbox 1452 1686 1586 1740; x_wconf 91' lang='lat' dir='ltr'><strong>Cum</strong></span> <span class='ocrx_word' id='word_1_121' title='bbox 1619 1685 1795 1755; x_wconf 89' lang='lat' dir='ltr'><strong>primo</strong></span> <span class='ocrx_word' id='word_1_122' title='bbox 1823 1682 2037 1751; x_wconf 80' lang='lat' dir='ltr'><strong>signum</strong></span> 
     </span>
    </p>
   </div>
   <div class='ocr_carea' id='block_1_18' title="bbox 447 1770 2035 1861">
    <p class='ocr_par' dir='ltr' id='par_1_18' title="bbox 447 1770 2035 1861">
     <span class='ocr_line' id='line_1_18' title="bbox 447 1770 2035 1861; baseline -0.013 -17"><span class='ocrx_word' id='word_1_123' title='bbox 447 1790 698 1861; x_wconf 86' lang='lat' dir='ltr'><strong>pulsatur</strong></span> <span class='ocrx_word' id='word_1_124' title='bbox 740 1786 805 1840; x_wconf 89' lang='lat' dir='ltr'><strong>ad</strong></span> <span class='ocrx_word' id='word_1_125' title='bbox 853 1784 1110 1854; x_wconf 81' lang='lat' dir='ltr'><strong>primam,</strong></span> <span class='ocrx_word' id='word_1_126' title='bbox 1142 1781 1227 1835; x_wconf 91' lang='lat' dir='ltr'><strong>vel</strong></span> <span class='ocrx_word' id='word_1_127' title='bbox 1262 1780 1305 1834; x_wconf 88' lang='lat' dir='ltr'><strong>si</strong></span> <span class='ocrx_word' id='word_1_128' title='bbox 1339 1781 1403 1833; x_wconf 90' lang='lat' dir='ltr'><strong>de</strong></span> <span class='ocrx_word' id='word_1_129' title='bbox 1434 1784 1695 1846; x_wconf 89' lang='lat' dir='ltr'><strong>tempore,</strong></span> <span class='ocrx_word' id='word_1_130' title='bbox 1727 1790 1833 1844; x_wconf 90' lang='lat' dir='ltr'><strong>quo</strong></span> <span class='ocrx_word' id='word_1_131' title='bbox 1881 1770 2035 1825; x_wconf 85' lang='lat' dir='ltr'><strong>tertia</strong></span> 
     </span>
    </p>
   </div>
   <div class='ocr_carea' id='block_1_19' title="bbox 451 1860 2036 1941">
    <p class='ocr_par' dir='ltr' id='par_1_19' title="bbox 451 1860 2036 1941">
     <span class='ocr_line' id='line_1_19' title="bbox 451 1860 2036 1941; baseline -0.013 -8"><span class='ocrx_word' id='word_1_132' title='bbox 451 1860 723 1939; x_wconf 84' lang='lat' dir='ltr'><strong>cantatur,</strong></span> <span class='ocrx_word' id='word_1_133' title='bbox 752 1882 876 1928; x_wconf 87' lang='lat' dir='ltr'><strong>ante</strong></span> <span class='ocrx_word' id='word_1_134' title='bbox 921 1870 1239 1941; x_wconf 78' lang='lat' dir='ltr'><strong>capitulum,</strong></span> <span class='ocrx_word' id='word_1_135' title='bbox 1270 1876 1377 1922; x_wconf 86' lang='lat' dir='ltr'><strong>stat</strong></span> <span class='ocrx_word' id='word_1_136' title='bbox 1422 1878 1589 1936; x_wconf 86' lang='lat' dir='ltr'><strong>prope</strong></span> <span class='ocrx_word' id='word_1_137' title='bbox 1635 1865 1833 1917; x_wconf 91' lang='lat' dir='ltr'><strong>ostium</strong></span> <span class='ocrx_word' id='word_1_138' title='bbox 1880 1861 1945 1914; x_wconf 87' lang='lat' dir='ltr'><strong>ad</strong></span> <span class='ocrx_word' id='word_1_139' title='bbox 1978 1860 2036 1914; x_wconf 88' lang='lat' dir='ltr'><strong>S.</strong></span> 
     </span>
    </p>
   </div>
   <div class='ocr_carea' id='block_1_20' title="bbox 452 1953 2045 2031">
    <p class='ocr_par' dir='ltr' id='par_1_20' title="bbox 452 1953 2045 2031">
     <span class='ocr_line' id='line_1_20' title="bbox 452 1953 2045 2031; baseline -0.012 -10"><span class='ocrx_word' id='word_1_140' title='bbox 452 1967 701 2031; x_wconf 80' lang='lat' dir='ltr'><strong>Mariam,</strong></span> <span class='ocrx_word' id='word_1_141' title='bbox 730 1972 927 2019; x_wconf 90' lang='lat' dir='ltr'><strong>etcum</strong></span> <span class='ocrx_word' id='word_1_142' title='bbox 958 1959 1156 2014; x_wconf 86' lang='lat' dir='ltr'><strong>viderit</strong></span> <span class='ocrx_word' id='word_1_143' title='bbox 1186 1973 1376 2014; x_wconf 83' lang='lat' dir='ltr'><strong>munes</strong></span> <span class='ocrx_word' id='word_1_144' title='bbox 1408 1956 1607 2009; x_wconf 80' lang='lat' dir='ltr'><strong>fratres</strong></span> <span class='ocrx_word' id='word_1_145' title='bbox 1634 1953 1925 2015; x_wconf 88' lang='lat' dir='ltr'><strong>transisse,</strong></span> <span class='ocrx_word' id='word_1_146' title='bbox 1957 1966 2045 2004; x_wconf 93' lang='lat' dir='ltr'><strong>se-</strong></span> 
     </span>
    </p>
   </div>
   <div class='ocr_carea' id='block_1_21' title="bbox 452 2040 2045 2129">
    <p class='ocr_par' dir='ltr' id='par_1_21' title="bbox 452 2040 2045 2129">
     <span class='ocr_line' id='line_1_21' title="bbox 452 2040 2045 2129; baseline -0.013 -16"><span class='ocrx_word' id='word_1_147' title='bbox 452 2060 639 2129; x_wconf 82' lang='lat' dir='ltr'><strong>quitur</strong></span> <span class='ocrx_word' id='word_1_148' title='bbox 673 2064 765 2111; x_wconf 81' lang='lat' dir='ltr'><strong>ces</strong></span> <span class='ocrx_word' id='word_1_149' title='bbox 797 2056 849 2110; x_wconf 92' lang='lat' dir='ltr'><strong>in</strong></span> <span class='ocrx_word' id='word_1_150' title='bbox 888 2053 1198 2109; x_wconf 85' lang='lat' dir='ltr'><strong>ecclesiam.</strong></span> <span class='ocrx_word' id='word_1_151' title='bbox 1230 2051 1250 2073; x_wconf 79' lang='lat'>&quot;</span> <span class='ocrx_word' id='word_1_152' title='bbox 1279 2050 1336 2104; x_wconf 88' lang='lat' dir='ltr'><strong>Si</strong></span> <span class='ocrx_word' id='word_1_153' title='bbox 1364 2044 1562 2118; x_wconf 88' lang='lat' dir='ltr'><strong>aliquis</strong></span> <span class='ocrx_word' id='word_1_154' title='bbox 1587 2055 1670 2101; x_wconf 88' lang='lat' dir='ltr'><strong>est</strong></span> <span class='ocrx_word' id='word_1_155' title='bbox 1696 2045 1762 2099; x_wconf 88' lang='lat' dir='ltr'><strong>de</strong></span> <span class='ocrx_word' id='word_1_156' title='bbox 1787 2040 2045 2098; x_wconf 84' lang='lat' dir='ltr'><strong>obedien-</strong></span> 
     </span>
    </p>
   </div>
   <div class='ocr_carea' id='block_1_22' title="bbox 453 2129 2045 2213">
    <p class='ocr_par' dir='ltr' id='par_1_22' title="bbox 453 2129 2045 2213">
     <span class='ocr_line' id='line_1_22' title="bbox 453 2129 2045 2213; baseline -0.013 -10"><span class='ocrx_word' id='word_1_157' title='bbox 453 2151 652 2213; x_wconf 79' lang='lat' dir='ltr'><strong>tiariis,</strong></span> <span class='ocrx_word' id='word_1_158' title='bbox 683 2148 729 2203; x_wconf 88' lang='lat' dir='ltr'><strong>is</strong></span> <span class='ocrx_word' id='word_1_159' title='bbox 759 2158 938 2213; x_wconf 88' lang='lat' dir='ltr'><strong>neque</strong></span> <span class='ocrx_word' id='word_1_160' title='bbox 976 2143 1119 2212; x_wconf 88' lang='lat' dir='ltr'><strong>loqui</strong></span> <span class='ocrx_word' id='word_1_161' title='bbox 1153 2153 1327 2209; x_wconf 90' lang='lat' dir='ltr'><strong>neque</strong></span> <span class='ocrx_word' id='word_1_162' title='bbox 1368 2137 1477 2191; x_wconf 83' lang='lat' dir='ltr'><strong>ullo</strong></span> <span class='ocrx_word' id='word_1_163' title='bbox 1506 2135 1665 2189; x_wconf 88' lang='lat' dir='ltr'><strong>modo</strong></span> <span class='ocrx_word' id='word_1_164' title='bbox 1696 2134 1760 2188; x_wconf 88' lang='lat' dir='ltr'><strong>de</strong></span> <span class='ocrx_word' id='word_1_165' title='bbox 1788 2129 2045 2185; x_wconf 89' lang='lat' dir='ltr'><strong>obedien-</strong></span> 
     </span>
    </p>
   </div>
   <div class='ocr_carea' id='block_1_23' title="bbox 457 2222 2049 2306">
    <p class='ocr_par' dir='ltr' id='par_1_23' title="bbox 457 2222 2049 2306">
     <span class='ocr_line' id='line_1_23' title="bbox 457 2222 2049 2306; baseline -0.014 -11"><span class='ocrx_word' id='word_1_166' title='bbox 457 2242 531 2295; x_wconf 85' lang='lat' dir='ltr'><strong>tia</strong></span> <span class='ocrx_word' id='word_1_167' title='bbox 566 2255 663 2294; x_wconf 87' lang='lat' dir='ltr'><strong>sua</strong></span> <span class='ocrx_word' id='word_1_168' title='bbox 692 2234 1070 2306; x_wconf 86' lang='lat' dir='ltr'><strong>in‘capitulum</strong></span> <span class='ocrx_word' id='word_1_169' title='bbox 1102 2249 1160 2288; x_wconf 89' lang='lat' dir='ltr'><strong>se</strong></span> <span class='ocrx_word' id='word_1_170' title='bbox 1211 2229 1583 2285; x_wconf 86' lang='lat' dir='ltr'><strong>intromittere</strong></span> <span class='ocrx_word' id='word_1_171' title='bbox 1616 2222 1913 2295; x_wconf 72' lang='lat' dir='ltr'><strong>przesumit,</strong></span> <span class='ocrx_word' id='word_1_172' title='bbox 1951 2234 2049 2273; x_wconf 88' lang='lat' dir='ltr'><strong>ne-</strong></span> 
     </span>
    </p>
   </div>
   <div class='ocr_carea' id='block_1_24' title="bbox 455 2310 2046 2403">
    <p class='ocr_par' dir='ltr' id='par_1_24' title="bbox 455 2310 2046 2403">
     <span class='ocr_line' id='line_1_24' title="bbox 455 2310 2046 2403; baseline -0.014 -18"><span class='ocrx_word' id='word_1_173' title='bbox 455 2348 561 2403; x_wconf 87' lang='lat' dir='ltr'><strong>que</strong></span> <span class='ocrx_word' id='word_1_174' title='bbox 589 2332 678 2386; x_wconf 87' lang='lat' dir='ltr'><strong>illa</strong></span> <span class='ocrx_word' id='word_1_175' title='bbox 710 2330 797 2384; x_wconf 87' lang='lat' dir='ltr'><strong>die</strong></span> <span class='ocrx_word' id='word_1_176' title='bbox 833 2340 1029 2397; x_wconf 87' lang='lat' dir='ltr'><strong>equum</strong></span> <span class='ocrx_word' id='word_1_177' title='bbox 1074 2324 1406 2386; x_wconf 88' lang='lat' dir='ltr'><strong>ascendere;</strong></span> <span class='ocrx_word' id='word_1_178' title='bbox 1456 2318 1557 2372; x_wconf 86' lang='lat' dir='ltr'><strong>nisi</strong></span> <span class='ocrx_word' id='word_1_179' title='bbox 1591 2315 1722 2386; x_wconf 90' lang='lat' dir='ltr'><strong>quid</strong></span> <span class='ocrx_word' id='word_1_180' title='bbox 1768 2310 2046 2375; x_wconf 86' lang='lat' dir='ltr'><strong>acciderit,</strong></span> 
     </span>
    </p>
   </div>
   <div class='ocr_carea' id='block_1_25' title="bbox 458 2402 2045 2495">
    <p class='ocr_par' dir='ltr' id='par_1_25' title="bbox 458 2402 2045 2495">
     <span class='ocr_line' id='line_1_25' title="bbox 458 2402 2045 2495; baseline -0.014 -17"><span class='ocrx_word' id='word_1_181' title='bbox 458 2427 604 2495; x_wconf 87' lang='lat' dir='ltr'><strong>quod</strong></span> <span class='ocrx_word' id='word_1_182' title='bbox 636 2425 680 2479; x_wconf 90' lang='lat' dir='ltr'><strong>si</strong></span> <span class='ocrx_word' id='word_1_183' title='bbox 710 2438 813 2477; x_wconf 89' lang='lat' dir='ltr'><strong>non</strong></span> <span class='ocrx_word' id='word_1_184' title='bbox 847 2421 968 2486; x_wconf 88' lang='lat' dir='ltr'><strong>iret,</strong></span> <span class='ocrx_word' id='word_1_185' title='bbox 1012 2430 1174 2488; x_wconf 79' lang='lat' dir='ltr'><strong>grave</strong></span> <span class='ocrx_word' id='word_1_186' title='bbox 1221 2416 1479 2470; x_wconf 86' lang='lat' dir='ltr'><strong>damnum</strong></span> <span class='ocrx_word' id='word_1_187' title='bbox 1512 2407 1845 2464; x_wconf 88' lang='lat' dir='ltr'><strong>monasterio</strong></span> <span class='ocrx_word' id='word_1_188' title='bbox 1874 2402 2045 2459; x_wconf 89' lang='lat' dir='ltr'><strong>infer-</strong></span> 
     </span>
    </p>
   </div>
   <div class='ocr_carea' id='block_1_26' title="bbox 459 2496 2049 2585">
    <p class='ocr_par' dir='ltr' id='par_1_26' title="bbox 459 2496 2049 2585">
     <span class='ocr_line' id='line_1_26' title="bbox 459 2496 2049 2585; baseline -0.016 -12"><span class='ocrx_word' id='word_1_189' title='bbox 459 2526 586 2585; x_wconf 85' lang='lat' dir='ltr'><strong>ret,</strong></span> <span class='ocrx_word' id='word_1_190' title='bbox 636 2515 777 2577; x_wconf 86' lang='lat' dir='ltr'><strong>sicut</strong></span> <span class='ocrx_word' id='word_1_191' title='bbox 812 2514 878 2568; x_wconf 89' lang='lat' dir='ltr'><strong>de</strong></span> <span class='ocrx_word' id='word_1_192' title='bbox 914 2511 1101 2582; x_wconf 67' lang='lat' dir='ltr'><strong>planta</strong></span> <span class='ocrx_word' id='word_1_193' title='bbox 1159 2506 1243 2561; x_wconf 85' lang='lat' dir='ltr'><strong>vel</strong></span> <span class='ocrx_word' id='word_1_194' title='bbox 1284 2500 1592 2574; x_wconf 85' lang='lat' dir='ltr'><strong>huiusmodi</strong></span> <span class='ocrx_word' id='word_1_195' title='bbox 1652 2498 1889 2569; x_wconf 80' lang='lat' dir='ltr'><strong>negotio.</strong></span> <span class='ocrx_word' id='word_1_196' title='bbox 1943 2496 2049 2550; x_wconf 85' lang='lat' dir='ltr'><strong>Pro</strong></span> 
     </span>
    </p>
   </div>
   <div class='ocr_carea' id='block_1_27' title="bbox 461 2587 2050 2676">
    <p class='ocr_par' dir='ltr' id='par_1_27' title="bbox 461 2587 2050 2676">
     <span class='ocr_line' id='line_1_27' title="bbox 461 2587 2050 2676; baseline -0.016 -11"><span class='ocrx_word' id='word_1_197' title='bbox 461 2617 611 2665; x_wconf 86' lang='lat' dir='ltr'><strong>tanta</strong></span> <span class='ocrx_word' id='word_1_198' title='bbox 643 2620 879 2676; x_wconf 84' lang='lat' dir='ltr'><strong>namque</strong></span> <span class='ocrx_word' id='word_1_199' title='bbox 908 2601 1235 2659; x_wconf 82' lang='lat' dir='ltr'><strong>necessitate</strong></span> <span class='ocrx_word' id='word_1_200' title='bbox 1280 2598 1445 2652; x_wconf 86' lang='lat' dir='ltr'><strong>etiam</strong></span> <span class='ocrx_word' id='word_1_201' title='bbox 1476 2595 1542 2649; x_wconf 90' lang='lat' dir='ltr'><strong>de</strong></span> <span class='ocrx_word' id='word_1_202' title='bbox 1589 2593 1706 2662; x_wconf 86' lang='lat' dir='ltr'><strong>ipsa</strong></span> <span class='ocrx_word' id='word_1_203' title='bbox 1748 2587 2050 2643; x_wconf 86' lang='lat' dir='ltr'><strong>inﬁrmaria</strong></span> 
     </span>
    </p>
   </div>
   <div class='ocr_carea' id='block_1_28' title="bbox 461 2680 2053 2761">
    <p class='ocr_par' dir='ltr' id='par_1_28' title="bbox 461 2680 2053 2761">
     <span class='ocr_line' id='line_1_28' title="bbox 461 2680 2053 2761; baseline -0.017 -2"><span class='ocrx_word' id='word_1_204' title='bbox 461 2703 634 2759; x_wconf 80' lang='lat' dir='ltr'><strong>exibit</strong></span> <span class='ocrx_word' id='word_1_205' title='bbox 655 2700 713 2756; x_wconf 90' lang='lat' dir='ltr'><strong>in</strong></span> <span class='ocrx_word' id='word_1_206' title='bbox 738 2701 981 2761; x_wconf 83' lang='lat' dir='ltr'><strong>hortum,</strong></span> <span class='ocrx_word' id='word_1_207' title='bbox 1006 2692 1103 2750; x_wconf 89' lang='lat' dir='ltr'><strong>sed</strong></span> <span class='ocrx_word' id='word_1_208' title='bbox 1128 2689 1437 2745; x_wconf 87' lang='lat' dir='ltr'><strong>nullatenus</strong></span> <span class='ocrx_word' id='word_1_209' title='bbox 1461 2685 1513 2739; x_wconf 91' lang='lat' dir='ltr'><strong>in</strong></span> <span class='ocrx_word' id='word_1_210' title='bbox 1539 2682 1690 2738; x_wconf 92' lang='lat' dir='ltr'><strong>illum</strong></span> <span class='ocrx_word' id='word_1_211' title='bbox 1713 2680 1912 2743; x_wconf 89' lang='lat' dir='ltr'><strong>locum,</strong></span> <span class='ocrx_word' id='word_1_212' title='bbox 1937 2688 2053 2747; x_wconf 77' lang='lat' dir='ltr'><strong>quo</strong></span> 
     </span>
    </p>
   </div>
   <div class='ocr_carea' id='block_1_29' title="bbox 461 2777 2051 2861">
    <p class='ocr_par' dir='ltr' id='par_1_29' title="bbox 461 2777 2051 2861">
     <span class='ocr_line' id='line_1_29' title="bbox 461 2777 2051 2861; baseline -0.018 -10"><span class='ocrx_word' id='word_1_213' title='bbox 461 2809 585 2850; x_wconf 90' lang='lat' dir='ltr'><strong>eum</strong></span> <span class='ocrx_word' id='word_1_214' title='bbox 617 2794 864 2861; x_wconf 85' lang='lat' dir='ltr'><strong>equitare</strong></span> <span class='ocrx_word' id='word_1_215' title='bbox 894 2799 1114 2842; x_wconf 88' lang='lat' dir='ltr'><strong>necesse</strong></span> <span class='ocrx_word' id='word_1_216' title='bbox 1143 2780 1305 2838; x_wconf 86' lang='lat' dir='ltr'><strong>foret.</strong></span> <span class='ocrx_word' id='word_1_217' title='bbox 1357 2777 1742 2833; x_wconf 81' lang='lat' dir='ltr'><strong>Verumtamen</strong></span> <span class='ocrx_word' id='word_1_218' title='bbox 1786 2779 1919 2825; x_wconf 90' lang='lat' dir='ltr'><strong>tunc</strong></span> <span class='ocrx_word' id='word_1_219' title='bbox 1946 2782 2051 2823; x_wconf 90' lang='lat' dir='ltr'><strong>non</strong></span> 
     </span>
    </p>
   </div>
   <div class='ocr_carea' id='block_1_30' title="bbox 464 2864 2052 2960">
    <p class='ocr_par' dir='ltr' id='par_1_30' title="bbox 464 2864 2052 2960">
     <span class='ocr_line' id='line_1_30' title="bbox 464 2864 2052 2960; baseline -0.018 -16"><span class='ocrx_word' id='word_1_220' title='bbox 464 2888 745 2960; x_wconf 84' lang='lat' dir='ltr'><strong>egreditur</strong></span> <span class='ocrx_word' id='word_1_221' title='bbox 784 2898 883 2953; x_wconf 89' lang='lat' dir='ltr'><strong>per</strong></span> <span class='ocrx_word' id='word_1_222' title='bbox 909 2880 1227 2941; x_wconf 88' lang='lat' dir='ltr'><strong>claustrum,</strong></span> <span class='ocrx_word' id='word_1_223' title='bbox 1255 2874 1347 2931; x_wconf 85' lang='lat' dir='ltr'><strong>sed</strong></span> <span class='ocrx_word' id='word_1_224' title='bbox 1379 2871 1566 2944; x_wconf 83' lang='lat' dir='ltr'><strong>paucis</strong></span> <span class='ocrx_word' id='word_1_225' title='bbox 1595 2866 1891 2925; x_wconf 89' lang='lat' dir='ltr'><strong>scientibus</strong></span> <span class='ocrx_word' id='word_1_226' title='bbox 1916 2864 2052 2919; x_wconf 88' lang='lat' dir='ltr'><strong>edn-</strong></span> 
     </span>
    </p>
   </div>
   <div class='ocr_carea' id='block_1_31' title="bbox 464 2962 2056 3045">
    <p class='ocr_par' dir='ltr' id='par_1_31' title="bbox 464 2962 2056 3045">
     <span class='ocr_line' id='line_1_31' title="bbox 464 2962 2056 3045; baseline -0.017 -12"><span class='ocrx_word' id='word_1_227' title='bbox 464 2988 621 3033; x_wconf 84' lang='lat' dir='ltr'><strong>c‘etur</strong></span> <span class='ocrx_word' id='word_1_228' title='bbox 648 2985 745 3045; x_wconf 83' lang='lat' dir='ltr'><strong>per</strong></span> <span class='ocrx_word' id='word_1_229' title='bbox 796 2973 1030 3041; x_wconf 73' lang='lat' dir='ltr'><strong>aliquem</strong></span> <span class='ocrx_word' id='word_1_230' title='bbox 1060 2973 1327 3022; x_wconf 89' lang='lat' dir='ltr'><strong>secretum</strong></span> <span class='ocrx_word' id='word_1_231' title='bbox 1360 2962 1558 3025; x_wconf 91' lang='lat' dir='ltr'><strong>locum,</strong></span> <span class='ocrx_word' id='word_1_232' title='bbox 1598 2972 1698 3027; x_wconf 89' lang='lat' dir='ltr'><strong>per</strong></span> <span class='ocrx_word' id='word_1_233' title='bbox 1747 2966 1910 3025; x_wconf 85' lang='lat' dir='ltr'><strong>quem</strong></span> <span class='ocrx_word' id='word_1_234' title='bbox 1959 2968 2056 3008; x_wconf 79' lang='lat' dir='ltr'><strong>cx-</strong></span> 
     </span>
    </p>
   </div>
   <div class='ocr_carea' id='block_1_32' title="bbox 467 3048 1913 3140">
    <p class='ocr_par' dir='ltr' id='par_1_32' title="bbox 467 3048 1913 3140">
     <span class='ocr_line' id='line_1_32' title="bbox 467 3048 1913 3140; baseline -0.015 -18"><span class='ocrx_word' id='word_1_235' title='bbox 467 3069 614 3140; x_wconf 89' lang='lat' dir='ltr'><strong>pleto</strong></span> <span class='ocrx_word' id='word_1_236' title='bbox 647 3065 868 3136; x_wconf 75' lang='lat' dir='ltr'><strong>negotio</strong></span> <span class='ocrx_word' id='word_1_237' title='bbox 902 3062 1098 3115; x_wconf 83' lang='lat' dir='ltr'><strong>iterum</strong></span> <span class='ocrx_word' id='word_1_238' title='bbox 1122 3051 1505 3113; x_wconf 76' lang='lat' dir='ltr'><strong>rev‘erteturin</strong></span> <span class='ocrx_word' id='word_1_239' title='bbox 1533 3048 1913 3105; x_wconf 83' lang='lat' dir='ltr'><strong>infirmariam.</strong></span> 
     </span>
    </p>
   </div>
   <div class='ocr_carea' id='block_1_33' title="bbox 2132 535 3651 621">
    <p class='ocr_par' dir='ltr' id='par_1_33' title="bbox 2132 535 3651 621">
     <span class='ocr_line' id='line_1_33' title="bbox 2132 535 3651 621; baseline -0.001 -12"><span class='ocrx_word' id='word_1_240' title='bbox 2132 565 2315 619; x_wconf 89' lang='lat' dir='ltr'><strong>nentc,</strong></span> <span class='ocrx_word' id='word_1_241' title='bbox 2344 551 2527 607; x_wconf 85' lang='lat' dir='ltr'><strong>statim</strong></span> <span class='ocrx_word' id='word_1_242' title='bbox 2559 550 2737 606; x_wconf 85' lang='lat' dir='ltr'><strong>redire</strong></span> <span class='ocrx_word' id='word_1_243' title='bbox 2771 535 3340 619; x_wconf 24' lang='lat' dir='ltr'><strong>iubetur.‘Sciendum</strong></span> <span class='ocrx_word' id='word_1_244' title='bbox 3365 550 3527 604; x_wconf 86' lang='lat' dir='ltr'><strong>autem</strong></span> <span class='ocrx_word' id='word_1_245' title='bbox 3552 554 3651 621; x_wconf 76' lang='lat' dir='ltr'><strong>quia</strong></span> 
     </span>
    </p>
   </div>
   <div class='ocr_carea' id='block_1_34' title="bbox 2131 637 3660 714">
    <p class='ocr_par' dir='ltr' id='par_1_34' title="bbox 2131 637 3660 714">
     <span class='ocr_line' id='line_1_34' title="bbox 2131 637 3660 714; baseline -0.001 -16"><span class='ocrx_word' id='word_1_246' title='bbox 2131 658 2195 699; x_wconf 88' lang='lat' dir='ltr'><strong>ea</strong></span> <span class='ocrx_word' id='word_1_247' title='bbox 2217 643 2303 697; x_wconf 90' lang='lat' dir='ltr'><strong>die</strong></span> <span class='ocrx_word' id='word_1_248' title='bbox 2331 657 2436 712; x_wconf 89' lang='lat' dir='ltr'><strong>qua</strong></span> <span class='ocrx_word' id='word_1_249' title='bbox 2468 642 2533 697; x_wconf 91' lang='lat' dir='ltr'><strong>de</strong></span> <span class='ocrx_word' id='word_1_250' title='bbox 2574 638 2870 694; x_wconf 84' lang='lat' dir='ltr'><strong>intirmaria</strong></span> <span class='ocrx_word' id='word_1_251' title='bbox 2896 637 3071 713; x_wconf 87' lang='lat' dir='ltr'><strong>redit,</strong></span> <span class='ocrx_word' id='word_1_252' title='bbox 3112 637 3158 693; x_wconf 87' lang='lat' dir='ltr'><strong>si</strong></span> <span class='ocrx_word' id='word_1_253' title='bbox 3207 652 3422 714; x_wconf 83' lang='lat' dir='ltr'><strong>carnem</strong></span> <span class='ocrx_word' id='word_1_254' title='bbox 3448 642 3660 709; x_wconf 86' lang='lat' dir='ltr'><strong>comedit,</strong></span> 
     </span>
    </p>
   </div>
   <div class='ocr_carea' id='block_1_35' title="bbox 2132 726 3664 806">
    <p class='ocr_par' dir='ltr' id='par_1_35' title="bbox 2132 726 3664 806">
     <span class='ocr_line' id='line_1_35' title="bbox 2132 726 3664 806; baseline 0.001 -15"><span class='ocrx_word' id='word_1_255' title='bbox 2132 750 2306 806; x_wconf 88' lang='lat' dir='ltr'><strong>neque</strong></span> <span class='ocrx_word' id='word_1_256' title='bbox 2357 734 2447 790; x_wconf 90' lang='lat' dir='ltr'><strong>ille</strong></span> <span class='ocrx_word' id='word_1_257' title='bbox 2498 733 2664 788; x_wconf 87' lang='lat' dir='ltr'><strong>alium</strong></span> <span class='ocrx_word' id='word_1_258' title='bbox 2709 746 2885 802; x_wconf 87' lang='lat' dir='ltr'><strong>neque</strong></span> <span class='ocrx_word' id='word_1_259' title='bbox 2936 731 3075 787; x_wconf 88' lang='lat' dir='ltr'><strong>alius</strong></span> <span class='ocrx_word' id='word_1_260' title='bbox 3119 731 3269 785; x_wconf 86' lang='lat' dir='ltr'><strong>illum</strong></span> <span class='ocrx_word' id='word_1_261' title='bbox 3311 726 3664 800; x_wconf 39' lang='lat' dir='ltr'><strong>inclamau’sin</strong></span> 
     </span>
    </p>
   </div>
   <div class='ocr_carea' id='block_1_36' title="bbox 2135 820 3666 893">
    <p class='ocr_par' dir='ltr' id='par_1_36' title="bbox 2135 820 3666 893">
     <span class='ocr_line' id='line_1_36' title="bbox 2135 820 3666 893; baseline 0.002 -14"><span class='ocrx_word' id='word_1_262' title='bbox 2135 835 2339 892; x_wconf 89' lang='lat' dir='ltr'><strong>autem,</strong></span> <span class='ocrx_word' id='word_1_263' title='bbox 2369 833 2476 880; x_wconf 89' lang='lat' dir='ltr'><strong>tam</strong></span> <span class='ocrx_word' id='word_1_264' title='bbox 2518 822 2675 890; x_wconf 90' lang='lat' dir='ltr'><strong>alius,</strong></span> <span class='ocrx_word' id='word_1_265' title='bbox 2716 836 2879 893; x_wconf 86' lang='lat' dir='ltr'><strong>quam</strong></span> <span class='ocrx_word' id='word_1_266' title='bbox 2926 821 3041 891; x_wconf 86' lang='lat' dir='ltr'><strong>ipse</strong></span> <span class='ocrx_word' id='word_1_267' title='bbox 3095 821 3166 876; x_wconf 86' lang='lat' dir='ltr'><strong>ab</strong></span> <span class='ocrx_word' id='word_1_268' title='bbox 3215 820 3322 876; x_wconf 84' lang='lat' dir='ltr'><strong>alio</strong></span> <span class='ocrx_word' id='word_1_269' title='bbox 3371 821 3666 882; x_wconf 75' lang='lat' dir='ltr'><strong>inclamauit.</strong></span> 
     </span>
    </p>
   </div>
   <div class='ocr_carea' id='block_1_37' title="bbox 2135 902 3665 982">
    <p class='ocr_par' dir='ltr' id='par_1_37' title="bbox 2135 902 3665 982">
     <span class='ocr_line' id='line_1_37' title="bbox 2135 902 3665 982; baseline -0.002 -12"><span class='ocrx_word' id='word_1_270' title='bbox 2135 915 2326 972; x_wconf 88' lang='lat' dir='ltr'><strong>Talem</strong></span> <span class='ocrx_word' id='word_1_271' title='bbox 2365 927 2499 971; x_wconf 83' lang='lat' dir='ltr'><strong>vero</strong></span> <span class='ocrx_word' id='word_1_272' title='bbox 2523 928 2810 969; x_wconf 77' lang='lat' dir='ltr'><strong>excessum</strong></span> <span class='ocrx_word' id='word_1_273' title='bbox 2856 912 3033 982; x_wconf 83' lang='lat' dir='ltr'><strong>potuit</strong></span> <span class='ocrx_word' id='word_1_274' title='bbox 3081 902 3361 966; x_wconf 80' lang='lat' dir='ltr'><strong>incurrere</strong></span> <span class='ocrx_word' id='word_1_275' title='bbox 3388 927 3479 980; x_wconf 87' lang='lat' dir='ltr'><strong>pro</strong></span> <span class='ocrx_word' id='word_1_276' title='bbox 3498 927 3587 982; x_wconf 89' lang='lat' dir='ltr'><strong>quo</strong></span> <span class='ocrx_word' id='word_1_277' title='bbox 3623 918 3665 971; x_wconf 77' lang='lat' dir='ltr'><strong>in</strong></span> 
     </span>
    </p>
   </div>
   <div class='ocr_carea' id='block_1_38' title="bbox 2136 1000 3669 1077">
    <p class='ocr_par' dir='ltr' id='par_1_38' title="bbox 2136 1000 3669 1077">
     <span class='ocr_line' id='line_1_38' title="bbox 2136 1000 3669 1077; baseline -0.003 -13"><span class='ocrx_word' id='word_1_278' title='bbox 2136 1008 2382 1064; x_wconf 84' lang='lat' dir='ltr'><strong>crastino</strong></span> <span class='ocrx_word' id='word_1_279' title='bbox 2411 1016 2623 1077; x_wconf 90' lang='lat' dir='ltr'><strong>sponte,</strong></span> <span class='ocrx_word' id='word_1_280' title='bbox 2666 1004 2751 1061; x_wconf 72' lang='lat' dir='ltr'><strong>Vel</strong></span> <span class='ocrx_word' id='word_1_281' title='bbox 2801 1003 3129 1059; x_wconf 85' lang='lat' dir='ltr'><strong>inclamatus</strong></span> <span class='ocrx_word' id='word_1_282' title='bbox 3179 1000 3391 1056; x_wconf 78' lang='lat' dir='ltr'><strong>veniam</strong></span> <span class='ocrx_word' id='word_1_283' title='bbox 3446 1004 3578 1071; x_wconf 87' lang='lat' dir='ltr'><strong>petit.</strong></span> <span class='ocrx_word' id='word_1_284' title='bbox 3617 1005 3669 1060; x_wconf 77' lang='lat' dir='ltr'><strong>Et</strong></span> 
     </span>
    </p>
   </div>
   <div class='ocr_carea' id='block_1_39' title="bbox 2137 1090 3669 1170">
    <p class='ocr_par' dir='ltr' id='par_1_39' title="bbox 2137 1090 3669 1170">
     <span class='ocr_line' id='line_1_39' title="bbox 2137 1090 3669 1170; baseline -0.004 -12"><span class='ocrx_word' id='word_1_285' title='bbox 2137 1102 2438 1158; x_wconf 83' lang='lat' dir='ltr'><strong>notandum</strong></span> <span class='ocrx_word' id='word_1_286' title='bbox 2462 1099 2608 1170; x_wconf 79' lang='lat' dir='ltr'><strong>quod</strong></span> <span class='ocrx_word' id='word_1_287' title='bbox 2638 1098 2683 1154; x_wconf 90' lang='lat' dir='ltr'><strong>si</strong></span> <span class='ocrx_word' id='word_1_288' title='bbox 2705 1098 2828 1169; x_wconf 87' lang='lat' dir='ltr'><strong>quis</strong></span> <span class='ocrx_word' id='word_1_289' title='bbox 2858 1090 3109 1151; x_wconf 81' lang='lat' dir='ltr'><strong>infirmus</strong></span> <span class='ocrx_word' id='word_1_290' title='bbox 3137 1109 3301 1150; x_wconf 88' lang='lat' dir='ltr'><strong>causa</strong></span> <span class='ocrx_word' id='word_1_291' title='bbox 3331 1097 3669 1166; x_wconf 80' lang='lat' dir='ltr'><strong>repausalionis</strong></span> 
     </span>
    </p>
   </div>
   <div class='ocr_carea' id='block_1_40' title="bbox 2137 1186 3671 1260">
    <p class='ocr_par' dir='ltr' id='par_1_40' title="bbox 2137 1186 3671 1260">
     <span class='ocr_line' id='line_1_40' title="bbox 2137 1186 3671 1260; baseline -0.003 -13"><span class='ocrx_word' id='word_1_292' title='bbox 2137 1194 2203 1247; x_wconf 89' lang='lat' dir='ltr'><strong>ad</strong></span> <span class='ocrx_word' id='word_1_293' title='bbox 2228 1192 2464 1260; x_wconf 83' lang='lat' dir='ltr'><strong>aliquam</strong></span> <span class='ocrx_word' id='word_1_294' title='bbox 2504 1189 2697 1244; x_wconf 84' lang='lat' dir='ltr'><strong>cellam</strong></span> <span class='ocrx_word' id='word_1_295' title='bbox 2724 1188 3168 1250; x_wconf 82' lang='lat' dir='ltr'><strong>est.mittendus,</strong></span> <span class='ocrx_word' id='word_1_296' title='bbox 3221 1186 3371 1256; x_wconf 90' lang='lat' dir='ltr'><strong>prius</strong></span> <span class='ocrx_word' id='word_1_297' title='bbox 3422 1186 3562 1243; x_wconf 84' lang='lat' dir='ltr'><strong>debet</strong></span> <span class='ocrx_word' id='word_1_298' title='bbox 3598 1203 3671 1242; x_wconf 76' lang='lat' dir='ltr'><strong>vc-</strong></span> 
     </span>
    </p>
   </div>
   <div class='ocr_carea' id='block_1_41' title="bbox 2138 1266 3669 1353">
    <p class='ocr_par' dir='ltr' id='par_1_41' title="bbox 2138 1266 3669 1353">
     <span class='ocr_line' id='line_1_41' title="bbox 2138 1266 3669 1353; baseline -0.005 -13"><span class='ocrx_word' id='word_1_299' title='bbox 2138 1286 2282 1340; x_wconf 89' lang='lat' dir='ltr'><strong>niam</strong></span> <span class='ocrx_word' id='word_1_300' title='bbox 2336 1286 2388 1339; x_wconf 89' lang='lat' dir='ltr'><strong>in</strong></span> <span class='ocrx_word' id='word_1_301' title='bbox 2439 1282 2681 1353; x_wconf 77' lang='lat' dir='ltr'><strong>capitqu</strong></span> <span class='ocrx_word' id='word_1_302' title='bbox 2720 1289 3009 1353; x_wconf 78' lang='lat' dir='ltr'><strong>petere;et</strong></span> <span class='ocrx_word' id='word_1_303' title='bbox 3061 1266 3249 1349; x_wconf 64' lang='lat' dir='ltr'><strong>postea</strong></span> <span class='ocrx_word' id='word_1_304' title='bbox 3297 1278 3669 1334; x_wconf 77' lang='lat' dir='ltr'><strong>benedictionem</strong></span> 
     </span>
    </p>
   </div>
   <div class='ocr_carea' id='block_1_42' title="bbox 2140 1378 2673 1445">
    <p class='ocr_par' dir='ltr' id='par_1_42' title="bbox 2140 1378 2673 1445">
     <span class='ocr_line' id='line_1_42' title="bbox 2140 1378 2673 1445; baseline -0.011 -11"><span class='ocrx_word' id='word_1_305' title='bbox 2140 1378 2369 1434; x_wconf 89' lang='lat' dir='ltr'><strong>abeundi</strong></span> <span class='ocrx_word' id='word_1_306' title='bbox 2402 1378 2673 1445; x_wconf 88' lang='lat' dir='ltr'><strong>accipere.</strong></span> 
     </span>
    </p>
   </div>
   <div class='ocr_carea' id='block_1_43' title="bbox 2734 1465 3429 1567">
    <p class='ocr_par' dir='ltr' id='par_1_43' title="bbox 2734 1465 3429 1567">
     <span class='ocr_line' id='line_1_43' title="bbox 2734 1465 3429 1567; baseline -0.006 -26"><span class='ocrx_word' id='word_1_307' title='bbox 2734 1484 2962 1542; x_wconf 82' lang='lat' dir='ltr'><strong>CAPUT</strong></span> <span class='ocrx_word' id='word_1_308' title='bbox 3000 1465 3157 1540; x_wconf 82' lang='lat' dir='ltr'><strong>Lxu.</strong></span> <span class='ocrx_word' id='word_1_309' title='bbox 3422 1561 3429 1567; x_wconf 19' lang='grc' dir='ltr'>ν</span> 
     </span>
    </p>
   </div>
   <div class='ocr_carea' id='block_1_44' title="bbox 2475 1574 3408 1648">
    <p class='ocr_par' dir='ltr' id='par_1_44' title="bbox 2475 1574 3408 1648">
     <span class='ocr_line' id='line_1_44' title="bbox 2475 1574 3408 1648; baseline -0.008 -14"><span class='ocrx_word' id='word_1_310' title='bbox 2475 1580 2548 1634; x_wconf 90' lang='lat' dir='ltr'><strong>De</strong></span> <span class='ocrx_word' id='word_1_311' title='bbox 2587 1580 2829 1634; x_wconf 73' lang='lat' dir='ltr'><strong>unctione</strong></span> <span class='ocrx_word' id='word_1_312' title='bbox 2859 1577 3042 1648; x_wconf 76' lang='lat' dir='ltr'><strong>fratris</strong></span> <span class='ocrx_word' id='word_1_313' title='bbox 3086 1574 3408 1646; x_wconf 67' lang='lat' dir='ltr'><strong>tegi-alantis.</strong></span> 
     </span>
    </p>
   </div>
   <div class='ocr_carea' id='block_1_45' title="bbox 2215 1688 3673 1765">
    <p class='ocr_par' dir='ltr' id='par_1_45' title="bbox 2215 1688 3673 1765">
     <span class='ocr_line' id='line_1_45' title="bbox 2215 1688 3673 1765; baseline -0.004 -16"><span class='ocrx_word' id='word_1_314' title='bbox 2215 1693 2351 1765; x_wconf 78' lang='grc' dir='ltr'><strong>(ιω.)</strong></span> <span class='ocrx_word' id='word_1_315' title='bbox 2375 1693 2567 1749; x_wconf 84' lang='lat' dir='ltr'><strong>Frater</strong></span> <span class='ocrx_word' id='word_1_316' title='bbox 2587 1691 2679 1762; x_wconf 86' lang='lat' dir='ltr'><strong>qui</strong></span> <span class='ocrx_word' id='word_1_317' title='bbox 2698 1705 2756 1746; x_wconf 89' lang='lat' dir='ltr'><strong>se</strong></span> <span class='ocrx_word' id='word_1_318' title='bbox 2780 1690 3096 1745; x_wconf 88' lang='lat' dir='ltr'><strong>inﬁrmitate</strong></span> <span class='ocrx_word' id='word_1_319' title='bbox 3118 1688 3516 1758; x_wconf 78' lang='lat' dir='ltr'><strong>ingravescente</strong></span> <span class='ocrx_word' id='word_1_320' title='bbox 3534 1700 3673 1743; x_wconf 63' lang='lat' dir='ltr'><strong>sense</strong></span> 
     </span>
    </p>
   </div>
   <div class='ocr_carea' id='block_1_46' title="bbox 2072 1780 3672 1887">
    <p class='ocr_par' dir='ltr' id='par_1_46' title="bbox 2072 1780 3672 1887">
     <span class='ocr_line' id='line_1_46' title="bbox 2072 1780 3672 1887; baseline -0.004 -45"><span class='ocrx_word' id='word_1_321' title='bbox 2072 1821 2117 1887; x_wconf 69' lang='grc' dir='ltr'><strong>Β</strong></span> <span class='ocrx_word' id='word_1_322' title='bbox 2149 1789 2222 1842; x_wconf 90' lang='lat' dir='ltr'><strong>rit</strong></span> <span class='ocrx_word' id='word_1_323' title='bbox 2253 1789 2304 1842; x_wconf 91' lang='lat' dir='ltr'><strong>in</strong></span> <span class='ocrx_word' id='word_1_324' title='bbox 2337 1788 2589 1857; x_wconf 80' lang='lat' dir='ltr'><strong>proximo</strong></span> <span class='ocrx_word' id='word_1_325' title='bbox 2616 1786 2684 1841; x_wconf 89' lang='lat' dir='ltr'><strong>ab</strong></span> <span class='ocrx_word' id='word_1_326' title='bbox 2720 1786 2823 1840; x_wconf 89' lang='lat' dir='ltr'><strong>hoc</strong></span> <span class='ocrx_word' id='word_1_327' title='bbox 2862 1782 3059 1843; x_wconf 62' lang='lat' dir='ltr'><strong>saeculo</strong></span> <span class='ocrx_word' id='word_1_328' title='bbox 3088 1782 3461 1850; x_wconf 79' lang='lat' dir='ltr'><strong>migraturum,</strong></span> <span class='ocrx_word' id='word_1_329' title='bbox 3483 1780 3540 1835; x_wconf 89' lang='lat' dir='ltr'><strong>de</strong></span> <span class='ocrx_word' id='word_1_330' title='bbox 3562 1782 3672 1836; x_wconf 83' lang='lat' dir='ltr'><strong>omni</strong></span> 
     </span>
    </p>
   </div>
   <div class='ocr_carea' id='block_1_47' title="bbox 2150 1874 3673 1957">
    <p class='ocr_par' dir='ltr' id='par_1_47' title="bbox 2150 1874 3673 1957">
     <span class='ocr_line' id='line_1_47' title="bbox 2150 1874 3673 1957; baseline -0.007 -21"><span class='ocrx_word' id='word_1_331' title='bbox 2150 1882 2483 1936; x_wconf 89' lang='lat' dir='ltr'><strong>conscientia</strong></span> <span class='ocrx_word' id='word_1_332' title='bbox 2510 1895 2606 1935; x_wconf 89' lang='lat' dir='ltr'><strong>sua</strong></span> <span class='ocrx_word' id='word_1_333' title='bbox 2644 1879 2842 1957; x_wconf 85' lang='lat' dir='ltr'><strong>domno</strong></span> <span class='ocrx_word' id='word_1_334' title='bbox 2872 1876 3054 1933; x_wconf 88' lang='lat' dir='ltr'><strong>abbati</strong></span> <span class='ocrx_word' id='word_1_335' title='bbox 3088 1874 3174 1930; x_wconf 84' lang='lat' dir='ltr'><strong>vel</strong></span> <span class='ocrx_word' id='word_1_336' title='bbox 3199 1874 3367 1943; x_wconf 85' lang='lat' dir='ltr'><strong>priori</strong></span> <span class='ocrx_word' id='word_1_337' title='bbox 3410 1874 3673 1937; x_wconf 80' lang='lat' dir='ltr'><strong>confitetur,</strong></span> 
     </span>
    </p>
   </div>
   <div class='ocr_carea' id='block_1_48' title="bbox 2149 1954 3676 2042">
    <p class='ocr_par' dir='ltr' id='par_1_48' title="bbox 2149 1954 3676 2042">
     <span class='ocr_line' id='line_1_48' title="bbox 2149 1954 3676 2042; baseline -0.007 -14"><span class='ocrx_word' id='word_1_338' title='bbox 2149 1986 2202 2029; x_wconf 87' lang='lat' dir='ltr'><strong>et</strong></span> <span class='ocrx_word' id='word_1_339' title='bbox 2260 1981 2419 2042; x_wconf 78' lang='lat' dir='ltr'><strong>rogat</strong></span> <span class='ocrx_word' id='word_1_340' title='bbox 2474 1981 2534 2026; x_wconf 88' lang='lat' dir='ltr'><strong>ut</strong></span> <span class='ocrx_word' id='word_1_341' title='bbox 2581 1971 2701 2025; x_wconf 85' lang='lat' dir='ltr'><strong>oleo</strong></span> <span class='ocrx_word' id='word_1_342' title='bbox 2748 1954 3091 2025; x_wconf 80' lang='lat' dir='ltr'><strong>infirmorum</strong></span> <span class='ocrx_word' id='word_1_343' title='bbox 3142 1975 3398 2036; x_wconf 75' lang='lat' dir='ltr'><strong>ungatur.</strong></span> <span class='ocrx_word' id='word_1_344' title='bbox 3446 1954 3676 2019; x_wconf 78' lang='lat' dir='ltr'><strong>Adducunt</strong></span> 
     </span>
    </p>
   </div>
   <div class='ocr_carea' id='block_1_49' title="bbox 2150 2056 3676 2132">
    <p class='ocr_par' dir='ltr' id='par_1_49' title="bbox 2150 2056 3676 2132">
     <span class='ocr_line' id='line_1_49' title="bbox 2150 2056 3676 2132; baseline -0.006 -13"><span class='ocrx_word' id='word_1_345' title='bbox 2150 2065 2275 2119; x_wconf 83' lang='lat' dir='ltr'><strong>cum</strong></span> <span class='ocrx_word' id='word_1_346' title='bbox 2317 2065 2464 2132; x_wconf 89' lang='lat' dir='ltr'><strong>prius</strong></span> <span class='ocrx_word' id='word_1_347' title='bbox 2497 2062 2551 2114; x_wconf 91' lang='lat' dir='ltr'><strong>in</strong></span> <span class='ocrx_word' id='word_1_348' title='bbox 2580 2058 2876 2129; x_wconf 89' lang='lat' dir='ltr'><strong>capitulum</strong></span> <span class='ocrx_word' id='word_1_349' title='bbox 2902 2059 3009 2113; x_wconf 85' lang='lat' dir='ltr'><strong>duo</strong></span> <span class='ocrx_word' id='word_1_350' title='bbox 3037 2057 3238 2111; x_wconf 86' lang='lat' dir='ltr'><strong>fratres</strong></span> <span class='ocrx_word' id='word_1_351' title='bbox 3273 2056 3412 2109; x_wconf 88' lang='lat' dir='ltr'><strong>inter</strong></span> <span class='ocrx_word' id='word_1_352' title='bbox 3439 2070 3619 2121; x_wconf 81' lang='lat' dir='ltr'><strong>manus,</strong></span> <span class='ocrx_word' id='word_1_353' title='bbox 3641 2058 3676 2110; x_wconf 83' lang='lat' dir='ltr'><strong>si</strong></span> 
     </span>
    </p>
   </div>
   <div class='ocr_carea' id='block_1_50' title="bbox 2150 2142 3681 2223">
    <p class='ocr_par' dir='ltr' id='par_1_50' title="bbox 2150 2142 3681 2223">
     <span class='ocr_line' id='line_1_50' title="bbox 2150 2142 3681 2223; baseline -0.007 -13"><span class='ocrx_word' id='word_1_354' title='bbox 2150 2164 2238 2211; x_wconf 88' lang='lat' dir='ltr'><strong>est</strong></span> <span class='ocrx_word' id='word_1_355' title='bbox 2268 2156 2410 2208; x_wconf 80' lang='lat' dir='ltr'><strong>adeo</strong></span> <span class='ocrx_word' id='word_1_356' title='bbox 2442 2142 2710 2217; x_wconf 85' lang='lat' dir='ltr'><strong>infirmus,</strong></span> <span class='ocrx_word' id='word_1_357' title='bbox 2736 2160 2793 2207; x_wconf 91' lang='lat' dir='ltr'><strong>et</strong></span> <span class='ocrx_word' id='word_1_358' title='bbox 2842 2159 3034 2221; x_wconf 81' lang='lat' dir='ltr'><strong>petens</strong></span> <span class='ocrx_word' id='word_1_359' title='bbox 3064 2146 3280 2223; x_wconf 80' lang='lat' dir='ltr'><strong>veniam</strong></span> <span class='ocrx_word' id='word_1_360' title='bbox 3310 2187 3327 2212; x_wconf 93' lang='lat'><strong>,</strong></span> <span class='ocrx_word' id='word_1_361' title='bbox 3378 2162 3516 2205; x_wconf 85' lang='lat' dir='ltr'><strong>reum</strong></span> <span class='ocrx_word' id='word_1_362' title='bbox 3553 2161 3600 2201; x_wconf 86' lang='lat' dir='ltr'><strong>se</strong></span> <span class='ocrx_word' id='word_1_363' title='bbox 3630 2148 3681 2199; x_wconf 87' lang='lat' dir='ltr'><strong>de</strong></span> 
     </span>
    </p>
   </div>
   <div class='ocr_carea' id='block_1_51' title="bbox 2160 2238 3680 2317">
    <p class='ocr_par' dir='ltr' id='par_1_51' title="bbox 2160 2238 3680 2317">
     <span class='ocr_line' id='line_1_51' title="bbox 2160 2238 3680 2317; baseline -0.007 -14"><span class='ocrx_word' id='word_1_364' title='bbox 2160 2246 2347 2303; x_wconf 90' lang='lat' dir='ltr'><strong>multis</strong></span> <span class='ocrx_word' id='word_1_365' title='bbox 2380 2244 2718 2317; x_wconf 80' lang='lat' dir='ltr'><strong>negligentiis</strong></span> <span class='ocrx_word' id='word_1_366' title='bbox 2744 2253 2933 2300; x_wconf 89' lang='lat' dir='ltr'><strong>contra</strong></span> <span class='ocrx_word' id='word_1_367' title='bbox 2963 2243 3276 2308; x_wconf 88' lang='lat' dir='ltr'><strong>Dominum,</strong></span> <span class='ocrx_word' id='word_1_368' title='bbox 3313 2248 3366 2296; x_wconf 90' lang='lat' dir='ltr'><strong>et</strong></span> <span class='ocrx_word' id='word_1_369' title='bbox 3394 2249 3560 2294; x_wconf 87' lang='lat' dir='ltr'><strong>contra</strong></span> <span class='ocrx_word' id='word_1_370' title='bbox 3589 2238 3680 2294; x_wconf 83' lang='lat' dir='ltr'><strong>illos</strong></span> 
     </span>
    </p>
   </div>
   <div class='ocr_carea' id='block_1_52' title="bbox 2154 2324 3679 2407">
    <p class='ocr_par' dir='ltr' id='par_1_52' title="bbox 2154 2324 3679 2407">
     <span class='ocr_line' id='line_1_52' title="bbox 2154 2324 3679 2407; baseline -0.01 -10"><span class='ocrx_word' id='word_1_371' title='bbox 2154 2354 2213 2397; x_wconf 89' lang='lat' dir='ltr'><strong>se</strong></span> <span class='ocrx_word' id='word_1_372' title='bbox 2270 2338 2581 2395; x_wconf 81' lang='lat' dir='ltr'><strong>conﬁtetur.</strong></span> <span class='ocrx_word' id='word_1_373' title='bbox 2633 2324 2948 2407; x_wconf 86' lang='lat' dir='ltr'><strong>Impertitur</strong></span> <span class='ocrx_word' id='word_1_374' title='bbox 3004 2334 3057 2393; x_wconf 88' lang='lat' dir='ltr'><strong>ei</strong></span> <span class='ocrx_word' id='word_1_375' title='bbox 3113 2335 3265 2403; x_wconf 87' lang='lat' dir='ltr'><strong>prior</strong></span> <span class='ocrx_word' id='word_1_376' title='bbox 3314 2329 3679 2401; x_wconf 75' lang='lat' dir='ltr'><strong>absolutionem.</strong></span> 
     </span>
    </p>
   </div>
   <div class='ocr_carea' id='block_1_53' title="bbox 2153 2420 3681 2499">
    <p class='ocr_par' dir='ltr' id='par_1_53' title="bbox 2153 2420 3681 2499">
     <span class='ocr_line' id='line_1_53' title="bbox 2153 2420 3681 2499; baseline -0.01 -11"><span class='ocrx_word' id='word_1_377' title='bbox 2153 2431 2367 2488; x_wconf 91' lang='lat' dir='ltr'><strong>cunctis</strong></span> <span class='ocrx_word' id='word_1_378' title='bbox 2391 2428 2866 2499; x_wconf 86' lang='lat' dir='ltr'><strong>respondentibus,</strong></span> <span class='ocrx_word' id='word_1_379' title='bbox 2897 2426 3093 2489; x_wconf 81' lang='lat' dir='ltr'><strong>Amen;</strong></span> <span class='ocrx_word' id='word_1_380' title='bbox 3136 2433 3188 2479; x_wconf 91' lang='lat' dir='ltr'><strong>et</strong></span> <span class='ocrx_word' id='word_1_381' title='bbox 3219 2425 3335 2493; x_wconf 90' lang='lat' dir='ltr'><strong>ipse</strong></span> <span class='ocrx_word' id='word_1_382' title='bbox 3362 2421 3581 2476; x_wconf 86' lang='lat' dir='ltr'><strong>similiter</strong></span> <span class='ocrx_word' id='word_1_383' title='bbox 3604 2420 3681 2474; x_wconf 83' lang='lat' dir='ltr'><strong>eis.</strong></span> 
     </span>
    </p>
   </div>
   <div class='ocr_carea' id='block_1_54' title="bbox 2152 2512 3677 2595">
    <p class='ocr_par' dir='ltr' id='par_1_54' title="bbox 2152 2512 3677 2595">
     <span class='ocr_line' id='line_1_54' title="bbox 2152 2512 3677 2595; baseline -0.009 -16"><span class='ocrx_word' id='word_1_384' title='bbox 2152 2523 2452 2579; x_wconf 56' lang='lat' dir='ltr'><strong>“educitur</strong></span> <span class='ocrx_word' id='word_1_385' title='bbox 2476 2529 2532 2577; x_wconf 91' lang='lat' dir='ltr'><strong>et</strong></span> <span class='ocrx_word' id='word_1_386' title='bbox 2555 2519 2851 2595; x_wconf 88' lang='lat' dir='ltr'><strong>collocatur</strong></span> <span class='ocrx_word' id='word_1_387' title='bbox 2877 2518 2930 2572; x_wconf 90' lang='lat' dir='ltr'><strong>in</strong></span> <span class='ocrx_word' id='word_1_388' title='bbox 2968 2517 3109 2572; x_wconf 91' lang='lat' dir='ltr'><strong>lecto</strong></span> <span class='ocrx_word' id='word_1_389' title='bbox 3155 2515 3271 2580; x_wconf 87' lang='lat' dir='ltr'><strong>tali,</strong></span> <span class='ocrx_word' id='word_1_390' title='bbox 3300 2523 3404 2568; x_wconf 85' lang='lat' dir='ltr'><strong>tam</strong></span> <span class='ocrx_word' id='word_1_391' title='bbox 3431 2512 3677 2574; x_wconf 84' lang='lat' dir='ltr'><strong>submisso,</strong></span> 
     </span>
    </p>
   </div>
   <div class='ocr_carea' id='block_1_55' title="bbox 2171 2604 3689 2683">
    <p class='ocr_par' dir='ltr' id='par_1_55' title="bbox 2171 2604 3689 2683">
     <span class='ocr_line' id='line_1_55' title="bbox 2171 2604 3689 2683; baseline -0.009 -12"><span class='ocrx_word' id='word_1_392' title='bbox 2171 2617 2263 2671; x_wconf 91' lang='lat' dir='ltr'><strong>ubi</strong></span> <span class='ocrx_word' id='word_1_393' title='bbox 2301 2615 2509 2670; x_wconf 86' lang='lat' dir='ltr'><strong>fratres</strong></span> <span class='ocrx_word' id='word_1_394' title='bbox 2530 2613 2769 2683; x_wconf 88' lang='lat' dir='ltr'><strong>undique</strong></span> <span class='ocrx_word' id='word_1_395' title='bbox 2800 2611 3007 2681; x_wconf 87' lang='lat' dir='ltr'><strong>possint</strong></span> <span class='ocrx_word' id='word_1_396' title='bbox 3033 2612 3405 2665; x_wconf 84' lang='lat' dir='ltr'><strong>circumstare.</strong></span> <span class='ocrx_word' id='word_1_397' title='bbox 3433 2605 3571 2677; x_wconf 67' lang='lat' dir='ltr'><strong>(ean)</strong></span> <span class='ocrx_word' id='word_1_398' title='bbox 3586 2604 3689 2658; x_wconf 85' lang='lat' dir='ltr'><strong>Post</strong></span> 
     </span>
    </p>
   </div>
   <div class='ocr_carea' id='block_1_56' title="bbox 2164 2685 3689 2777">
    <p class='ocr_par' dir='ltr' id='par_1_56' title="bbox 2164 2685 3689 2777">
     <span class='ocr_line' id='line_1_56' title="bbox 2164 2685 3689 2777; baseline -0.01 -13"><span class='ocrx_word' id='word_1_399' title='bbox 2164 2706 2460 2777; x_wconf 87' lang='lat' dir='ltr'><strong>capitulum</strong></span> <span class='ocrx_word' id='word_1_400' title='bbox 2503 2704 2746 2760; x_wconf 76' lang='lat' dir='ltr'><strong>recitatis</strong></span> <span class='ocrx_word' id='word_1_401' title='bbox 2789 2701 3009 2773; x_wconf 84' lang='lat' dir='ltr'><strong>psalmis</strong></span> <span class='ocrx_word' id='word_1_402' title='bbox 3047 2685 3215 2755; x_wconf 81' lang='lat' dir='ltr'><strong>Verba</strong></span> <span class='ocrx_word' id='word_1_403' title='bbox 3267 2716 3411 2763; x_wconf 86' lang='lat' dir='ltr'><strong>mea,</strong></span> <span class='ocrx_word' id='word_1_404' title='bbox 3452 2708 3504 2753; x_wconf 88' lang='lat' dir='ltr'><strong>et</strong></span> <span class='ocrx_word' id='word_1_405' title='bbox 3546 2694 3689 2750; x_wconf 83' lang='lat' dir='ltr'><strong>tabula</strong></span> 
     </span>
    </p>
   </div>
   <div class='ocr_carea' id='block_1_57' title="bbox 2158 2789 3690 2871">
    <p class='ocr_par' dir='ltr' id='par_1_57' title="bbox 2158 2789 3690 2871">
     <span class='ocr_line' id='line_1_57' title="bbox 2158 2789 3690 2871; baseline -0.008 -16"><span class='ocrx_word' id='word_1_406' title='bbox 2158 2813 2422 2871; x_wconf 88' lang='lat' dir='ltr'><strong>percussa</strong></span> <span class='ocrx_word' id='word_1_407' title='bbox 2460 2796 2746 2852; x_wconf 85' lang='lat' dir='ltr'><strong>sacerdos</strong></span> <span class='ocrx_word' id='word_1_408' title='bbox 2804 2794 3267 2851; x_wconf 82' lang='lat' dir='ltr'><strong>hebdomadarius</strong></span> <span class='ocrx_word' id='word_1_409' title='bbox 3312 2792 3537 2848; x_wconf 86' lang='lat' dir='ltr'><strong>induitur</strong></span> <span class='ocrx_word' id='word_1_410' title='bbox 3575 2789 3690 2854; x_wconf 77' lang='lat' dir='ltr'><strong>alba,</strong></span> 
     </span>
    </p>
   </div>
   <div class='ocr_carea' id='block_1_58' title="bbox 2159 2883 3691 2955">
    <p class='ocr_par' dir='ltr' id='par_1_58' title="bbox 2159 2883 3691 2955">
     <span class='ocr_line' id='line_1_58' title="bbox 2159 2883 3691 2955; baseline -0.01 -5"><span class='ocrx_word' id='word_1_411' title='bbox 2159 2892 2297 2950; x_wconf 89' lang='lat' dir='ltr'><strong>stola</strong></span> <span class='ocrx_word' id='word_1_412' title='bbox 2324 2900 2379 2947; x_wconf 92' lang='lat' dir='ltr'><strong>et</strong></span> <span class='ocrx_word' id='word_1_413' title='bbox 2406 2889 2623 2955; x_wconf 91' lang='lat' dir='ltr'><strong>fanone,</strong></span> <span class='ocrx_word' id='word_1_414' title='bbox 2653 2890 2738 2944; x_wconf 91' lang='lat' dir='ltr'><strong>vel</strong></span> <span class='ocrx_word' id='word_1_415' title='bbox 2767 2888 2905 2943; x_wconf 90' lang='lat' dir='ltr'><strong>alius</strong></span> <span class='ocrx_word' id='word_1_416' title='bbox 2949 2886 3229 2951; x_wconf 84' lang='lat' dir='ltr'><strong>sacerdos,</strong></span> <span class='ocrx_word' id='word_1_417' title='bbox 3276 2886 3363 2941; x_wconf 80' lang='lat' dir='ltr'><strong>cui</strong></span> <span class='ocrx_word' id='word_1_418' title='bbox 3403 2885 3465 2939; x_wconf 87' lang='lat' dir='ltr'><strong>ab</strong></span> <span class='ocrx_word' id='word_1_419' title='bbox 3497 2883 3691 2938; x_wconf 83' lang='lat' dir='ltr'><strong>armario</strong></span> 
     </span>
    </p>
   </div>
   <div class='ocr_carea' id='block_1_59' title="bbox 2160 2977 3694 3052">
    <p class='ocr_par' dir='ltr' id='par_1_59' title="bbox 2160 2977 3694 3052">
     <span class='ocr_line' id='line_1_59' title="bbox 2160 2977 3694 3052; baseline -0.008 -13"><span class='ocrx_word' id='word_1_420' title='bbox 2160 2983 2266 3039; x_wconf 86' lang='lat' dir='ltr'><strong>hoc</strong></span> <span class='ocrx_word' id='word_1_421' title='bbox 2310 2981 2628 3052; x_wconf 83' lang='lat' dir='ltr'><strong>iniungitur.</strong></span> <span class='ocrx_word' id='word_1_422' title='bbox 2667 2977 2815 3047; x_wconf 85' lang='lat' dir='ltr'><strong>Quos</strong></span> <span class='ocrx_word' id='word_1_423' title='bbox 2840 2993 3003 3048; x_wconf 87' lang='lat' dir='ltr'><strong>aqua,</strong></span> <span class='ocrx_word' id='word_1_424' title='bbox 3035 2977 3376 3048; x_wconf 72' lang='lat' dir='ltr'><strong>praecedente</strong></span> <span class='ocrx_word' id='word_1_425' title='bbox 3415 2988 3575 3040; x_wconf 79' lang='lat' dir='ltr'><strong>cruce,</strong></span> <span class='ocrx_word' id='word_1_426' title='bbox 3597 2978 3694 3027; x_wconf 71' lang='lat' dir='ltr'><strong>cura</strong></span> 
     </span>
    </p>
   </div>
   <div class='ocr_carea' id='block_1_60' title="bbox 2163 3067 3693 3140">
    <p class='ocr_par' dir='ltr' id='par_1_60' title="bbox 2163 3067 3693 3140">
     <span class='ocr_line' id='line_1_60' title="bbox 2163 3067 3693 3140; baseline -0.01 -8"><span class='ocrx_word' id='word_1_427' title='bbox 2163 3075 2371 3132; x_wconf 87' lang='lat' dir='ltr'><strong>duobus</strong></span> <span class='ocrx_word' id='word_1_428' title='bbox 2406 3088 2436 3129; x_wconf 93' lang='lat' dir='ltr'><strong>e</strong></span> <span class='ocrx_word' id='word_1_429' title='bbox 2471 3072 2641 3127; x_wconf 83' lang='lat' dir='ltr'><strong>latere</strong></span> <span class='ocrx_word' id='word_1_430' title='bbox 2679 3070 2854 3127; x_wconf 88' lang='lat' dir='ltr'><strong>cereis</strong></span> <span class='ocrx_word' id='word_1_431' title='bbox 2890 3078 3153 3140; x_wconf 90' lang='lat' dir='ltr'><strong>sequente</strong></span> <span class='ocrx_word' id='word_1_432' title='bbox 3206 3067 3520 3133; x_wconf 84' lang='lat' dir='ltr'><strong>comitatur,</strong></span> <span class='ocrx_word' id='word_1_433' title='bbox 3563 3073 3693 3133; x_wconf 82' lang='lat' dir='ltr'><strong>atque</strong></span> 
     </span>
    </p>
   </div>
   <div class='ocr_carea' id='block_1_61' title="bbox 545 3142 3697 3254">
    <p class='ocr_par' dir='ltr' id='par_1_61' title="bbox 545 3142 3697 3254">
     <span class='ocr_line' id='line_1_61' title="bbox 545 3142 3697 3254; baseline -0.01 -16"><span class='ocrx_word' id='word_1_434' title='bbox 545 3176 685 3254; x_wconf 67' lang='lat' dir='ltr'><strong>(um)</strong></span> <span class='ocrx_word' id='word_1_435' title='bbox 721 3182 857 3235; x_wconf 84' lang='lat' dir='ltr'><strong>Cum</strong></span> <span class='ocrx_word' id='word_1_436' title='bbox 889 3175 1096 3231; x_wconf 80' lang='lat' dir='ltr'><strong>venerit</strong></span> <span class='ocrx_word' id='word_1_437' title='bbox 1120 3172 1188 3227; x_wconf 86' lang='lat' dir='ltr'><strong>ad</strong></span> <span class='ocrx_word' id='word_1_438' title='bbox 1219 3168 1510 3241; x_wconf 85' lang='lat' dir='ltr'><strong>capitulum</strong></span> <span class='ocrx_word' id='word_1_439' title='bbox 1540 3173 1594 3223; x_wconf 86' lang='lat' dir='ltr'><strong>et</strong></span> <span class='ocrx_word' id='word_1_440' title='bbox 1620 3173 1753 3254; x_wconf 85' lang='lat' dir='ltr'><strong>post</strong></span> <span class='ocrx_word' id='word_1_441' title='bbox 1771 3160 2061 3254; x_wconf 83' lang='lat' dir='ltr'><strong>lcetionem</strong></span> <span class='ocrx_word' id='word_1_442' title='bbox 2087 3178 2134 3254; x_wconf 58' lang='grc' dir='ltr'>α</span> <span class='ocrx_word' id='word_1_443' title='bbox 2166 3167 2314 3221; x_wconf 79' lang='lat' dir='ltr'><strong>illum</strong></span> <span class='ocrx_word' id='word_1_444' title='bbox 2341 3164 2636 3229; x_wconf 72' lang='lat' dir='ltr'><strong>armat-ius,</strong></span> <span class='ocrx_word' id='word_1_445' title='bbox 2668 3170 2894 3233; x_wconf 86' lang='lat' dir='ltr'><strong>portans</strong></span> <span class='ocrx_word' id='word_1_446' title='bbox 2930 3160 3127 3216; x_wconf 66' lang='lat' dir='ltr'><strong>librum</strong></span> <span class='ocrx_word' id='word_1_447' title='bbox 3183 3169 3239 3214; x_wconf 89' lang='lat' dir='ltr'><strong>et</strong></span> <span class='ocrx_word' id='word_1_448' title='bbox 3289 3159 3462 3214; x_wconf 75' lang='lat' dir='ltr'><strong>etcum</strong></span> <span class='ocrx_word' id='word_1_449' title='bbox 3498 3156 3697 3212; x_wconf 76' lang='lat' dir='ltr'><strong>inﬁrmo-</strong></span> 
     </span>
    </p>
   </div>
   <div class='ocr_carea' id='block_1_62' title="bbox 469 3249 2060 3346">
    <p class='ocr_par' dir='ltr' id='par_1_62' title="bbox 469 3249 2060 3346">
     <span class='ocr_line' id='line_1_62' title="bbox 469 3249 2060 3346; baseline -0.017 -17"><span class='ocrx_word' id='word_1_450' title='bbox 469 3249 622 3346; x_wconf 81' lang='lat' dir='ltr'><strong>prior</strong></span> <span class='ocrx_word' id='word_1_451' title='bbox 642 3249 889 3342; x_wconf 79' lang='lat' dir='ltr'><strong>jusserit,</strong></span> <span class='ocrx_word' id='word_1_452' title='bbox 910 3276 968 3322; x_wconf 92' lang='lat' dir='ltr'><strong>ut</strong></span> <span class='ocrx_word' id='word_1_453' title='bbox 990 3265 1056 3319; x_wconf 91' lang='lat' dir='ltr'><strong>de</strong></span> <span class='ocrx_word' id='word_1_454' title='bbox 1084 3260 1274 3318; x_wconf 88' lang='lat' dir='ltr'><strong>ordine</strong></span> <span class='ocrx_word' id='word_1_455' title='bbox 1300 3259 1614 3329; x_wconf 89' lang='lat' dir='ltr'><strong>loquantur,</strong></span> <span class='ocrx_word' id='word_1_456' title='bbox 1633 3252 1817 3310; x_wconf 87' lang='lat' dir='ltr'><strong>statim</strong></span> <span class='ocrx_word' id='word_1_457' title='bbox 1848 3249 2060 3320; x_wconf 76' lang='lat' dir='ltr'><strong>surgit;</strong></span> 
     </span>
    </p>
   </div>
   <div class='ocr_carea' id='block_1_63' title="bbox 477 3339 2060 3422">
    <p class='ocr_par' dir='ltr' id='par_1_63' title="bbox 477 3339 2060 3422">
     <span class='ocr_line' id='line_1_63' title="bbox 477 3339 2060 3422; baseline -0.02 0"><span class='ocrx_word' id='word_1_458' title='bbox 477 3366 525 3422; x_wconf 89' lang='lat' dir='ltr'><strong>si</strong></span> <span class='ocrx_word' id='word_1_459' title='bbox 582 3339 760 3419; x_wconf 85' lang='lat' dir='ltr'><strong>tamen</strong></span> <span class='ocrx_word' id='word_1_460' title='bbox 819 3357 998 3414; x_wconf 85' lang='lat' dir='ltr'><strong>carnis</strong></span> <span class='ocrx_word' id='word_1_461' title='bbox 1049 3350 1398 3408; x_wconf 86' lang='lat' dir='ltr'><strong>refectionem</strong></span> <span class='ocrx_word' id='word_1_462' title='bbox 1447 3345 1667 3409; x_wconf 84' lang='lat' dir='ltr'><strong>habuit;</strong></span> <span class='ocrx_word' id='word_1_463' title='bbox 1723 3350 1778 3398; x_wconf 89' lang='lat' dir='ltr'><strong>et</strong></span> <span class='ocrx_word' id='word_1_464' title='bbox 1844 3339 2060 3394; x_wconf 83' lang='lat' dir='ltr'><strong>veniam</strong></span> 
     </span>
    </p>
   </div>
   <div class='ocr_carea' id='block_1_64' title="bbox 469 3434 2061 3528">
    <p class='ocr_par' dir='ltr' id='par_1_64' title="bbox 469 3434 2061 3528">
     <span class='ocr_line' id='line_1_64' title="bbox 469 3434 2061 3528; baseline -0.021 -13"><span class='ocrx_word' id='word_1_465' title='bbox 469 3467 668 3528; x_wconf 88' lang='lat' dir='ltr'><strong>petens</strong></span> <span class='ocrx_word' id='word_1_466' title='bbox 699 3456 777 3510; x_wconf 89' lang='lat' dir='ltr'><strong>ita</strong></span> <span class='ocrx_word' id='word_1_467' title='bbox 814 3446 1199 3522; x_wconf 87' lang='lat' dir='ltr'><strong>prosequitur:</strong></span> <span class='ocrx_word' id='word_1_468' title='bbox 1232 3441 1391 3495; x_wconf 83' lang='lat' dir='ltr'><strong>Eram</strong></span> <span class='ocrx_word' id='word_1_469' title='bbox 1433 3440 1487 3493; x_wconf 87' lang='lat' dir='ltr'><strong>in</strong></span> <span class='ocrx_word' id='word_1_470' title='bbox 1512 3438 1666 3491; x_wconf 88' lang='lat' dir='ltr'><strong>domo</strong></span> <span class='ocrx_word' id='word_1_471' title='bbox 1691 3434 2023 3503; x_wconf 81' lang='lat' dir='ltr'><strong>inﬁrmorum</strong></span> <span class='ocrx_word' id='word_1_472' title='bbox 2045 3469 2061 3496; x_wconf 91' lang='lat'><strong>,</strong></span> 
     </span>
    </p>
   </div>
   <div class='ocr_carea' id='block_1_65' title="bbox 474 3523 2062 3605">
    <p class='ocr_par' dir='ltr' id='par_1_65' title="bbox 474 3523 2062 3605">
     <span class='ocr_line' id='line_1_65' title="bbox 474 3523 2062 3605; baseline -0.018 0"><span class='ocrx_word' id='word_1_473' title='bbox 474 3523 712 3605; x_wconf 75' lang='lat' dir='ltr'><strong>ordinem</strong></span> <span class='ocrx_word' id='word_1_474' title='bbox 745 3554 980 3599; x_wconf 87' lang='lat' dir='ltr'><strong>nostrum</strong></span> <span class='ocrx_word' id='word_1_475' title='bbox 1024 3555 1127 3593; x_wconf 87' lang='lat' dir='ltr'><strong>non</strong></span> <span class='ocrx_word' id='word_1_476' title='bbox 1162 3533 1420 3590; x_wconf 82' lang='lat' dir='ltr'><strong>custodivi</strong></span> <span class='ocrx_word' id='word_1_477' title='bbox 1465 3532 1558 3594; x_wconf 89' lang='lat' dir='ltr'><strong>ita,</strong></span> <span class='ocrx_word' id='word_1_478' title='bbox 1587 3537 1642 3582; x_wconf 86' lang='lat' dir='ltr'><strong>ut</strong></span> <span class='ocrx_word' id='word_1_479' title='bbox 1675 3526 1851 3580; x_wconf 86' lang='lat' dir='ltr'><strong>debui.</strong></span> <span class='ocrx_word' id='word_1_480' title='bbox 1885 3524 1991 3579; x_wconf 87' lang='lat' dir='ltr'><strong>Sed</strong></span> <span class='ocrx_word' id='word_1_481' title='bbox 2017 3523 2062 3578; x_wconf 90' lang='lat' dir='ltr'><strong>si</strong></span> 
     </span>
    </p>
   </div>
   <div class='ocr_carea' id='block_1_66' title="bbox 476 3625 2063 3715">
    <p class='ocr_par' dir='ltr' id='par_1_66' title="bbox 476 3625 2063 3715">
     <span class='ocr_line' id='line_1_66' title="bbox 476 3625 2063 3715; baseline -0.018 -11"><span class='ocrx_word' id='word_1_482' title='bbox 476 3650 583 3704; x_wconf 90' lang='lat' dir='ltr'><strong>duo</strong></span> <span class='ocrx_word' id='word_1_483' title='bbox 612 3646 697 3701; x_wconf 88' lang='lat' dir='ltr'><strong>vel</strong></span> <span class='ocrx_word' id='word_1_484' title='bbox 724 3643 903 3715; x_wconf 89' lang='lat' dir='ltr'><strong>plures</strong></span> <span class='ocrx_word' id='word_1_485' title='bbox 940 3646 1084 3701; x_wconf 91' lang='lat' dir='ltr'><strong>sunt,</strong></span> <span class='ocrx_word' id='word_1_486' title='bbox 1114 3650 1253 3689; x_wconf 90' lang='lat' dir='ltr'><strong>unus</strong></span> <span class='ocrx_word' id='word_1_487' title='bbox 1278 3633 1370 3702; x_wconf 89' lang='lat' dir='ltr'><strong>qui</strong></span> <span class='ocrx_word' id='word_1_488' title='bbox 1411 3630 1557 3701; x_wconf 83' lang='lat' dir='ltr'><strong>prior</strong></span> <span class='ocrx_word' id='word_1_489' title='bbox 1590 3636 1673 3683; x_wconf 90' lang='lat' dir='ltr'><strong>est</strong></span> <span class='ocrx_word' id='word_1_490' title='bbox 1702 3625 1905 3681; x_wconf 89' lang='lat' dir='ltr'><strong>eisdem</strong></span> <span class='ocrx_word' id='word_1_491' title='bbox 1938 3636 2063 3677; x_wconf 88' lang='lat' dir='ltr'><strong>ver-</strong></span> 
     </span>
    </p>
   </div>
   <div class='ocr_carea' id='block_1_67' title="bbox 473 3718 2063 3807">
    <p class='ocr_par' dir='ltr' id='par_1_67' title="bbox 473 3718 2063 3807">
     <span class='ocr_line' id='line_1_67' title="bbox 473 3718 2063 3807; baseline -0.016 -13"><span class='ocrx_word' id='word_1_492' title='bbox 473 3739 561 3794; x_wconf 84' lang='lat' dir='ltr'><strong>bis</strong></span> <span class='ocrx_word' id='word_1_493' title='bbox 592 3751 690 3807; x_wconf 84' lang='lat' dir='ltr'><strong>pro</strong></span> <span class='ocrx_word' id='word_1_494' title='bbox 719 3734 973 3790; x_wconf 84' lang='lat' dir='ltr'><strong>omnibus</strong></span> <span class='ocrx_word' id='word_1_495' title='bbox 1001 3730 1290 3800; x_wconf 86' lang='lat' dir='ltr'><strong>respondet</strong></span> <span class='ocrx_word' id='word_1_496' title='bbox 1319 3726 1536 3781; x_wconf 87' lang='lat' dir='ltr'><strong>dicens:</strong></span> <span class='ocrx_word' id='word_1_497' title='bbox 1560 3722 1791 3776; x_wconf 86' lang='lat' dir='ltr'><strong>Eramus</strong></span> <span class='ocrx_word' id='word_1_498' title='bbox 1812 3718 2063 3783; x_wconf 86' lang='lat' dir='ltr'><strong>indomo,</strong></span> 
     </span>
    </p>
   </div>
   <div class='ocr_carea' id='block_1_68' title="bbox 475 3801 2061 3883">
    <p class='ocr_par' dir='ltr' id='par_1_68' title="bbox 475 3801 2061 3883">
     <span class='ocr_line' id='line_1_68' title="bbox 475 3801 2061 3883; baseline -0.016 -5"><span class='ocrx_word' id='word_1_499' title='bbox 475 3835 533 3878; x_wconf 90' lang='lat' dir='ltr'><strong>et</strong></span> <span class='ocrx_word' id='word_1_500' title='bbox 559 3801 641 3877; x_wconf 80' lang='lat' dir='ltr'><strong>sic</strong></span> <span class='ocrx_word' id='word_1_501' title='bbox 675 3829 911 3875; x_wconf 61' lang='lat' dir='ltr'><strong>caetera:</strong></span> <span class='ocrx_word' id='word_1_502' title='bbox 964 3823 1017 3869; x_wconf 90' lang='lat' dir='ltr'><strong>et</strong></span> <span class='ocrx_word' id='word_1_503' title='bbox 1062 3814 1212 3883; x_wconf 88' lang='lat' dir='ltr'><strong>prior</strong></span> <span class='ocrx_word' id='word_1_504' title='bbox 1250 3810 1613 3880; x_wconf 86' lang='lat' dir='ltr'><strong>respondens:</strong></span> <span class='ocrx_word' id='word_1_505' title='bbox 1642 3806 1812 3871; x_wconf 83' lang='lat' dir='ltr'><strong>Deus,</strong></span> <span class='ocrx_word' id='word_1_506' title='bbox 1866 3801 2061 3870; x_wconf 89' lang='lat' dir='ltr'><strong>inquit,</strong></span> 
     </span>
    </p>
   </div>
   <div class='ocr_carea' id='block_1_69' title="bbox 472 3891 2065 3984">
    <p class='ocr_par' dir='ltr' id='par_1_69' title="bbox 472 3891 2065 3984">
     <span class='ocr_line' id='line_1_69' title="bbox 472 3891 2065 3984; baseline -0.015 -15"><span class='ocrx_word' id='word_1_507' title='bbox 472 3914 749 3984; x_wconf 83' lang='lat' dir='ltr'><strong>indulgeat</strong></span> <span class='ocrx_word' id='word_1_508' title='bbox 800 3910 967 3972; x_wconf 84' lang='lat' dir='ltr'><strong>vobis,</strong></span> <span class='ocrx_word' id='word_1_509' title='bbox 1014 3905 1269 3979; x_wconf 79' lang='lat' dir='ltr'><strong>quidquid</strong></span> <span class='ocrx_word' id='word_1_510' title='bbox 1324 3902 1393 3956; x_wconf 90' lang='lat' dir='ltr'><strong>ibi</strong></span> <span class='ocrx_word' id='word_1_511' title='bbox 1442 3898 1753 3967; x_wconf 86' lang='lat' dir='ltr'><strong>deliquistis.</strong></span> <span class='ocrx_word' id='word_1_512' title='bbox 1793 3895 1944 3948; x_wconf 90' lang='lat' dir='ltr'><strong>Tunc</strong></span> <span class='ocrx_word' id='word_1_513' title='bbox 1986 3891 2065 3947; x_wconf 87' lang='lat' dir='ltr'><strong>illi</strong></span> 
     </span>
    </p>
   </div>
   <div class='ocr_carea' id='block_1_70' title="bbox 477 3987 2065 4065">
    <p class='ocr_par' dir='ltr' id='par_1_70' title="bbox 477 3987 2065 4065">
     <span class='ocr_line' id='line_1_70' title="bbox 477 3987 2065 4065; baseline -0.015 -5"><span class='ocrx_word' id='word_1_514' title='bbox 477 4006 645 4060; x_wconf 89' lang='lat' dir='ltr'><strong>altius</strong></span> <span class='ocrx_word' id='word_1_515' title='bbox 676 4002 943 4058; x_wconf 88' lang='lat' dir='ltr'><strong>inclinant</strong></span> <span class='ocrx_word' id='word_1_516' title='bbox 971 4009 1163 4053; x_wconf 87' lang='lat' dir='ltr'><strong>contra</strong></span> <span class='ocrx_word' id='word_1_517' title='bbox 1188 3994 1445 4065; x_wconf 89' lang='lat' dir='ltr'><strong>priorem,</strong></span> <span class='ocrx_word' id='word_1_518' title='bbox 1469 3996 1657 4045; x_wconf 89' lang='lat' dir='ltr'><strong>contra</strong></span> <span class='ocrx_word' id='word_1_519' title='bbox 1684 3987 1981 4049; x_wconf 76' lang='lat' dir='ltr'><strong>dexteram,</strong></span> <span class='ocrx_word' id='word_1_520' title='bbox 2009 3991 2065 4037; x_wconf 90' lang='lat' dir='ltr'><strong>et</strong></span> 
     </span>
    </p>
   </div>
   <div class='ocr_carea' id='block_1_71' title="bbox 480 4076 2065 4156">
    <p class='ocr_par' dir='ltr' id='par_1_71' title="bbox 480 4076 2065 4156">
     <span class='ocr_line' id='line_1_71' title="bbox 480 4076 2065 4156; baseline -0.015 -4"><span class='ocrx_word' id='word_1_521' title='bbox 480 4106 667 4152; x_wconf 87' lang='lat' dir='ltr'><strong>contra</strong></span> <span class='ocrx_word' id='word_1_522' title='bbox 700 4095 997 4156; x_wconf 89' lang='lat' dir='ltr'><strong>sinistram,</strong></span> <span class='ocrx_word' id='word_1_523' title='bbox 1032 4097 1088 4143; x_wconf 91' lang='lat' dir='ltr'><strong>et</strong></span> <span class='ocrx_word' id='word_1_524' title='bbox 1114 4088 1192 4141; x_wconf 91' lang='lat' dir='ltr'><strong>eis</strong></span> <span class='ocrx_word' id='word_1_525' title='bbox 1219 4083 1469 4139; x_wconf 86' lang='lat' dir='ltr'><strong>similiter</strong></span> <span class='ocrx_word' id='word_1_526' title='bbox 1499 4097 1530 4135; x_wconf 88' lang='lat' dir='ltr'><strong>a</strong></span> <span class='ocrx_word' id='word_1_527' title='bbox 1562 4078 1791 4149; x_wconf 81' lang='lat' dir='ltr'><strong>singulis</strong></span> <span class='ocrx_word' id='word_1_528' title='bbox 1838 4076 2065 4130; x_wconf 86' lang='lat' dir='ltr'><strong>inclina-</strong></span> 
     </span>
    </p>
   </div>
   <div class='ocr_carea' id='block_1_72' title="bbox 477 4166 2067 4249">
    <p class='ocr_par' dir='ltr' id='par_1_72' title="bbox 477 4166 2067 4249">
     <span class='ocr_line' id='line_1_72' title="bbox 477 4166 2067 4249; baseline -0.014 -9"><span class='ocrx_word' id='word_1_529' title='bbox 477 4197 586 4242; x_wconf 86' lang='lat' dir='ltr'><strong>tur.</strong></span> <span class='ocrx_word' id='word_1_530' title='bbox 621 4185 773 4240; x_wconf 87' lang='lat' dir='ltr'><strong>Tunc</strong></span> <span class='ocrx_word' id='word_1_531' title='bbox 799 4184 851 4238; x_wconf 90' lang='lat' dir='ltr'><strong>in</strong></span> <span class='ocrx_word' id='word_1_532' title='bbox 892 4183 1012 4236; x_wconf 89' lang='lat' dir='ltr'><strong>loco</strong></span> <span class='ocrx_word' id='word_1_533' title='bbox 1053 4174 1391 4249; x_wconf 67' lang='lat' dir='ltr'><strong>pmuitentize</strong></span> <span class='ocrx_word' id='word_1_534' title='bbox 1423 4170 1653 4241; x_wconf 81' lang='lat' dir='ltr'><strong>iniungit</strong></span> <span class='ocrx_word' id='word_1_535' title='bbox 1681 4167 1787 4222; x_wconf 89' lang='lat' dir='ltr'><strong>illis</strong></span> <span class='ocrx_word' id='word_1_536' title='bbox 1814 4166 1981 4237; x_wconf 91' lang='lat' dir='ltr'><strong>prior,</strong></span> <span class='ocrx_word' id='word_1_537' title='bbox 2010 4172 2067 4218; x_wconf 91' lang='lat' dir='ltr'><strong>ut</strong></span> 
     </span>
    </p>
   </div>
   <div class='ocr_carea' id='block_1_73' title="bbox 478 4257 2062 4346">
    <p class='ocr_par' dir='ltr' id='par_1_73' title="bbox 478 4257 2062 4346">
     <span class='ocr_line' id='line_1_73' title="bbox 478 4257 2062 4346; baseline -0.017 -11"><span class='ocrx_word' id='word_1_538' title='bbox 478 4287 710 4334; x_wconf 88' lang='lat' dir='ltr'><strong>cantent</strong></span> <span class='ocrx_word' id='word_1_539' title='bbox 762 4282 965 4346; x_wconf 90' lang='lat' dir='ltr'><strong>septem</strong></span> <span class='ocrx_word' id='word_1_540' title='bbox 1008 4270 1265 4342; x_wconf 89' lang='lat' dir='ltr'><strong>psalmos,</strong></span> <span class='ocrx_word' id='word_1_541' title='bbox 1290 4264 1375 4320; x_wconf 87' lang='lat' dir='ltr'><strong>vel</strong></span> <span class='ocrx_word' id='word_1_542' title='bbox 1403 4264 1494 4334; x_wconf 90' lang='lat' dir='ltr'><strong>qui</strong></span> <span class='ocrx_word' id='word_1_543' title='bbox 1527 4262 1772 4316; x_wconf 91' lang='lat' dir='ltr'><strong>nesciunt</strong></span> <span class='ocrx_word' id='word_1_544' title='bbox 1806 4257 2062 4328; x_wconf 88' lang='lat' dir='ltr'><strong>psalmos,</strong></span> 
     </span>
    </p>
   </div>
   <div class='ocr_carea' id='block_1_74' title="bbox 477 4351 2068 4440">
    <p class='ocr_par' dir='ltr' id='par_1_74' title="bbox 477 4351 2068 4440">
     <span class='ocr_line' id='line_1_74' title="bbox 477 4351 2068 4440; baseline -0.016 -15"><span class='ocrx_word' id='word_1_545' title='bbox 477 4371 682 4440; x_wconf 89' lang='lat' dir='ltr'><strong>septies</strong></span> <span class='ocrx_word' id='word_1_546' title='bbox 734 4367 1033 4423; x_wconf 88' lang='lat' dir='ltr'><strong>orationem</strong></span> <span class='ocrx_word' id='word_1_547' title='bbox 1085 4358 1440 4415; x_wconf 89' lang='lat' dir='ltr'><strong>Dominicam.</strong></span> <span class='ocrx_word' id='word_1_548' title='bbox 1486 4358 1505 4375; x_wconf 76' lang='lat'><strong><em>‘</em></strong></span> <span class='ocrx_word' id='word_1_549' title='bbox 1543 4354 1610 4408; x_wconf 83' lang='lat' dir='ltr'><strong>Et</strong></span> <span class='ocrx_word' id='word_1_550' title='bbox 1659 4351 1939 4407; x_wconf 88' lang='lat' dir='ltr'><strong>sciendum</strong></span> <span class='ocrx_word' id='word_1_551' title='bbox 1985 4354 2068 4401; x_wconf 88' lang='lat' dir='ltr'><strong>est</strong></span> 
     </span>
    </p>
   </div>
   <div class='ocr_carea' id='block_1_75' title="bbox 481 4437 2065 4531">
    <p class='ocr_par' dir='ltr' id='par_1_75' title="bbox 481 4437 2065 4531">
     <span class='ocr_line' id='line_1_75' title="bbox 481 4437 2065 4531; baseline -0.016 -15"><span class='ocrx_word' id='word_1_552' title='bbox 481 4437 589 4531; x_wconf 73' lang='lat' dir='ltr'><strong>quo</strong></span> <span class='ocrx_word' id='word_1_553' title='bbox 612 4461 849 4530; x_wconf 87' lang='lat' dir='ltr'><strong>quisque</strong></span> <span class='ocrx_word' id='word_1_554' title='bbox 876 4457 1041 4511; x_wconf 90' lang='lat' dir='ltr'><strong>etiam</strong></span> <span class='ocrx_word' id='word_1_555' title='bbox 1069 4451 1422 4508; x_wconf 87' lang='lat' dir='ltr'><strong>refectionem</strong></span> <span class='ocrx_word' id='word_1_556' title='bbox 1452 4447 1657 4501; x_wconf 89' lang='lat' dir='ltr'><strong>habens</strong></span> <span class='ocrx_word' id='word_1_557' title='bbox 1691 4457 1755 4497; x_wconf 91' lang='lat' dir='ltr'><strong>eo</strong></span> <span class='ocrx_word' id='word_1_558' title='bbox 1782 4442 1894 4507; x_wconf 89' lang='lat' dir='ltr'><strong>die,</strong></span> <span class='ocrx_word' id='word_1_559' title='bbox 1924 4437 2065 4508; x_wconf 90' lang='lat' dir='ltr'><strong>quod</strong></span> 
     </span>
    </p>
   </div>
   <div class='ocr_carea' id='block_1_76' title="bbox 2166 3247 3698 3320">
    <p class='ocr_par' dir='ltr' id='par_1_76' title="bbox 2166 3247 3698 3320">
     <span class='ocr_line' id='line_1_76' title="bbox 2166 3247 3698 3320; baseline -0.01 -7"><span class='ocrx_word' id='word_1_560' title='bbox 2166 3275 2305 3314; x_wconf 87' lang='lat' dir='ltr'><strong>rum.</strong></span> <span class='ocrx_word' id='word_1_561' title='bbox 2334 3263 2351 3280; x_wconf 88' lang='lat'><strong>&#39;</strong></span> <span class='ocrx_word' id='word_1_562' title='bbox 2386 3255 2516 3311; x_wconf 85' lang='lat' dir='ltr'><strong>Post</strong></span> <span class='ocrx_word' id='word_1_563' title='bbox 2542 3255 2689 3310; x_wconf 83' lang='lat' dir='ltr'><strong>hunc</strong></span> <span class='ocrx_word' id='word_1_564' title='bbox 2710 3262 3043 3320; x_wconf 81' lang='lat' dir='ltr'><strong>conventus,</strong></span> <span class='ocrx_word' id='word_1_565' title='bbox 3085 3252 3132 3307; x_wconf 89' lang='lat' dir='ltr'><strong>si</strong></span> <span class='ocrx_word' id='word_1_566' title='bbox 3178 3260 3360 3306; x_wconf 88' lang='lat' dir='ltr'><strong>tamen</strong></span> <span class='ocrx_word' id='word_1_567' title='bbox 3392 3249 3553 3304; x_wconf 87' lang='lat' dir='ltr'><strong>minor</strong></span> <span class='ocrx_word' id='word_1_568' title='bbox 3575 3247 3698 3314; x_wconf 85' lang='lat' dir='ltr'><strong>copia</strong></span> 
     </span>
    </p>
   </div>
   <div class='ocr_carea' id='block_1_77' title="bbox 2164 3332 3700 3402">
    <p class='ocr_par' dir='ltr' id='par_1_77' title="bbox 2164 3332 3700 3402">
     <span class='ocr_line' id='line_1_77' title="bbox 2164 3332 3700 3402; baseline -0.01 0"><span class='ocrx_word' id='word_1_569' title='bbox 2164 3349 2396 3402; x_wconf 82' lang='lat' dir='ltr'><strong>fratrum</strong></span> <span class='ocrx_word' id='word_1_570' title='bbox 2427 3352 2511 3399; x_wconf 89' lang='lat' dir='ltr'><strong>est</strong></span> <span class='ocrx_word' id='word_1_571' title='bbox 2551 3343 2604 3397; x_wconf 91' lang='lat' dir='ltr'><strong>in</strong></span> <span class='ocrx_word' id='word_1_572' title='bbox 2635 3342 2784 3398; x_wconf 88' lang='lat' dir='ltr'><strong>loco:</strong></span> <span class='ocrx_word' id='word_1_573' title='bbox 2818 3343 2863 3397; x_wconf 91' lang='lat' dir='ltr'><strong>si</strong></span> <span class='ocrx_word' id='word_1_574' title='bbox 2914 3351 3095 3396; x_wconf 86' lang='lat' dir='ltr'><strong>autem</strong></span> <span class='ocrx_word' id='word_1_575' title='bbox 3148 3339 3437 3396; x_wconf 80' lang='lat' dir='ltr'><strong>multitudo</strong></span> <span class='ocrx_word' id='word_1_576' title='bbox 3479 3337 3568 3391; x_wconf 83' lang='lat' dir='ltr'><strong>hoc</strong></span> <span class='ocrx_word' id='word_1_577' title='bbox 3605 3332 3700 3387; x_wconf 87' lang='lat' dir='ltr'><strong>fieri</strong></span> 
     </span>
    </p>
   </div>
   <div class='ocr_carea' id='block_1_78' title="bbox 2164 3426 3701 3509">
    <p class='ocr_par' dir='ltr' id='par_1_78' title="bbox 2164 3426 3701 3509">
     <span class='ocr_line' id='line_1_78' title="bbox 2164 3426 3701 3509; baseline -0.008 -15"><span class='ocrx_word' id='word_1_578' title='bbox 2164 3455 2273 3494; x_wconf 91' lang='lat' dir='ltr'><strong>non</strong></span> <span class='ocrx_word' id='word_1_579' title='bbox 2298 3437 2526 3509; x_wconf 87' lang='lat' dir='ltr'><strong>patitur,</strong></span> <span class='ocrx_word' id='word_1_580' title='bbox 2557 3444 2637 3491; x_wconf 90' lang='lat' dir='ltr'><strong>tot</strong></span> <span class='ocrx_word' id='word_1_581' title='bbox 2670 3434 2891 3501; x_wconf 87' lang='lat' dir='ltr'><strong>fratres,</strong></span> <span class='ocrx_word' id='word_1_582' title='bbox 2921 3443 3052 3505; x_wconf 90' lang='lat' dir='ltr'><strong>quot</strong></span> <span class='ocrx_word' id='word_1_583' title='bbox 3083 3435 3150 3488; x_wconf 90' lang='lat' dir='ltr'><strong>ad</strong></span> <span class='ocrx_word' id='word_1_584' title='bbox 3179 3434 3322 3488; x_wconf 85' lang='lat' dir='ltr'><strong>istud</strong></span> <span class='ocrx_word' id='word_1_585' title='bbox 3346 3430 3557 3487; x_wconf 81' lang='lat' dir='ltr'><strong>ofﬁcium</strong></span> <span class='ocrx_word' id='word_1_586' title='bbox 3580 3426 3701 3484; x_wconf 78' lang='lat' dir='ltr'><strong>suffi-</strong></span> 
     </span>
    </p>
   </div>
   <div class='ocr_carea' id='block_1_79' title="bbox 2165 3521 3703 3598">
    <p class='ocr_par' dir='ltr' id='par_1_79' title="bbox 2165 3521 3703 3598">
     <span class='ocr_line' id='line_1_79' title="bbox 2165 3521 3703 3598; baseline -0.01 -10"><span class='ocrx_word' id='word_1_587' title='bbox 2165 3532 2335 3596; x_wconf 92' lang='lat' dir='ltr'><strong>ciunt,</strong></span> <span class='ocrx_word' id='word_1_588' title='bbox 2369 3540 2478 3584; x_wconf 87' lang='lat' dir='ltr'><strong>tam</strong></span> <span class='ocrx_word' id='word_1_589' title='bbox 2496 3528 2767 3597; x_wconf 90' lang='lat' dir='ltr'><strong>iuniores,</strong></span> <span class='ocrx_word' id='word_1_590' title='bbox 2800 3543 2963 3598; x_wconf 91' lang='lat' dir='ltr'><strong>quam</strong></span> <span class='ocrx_word' id='word_1_591' title='bbox 3001 3526 3250 3582; x_wconf 88' lang='lat' dir='ltr'><strong>seniores</strong></span> <span class='ocrx_word' id='word_1_592' title='bbox 3279 3526 3349 3580; x_wconf 91' lang='lat' dir='ltr'><strong>ab</strong></span> <span class='ocrx_word' id='word_1_593' title='bbox 3384 3521 3596 3578; x_wconf 87' lang='lat' dir='ltr'><strong>armario</strong></span> <span class='ocrx_word' id='word_1_594' title='bbox 3628 3535 3703 3574; x_wconf 86' lang='lat' dir='ltr'><strong>as-</strong></span> 
     </span>
    </p>
   </div>
   <div class='ocr_carea' id='block_1_80' title="bbox 2166 3613 3705 3689">
    <p class='ocr_par' dir='ltr' id='par_1_80' title="bbox 2166 3613 3705 3689">
     <span class='ocr_line' id='line_1_80' title="bbox 2166 3613 3705 3689; baseline -0.011 -9"><span class='ocrx_word' id='word_1_595' title='bbox 2166 3621 2417 3680; x_wconf 89' lang='lat' dir='ltr'><strong>sumendi</strong></span> <span class='ocrx_word' id='word_1_596' title='bbox 2462 3629 2608 3676; x_wconf 89' lang='lat' dir='ltr'><strong>sunt.</strong></span> <span class='ocrx_word' id='word_1_597' title='bbox 2646 3620 2774 3675; x_wconf 85' lang='lat' dir='ltr'><strong>illuc</strong></span> <span class='ocrx_word' id='word_1_598' title='bbox 2797 3636 2892 3689; x_wconf 87' lang='lat' dir='ltr'><strong>per</strong></span> <span class='ocrx_word' id='word_1_599' title='bbox 2918 3618 3207 3675; x_wconf 88' lang='lat' dir='ltr'><strong>ecclesiam</strong></span> <span class='ocrx_word' id='word_1_600' title='bbox 3233 3616 3293 3672; x_wconf 90' lang='lat' dir='ltr'><strong>S.</strong></span> <span class='ocrx_word' id='word_1_601' title='bbox 3328 3614 3502 3669; x_wconf 67' lang='lat' dir='ltr'><strong>Mariae</strong></span> <span class='ocrx_word' id='word_1_602' title='bbox 3526 3613 3637 3677; x_wconf 89' lang='lat' dir='ltr'><strong>itur,</strong></span> <span class='ocrx_word' id='word_1_603' title='bbox 3661 3618 3705 3665; x_wconf 80' lang='lat' dir='ltr'><strong>et</strong></span> 
     </span>
    </p>
   </div>
   <div class='ocr_carea' id='block_1_81' title="bbox 2166 3703 3706 3787">
    <p class='ocr_par' dir='ltr' id='par_1_81' title="bbox 2166 3703 3706 3787">
     <span class='ocr_line' id='line_1_81' title="bbox 2166 3703 3706 3787; baseline -0.012 -15"><span class='ocrx_word' id='word_1_604' title='bbox 2166 3716 2596 3787; x_wconf 89' lang='lat' dir='ltr'><strong>perauditorium</strong></span> <span class='ocrx_word' id='word_1_605' title='bbox 2664 3712 2891 3768; x_wconf 87' lang='lat' dir='ltr'><strong>reditur.</strong></span> <span class='ocrx_word' id='word_1_606' title='bbox 2950 3708 3201 3764; x_wconf 86' lang='lat' dir='ltr'><strong>Psalmus</strong></span> <span class='ocrx_word' id='word_1_607' title='bbox 3276 3703 3706 3776; x_wconf 63' lang='lat' dir='ltr'><strong>quinquagesimae.</strong></span> 
     </span>
    </p>
   </div>
   <div class='ocr_carea' id='block_1_82' title="bbox 2167 3799 3705 3875">
    <p class='ocr_par' dir='ltr' id='par_1_82' title="bbox 2167 3799 3705 3875">
     <span class='ocr_line' id='line_1_82' title="bbox 2167 3799 3705 3875; baseline -0.013 -9"><span class='ocrx_word' id='word_1_608' title='bbox 2167 3810 2404 3866; x_wconf 88' lang='lat' dir='ltr'><strong>canitur.</strong></span> <span class='ocrx_word' id='word_1_609' title='bbox 2436 3809 2553 3875; x_wconf 85' lang='lat' dir='ltr'><strong>Quo</strong></span> <span class='ocrx_word' id='word_1_610' title='bbox 2584 3807 2758 3870; x_wconf 84' lang='lat' dir='ltr'><strong>finito,</strong></span> <span class='ocrx_word' id='word_1_611' title='bbox 2785 3803 3026 3874; x_wconf 85' lang='lat' dir='ltr'><strong>psalmus</strong></span> <span class='ocrx_word' id='word_1_612' title='bbox 3049 3800 3191 3855; x_wconf 86' lang='lat' dir='ltr'><strong>Deus</strong></span> <span class='ocrx_word' id='word_1_613' title='bbox 3215 3800 3267 3853; x_wconf 86' lang='lat' dir='ltr'><strong>in</strong></span> <span class='ocrx_word' id='word_1_614' title='bbox 3299 3799 3705 3859; x_wconf 75' lang='lat' dir='ltr'><strong>nominetuo,etc.</strong></span> 
     </span>
    </p>
   </div>
   <div class='ocr_carea' id='block_1_83' title="bbox 2169 3883 3707 3965">
    <p class='ocr_par' dir='ltr' id='par_1_83' title="bbox 2169 3883 3707 3965">
     <span class='ocr_line' id='line_1_83' title="bbox 2169 3883 3707 3965; baseline -0.012 -10"><span class='ocrx_word' id='word_1_615' title='bbox 2169 3901 2444 3965; x_wconf 77' lang='lat' dir='ltr'><strong>Miserere,</strong></span> <span class='ocrx_word' id='word_1_616' title='bbox 2467 3900 2567 3952; x_wconf 87' lang='lat' dir='ltr'><strong>mei</strong></span> <span class='ocrx_word' id='word_1_617' title='bbox 2602 3897 2765 3961; x_wconf 89' lang='lat' dir='ltr'><strong>Deus,</strong></span> <span class='ocrx_word' id='word_1_618' title='bbox 2797 3895 3062 3958; x_wconf 83' lang='lat' dir='ltr'><strong>miserere,</strong></span> <span class='ocrx_word' id='word_1_619' title='bbox 3093 3892 3184 3962; x_wconf 89' lang='lat' dir='ltr'><strong>qui</strong></span> <span class='ocrx_word' id='word_1_620' title='bbox 3218 3906 3314 3957; x_wconf 87' lang='lat' dir='ltr'><strong>per</strong></span> <span class='ocrx_word' id='word_1_621' title='bbox 3344 3889 3538 3942; x_wconf 80' lang='lat' dir='ltr'><strong>beatum</strong></span> <span class='ocrx_word' id='word_1_622' title='bbox 3578 3883 3707 3937; x_wconf 78' lang='lat' dir='ltr'><strong>Jaco-</strong></span> 
     </span>
    </p>
   </div>
   <div class='ocr_carea' id='block_1_84' title="bbox 2170 3979 3708 4062">
    <p class='ocr_par' dir='ltr' id='par_1_84' title="bbox 2170 3979 3708 4062">
     <span class='ocr_line' id='line_1_84' title="bbox 2170 3979 3708 4062; baseline -0.011 -17"><span class='ocrx_word' id='word_1_623' title='bbox 2170 3992 2292 4045; x_wconf 81' lang='lat' dir='ltr'><strong>bum</strong></span> <span class='ocrx_word' id='word_1_624' title='bbox 2319 3990 2614 4062; x_wconf 77' lang='lat' dir='ltr'><strong>apostolum</strong></span> <span class='ocrx_word' id='word_1_625' title='bbox 2648 3998 2797 4042; x_wconf 85' lang='lat' dir='ltr'><strong>tuum</strong></span> <span class='ocrx_word' id='word_1_626' title='bbox 2835 3985 3059 4039; x_wconf 76' lang='lat' dir='ltr'><strong>dixisti:</strong></span> <span class='ocrx_word' id='word_1_627' title='bbox 3085 3982 3403 4051; x_wconf 75' lang='lat' dir='ltr'><strong>Inﬁrmatur</strong></span> <span class='ocrx_word' id='word_1_628' title='bbox 3425 3979 3531 4050; x_wconf 72' lang='lat' dir='ltr'><strong>quis</strong></span> <span class='ocrx_word' id='word_1_629' title='bbox 3556 3979 3603 4031; x_wconf 86' lang='lat' dir='ltr'><strong>in</strong></span> <span class='ocrx_word' id='word_1_630' title='bbox 3636 3992 3708 4029; x_wconf 80' lang='lat' dir='ltr'><strong>ro—</strong></span> 
     </span>
    </p>
   </div>
   <div class='ocr_carea' id='block_1_85' title="bbox 2170 4072 3709 4147">
    <p class='ocr_par' dir='ltr' id='par_1_85' title="bbox 2170 4072 3709 4147">
     <span class='ocr_line' id='line_1_85' title="bbox 2170 4072 3709 4147; baseline -0.012 -11"><span class='ocrx_word' id='word_1_631' title='bbox 2170 4083 2248 4136; x_wconf 84' lang='lat' dir='ltr'><strong>bis</strong></span> <span class='ocrx_word' id='word_1_632' title='bbox 2278 4122 2292 4147; x_wconf 94' lang='lat'><strong>,</strong></span> <span class='ocrx_word' id='word_1_633' title='bbox 2365 4091 2419 4136; x_wconf 89' lang='lat' dir='ltr'><strong>et</strong></span> <span class='ocrx_word' id='word_1_634' title='bbox 2481 4079 2710 4147; x_wconf 88' lang='lat' dir='ltr'><strong>reliqua.</strong></span> <span class='ocrx_word' id='word_1_635' title='bbox 2755 4077 2882 4147; x_wconf 74' lang='lat' dir='ltr'><strong>(un.</strong></span> <span class='ocrx_word' id='word_1_636' title='bbox 2943 4073 3099 4145; x_wconf 78' lang='lat' dir='ltr'><strong>var.)</strong></span> <span class='ocrx_word' id='word_1_637' title='bbox 3144 4072 3498 4143; x_wconf 81' lang='lat' dir='ltr'><strong>lmponuntur</strong></span> <span class='ocrx_word' id='word_1_638' title='bbox 3535 4078 3709 4137; x_wconf 75' lang='lat' dir='ltr'><strong>septem</strong></span> 
     </span>
    </p>
   </div>
   <div class='ocr_carea' id='block_1_86' title="bbox 2171 4158 3710 4242">
    <p class='ocr_par' dir='ltr' id='par_1_86' title="bbox 2171 4158 3710 4242">
     <span class='ocr_line' id='line_1_86' title="bbox 2171 4158 3710 4242; baseline -0.008 -18"><span class='ocrx_word' id='word_1_639' title='bbox 2171 4171 2366 4242; x_wconf 84' lang='lat' dir='ltr'><strong>psalmi</strong></span> <span class='ocrx_word' id='word_1_640' title='bbox 2390 4186 2513 4227; x_wconf 90' lang='lat' dir='ltr'><strong>cum</strong></span> <span class='ocrx_word' id='word_1_641' title='bbox 2542 4170 2663 4224; x_wconf 88' lang='lat' dir='ltr'><strong>istis</strong></span> <span class='ocrx_word' id='word_1_642' title='bbox 2694 4166 3008 4238; x_wconf 83' lang='lat' dir='ltr'><strong>antiphonis</strong></span> <span class='ocrx_word' id='word_1_643' title='bbox 3034 4182 3053 4222; x_wconf 86' lang='lat'><strong>:</strong></span> <span class='ocrx_word' id='word_1_644' title='bbox 3094 4164 3246 4221; x_wconf 85' lang='lat' dir='ltr'><strong>Sana</strong></span> <span class='ocrx_word' id='word_1_645' title='bbox 3282 4180 3385 4229; x_wconf 88' lang='lat' dir='ltr'><strong>me,</strong></span> <span class='ocrx_word' id='word_1_646' title='bbox 3415 4164 3567 4216; x_wconf 84' lang='lat' dir='ltr'><strong>Deus.</strong></span> <span class='ocrx_word' id='word_1_647' title='bbox 3586 4158 3710 4213; x_wconf 79' lang='lat' dir='ltr'><strong>Psal-</strong></span> 
     </span>
    </p>
   </div>
   <div class='ocr_carea' id='block_1_87' title="bbox 2172 4248 3711 4329">
    <p class='ocr_par' dir='ltr' id='par_1_87' title="bbox 2172 4248 3711 4329">
     <span class='ocr_line' id='line_1_87' title="bbox 2172 4248 3711 4329; baseline -0.013 -10"><span class='ocrx_word' id='word_1_648' title='bbox 2172 4279 2313 4329; x_wconf 88' lang='lat' dir='ltr'><strong>mus,</strong></span> <span class='ocrx_word' id='word_1_649' title='bbox 2336 4262 2561 4317; x_wconf 88' lang='lat' dir='ltr'><strong>Domine</strong></span> <span class='ocrx_word' id='word_1_650' title='bbox 2591 4278 2675 4327; x_wconf 85' lang='lat' dir='ltr'><strong>ne,</strong></span> <span class='ocrx_word' id='word_1_651' title='bbox 2703 4260 2757 4314; x_wconf 87' lang='lat' dir='ltr'><strong>in</strong></span> <span class='ocrx_word' id='word_1_652' title='bbox 2784 4258 2984 4327; x_wconf 76' lang='lat' dir='ltr'><strong>furore.</strong></span> <span class='ocrx_word' id='word_1_653' title='bbox 3018 4258 3067 4311; x_wconf 79' lang='grc'><strong>1.</strong></span> <span class='ocrx_word' id='word_1_654' title='bbox 3112 4255 3340 4326; x_wconf 82' lang='lat' dir='ltr'><strong>Antiplt.</strong></span> <span class='ocrx_word' id='word_1_655' title='bbox 3371 4251 3497 4307; x_wconf 83' lang='lat' dir='ltr'><strong>Erat</strong></span> <span class='ocrx_word' id='word_1_656' title='bbox 3528 4248 3711 4321; x_wconf 66' lang='lat' dir='ltr'><strong>quidam</strong></span> 
     </span>
    </p>
   </div>
   <div class='ocr_carea' id='block_1_88' title="bbox 2173 4346 3714 4426">
    <p class='ocr_par' dir='ltr' id='par_1_88' title="bbox 2173 4346 3714 4426">
     <span class='ocr_line' id='line_1_88' title="bbox 2173 4346 3714 4426; baseline -0.012 -16"><span class='ocrx_word' id='word_1_657' title='bbox 2173 4354 2408 4426; x_wconf 84' lang='lat' dir='ltr'><strong>regulus.</strong></span> <span class='ocrx_word' id='word_1_658' title='bbox 2458 4353 2603 4410; x_wconf 74' lang='lat' dir='ltr'><strong>Psal.</strong></span> <span class='ocrx_word' id='word_1_659' title='bbox 2633 4352 2785 4407; x_wconf 86' lang='lat' dir='ltr'><strong>Beati</strong></span> <span class='ocrx_word' id='word_1_660' title='bbox 2833 4366 3080 4421; x_wconf 83' lang='lat' dir='ltr'><strong>quarunt.</strong></span> <span class='ocrx_word' id='word_1_661' title='bbox 3110 4349 3336 4418; x_wconf 85' lang='lat' dir='ltr'><strong>Antiph.</strong></span> <span class='ocrx_word' id='word_1_662' title='bbox 3368 4346 3575 4401; x_wconf 82' lang='lat' dir='ltr'><strong>Domine</strong></span> <span class='ocrx_word' id='word_1_663' title='bbox 3609 4353 3714 4411; x_wconf 71' lang='lat' dir='ltr'><strong>puer</strong></span> 
     </span>
    </p>
   </div>
   <div class='ocr_carea' id='block_1_89' title="bbox 2174 4431 3716 4512">
    <p class='ocr_par' dir='ltr' id='par_1_89' title="bbox 2174 4431 3716 4512">
     <span class='ocr_line' id='line_1_89' title="bbox 2174 4431 3716 4512; baseline -0.012 -10"><span class='ocrx_word' id='word_1_664' title='bbox 2174 4464 2341 4502; x_wconf 86' lang='lat' dir='ltr'><strong>meus.</strong></span> <span class='ocrx_word' id='word_1_665' title='bbox 2367 4446 2513 4502; x_wconf 89' lang='lat' dir='ltr'><strong>Psal.</strong></span> <span class='ocrx_word' id='word_1_666' title='bbox 2548 4446 2791 4511; x_wconf 86' lang='lat' dir='ltr'><strong>Domine,</strong></span> <span class='ocrx_word' id='word_1_667' title='bbox 2821 4461 2883 4499; x_wconf 87' lang='lat' dir='ltr'><strong>ne</strong></span> <span class='ocrx_word' id='word_1_668' title='bbox 2921 4444 2975 4497; x_wconf 87' lang='lat' dir='ltr'><strong>in</strong></span> <span class='ocrx_word' id='word_1_669' title='bbox 3037 4442 3235 4512; x_wconf 76' lang='lat' dir='ltr'><strong>furore.</strong></span> <span class='ocrx_word' id='word_1_670' title='bbox 3280 4441 3337 4494; x_wconf 72' lang='lat'><strong>2.</strong></span> <span class='ocrx_word' id='word_1_671' title='bbox 3387 4436 3594 4507; x_wconf 79' lang='lat' dir='ltr'><strong>Autipb.</strong></span> <span class='ocrx_word' id='word_1_672' title='bbox 3632 4431 3716 4486; x_wconf 75' lang='lat' dir='ltr'><strong>Cor</strong></span> 
     </span>
    </p>
   </div>
   <div class='ocr_carea' id='block_1_90' title="bbox 482 4525 2047 4612">
    <p class='ocr_par' dir='ltr' id='par_1_90' title="bbox 482 4525 2045 4612">
     <span class='ocr_line' id='line_1_90' title="bbox 482 4525 2045 4612; baseline -0.015 -6"><span class='ocrx_word' id='word_1_673' title='bbox 482 4525 551 4607; x_wconf 79' lang='lat' dir='ltr'><strong>de</strong></span> <span class='ocrx_word' id='word_1_674' title='bbox 583 4525 881 4605; x_wconf 41' lang='lat' dir='ltr'><strong>inﬁrm—aria</strong></span> <span class='ocrx_word' id='word_1_675' title='bbox 912 4547 1073 4612; x_wconf 86' lang='lat' dir='ltr'><strong>redit,</strong></span> <span class='ocrx_word' id='word_1_676' title='bbox 1103 4545 1149 4600; x_wconf 90' lang='lat' dir='ltr'><strong>si</strong></span> <span class='ocrx_word' id='word_1_677' title='bbox 1188 4544 1242 4599; x_wconf 91' lang='lat' dir='ltr'><strong>in</strong></span> <span class='ocrx_word' id='word_1_678' title='bbox 1272 4550 1431 4596; x_wconf 91' lang='lat' dir='ltr'><strong>nocte</strong></span> <span class='ocrx_word' id='word_1_679' title='bbox 1463 4537 1569 4591; x_wconf 88' lang='lat' dir='ltr'><strong>tale</strong></span> <span class='ocrx_word' id='word_1_680' title='bbox 1597 4534 1727 4605; x_wconf 89' lang='lat' dir='ltr'><strong>quid</strong></span> <span class='ocrx_word' id='word_1_681' title='bbox 1776 4531 2045 4587; x_wconf 77' lang='lat' dir='ltr'><strong>dormiunt</strong></span> 
     </span>
    </p>
   </div>
   <div class='ocr_carea' id='block_1_91' title="bbox 2163 4525 3715 4612">
    <p class='ocr_par' dir='ltr' id='par_1_91' title="bbox 2173 4525 3715 4602">
     <span class='ocr_line' id='line_1_91' title="bbox 2173 4525 3715 4602; baseline -0.011 -9"><span class='ocrx_word' id='word_1_682' title='bbox 2173 4541 2479 4593; x_wconf 87' lang='lat' dir='ltr'><strong>contritum.</strong></span> <span class='ocrx_word' id='word_1_683' title='bbox 2498 4537 2639 4593; x_wconf 89' lang='lat' dir='ltr'><strong>Psal.</strong></span> <span class='ocrx_word' id='word_1_684' title='bbox 2662 4536 2912 4590; x_wconf 76' lang='lat' dir='ltr'><strong>Miserere</strong></span> <span class='ocrx_word' id='word_1_685' title='bbox 2927 4536 3051 4600; x_wconf 83' lang='lat' dir='ltr'><strong>mei,</strong></span> <span class='ocrx_word' id='word_1_686' title='bbox 3076 4535 3234 4588; x_wconf 87' lang='lat' dir='ltr'><strong>Deus.</strong></span> <span class='ocrx_word' id='word_1_687' title='bbox 3260 4532 3480 4602; x_wconf 85' lang='lat' dir='ltr'><strong>Antipb.</strong></span> <span class='ocrx_word' id='word_1_688' title='bbox 3514 4525 3715 4587; x_wconf 77' lang='lat' dir='ltr'><strong>Domine,</strong></span> 
     </span>
    </p>
   </div>
   <div class='ocr_carea' id='block_1_92' title="bbox 484 4625 2055 4707">
    <p class='ocr_par' dir='ltr' id='par_1_92' title="bbox 484 4625 2055 4707">
     <span class='ocr_line' id='line_1_92' title="bbox 484 4625 2055 4707; baseline -0.015 -10"><span class='ocrx_word' id='word_1_689' title='bbox 484 4658 597 4697; x_wconf 89' lang='lat' dir='ltr'><strong>non</strong></span> <span class='ocrx_word' id='word_1_690' title='bbox 644 4648 926 4704; x_wconf 85' lang='lat' dir='ltr'><strong>evenerat,</strong></span> <span class='ocrx_word' id='word_1_691' title='bbox 976 4645 1151 4707; x_wconf 87' lang='lat' dir='ltr'><strong>p0test</strong></span> <span class='ocrx_word' id='word_1_692' title='bbox 1189 4631 1619 4693; x_wconf 90' lang='lat' dir='ltr'><strong>communicare;</strong></span> <span class='ocrx_word' id='word_1_693' title='bbox 1668 4625 1818 4695; x_wconf 89' lang='lat' dir='ltr'><strong>prius</strong></span> <span class='ocrx_word' id='word_1_694' title='bbox 1872 4632 2055 4677; x_wconf 87' lang='lat' dir='ltr'><strong>tamen</strong></span> 
     </span>
    </p>
   </div>
   <div class='ocr_carea' id='block_1_93' title="bbox 486 4714 2069 4797">
    <p class='ocr_par' dir='ltr' id='par_1_93' title="bbox 486 4714 2069 4797">
     <span class='ocr_line' id='line_1_93' title="bbox 486 4714 2069 4797; baseline -0.013 -10"><span class='ocrx_word' id='word_1_695' title='bbox 486 4734 632 4789; x_wconf 80' lang='lat' dir='ltr'><strong>facta</strong></span> <span class='ocrx_word' id='word_1_696' title='bbox 659 4732 1024 4797; x_wconf 86' lang='lat' dir='ltr'><strong>confessione;</strong></span> <span class='ocrx_word' id='word_1_697' title='bbox 1061 4737 1155 4783; x_wconf 90' lang='lat' dir='ltr'><strong>aut</strong></span> <span class='ocrx_word' id='word_1_698' title='bbox 1200 4726 1243 4781; x_wconf 92' lang='lat' dir='ltr'><strong>si</strong></span> <span class='ocrx_word' id='word_1_699' title='bbox 1280 4723 1566 4794; x_wconf 87' lang='lat' dir='ltr'><strong>presbyter</strong></span> <span class='ocrx_word' id='word_1_700' title='bbox 1589 4728 1672 4776; x_wconf 87' lang='lat' dir='ltr'><strong>est</strong></span> <span class='ocrx_word' id='word_1_701' title='bbox 1700 4718 1921 4779; x_wconf 77' lang='lat' dir='ltr'><strong>missam</strong></span> <span class='ocrx_word' id='word_1_702' title='bbox 1954 4714 2069 4783; x_wconf 83' lang='lat' dir='ltr'><strong>pri-</strong></span> 
     </span>
    </p>
   </div>
   <div class='ocr_carea' id='block_1_94' title="bbox 487 4833 1013 4879">
    <p class='ocr_par' dir='ltr' id='par_1_94' title="bbox 487 4833 1013 4879">
     <span class='ocr_line' id='line_1_94' title="bbox 487 4833 1013 4879; baseline -0.006 0"><span class='ocrx_word' id='word_1_703' title='bbox 487 4833 671 4879; x_wconf 85' lang='lat' dir='ltr'><strong>vatam</strong></span> <span class='ocrx_word' id='word_1_704' title='bbox 695 4838 795 4878; x_wconf 88' lang='lat' dir='ltr'><strong>can</strong></span> <span class='ocrx_word' id='word_1_705' title='bbox 805 4833 851 4876; x_wconf 72' lang='grc' dir='ltr'><strong>ιιι</strong></span> <span class='ocrx_word' id='word_1_706' title='bbox 862 4837 937 4877; x_wconf 85' lang='lat' dir='ltr'><strong>re.</strong></span> <span class='ocrx_word' id='word_1_707' title='bbox 1008 4854 1013 4857; x_wconf 62' lang='grc' dir='ltr'><em>ι</em></span> 
     </span>
    </p>
   </div>
   <div class='ocr_carea' id='block_1_95' title="bbox 561 4919 2071 5007">
    <p class='ocr_par' dir='ltr' id='par_1_95' title="bbox 561 4919 2071 5007">
     <span class='ocr_line' id='line_1_95' title="bbox 561 4919 2071 5007; baseline -0.015 -15"><span class='ocrx_word' id='word_1_708' title='bbox 561 4936 620 4992; x_wconf 91' lang='lat' dir='ltr'><strong>Si</strong></span> <span class='ocrx_word' id='word_1_709' title='bbox 657 4937 780 5007; x_wconf 90' lang='lat' dir='ltr'><strong>quis</strong></span> <span class='ocrx_word' id='word_1_710' title='bbox 823 4943 905 4990; x_wconf 90' lang='lat' dir='ltr'><strong>est</strong></span> <span class='ocrx_word' id='word_1_711' title='bbox 950 4933 1086 4989; x_wconf 89' lang='lat' dir='ltr'><strong>adeo</strong></span> <span class='ocrx_word' id='word_1_712' title='bbox 1124 4929 1400 4992; x_wconf 78' lang='lat' dir='ltr'><strong>inﬁrmus,</strong></span> <span class='ocrx_word' id='word_1_713' title='bbox 1425 4934 1484 4979; x_wconf 91' lang='lat' dir='ltr'><strong>ut</strong></span> <span class='ocrx_word' id='word_1_714' title='bbox 1515 4925 1568 4978; x_wconf 93' lang='lat' dir='ltr'><strong>in</strong></span> <span class='ocrx_word' id='word_1_715' title='bbox 1600 4924 1741 4977; x_wconf 87' lang='lat' dir='ltr'><strong>lecto</strong></span> <span class='ocrx_word' id='word_1_716' title='bbox 1786 4919 1989 4989; x_wconf 87' lang='lat' dir='ltr'><strong>iaceat,</strong></span> <span class='ocrx_word' id='word_1_717' title='bbox 2017 4925 2071 4972; x_wconf 90' lang='lat' dir='ltr'><strong>et</strong></span> 
     </span>
    </p>
   </div>
   <div class='ocr_carea' id='block_1_96' title="bbox 493 5010 2070 5092">
    <p class='ocr_par' dir='ltr' id='par_1_96' title="bbox 493 5010 2070 5092">
     <span class='ocr_line' id='line_1_96' title="bbox 493 5010 2070 5092; baseline -0.013 -9"><span class='ocrx_word' id='word_1_718' title='bbox 493 5027 599 5082; x_wconf 84' lang='lat' dir='ltr'><strong>alio</strong></span> <span class='ocrx_word' id='word_1_719' title='bbox 626 5028 748 5082; x_wconf 87' lang='lat' dir='ltr'><strong>cibo</strong></span> <span class='ocrx_word' id='word_1_720' title='bbox 779 5026 929 5080; x_wconf 86' lang='lat' dir='ltr'><strong>reﬁci</strong></span> <span class='ocrx_word' id='word_1_721' title='bbox 956 5040 1060 5078; x_wconf 87' lang='lat' dir='ltr'><strong>non</strong></span> <span class='ocrx_word' id='word_1_722' title='bbox 1090 5020 1300 5092; x_wconf 89' lang='lat' dir='ltr'><strong>possit,</strong></span> <span class='ocrx_word' id='word_1_723' title='bbox 1343 5019 1395 5072; x_wconf 92' lang='lat' dir='ltr'><strong>in</strong></span> <span class='ocrx_word' id='word_1_724' title='bbox 1432 5018 1545 5085; x_wconf 89' lang='lat' dir='ltr'><strong>ipso</strong></span> <span class='ocrx_word' id='word_1_725' title='bbox 1576 5016 1807 5069; x_wconf 86' lang='lat' dir='ltr'><strong>adventu</strong></span> <span class='ocrx_word' id='word_1_726' title='bbox 1836 5010 2070 5074; x_wconf 78' lang='lat' dir='ltr'><strong>Domini,</strong></span> 
     </span>
    </p>
   </div>
   <div class='ocr_carea' id='block_1_97' title="bbox 494 5103 2071 5187">
    <p class='ocr_par' dir='ltr' id='par_1_97' title="bbox 494 5103 2071 5187">
     <span class='ocr_line' id='line_1_97' title="bbox 494 5103 2071 5187; baseline -0.013 -14"><span class='ocrx_word' id='word_1_727' title='bbox 494 5135 588 5174; x_wconf 86' lang='lat' dir='ltr'><strong>seu</strong></span> <span class='ocrx_word' id='word_1_728' title='bbox 634 5119 685 5173; x_wconf 90' lang='lat' dir='ltr'><strong>in</strong></span> <span class='ocrx_word' id='word_1_729' title='bbox 714 5116 1130 5187; x_wconf 82' lang='lat' dir='ltr'><strong>Septuagesima</strong></span> <span class='ocrx_word' id='word_1_730' title='bbox 1169 5112 1219 5164; x_wconf 92' lang='lat' dir='ltr'><strong>ei</strong></span> <span class='ocrx_word' id='word_1_731' title='bbox 1263 5108 1597 5178; x_wconf 89' lang='lat' dir='ltr'><strong>permittitur</strong></span> <span class='ocrx_word' id='word_1_732' title='bbox 1632 5119 1759 5160; x_wconf 88' lang='lat' dir='ltr'><strong>esus</strong></span> <span class='ocrx_word' id='word_1_733' title='bbox 1804 5103 2071 5156; x_wconf 89' lang='lat' dir='ltr'><strong>carnium.</strong></span> 
     </span>
    </p>
   </div>
   <div class='ocr_carea' id='block_1_98' title="bbox 494 5188 2073 5283">
    <p class='ocr_par' dir='ltr' id='par_1_98' title="bbox 494 5188 2073 5283">
     <span class='ocr_line' id='line_1_98' title="bbox 494 5188 2073 5283; baseline -0.016 -15"><span class='ocrx_word' id='word_1_734' title='bbox 494 5213 512 5231; x_wconf 80' lang='lat'>&#39;</span> <span class='ocrx_word' id='word_1_735' title='bbox 544 5213 611 5267; x_wconf 85' lang='lat' dir='ltr'><strong>Et</strong></span> <span class='ocrx_word' id='word_1_736' title='bbox 633 5211 1058 5283; x_wconf 85' lang='lat' dir='ltr'><strong>quandocunque</strong></span> <span class='ocrx_word' id='word_1_737' title='bbox 1096 5200 1452 5265; x_wconf 84' lang='lat' dir='ltr'><strong>convaluerit,</strong></span> <span class='ocrx_word' id='word_1_738' title='bbox 1484 5197 1645 5253; x_wconf 90' lang='lat' dir='ltr'><strong>etiam</strong></span> <span class='ocrx_word' id='word_1_739' title='bbox 1670 5188 1673 5195; x_wconf 70' lang='grc'>’</span> <span class='ocrx_word' id='word_1_740' title='bbox 1702 5194 1746 5249; x_wconf 91' lang='lat' dir='ltr'><strong>si</strong></span> <span class='ocrx_word' id='word_1_741' title='bbox 1792 5195 1861 5248; x_wconf 91' lang='lat' dir='ltr'><strong>sit</strong></span> <span class='ocrx_word' id='word_1_742' title='bbox 1899 5192 2073 5246; x_wconf 87' lang='lat' dir='ltr'><strong>media</strong></span> 
     </span>
    </p>
   </div>
   <div class='ocr_carea' id='block_1_99' title="bbox 498 5284 2078 5373">
    <p class='ocr_par' dir='ltr' id='par_1_99' title="bbox 498 5284 2078 5373">
     <span class='ocr_line' id='line_1_99' title="bbox 498 5284 2078 5373; baseline -0.015 -15"><span class='ocrx_word' id='word_1_743' title='bbox 498 5300 946 5373; x_wconf 79' lang='lat' dir='ltr'><strong>Quadragesima,</strong></span> <span class='ocrx_word' id='word_1_744' title='bbox 968 5297 1053 5351; x_wconf 88' lang='lat' dir='ltr'><strong>vel</strong></span> <span class='ocrx_word' id='word_1_745' title='bbox 1084 5297 1137 5351; x_wconf 91' lang='lat' dir='ltr'><strong>in</strong></span> <span class='ocrx_word' id='word_1_746' title='bbox 1158 5298 1323 5348; x_wconf 88' lang='lat' dir='ltr'><strong>ramis</strong></span> <span class='ocrx_word' id='word_1_747' title='bbox 1353 5293 1679 5361; x_wconf 89' lang='lat' dir='ltr'><strong>palmarum,</strong></span> <span class='ocrx_word' id='word_1_748' title='bbox 1706 5288 1842 5357; x_wconf 85' lang='lat' dir='ltr'><strong>petit</strong></span> <span class='ocrx_word' id='word_1_749' title='bbox 1862 5284 2078 5339; x_wconf 84' lang='lat' dir='ltr'><strong>veniam</strong></span> 
     </span>
    </p>
   </div>
   <div class='ocr_carea' id='block_1_100' title="bbox 500 5374 2075 5463">
    <p class='ocr_par' dir='ltr' id='par_1_100' title="bbox 500 5374 2075 5463">
     <span class='ocr_line' id='line_1_100' title="bbox 500 5374 2075 5463; baseline -0.015 -14"><span class='ocrx_word' id='word_1_750' title='bbox 500 5397 552 5449; x_wconf 88' lang='lat' dir='ltr'><strong>in</strong></span> <span class='ocrx_word' id='word_1_751' title='bbox 584 5391 846 5463; x_wconf 86' lang='lat' dir='ltr'><strong>capitulo,</strong></span> <span class='ocrx_word' id='word_1_752' title='bbox 874 5389 1013 5444; x_wconf 89' lang='lat' dir='ltr'><strong>sicut</strong></span> <span class='ocrx_word' id='word_1_753' title='bbox 1041 5386 1155 5441; x_wconf 82' lang='lat' dir='ltr'><strong>fieri</strong></span> <span class='ocrx_word' id='word_1_754' title='bbox 1199 5386 1335 5440; x_wconf 82' lang='lat' dir='ltr'><strong>solet</strong></span> <span class='ocrx_word' id='word_1_755' title='bbox 1375 5398 1471 5453; x_wconf 91' lang='lat' dir='ltr'><strong>pro</strong></span> <span class='ocrx_word' id='word_1_756' title='bbox 1500 5380 1836 5437; x_wconf 91' lang='lat' dir='ltr'><strong>comestione</strong></span> <span class='ocrx_word' id='word_1_757' title='bbox 1877 5374 2075 5430; x_wconf 88' lang='lat' dir='ltr'><strong>carnis.</strong></span> 
     </span>
    </p>
   </div>
   <div class='ocr_carea' id='block_1_101' title="bbox 500 5466 2077 5556">
    <p class='ocr_par' dir='ltr' id='par_1_101' title="bbox 500 5466 2077 5556">
     <span class='ocr_line' id='line_1_101' title="bbox 500 5466 2077 5556; baseline -0.016 -16"><span class='ocrx_word' id='word_1_758' title='bbox 500 5486 716 5556; x_wconf 80' lang='lat' dir='ltr'><strong>Reliqui</strong></span> <span class='ocrx_word' id='word_1_759' title='bbox 742 5496 931 5538; x_wconf 90' lang='lat' dir='ltr'><strong>omnes</strong></span> <span class='ocrx_word' id='word_1_760' title='bbox 959 5480 1157 5535; x_wconf 89' lang='lat' dir='ltr'><strong>diutius</strong></span> <span class='ocrx_word' id='word_1_761' title='bbox 1204 5477 1276 5532; x_wconf 92' lang='lat' dir='ltr'><strong>ibi</strong></span> <span class='ocrx_word' id='word_1_762' title='bbox 1331 5493 1439 5531; x_wconf 88' lang='lat' dir='ltr'><strong>non</strong></span> <span class='ocrx_word' id='word_1_763' title='bbox 1494 5480 1797 5532; x_wconf 86' lang='lat' dir='ltr'><strong>morantur,</strong></span> <span class='ocrx_word' id='word_1_764' title='bbox 1822 5466 1915 5521; x_wconf 90' lang='lat' dir='ltr'><strong>sed</strong></span> <span class='ocrx_word' id='word_1_765' title='bbox 1947 5480 2077 5518; x_wconf 88' lang='lat' dir='ltr'><strong>con-</strong></span> 
     </span>
    </p>
   </div>
   <div class='ocr_carea' id='block_1_102' title="bbox 498 5554 2081 5632">
    <p class='ocr_par' dir='ltr' id='par_1_102' title="bbox 498 5554 2081 5632">
     <span class='ocr_line' id='line_1_102' title="bbox 498 5554 2081 5632; baseline -0.015 -2"><span class='ocrx_word' id='word_1_766' title='bbox 498 5577 687 5632; x_wconf 54' lang='lat' dir='ltr'><strong>v’entui</strong></span> <span class='ocrx_word' id='word_1_767' title='bbox 710 5574 1101 5629; x_wconf 89' lang='lat' dir='ltr'><strong>coadunantur.</strong></span> <span class='ocrx_word' id='word_1_768' title='bbox 1136 5569 1331 5625; x_wconf 86' lang='lat' dir='ltr'><strong>Utrum</strong></span> <span class='ocrx_word' id='word_1_769' title='bbox 1364 5573 1543 5620; x_wconf 90' lang='lat' dir='ltr'><strong>autem</strong></span> <span class='ocrx_word' id='word_1_770' title='bbox 1572 5562 1675 5615; x_wconf 83' lang='lat' dir='ltr'><strong>hoc</strong></span> <span class='ocrx_word' id='word_1_771' title='bbox 1701 5560 1794 5611; x_wconf 88' lang='lat' dir='ltr'><strong>fiat</strong></span> <span class='ocrx_word' id='word_1_772' title='bbox 1817 5557 1871 5609; x_wconf 92' lang='lat' dir='ltr'><strong>in</strong></span> <span class='ocrx_word' id='word_1_773' title='bbox 1906 5554 2081 5608; x_wconf 88' lang='lat' dir='ltr'><strong>domi-</strong></span> 
     </span>
    </p>
   </div>
   <div class='ocr_carea' id='block_1_103' title="bbox 400 5643 2077 5741">
    <p class='ocr_par' dir='ltr' id='par_1_103' title="bbox 400 5643 2077 5741">
     <span class='ocr_line' id='line_1_103' title="bbox 400 5643 2077 5741; baseline -0.017 -17"><span class='ocrx_word' id='word_1_774' title='bbox 400 5740 405 5741; x_wconf 14' lang='grc' dir='ltr'>ί</span> <span class='ocrx_word' id='word_1_775' title='bbox 500 5669 625 5722; x_wconf 83' lang='lat' dir='ltr'><strong>nica</strong></span> <span class='ocrx_word' id='word_1_776' title='bbox 658 5665 744 5720; x_wconf 89' lang='lat' dir='ltr'><strong>vel</strong></span> <span class='ocrx_word' id='word_1_777' title='bbox 786 5665 838 5718; x_wconf 93' lang='lat' dir='ltr'><strong>in</strong></span> <span class='ocrx_word' id='word_1_778' title='bbox 869 5661 1005 5716; x_wconf 88' lang='lat' dir='ltr'><strong>feria</strong></span> <span class='ocrx_word' id='word_1_779' title='bbox 1036 5659 1295 5723; x_wconf 88' lang='lat' dir='ltr'><strong>secunda,</strong></span> <span class='ocrx_word' id='word_1_780' title='bbox 1325 5656 1378 5709; x_wconf 90' lang='lat' dir='ltr'><strong>in</strong></span> <span class='ocrx_word' id='word_1_781' title='bbox 1424 5655 1664 5722; x_wconf 89' lang='lat' dir='ltr'><strong>ipsorum</strong></span> <span class='ocrx_word' id='word_1_782' title='bbox 1714 5654 1796 5701; x_wconf 89' lang='lat' dir='ltr'><strong>est</strong></span> <span class='ocrx_word' id='word_1_783' title='bbox 1833 5643 2077 5698; x_wconf 88' lang='lat' dir='ltr'><strong>arbitrio.</strong></span> 
     </span>
    </p>
   </div>
   <div class='ocr_carea' id='block_1_104' title="bbox 507 5744 2079 5829">
    <p class='ocr_par' dir='ltr' id='par_1_104' title="bbox 507 5744 2079 5829">
     <span class='ocr_line' id='line_1_104' title="bbox 507 5744 2079 5829; baseline -0.017 -13"><span class='ocrx_word' id='word_1_784' title='bbox 507 5759 703 5819; x_wconf 65' lang='lat' dir='ltr'><strong>verum</strong></span> <span class='ocrx_word' id='word_1_785' title='bbox 731 5766 849 5829; x_wconf 86' lang='lat' dir='ltr'><strong>post</strong></span> <span class='ocrx_word' id='word_1_786' title='bbox 877 5756 1103 5828; x_wconf 86' lang='lat' dir='ltr'><strong>petitam</strong></span> <span class='ocrx_word' id='word_1_787' title='bbox 1132 5752 1369 5817; x_wconf 87' lang='lat' dir='ltr'><strong>veniam,</strong></span> <span class='ocrx_word' id='word_1_788' title='bbox 1402 5747 1448 5805; x_wconf 86' lang='lat' dir='ltr'><strong>si</strong></span> <span class='ocrx_word' id='word_1_789' title='bbox 1481 5744 1602 5817; x_wconf 86' lang='lat' dir='ltr'><strong>quis</strong></span> <span class='ocrx_word' id='word_1_790' title='bbox 1630 5755 1817 5799; x_wconf 86' lang='lat' dir='ltr'><strong>eorum</strong></span> <span class='ocrx_word' id='word_1_791' title='bbox 1843 5750 2079 5795; x_wconf 89' lang='lat' dir='ltr'><strong>conven-</strong></span> 
     </span>
    </p>
   </div>
   <div class='ocr_carea' id='block_1_105' title="bbox 2170 4617 3714 4692">
    <p class='ocr_par' dir='ltr' id='par_1_105' title="bbox 2170 4617 3714 4692">
     <span class='ocr_line' id='line_1_105' title="bbox 2170 4617 3714 4692; baseline -0.01 -8"><span class='ocrx_word' id='word_1_792' title='bbox 2170 4630 2445 4684; x_wconf 83' lang='lat' dir='ltr'><strong>descende.</strong></span> <span class='ocrx_word' id='word_1_793' title='bbox 2499 4627 2699 4683; x_wconf 88' lang='lat' dir='ltr'><strong>Psalm.</strong></span> <span class='ocrx_word' id='word_1_794' title='bbox 2747 4627 2993 4692; x_wconf 88' lang='lat' dir='ltr'><strong>Domine,</strong></span> <span class='ocrx_word' id='word_1_795' title='bbox 3028 4626 3241 4679; x_wconf 71' lang='lat' dir='ltr'><strong>exaudi.</strong></span> <span class='ocrx_word' id='word_1_796' title='bbox 3293 4625 3347 4678; x_wconf 81' lang='grc'><strong>1.</strong></span> <span class='ocrx_word' id='word_1_797' title='bbox 3382 4622 3589 4690; x_wconf 78' lang='lat' dir='ltr'><strong>Antiph.</strong></span> <span class='ocrx_word' id='word_1_798' title='bbox 3635 4617 3714 4668; x_wconf 71' lang='lat' dir='ltr'><strong>Ilo-</strong></span> 
     </span>
    </p>
   </div>
   <div class='ocr_carea' id='block_1_106' title="bbox 2173 4706 3717 4789">
    <p class='ocr_par' dir='ltr' id='par_1_106' title="bbox 2173 4706 3717 4789">
     <span class='ocr_line' id='line_1_106' title="bbox 2173 4706 3717 4789; baseline -0.01 -15"><span class='ocrx_word' id='word_1_799' title='bbox 2173 4721 2331 4787; x_wconf 88' lang='lat' dir='ltr'><strong>ntine,</strong></span> <span class='ocrx_word' id='word_1_800' title='bbox 2372 4738 2476 4776; x_wconf 86' lang='lat' dir='ltr'><strong>non</strong></span> <span class='ocrx_word' id='word_1_801' title='bbox 2511 4736 2626 4773; x_wconf 86' lang='lat' dir='ltr'><strong>sum</strong></span> <span class='ocrx_word' id='word_1_802' title='bbox 2662 4720 2875 4789; x_wconf 77' lang='lat' dir='ltr'><strong>dignus.</strong></span> <span class='ocrx_word' id='word_1_803' title='bbox 2912 4717 3015 4773; x_wconf 78' lang='lat' dir='ltr'><strong>l‘ro</strong></span> <span class='ocrx_word' id='word_1_804' title='bbox 3066 4716 3338 4771; x_wconf 88' lang='lat' dir='ltr'><strong>defunctis</strong></span> <span class='ocrx_word' id='word_1_805' title='bbox 3382 4713 3575 4783; x_wconf 86' lang='lat' dir='ltr'><strong>antiph.</strong></span> <span class='ocrx_word' id='word_1_806' title='bbox 3613 4706 3717 4763; x_wconf 66' lang='lat' dir='ltr'><strong>Cum</strong></span> 
     </span>
    </p>
   </div>
   <div class='ocr_carea' id='block_1_107' title="bbox 2176 4804 3441 4865">
    <p class='ocr_par' dir='ltr' id='par_1_107' title="bbox 2176 4804 3441 4865">
     <span class='ocr_line' id='line_1_107' title="bbox 2176 4804 3441 4865; baseline -0.009 0"><span class='ocrx_word' id='word_1_807' title='bbox 2176 4812 2251 4865; x_wconf 81' lang='lat' dir='ltr'><strong>sol</strong></span> <span class='ocrx_word' id='word_1_808' title='bbox 2278 4822 2452 4865; x_wconf 82' lang='lat' dir='ltr'><strong>autent</strong></span> <span class='ocrx_word' id='word_1_809' title='bbox 2482 4810 2778 4863; x_wconf 83' lang='lat' dir='ltr'><strong>occidisset.</strong></span> <span class='ocrx_word' id='word_1_810' title='bbox 2809 4806 2949 4862; x_wconf 86' lang='lat' dir='ltr'><strong>Psal.</strong></span> <span class='ocrx_word' id='word_1_811' title='bbox 2983 4806 3203 4859; x_wconf 83' lang='lat' dir='ltr'><strong>Domine</strong></span> <span class='ocrx_word' id='word_1_812' title='bbox 3227 4804 3441 4856; x_wconf 74' lang='lat' dir='ltr'><strong>exaudi.</strong></span> 
     </span>
    </p>
   </div>
   <div class='ocr_carea' id='block_1_108' title="bbox 2249 4891 3720 4961">
    <p class='ocr_par' dir='ltr' id='par_1_108' title="bbox 2249 4891 3720 4961">
     <span class='ocr_line' id='line_1_108' title="bbox 2249 4891 3720 4961; baseline -0.014 0"><span class='ocrx_word' id='word_1_813' title='bbox 2249 4906 2464 4961; x_wconf 86' lang='lat' dir='ltr'><strong>Interim</strong></span> <span class='ocrx_word' id='word_1_814' title='bbox 2499 4906 2761 4959; x_wconf 88' lang='lat' dir='ltr'><strong>sacerdos</strong></span> <span class='ocrx_word' id='word_1_815' title='bbox 2791 4903 2895 4957; x_wconf 92' lang='lat' dir='ltr'><strong>hoc</strong></span> <span class='ocrx_word' id='word_1_816' title='bbox 2934 4899 3096 4955; x_wconf 91' lang='lat' dir='ltr'><strong>modo</strong></span> <span class='ocrx_word' id='word_1_817' title='bbox 3120 4897 3255 4952; x_wconf 86' lang='lat' dir='ltr'><strong>facit</strong></span> <span class='ocrx_word' id='word_1_818' title='bbox 3280 4899 3599 4952; x_wconf 87' lang='lat' dir='ltr'><strong>unctionem.</strong></span> <span class='ocrx_word' id='word_1_819' title='bbox 3626 4891 3720 4945; x_wconf 83' lang='lat' dir='ltr'><strong>Pol-</strong></span> 
     </span>
    </p>
   </div>
   <div class='ocr_carea' id='block_1_109' title="bbox 2177 4989 3721 5062">
    <p class='ocr_par' dir='ltr' id='par_1_109' title="bbox 2177 4989 3721 5062">
     <span class='ocr_line' id='line_1_109' title="bbox 2177 4989 3721 5062; baseline -0.012 -10"><span class='ocrx_word' id='word_1_820' title='bbox 2177 4999 2267 5052; x_wconf 90' lang='lat' dir='ltr'><strong>lici</strong></span> <span class='ocrx_word' id='word_1_821' title='bbox 2295 4995 2472 5051; x_wconf 89' lang='lat' dir='ltr'><strong>oleum</strong></span> <span class='ocrx_word' id='word_1_822' title='bbox 2500 4996 2681 5062; x_wconf 91' lang='lat' dir='ltr'><strong>illinit,</strong></span> <span class='ocrx_word' id='word_1_823' title='bbox 2712 5006 2767 5050; x_wconf 92' lang='lat' dir='ltr'><strong>et</strong></span> <span class='ocrx_word' id='word_1_824' title='bbox 2796 5008 2921 5049; x_wconf 91' lang='lat' dir='ltr'><strong>cum</strong></span> <span class='ocrx_word' id='word_1_825' title='bbox 2951 4991 3140 5047; x_wconf 89' lang='lat' dir='ltr'><strong>eodem</strong></span> <span class='ocrx_word' id='word_1_826' title='bbox 3177 4989 3375 5060; x_wconf 89' lang='lat' dir='ltr'><strong>pollice</strong></span> <span class='ocrx_word' id='word_1_827' title='bbox 3406 4989 3607 5057; x_wconf 78' lang='lat' dir='ltr'><strong>signum</strong></span> <span class='ocrx_word' id='word_1_828' title='bbox 3625 4998 3721 5038; x_wconf 85' lang='lat' dir='ltr'><strong>cru-</strong></span> 
     </span>
    </p>
   </div>
   <div class='ocr_carea' id='block_1_110' title="bbox 2178 5072 3724 5155">
    <p class='ocr_par' dir='ltr' id='par_1_110' title="bbox 2178 5072 3724 5155">
     <span class='ocr_line' id='line_1_110' title="bbox 2178 5072 3724 5155; baseline -0.013 -13"><span class='ocrx_word' id='word_1_829' title='bbox 2178 5088 2255 5142; x_wconf 92' lang='lat' dir='ltr'><strong>cis</strong></span> <span class='ocrx_word' id='word_1_830' title='bbox 2289 5086 2552 5155; x_wconf 89' lang='lat' dir='ltr'><strong>imprimit</strong></span> <span class='ocrx_word' id='word_1_831' title='bbox 2594 5101 2756 5154; x_wconf 89' lang='lat' dir='ltr'><strong>super</strong></span> <span class='ocrx_word' id='word_1_832' title='bbox 2781 5094 3072 5152; x_wconf 85' lang='lat' dir='ltr'><strong>utrumque</strong></span> <span class='ocrx_word' id='word_1_833' title='bbox 3120 5079 3342 5136; x_wconf 87' lang='lat' dir='ltr'><strong>oculum</strong></span> <span class='ocrx_word' id='word_1_834' title='bbox 3388 5080 3462 5133; x_wconf 86' lang='lat' dir='ltr'><strong>ita</strong></span> <span class='ocrx_word' id='word_1_835' title='bbox 3491 5072 3724 5131; x_wconf 85' lang='lat' dir='ltr'><strong>dicendo:</strong></span> 
     </span>
    </p>
   </div>
   <div class='ocr_carea' id='block_1_111' title="bbox 2180 5167 3724 5236">
    <p class='ocr_par' dir='ltr' id='par_1_111' title="bbox 2180 5167 3724 5236">
     <span class='ocr_line' id='line_1_111' title="bbox 2180 5167 3724 5236; baseline -0.012 -3"><span class='ocrx_word' id='word_1_836' title='bbox 2180 5179 2283 5233; x_wconf 85' lang='lat' dir='ltr'><strong>Per</strong></span> <span class='ocrx_word' id='word_1_837' title='bbox 2331 5180 2485 5232; x_wconf 86' lang='lat' dir='ltr'><strong>istam</strong></span> <span class='ocrx_word' id='word_1_838' title='bbox 2523 5178 2821 5230; x_wconf 84' lang='lat' dir='ltr'><strong>unctionem</strong></span> <span class='ocrx_word' id='word_1_839' title='bbox 2850 5186 2897 5228; x_wconf 88' lang='lat' dir='ltr'><strong>et</strong></span> <span class='ocrx_word' id='word_1_840' title='bbox 2930 5189 3081 5227; x_wconf 81' lang='lat' dir='ltr'><strong>suam</strong></span> <span class='ocrx_word' id='word_1_841' title='bbox 3128 5173 3422 5236; x_wconf 80' lang='lat' dir='ltr'><strong>piissimam</strong></span> <span class='ocrx_word' id='word_1_842' title='bbox 3465 5167 3724 5221; x_wconf 76' lang='lat' dir='ltr'><strong>misericor-</strong></span> 
     </span>
    </p>
   </div>
   <div class='ocr_carea' id='block_1_112' title="bbox 2178 5259 3725 5337">
    <p class='ocr_par' dir='ltr' id='par_1_112' title="bbox 2178 5259 3725 5337">
     <span class='ocr_line' id='line_1_112' title="bbox 2178 5259 3725 5337; baseline -0.011 -15"><span class='ocrx_word' id='word_1_843' title='bbox 2178 5270 2319 5324; x_wconf 83' lang='lat' dir='ltr'><strong>diam</strong></span> <span class='ocrx_word' id='word_1_844' title='bbox 2360 5268 2629 5337; x_wconf 83' lang='lat' dir='ltr'><strong>indulgeat</strong></span> <span class='ocrx_word' id='word_1_845' title='bbox 2667 5267 2759 5319; x_wconf 80' lang='lat' dir='ltr'><strong>tibi</strong></span> <span class='ocrx_word' id='word_1_846' title='bbox 2808 5265 3067 5318; x_wconf 83' lang='lat' dir='ltr'><strong>Dominus</strong></span> <span class='ocrx_word' id='word_1_847' title='bbox 3110 5263 3367 5334; x_wconf 79' lang='lat' dir='ltr'><strong>quidquid</strong></span> <span class='ocrx_word' id='word_1_848' title='bbox 3401 5259 3616 5332; x_wconf 76' lang='lat' dir='ltr'><strong>peccasti</strong></span> <span class='ocrx_word' id='word_1_849' title='bbox 3653 5271 3725 5325; x_wconf 75' lang='lat' dir='ltr'><strong>per</strong></span> 
     </span>
    </p>
   </div>
   <div class='ocr_carea' id='block_1_113' title="bbox 2180 5349 3723 5427">
    <p class='ocr_par' dir='ltr' id='par_1_113' title="bbox 2180 5349 3723 5427">
     <span class='ocr_line' id='line_1_113' title="bbox 2180 5349 3723 5427; baseline -0.012 -15"><span class='ocrx_word' id='word_1_850' title='bbox 2180 5361 2368 5412; x_wconf 79' lang='lat' dir='ltr'><strong>visum.</strong></span> <span class='ocrx_word' id='word_1_851' title='bbox 2391 5358 2522 5412; x_wconf 92' lang='lat' dir='ltr'><strong>ltem</strong></span> <span class='ocrx_word' id='word_1_852' title='bbox 2547 5370 2708 5427; x_wconf 88' lang='lat' dir='ltr'><strong>super</strong></span> <span class='ocrx_word' id='word_1_853' title='bbox 2731 5364 3018 5424; x_wconf 85' lang='lat' dir='ltr'><strong>utramque</strong></span> <span class='ocrx_word' id='word_1_854' title='bbox 3044 5363 3227 5407; x_wconf 88' lang='lat' dir='ltr'><strong>autem</strong></span> <span class='ocrx_word' id='word_1_855' title='bbox 3251 5363 3469 5422; x_wconf 85' lang='lat' dir='ltr'><strong>propter</strong></span> <span class='ocrx_word' id='word_1_856' title='bbox 3489 5349 3723 5403; x_wconf 83' lang='lat' dir='ltr'><strong>auditum:</strong></span> 
     </span>
    </p>
   </div>
   <div class='ocr_carea' id='block_1_114' title="bbox 2180 5436 3728 5519">
    <p class='ocr_par' dir='ltr' id='par_1_114' title="bbox 2180 5436 3728 5519">
     <span class='ocr_line' id='line_1_114' title="bbox 2180 5436 3728 5519; baseline -0.008 -14"><span class='ocrx_word' id='word_1_857' title='bbox 2180 5466 2341 5519; x_wconf 85' lang='lat' dir='ltr'><strong>super</strong></span> <span class='ocrx_word' id='word_1_858' title='bbox 2369 5459 2595 5519; x_wconf 85' lang='lat' dir='ltr'><strong>utraque</strong></span> <span class='ocrx_word' id='word_1_859' title='bbox 2618 5449 2760 5503; x_wconf 87' lang='lat' dir='ltr'><strong>labia</strong></span> <span class='ocrx_word' id='word_1_860' title='bbox 2784 5490 2799 5514; x_wconf 89' lang='lat'><strong>,</strong></span> <span class='ocrx_word' id='word_1_861' title='bbox 2847 5457 3069 5516; x_wconf 84' lang='lat' dir='ltr'><strong>propter</strong></span> <span class='ocrx_word' id='word_1_862' title='bbox 3095 5455 3348 5515; x_wconf 82' lang='lat' dir='ltr'><strong>gustum;</strong></span> <span class='ocrx_word' id='word_1_863' title='bbox 3382 5456 3541 5515; x_wconf 88' lang='lat' dir='ltr'><strong>super</strong></span> <span class='ocrx_word' id='word_1_864' title='bbox 3566 5436 3728 5495; x_wconf 76' lang='lat' dir='ltr'><strong>nasum</strong></span> 
     </span>
    </p>
   </div>
   <div class='ocr_carea' id='block_1_115' title="bbox 2183 5539 3727 5612">
    <p class='ocr_par' dir='ltr' id='par_1_115' title="bbox 2183 5539 3727 5612">
     <span class='ocr_line' id='line_1_115' title="bbox 2183 5539 3727 5612; baseline -0.01 -13"><span class='ocrx_word' id='word_1_865' title='bbox 2183 5544 2246 5599; x_wconf 87' lang='lat' dir='ltr'><strong>in</strong></span> <span class='ocrx_word' id='word_1_866' title='bbox 2263 5542 2597 5611; x_wconf 81' lang='lat' dir='ltr'><strong>longitudine</strong></span> <span class='ocrx_word' id='word_1_867' title='bbox 2622 5549 2846 5612; x_wconf 90' lang='lat' dir='ltr'><strong>propter</strong></span> <span class='ocrx_word' id='word_1_868' title='bbox 2865 5539 3149 5595; x_wconf 88' lang='lat' dir='ltr'><strong>odoratum</strong></span> <span class='ocrx_word' id='word_1_869' title='bbox 3174 5553 3191 5602; x_wconf 91' lang='lat'><strong>;</strong></span> <span class='ocrx_word' id='word_1_870' title='bbox 3228 5551 3395 5606; x_wconf 87' lang='lat' dir='ltr'><strong>super</strong></span> <span class='ocrx_word' id='word_1_871' title='bbox 3421 5548 3607 5590; x_wconf 88' lang='lat' dir='ltr'><strong>manus</strong></span> <span class='ocrx_word' id='word_1_872' title='bbox 3628 5543 3727 5600; x_wconf 75' lang='lat' dir='ltr'><strong>pro</strong></span> 
     </span>
    </p>
   </div>
   <div class='ocr_carea' id='block_1_116' title="bbox 2182 5625 3731 5705">
    <p class='ocr_par' dir='ltr' id='par_1_116' title="bbox 2182 5625 3731 5705">
     <span class='ocr_line' id='line_1_116' title="bbox 2182 5625 3731 5705; baseline -0.004 -16"><span class='ocrx_word' id='word_1_873' title='bbox 2182 5644 2303 5705; x_wconf 87' lang='lat' dir='ltr'><strong>pter</strong></span> <span class='ocrx_word' id='word_1_874' title='bbox 2335 5642 2559 5701; x_wconf 85' lang='lat' dir='ltr'><strong>tactum,</strong></span> <span class='ocrx_word' id='word_1_875' title='bbox 2585 5642 2639 5688; x_wconf 91' lang='lat' dir='ltr'><strong>et</strong></span> <span class='ocrx_word' id='word_1_876' title='bbox 2668 5632 2938 5689; x_wconf 86' lang='lat' dir='ltr'><strong>sacerdoti</strong></span> <span class='ocrx_word' id='word_1_877' title='bbox 2971 5632 3313 5685; x_wconf 80' lang='lat' dir='ltr'><strong>extrinsecus</strong></span> <span class='ocrx_word' id='word_1_878' title='bbox 3339 5646 3355 5683; x_wconf 82' lang='lat'><strong>:</strong></span> <span class='ocrx_word' id='word_1_879' title='bbox 3385 5642 3544 5698; x_wconf 87' lang='lat' dir='ltr'><strong>super</strong></span> <span class='ocrx_word' id='word_1_880' title='bbox 3572 5625 3731 5694; x_wconf 60' lang='lat' dir='ltr'><strong>pedes,</strong></span> 
     </span>
    </p>
   </div>
   <div class='ocr_carea' id='block_1_117' title="bbox 2184 5722 3729 5800">
    <p class='ocr_par' dir='ltr' id='par_1_117' title="bbox 2184 5722 3729 5800">
     <span class='ocr_line' id='line_1_117' title="bbox 2184 5722 3729 5800; baseline -0.01 -16"><span class='ocrx_word' id='word_1_881' title='bbox 2184 5736 2407 5800; x_wconf 87' lang='lat' dir='ltr'><strong>propter</strong></span> <span class='ocrx_word' id='word_1_882' title='bbox 2454 5728 2745 5799; x_wconf 82' lang='lat' dir='ltr'><strong>incessum,</strong></span> <span class='ocrx_word' id='word_1_883' title='bbox 2785 5740 2947 5796; x_wconf 85' lang='lat' dir='ltr'><strong>super</strong></span> <span class='ocrx_word' id='word_1_884' title='bbox 3001 5722 3214 5781; x_wconf 82' lang='lat' dir='ltr'><strong>lumbos</strong></span> <span class='ocrx_word' id='word_1_885' title='bbox 3245 5722 3499 5793; x_wconf 83' lang='lat' dir='ltr'><strong>utrinque</strong></span> <span class='ocrx_word' id='word_1_886' title='bbox 3544 5725 3729 5790; x_wconf 72' lang='lat' dir='ltr'><strong>propter</strong></span> 
     </span>
    </p>
   </div>
  </div>
