3886 6308
193 386 311 445 1135

1285 381 1698 442 CONSTITUT.
1744 379 2073 440 HIRSAUG.
2121 413 2181 426 --
2220 378 2347 440 LIB.
2385 383 2445 439 ll.

3276 386 3413 446 1151

192 507 414 564 ardorem
464 499 719 558 libidinis.
750 496 922 553 Lavat
952 511 1161 568 manus,
1187 498 1337 570 prius
1368 510 1545 556 tamen
1576 500 1737 555 frica-
1764 501 1811 561 Α
1842 498 2169 568 dulgentiam
2199 499 2247 553 ei
2296 513 2457 570 quam
2492 508 2777 570 precatur,
2823 512 3063 573 exoptat,
3094 512 3148 577 et
3186 505 3300 576 ipse
3341 521 3422 583 eis

190 601 246 667 tis
272 612 385 653 cum
426 594 607 652 cinere
634 584 819 664 digitis
865 599 920 646 et
961 606 1125 663 aqua,
1154 598 1276 664 qua:
1305 594 1358 649 in
1386 594 1565 666 ignem
1603 590 1736 647 sOlet

187 688 377 746 effundi.

244 778 388 851 (σαν.)
419 777 573 845 Quod
614 778 658 833 si
693 758 950 833 infirmus
971 778 1161 834 eodem
1187 779 1273 836 die
1294 785 1731 856 communicavit,

188 874 309 930 idem
331 860 577 927 sacerdos
620 868 708 927 his
738 871 1020 927 versiculis
1050 872 1376 942 prtemissis:
1409 870 1622 933 Salvum
1648 880 1735 949 fac

183 982 377 1019 ser-vum.
425 962 572 1017 Mitte
619 964 689 1030 ei,
727 962 975 1030 Domine,
1012 962 1290 1017 auxilium.
1319 964 1471 1019 Nihil
1497 969 1735 1037 proﬁciat

183 1055 417 1109 inimicus.
467 1055 591 1109 Esto
622 1056 691 1119 ei,
718 1055 971 1122 Domine,
1007 1055 1167 1109 turris
1211 1056 1568 1126 fortitudinis:
1596 1059 1736 1117 Sub-

178 1145 329 1215 jungit
355 1146 447 1200 has
477 1146 765 1200 collectas:
807 1144 972 1209 Deus,
1003 1145 1094 1215 qui
1118 1144 1326 1215 famqu
1354 1157 1444 1203 tuo
1472 1149 1730 1215 Ezechiae.

184 1236 385 1306 Respice.
414 1237 561 1291 Alme
610 1236 769 1303 Deus,
798 1236 889 1306 qui
915 1234 1143 1305 factura:
1197 1248 1322 1293 tum.
1380 1237 1531 1295 Alme
1566 1239 1731 1311 Deus,

179 1320 254 1400 qui
276 1330 490 1383 humano
534 1329 731 1401 generi.
799 1326 1064 1381 Virtutum
1102 1328 1386 1385 caelestium
1418 1332 1580 1388 Deus.
1622 1331 1736 1389 Do-

181 1422 299 1476 mine
327 1426 497 1476 sancte
530 1416 713 1489 Pater,
746 1421 1091 1495 Omnipotens
1118 1438 1309 1481 aeterne
1332 1424 1491 1480 Deus.
1519 1426 1733 1483 Exaudi

181 1502 301 1569 Deus
328 1531 498 1583 preces
528 1524 755 1571 nostras.
796 1514 1091 1573 Prceveniat
1112 1511 1234 1574 huic
1266 1518 1489 1589 famulo.
1509 1519 1733 1577 Domine

181 1592 298 1657 Deus
316 1604 483 1683 noster
499 1591 591 1677 qui
621 1598 929 1674 o/Tensione.
949 1602 1165 1676 Adesto,
1197 1608 1437 1677 Domine,
1462 1610 1729 1681 supplied;-

178 1694 375 1749 tionibus
420 1688 610 1764 etme,
646 1701 755 1771 qui.
812 1690 1019 1753 Prtesta
1069 1699 1367 1772 quwsumus
1412 1696 1553 1757 Deus
1610 1703 1731 1757 huic

178 1778 351 1853 fantuio
381 1800 487 1843 tuo.
518 1790 664 1845 Deus
696 1780 913 1846 humani
936 1794 1141 1862 generis
1168 1780 1443 1864 benignus.

235 1877 285 1933 Si
318 1888 486 1936 autem
512 1898 603 1938 res
622 1884 791 1955 exigit
841 1892 899 1939 ut
926 1898 1122 1955 corpus
1148 1884 1360 1941 Domini
1403 1876 1727 1957 accepturus

182 1971 257 2037 sit,
284 1980 401 2029 tunc
425 1972 663 2031 armario
687 1976 1023 2048 designante,
1057 1978 1195 2033 alius
1223 1976 1476 2035 Sacerdos
1506 1981 1726 2037 easdem

175 2062 399 2118 collectas
444 2066 814 2136 prosequitur,
864 2070 919 2122 et
966 2068 1222 2124 sacerdos
1275 2069 1727 2128 hebdomadarius

177 2152 361 2209 interim
384 2172 543 2228 cruce
571 2152 626 2213 et
648 2151 787 2228 aqua
821 2157 1099 2225 benedicta
1125 2156 1554 2231 remanentibUs,
1589 2165 1728 2219 redit

173 2256 275 2323 cum
296 2245 513 2315 geminis
546 2236 888 2304 candelabris
926 2251 993 2305 ad
1036 2250 1321 2306 ecclesiam
1347 2292 1363 2318 ,
1426 2244 1489 2308 ut
1533 2252 1727 2323 corpus

174 2333 358 2391 Domini
385 2330 653 2409 apportet.
686 2339 807 2396 ‘Ibi
837 2341 1014 2398 denuo
1058 2344 1187 2398 lotis
1235 2334 1486 2401 manibus
1540 2344 1725 2400 vinum

172 2434 217 2481 et
238 2442 381 2498 aqam
404 2427 560 2486 cali’ci
592 2431 843 2497 infundit,
870 2432 932 2493 et
952 2433 1267 2505 priusquam
1300 2433 1430 2493 illud
1462 2424 1721 2508 accipiat,

174 2525 351 2573 tantum
378 2519 623 2588 inclinat,
648 2530 703 2577 et
747 2520 947 2607 piside,
980 2524 1033 2581 in
1089 2522 1194 2596 qua
1245 2541 1441 2597 corpus
1487 2526 1722 2596 Domini,

171 2612 291 2680 quod
317 2614 649 2670 reconditum
696 2625 799 2685 est,
831 2634 996 2691 super
1038 2616 1209 2675 altare
1239 2614 1413 2690 posita
1437 2661 1452 2690 ,
1506 2636 1725 2678 crucem

170 2700 273 2757 eum
294 2704 527 2776 incenso,
552 2708 697 2777 quod
729 2708 956 2764 sacrista
982 2709 1198 2766 interim
1245 2708 1313 2765 ad
1350 2709 1453 2766 hoc
1488 2712 1723 2781 paravit,

171 2792 373 2866 desuper
394 2796 545 2865 facit,
578 2809 634 2855 et
660 2810 858 2871 corpus
879 2798 1116 2869 Domini,
1145 2800 1286 2873 quod
1309 2817 1472 2874 super
1501 2796 1723 2860 calicem

170 2882 357 2957 frangit,
384 2880 437 2945 et
486 2898 725 2962 partem,
751 2908 913 2963 quam
945 2893 1224 2950 delaturus
1254 2892 1359 2960 est,
1386 2910 1551 2967 super
1593 2895 1725 2951 cali-

167 2989 265 3030 cem
294 2988 446 3047 tenet,
477 2984 535 3036 et
555 2990 664 3037 tam
692 2998 885 3039 manus
905 2984 1224 3051 sacerdOtis,
1251 2984 1387 3058 (ιω.)
1419 3001 1579 3056 quam
1610 2987 1725 3058 ipse

168 3069 285 3124 calix
316 3070 477 3129 linteo
507 3074 901 3131 candidissimo
935 3092 1030 3146 per
1054 3078 1352 3133 armarium
1381 3080 1719 3151 cooperitur;

166 3158 273 3258 item
303 3170 355 3215 ut
397 3164 547 3232 prius
595 3164 845 3234 imposito
874 3166 1084 3237 psalmo
1120 3166 1360 3224 Laudate
1410 3170 1719 3226 revertitur.
1750 3192 1797 3258 ρ

164 3248 181 3270 ⁶
205 3248 287 3305 Cui
313 3253 491 3325 etiam,
521 3255 570 3310 si
601 3271 736 3327 opus
787 3266 900 3323 est,
949 3260 1191 3330 psalmus
1249 3260 1389 3316 Deus
1422 3263 1476 3316 in
1516 3264 1725 3319 nomine

168 3350 337 3408 tuo,et
385 3346 639 3402 Miserere
688 3348 790 3402 mei
840 3348 977 3404 Deus
1028 3351 1316 3407 adduntur.
1366 3351 1728 3426 Quoscunque

164 3439 559 3507 pertransierit,
594 3440 679 3496 vel
714 3440 805 3513 qui
854 3441 929 3496 illi
984 3442 1341 3511 obviaverint,
1368 3447 1581 3502 veniam
1633 3461 1727 3518 pe-

74 3582 79 3587 ,
164 3531 282 3583 tunt.
307 3520 412 3587 Nec
452 3531 638 3588 minus
663 3532 885 3590 interim
916 3545 1161 3602 curatur,
1188 3544 1244 3593 ut
1266 3552 1328 3593 os
1352 3538 1553 3595 infirmi
1578 3538 1728 3598 lave-

164 3625 256 3676 tur.

221 3714 598 3791 'Recepturus
626 3722 839 3784 Domini
884 3734 1085 3794 corpus
1121 3724 1523 3782 confessionem
1570 3714 1725 3791 dicit,

164 3800 423 3867 sacerdote
451 3808 776 3886 czeterisque
804 3812 1273 3890 respOndentihus,
1307 3806 1627 3874 Misereatur
1646 3834 1729 3872 ve-

159 3900 262 3951 stri.
275 3899 386 3967 Quo
412 3904 562 3959 dicto
579 3904 853 3979 subjungit
876 3909 1152 3975 sacerdos,
1173 3909 1588 3980 Indulgentiam,
1616 3917 1724 3965 etc.

161 3985 279 4069 fon.)
297 3993 532 4067 llecipiet
548 4008 729 4053 autem
746 4000 1147 4074 intinctum(l5l
1161 4003 1251 4074 )de
1266 4003 1728 4060 vino.Seddeinde

164 4078 336 4137 hausto
365 4089 558 4144 eodem
612 4089 760 4157 vino,
797 4093 966 4148 ebibit
992 4110 1207 4166 quoque
1230 4096 1562 4152 ablutionem
1594 4095 1728 4151 cali-

161 4173 246 4237 cis,
275 4184 324 4230 et
352 4181 594 4236 secundo
620 4182 946 4241 ablutionem
1002 4188 1290 4257 digitorum
1330 4188 1647 4254 sacerdotis,
1672 4196 1730 4243 et

161 4264 316 4323 adhuc
352 4274 512 4328 tertio
568 4272 775 4331 calicis.
826 4277 1129 4337 Adhibetur
1188 4279 1260 4333 illi
1306 4295 1464 4346 crux,
1496 4290 1557 4334 ut
1606 4293 1729 4334 eam

159 4359 434 4418 osculetur.
474 4362 763 4423 Osculatur
798 4370 960 4425 etiam
1009 4371 1164 4442 quasi
1212 4372 1469 4426 ultimum
1519 4358 1726 4428 valedi-

158 4454 327 4506 cturus
373 4453 551 4522 primo
591 4456 963 4535 sacerdotem,
1017 4474 1208 4514 omnes
1252 4450 1451 4513 fratres
1475 4455 1530 4513 et
1581 4459 1729 4529 ipsos

1839 589 2109 644 similiter.
2142 589 2260 657 Quo
2313 590 2487 656 facto,
2544 591 2819 648 reducitur
2876 594 3135 667 finitoque
3182 597 3419 667 capitulo

1839 682 1953 752 ipse
1993 682 2141 753 prior
2170 683 2293 739 alba
2338 692 2392 739 et
2422 684 2557 740 Stola
2605 685 2843 752 indutus,
2876 689 3015 745 sicut
3054 690 3215 744 etiam
3267 696 3421 759 aquae

1838 773 2160 842 benedictae,
2192 774 2375 831 crucis
2404 785 2458 831 et
2482 776 2931 835 candelabrorum
2969 781 3262 851 portitOres
3286 781 3423 835 albis

1837 866 2162 930 induuntur,
2219 876 2273 920 et
2303 868 2371 921 ad
2403 869 2715 938 ungendum
2756 882 2879 925 cum
2922 871 3039 927 oleo
3085 872 3423 927 infirmorum

1836 963 2095 1035 sequente
2127 966 2397 1013 conventu
2426 959 2864 1029 progrediuntur.

2403 1042 2630 1103 CAPUT
2666 1047 2846 1103 LXIV.

1836 1134 1914 1191 De
1936 1136 2103 1206 fratre
2134 1138 2203 1191 a‘d
2229 1148 2461 1193 extrema
2487 1141 2734 1213 veniente,
2764 1150 2811 1195 et
2842 1143 2906 1196 de
2928 1141 3113 1213 vigifiis
3143 1144 3282 1198 circa
3304 1154 3424 1200 eum

2509 1212 2745 1279 agendis.

1904 1301 2049 1373 fon.)
2085 1301 2380 1374 Postquam
2403 1304 2583 1358 autem
2598 1303 2767 1361 frater
2794 1306 2990 1378 aliquis
3019 1308 3085 1362 ad
3112 1307 3423 1376 huiusmodi

1833 1393 2046 1449 venerit
2100 1394 2493 1461 infirmitatem,
2546 1396 2860 1466 providelur
2910 1398 2960 1453 ei
2994 1413 3132 1453 unus
3161 1398 3419 1464 famulus,

1834 1485 1927 1554 qui
1974 1500 2080 1541 non
2109 1486 2254 1541 aliud
2284 1487 2447 1542 habet
2476 1486 2681 1553 facere,
2712 1490 2818 1544 nisi
2856 1499 2916 1545 ut
2964 1491 3294 1562 obsequatur
3342 1496 3427 1549 in-

1836 1573 2012 1629 firmo.
2041 1575 2097 1629 In
2126 1578 2286 1632 nOete
2311 1591 2440 1631 vero
2491 1576 2680 1632 famuli
2720 1594 2910 1635 omnes
2967 1581 3276 1651 diligenter,
3330 1586 3427 1639 sed

1835 1674 2016 1722 tamen
2049 1668 2285 1723 vicissim
2324 1670 2618 1736 excubant,
2655 1685 2722 1725 ne
2752 1672 2930 1727 obitus
2956 1670 3072 1741 ejus
3098 1674 3427 1744 improvisus

1830 1760 2001 1829 possit
2028 1762 2265 1818 evenire.
2298 1762 2317 1782 ‘
2340 1761 2486 1818 Crux
2512 1761 2690 1835 lignea
2719 1764 2786 1819 ad
2833 1765 2934 1822 hoc
2970 1766 3115 1822 facta
3148 1767 3346 1833 solum,
3370 1777 3427 1821 ct

1759 1847 1803 1909 Β
1829 1853 1898 1907 a‘d
1930 1853 1988 1909 S.
2021 1853 2245 1910 Mariam
2270 1854 2477 1928 iugiter
2503 1858 2701 1928 posita,
2745 1858 2813 1913 ab
2844 1858 3144 1915 intirmario
3173 1870 3427 1930 apporta-

1832 1956 1941 2012 tur,
1965 1953 2021 2002 et
2045 1955 2238 2002 contra
2280 1946 2476 2003 faciem
2500 1947 2617 2016 ejus
2645 1947 2918 2019 adigitur;
2962 1950 3009 2005 si
3040 1960 3218 2004 tamen
3245 1948 3427 2005 obitus

1829 2035 1976 2091 illius
2005 2043 2113 2090 tam
2140 2050 2308 2108 prope
2334 2053 2455 2093 esse
2483 2039 2726 2106 videtur;
2755 2051 2809 2095 et
2838 2040 3021 2095 lumen
3064 2041 3208 2095 cerei
3257 2055 3426 2111 usque

1830 2127 1897 2180 ad
1924 2127 2129 2182 clarum
2160 2127 2301 2183 diem
2337 2130 2388 2185 ei
2428 2146 2538 2187 non
2579 2132 2775 2200 deerit,
2806 2132 3044 2202 quandiu
3087 2133 3201 2203 ipse
3234 2132 3426 2188 melius

1829 2230 1936 2271 non
1963 2217 2249 2273 habuerit.
2270 2218 2328 2274 Si
2357 2220 2481 2289 quis
2506 2220 2678 2278 frater
2706 2231 2809 2288 est,
2846 2224 2934 2280 cui
2975 2224 3078 2279 hoc
3113 2239 3211 2294 pro
3236 2225 3424 2294 singué

1828 2316 1930 2372 lari
1981 2317 2177 2374 aﬂ‘ectu
2206 2318 2457 2386 libuerit,
2501 2320 2639 2393 (ιω.)
2679 2331 2739 2377 ιιι
2782 2322 2899 2393 ipse
2941 2328 3156 2394 quoque
3208 2334 3430 2380 maneat

1828 2411 2106 2468 excubans
2131 2426 2256 2467 cum
2299 2413 2537 2480 infirmo,
2572 2415 2802 2473 libenter
2829 2417 2879 2472 ei
2916 2417 3213 2488 acquiescit
3251 2419 3421 2488 prior.

1828 2507 2038 2564 Famuli
2059 2518 2263 2576 autem,
2286 2510 2377 2580 qui
2409 2518 2536 2566 sunt
2557 2511 2609 2565 in
2642 2509 2839 2566 talibus
2861 2511 3089 2566 multum
3115 2512 3422 2579 exercitati,

1829 2599 2166 2671 multumque
2193 2601 2378 2672 periti,
2407 2614 2533 2658 cum
2571 2602 2808 2659 viderint
2830 2601 2943 2671 jam
2983 2602 3188 2658 exitum
3239 2604 3423 2658 immi-

1830 2704 1984 2758 nere,
2016 2690 2085 2747 de
2107 2692 2312 2759 cinere,
2364 2693 2541 2764 quiin
2584 2694 2763 2764 capite
2786 2692 2979 2765 jejunii
3029 2694 3321 2766 superfuit,
3366 2703 3424 2749 et

1829 2796 1989 2853 quem
2033 2797 2205 2855 usque
2240 2783 2347 2839 huc
2373 2785 2705 2841 intirmarius
2748 2786 2816 2841 ad
2864 2786 2965 2841 hoc
3011 2786 3334 2853 reservavit,
3368 2786 3423 2841 in

1828 2874 2049 2929 modum
2088 2875 2271 2931 crucis
2320 2885 2637 2948 aspergunt,
2693 2874 2853 2948 (ναν.)
2900 2876 3135 2933 cilicium
3189 2879 3423 2947 desuper

1828 2966 2142 3036 expandunt
2178 2969 2195 2989 ⁶
2224 2975 2278 3022 et
2316 2968 2592 3023 infirmum
2630 2969 2697 3025 de
2743 2968 2884 3025 lecto
2932 2969 3167 3026 levatum
3212 2971 3266 3025 in
3301 2970 3423 3026 cili-

1830 3057 1973 3113 cium
1996 3058 2341 3116 submittunt.
2374 3060 2528 3127 Quod
2559 3061 2891 3118 intirmarius
2917 3063 3084 3132 priori
3122 3078 3245 3117 mox
3276 3063 3422 3117 notis

1831 3150 1997 3220 ficat;
2029 3153 2179 3223 prior
2225 3169 2375 3219 vero,
2409 3152 2455 3209 si
2507 3168 2651 3225 inger
2692 3153 3099 3225 intelligentiam
3144 3155 3424 3221 habuerit,

1828 3243 1961 3301 facit
1990 3246 2225 3317 aliquem
2256 3262 2442 3304 coram
2475 3262 2541 3303 eo
2567 3248 2850 3319 passiones
2871 3247 3083 3319 legere;
3109 3247 3191 3323 sin
3219 3255 3422 3312 autem,

1829 3340 2075 3411 praecipit
2119 3340 2329 3396 duobus
2379 3339 2465 3396 vel
2520 3351 2774 3410 quatuor,
2828 3348 2889 3396 ut
2939 3339 3311 3395 indesinenter
3350 3340 3427 3395 ibi

1830 3437 2051 3485 cantent
2079 3430 2339 3500 psalmos,
2368 3444 2540 3500 usque
2562 3430 2689 3485 dum
2717 3431 3063 3487 manifestum
3093 3432 3163 3486 sit
3182 3432 3425 3485 animam

1831 3521 1940 3577 cito
1964 3523 2029 3576 de
2055 3536 2285 3592 corpore
2315 3521 2669 3592 migraturam
2694 3535 2833 3577 esse.
2864 3520 3017 3587 Quod
3043 3535 3166 3575 cum
3189 3521 3425 3577 viderint

1830 3614 2037 3677 famuli,
2064 3628 2292 3669 accenso
2316 3627 2412 3683 per
2440 3621 2611 3668 totum
2638 3611 2935 3669 claustrum
2964 3612 3327 3680 infirmorum,
3368 3624 3424 3670 et

1830 3707 1884 3763 in
1908 3706 2194 3773 auditorio,
2215 3707 2259 3761 si
2283 3721 2390 3761 nox
2418 3713 2525 3773 est,
2552 3705 2779 3772 lumine,
2794 3704 2861 3761 ab
2894 3719 3002 3761 uno
3024 3720 3212 3761 eorum
3236 3707 3421 3761 tabula

1831 3806 2022 3853 contra
2071 3796 2271 3852 ostium
2316 3797 2625 3852 dormitorii
2697 3797 2783 3853 vel
2833 3797 3097 3861 ecclesiae,
3130 3795 3267 3869 (υο.)
3331 3806 3427 3852 aut

1831 3886 2138 3957 ubicunque
2166 3895 2493 3942 conventum
2540 3898 2661 3941 esse
2711 3886 3049 3957 cognoverit,
3118 3888 3310 3942 crebra
3368 3896 3424 3940 et

1832 3980 2091 4034 continua
2138 3978 2514 4049 percussione,
2570 3986 2828 4049 tantaque
2888 3978 3187 4035 sonoritatc
3230 3993 3425 4049 percu-

1834 4074 1988 4139 titur,
2016 4074 2032 4094 ⁶
2056 4078 2117 4127 ιιι
2144 4072 2291 4128 intus
2320 4071 2407 4128 vel
2437 4082 2592 4127 extra
2623 4072 2918 4127 claustrum
2948 4086 2977 4125 a
3008 4071 3250 4140 quolibet
3282 4071 3424 4125 infra

1833 4178 2048 4219 murum
2099 4173 2469 4220 commorante
2516 4163 2787 4218 audiatur.
2840 4161 2993 4228 Quod
3046 4177 3169 4217 cum
3207 4162 3421 4233 signum

1833 4257 1904 4313 sit
1933 4257 2155 4321 obituri,
2203 4256 2367 4320 illico,
2419 4266 2478 4310 ut
2519 4256 2761 4310 auditum
2793 4252 2978 4320 fuerit,
3009 4269 3198 4308 omnes
3226 4269 3422 4309 accur—

1833 4356 1990 4415 runt,
2042 4355 2325 4402 cantantcs
2376 4355 2432 4402 et
2482 4352 2829 4402 recantantes
2890 4342 3065 4413 majus
3117 4344 3424 4413 symbolum

1835 4442 1981 4498 fidei.
2032 4441 2169 4511 (ιω.)
2221 4438 2356 4494 Nam
2419 4438 2668 4511 quamvis
2726 4436 2932 4492 homini
2988 4436 3159 4492 nostri
3212 4437 3423 4493 ordinis

158 4549 356 4608 pueros,
379 4545 423 4599 si
454 4546 509 4600 in
545 4545 637 4599 illo
663 4545 778 4601 loco
806 4530 949 4603 sunt.
983 4536 1144 4604 Redit
1182 4558 1482 4604 conventus
1529 4550 1722 4605 eodem

1835 4534 2053 4589 omnino
2103 4533 2173 4595 sit
2215 4532 2568 4604 prohibitum,
2600 4540 2659 4586 ut
2696 4530 2857 4586 ullius
2904 4530 2980 4585 rei
3020 4530 3195 4600 gratia
3227 4530 3424 4585 intem-

157 4630 328 4690 ordine
352 4646 407 4692 et
430 4652 696 4709 apparatu
742 4658 849 4714 quo
900 4653 1141 4698 venerat.
1189 4644 1207 4661 '
1239 4630 1386 4697 Idem
1428 4641 1628 4707 frater,
1682 4644 1727 4697 si

158 4728 369 4801 mortem
403 4732 658 4799 eVaserit,
692 4743 815 4803 post
848 4743 957 4791 tres
997 4750 1172 4792 annos
1215 4734 1343 4790 item
1373 4728 1603 4809 perungi
1634 4752 1728 4806 po-

158 4820 289 4875 terit.

660 4970 663 4973 ἰ
711 4906 939 4965 CAPUT
976 4906 1159 4964 LXIII.

535 4997 614 5053 De
636 5001 880 5056 unctione
901 5001 1081 5056 damni
1110 5001 1334 5058 abbatis.

221 5085 236 5105 ‘
268 5086 418 5154 Quod
441 5088 488 5143 si
511 5089 741 5145 domnus
783 5090 919 5147 abba
955 5090 1206 5147 inciderit
1241 5093 1297 5147 in
1330 5090 1721 5157 infirmitatem,

156 5177 599 5239 quemadmodum
646 5178 816 5259 frater
842 5181 1135 5250 praedictus
1189 5181 1241 5235 in
1287 5181 1581 5252 capitulum
1633 5184 1725 5237 ad-

159 5261 379 5333 ducitur,
406 5278 464 5325 et
496 5269 549 5326 in
575 5273 701 5328 sede
739 5288 835 5329 sua
866 5274 1102 5329 sedendo
1124 5314 1138 5339 ,
1171 5274 1447 5331 multoties
1491 5289 1550 5331 se
1592 5283 1646 5330 et
1673 5275 1727 5329 in

160 5350 317 5417 Deum
342 5370 398 5416 et
420 5362 476 5416 in
504 5361 700 5420 fratres
728 5380 983 5435 peccasse
1010 5365 1317 5437 profitetur,
1349 5374 1405 5422 et
1431 5376 1489 5421 ut
1515 5366 1726 5422 veniam

160 5449 443 5509 δί)οωίηο
497 5463 861 5528 consequatur
908 5457 1188 5514 humiliter
1241 5465 1382 5512 orat.
1431 5456 1539 5513 Sed
1584 5458 1734 5529 prior

162 5540 275 5596 mox
303 5558 593 5617 assurgens
632 5563 699 5604 ex
730 5549 1002 5605 communi
1046 5547 1274 5603 fratrum
1331 5545 1559 5616 affectu,
1606 5562 1731 5603 cum

158 5618 297 5686 bmui
326 5639 627 5695 reverentia
669 5655 732 5696 ac
756 5641 1109 5708 subjeclione,
1142 5649 1202 5696 ut
1254 5638 1473 5710 dignum
1518 5649 1623 5707 est,
1650 5640 1733 5696 in-

1834 4636 2023 4697 perato
2073 4626 2289 4682 incessu
2344 4624 2633 4695 aliquando
2681 4622 2914 4690 incedat,
2972 4632 3156 4678 tamen
3195 4623 3264 4679 ad
3315 4638 3426 4678 mo-

1835 4709 2063 4775 rientem
2090 4727 2145 4775 et
2184 4719 2249 4773 ad
2291 4717 2600 4774 incendium
2646 4724 2730 4771 est
2771 4715 2935 4771 etiam
2978 4725 3329 4787 oraeoeptum,
3364 4723 3425 4770 ut

1834 4820 2035 4868 currat.
2790 4858 2795 4863 ρ

1906 4904 1965 4959 Si
2001 4903 2117 4960 hcce
2166 4902 2362 4961 tabulae
2412 4905 2689 4975 percussio
2736 4906 3015 4971 evenerit,
3070 4904 3153 4961 vel
3204 4903 3420 4974 quando

1834 4997 2094 5053 alterutra
2120 4998 2304 5063 missa,
2338 4997 2421 5052 vel
2445 4998 2953 5068 quando'regularis
2984 4998 3116 5051 hora
3142 5003 3415 5058 cantatur,

1834 5101 2096 5161 quotquot
2122 5099 2266 5144 stant
2306 5099 2459 5145 extra
2509 5091 2733 5147 chorum
2778 5090 3061 5161 majorem,
3093 5093 3413 5151 accurrunt;

1834 5181 1923 5249 qui
1952 5189 2130 5235 autem
2165 5180 2218 5235 in
2247 5180 2415 5239 choro
2463 5181 2724 5245 minimc;
2770 5180 2871 5235 nisi
2904 5179 3103 5249 quibus
3152 5177 3300 5246 prior
3332 5166 3417 5230 ius

1836 5271 2030 5334 nuerit,
2056 5278 2110 5325 et
2136 5270 2403 5325 armarius
2442 5271 2733 5339 czeterique
2775 5267 3173 5331 obedientiarii,
3214 5264 3305 5335 qui
3348 5258 3419 5320 ad

1836 5363 2123 5435 exsequias
2165 5363 2367 5433 aliquid
2420 5372 2546 5419 sunt
2591 5362 2789 5419 acturi.~
2816 5364 2832 5382 '
2869 5348 3027 5427 Quod
3064 5360 3111 5416 si
3162 5360 3217 5417 in
3259 5370 3416 5415 omne

1836 5455 2047 5511 Domini
2076 5454 2215 5509 infra
2247 5454 2561 5509 mandatum
2608 5466 2927 5523 pauperum,
2959 5451 3041 5506 vel
3067 5450 3207 5507 infra
3247 5450 3419 5520 quod~

1832 5538 1966 5601 libet
1994 5544 2307 5601 mandatum
2335 5545 2584 5609 fratrum,
2616 5544 2696 5599 vel
2719 5544 2770 5598 in
2806 5545 3034 5600 sabbato
3061 5551 3251 5599 sancto
3275 5539 3416 5596 infra

1839 5639 1969 5695 illud
1999 5639 2251 5703 ollieium,
2298 5637 2441 5707 quod
2490 5646 2615 5691 ante
2673 5636 2851 5692 missae
2904 5637 3286 5708 pulsationem,
3332 5632 3417 5688 vel

226 5788 375 5863 “51)
411 5792 591 5866 Ipsum
622 5797 833 5858 Domini
885 5812 1082 5872 corpus
1112 5795 1248 5875 qvino
1300 5793 1725 5865 intinguebatur,
1767 5800 1824 5850 ut
1853 5808 1918 5850 eo
1946 5791 2157 5848 facilius
2179 5798 2413 5862 aegrotus
2441 5790 2569 5849 illud
2593 5800 2855 5848 sumeret.
