3834 6304
412 360 547 425 N35
1526 365 1581 422 8.
1614 364 1987 425 GUILLELMI
2027 356 2319 422 ABBATIS
2358 354 2681 426 lilRSAUG.
3524 386 3635 445 “56

405 481 548 553 Quod
584 487 769 552 postea
803 479 999 550 agitur,
1040 478 1124 533 vel
1166 475 1306 533 intra
1355 478 1652 549 quamlibet
1690 478 1994 550 processio-
2019 485 2070 545 Α
2099 488 2402 546 cantantes,
2425 481 2637 550 placebo
2665 481 2909 551 Domino,
2949 478 3005 541 et
3035 482 3159 543 illuc
3194 488 3461 548 venientes
3481 497 3635 569 adjun-

402 588 525 641 nem
571 586 732 627 cruce
765 572 880 642 jam
918 572 971 625 in
1020 572 1343 627 vestibulum
1388 570 1616 642 perlata,
1651 570 1831 625 tabula
1864 585 1993 641 per-
2096 581 2229 643 guut
2255 585 2313 627 se
2359 570 2671 641 psalmodiaa
2695 576 2901 643 eorum,
2938 592 3074 648 quos
3100 580 3172 635 ibi
3204 581 3509 643 invenerint.
3535 589 3637 649 Sive

400 668 622 734 cutitur,
644 670 820 722 nemo
844 666 1033 733 currit,
1062 667 1166 722 nisi
1198 666 1324 721 item
1352 665 1548 736 quibus
1576 664 1726 735 prior
1758 662 1996 718 innuerit

398 776 521 816 cum
575 762 853 831 praedictis
897 761 1324 819 obedientiariis.
1380 758 1516 831 (υυ.)
1581 757 1638 813 Si
1690 766 1870 813 autem
1940 756 1993 812 in

398 836 696 907 refectorio
740 851 823 907 vel
869 852 937 908 ad
977 852 1321 909 collationem
1369 852 1546 921 adhuc
1598 851 1807 913 sedent,
1870 848 1994 904 inde

398 956 615 1012 quoque
661 943 968 1011 prosiliunt.
1014 943 1402 999 Verumtamen
1444 942 1625 995 lavato
1676 946 1905 1010 corpore
1938 948 1993 995 et

398 1031 451 1087 in
496 1032 785 1087 ecclesiam
826 1033 1134 1104 deportato,
1182 1035 1202 1055 ‘
1259 1032 1303 1087 si
1358 1032 1599 1088 nondum
1644 1029 1809 1085 lectio
1867 1044 1990 1085 cum

395 1134 556 1181 versu
592 1128 810 1199 Agimus
857 1128 951 1182 tibi
1001 1128 1203 1199 gratias
1261 1125 1414 1182 ﬁnita
1472 1132 1995 1190 crat,revertentur

396 1239 585 1279 omnes
608 1224 660 1279 in
689 1225 1035 1281 refectorium
1061 1241 1077 1289 ;
1118 1233 1172 1279 et
1203 1223 1249 1279 si
1280 1223 1459 1278 adhuc
1497 1221 1791 1277 comesturi
1823 1229 1878 1275 et
1904 1218 1990 1273 bi-

395 1314 559 1369 bituri
584 1326 757 1379 erant,
796 1318 1012 1385 quando
1043 1315 1212 1369 ictum
1244 1314 1440 1369 tabulae
1477 1312 1772 1377 audierint,
1800 1320 1988 1381 postea

396 1411 684 1465 comedent
727 1418 782 1465 et
821 1410 1033 1474 bibent,
1079 1408 1295 1466 etiamsi
1342 1407 1413 1463 sit
1452 1408 1504 1462 in
1532 1406 1987 1478 Quadragesima.

396 1503 535 1574 (ιω.)
566 1503 719 1570 Quod
749 1503 794 1557 si
819 1503 887 1557 ad
908 1502 1144 1558 sonitum
1170 1500 1367 1557 tabulae
1407 1514 1599 1555 omnes
1627 1500 1739 1569 jam
1771 1498 1989 1554 dimise-

394 1596 506 1650 rint
542 1594 847 1661 comedere,
871 1605 927 1650 et
951 1594 1109 1650 lectio
1139 1610 1262 1650 cum
1291 1610 1449 1649 versu
1480 1594 1629 1649 ﬁnita
1661 1592 1852 1657 fuerat,
1878 1592 1989 1650 loto

394 1700 645 1757 corpore,
672 1696 724 1742 et
752 1688 806 1742 in
834 1687 1116 1742 ecclesiam
1164 1686 1224 1742 S.
1278 1686 1463 1741 Maria:
1489 1685 1667 1741 delato
1700 1684 1750 1738 in
1796 1682 1965 1753 major

2091 1664 2262 1729 fertur
2291 1692 2303 1729 :
2346 1673 2619 1745 Propitius
2644 1686 2772 1743 esto,
2803 1694 2961 1749 parce
3000 1679 3072 1745 ei,
3108 1677 3365 1748 Domine,
3402 1695 3513 1738 cum
3538 1681 3635 1738 relio

393 1776 621 1834 ecclesia
674 1792 797 1833 cum
852 1779 1062 1849 psalmo
1120 1777 1368 1834 Miserere
1424 1778 1548 1844 mei,
1582 1776 1741 1843 Deus,
1774 1777 1987 1831 ﬁniunt.
2091 1767 2213 1837 quis

393 1873 413 1893 ‘
457 1872 656 1928 Eodem
688 1873 849 1930 modo
870 1876 935 1928 ad
974 1874 1320 1931 collationem
1366 1876 1628 1939 redeunt,
1667 1874 1710 1929 si
1748 1873 1860 1943 jam
1908 1872 1965 1930 le'

2158 1857 2335 1913 Finita
2374 1857 2594 1928 litauia,
2624 1860 2683 1931 ζεῖ
2731 1862 2959 1918 necdum
3000 1863 3201 1932 ﬁnivit,
3230 1865 3314 1921 bis
3338 1864 3423 1921 vel
3471 1874 3540 1920 ter
3569 1865 3636 1921 vel

2097 672 2277 720 autem
2316 671 2462 720 totus
2509 674 2830 734 conventus,
2861 670 2975 725 sive
3006 686 3071 725 ex
3125 681 3281 741 parte
3329 688 3520 744 currat,
3552 685 3635 737 cir-

2095 763 2429 810 cumstantes
2457 754 2679 811 fratrem
2710 758 2793 813 bis
2821 759 2903 814 vel
2932 769 3014 815 ter
3046 760 3214 817 Credo
3259 764 3314 817 in
3344 782 3492 824 unum
3534 786 3630 827 can.

2098 853 2236 911 tant,
2262 846 2305 901 si
2326 840 2562 902 nondum
2588 847 2780 905 ﬁnivit.
2806 850 2941 923 (ωδ.)
2964 851 3116 909 Tunc
3142 856 3348 927 agenda
3370 862 3630 924 esl,dotnns

2095 939 2289 994 abbate
2324 940 2409 994 vel
2439 940 2618 1011 priore
2649 945 3052 1013 pronuntiante,
3086 946 3364 1014 litania,et
3389 951 3631 1025 unicuique

2094 1032 2300 1086 nomini
2330 1041 2646 1088 sanctorum
2674 1036 3114 1108 subjungeudum
3150 1049 3255 1106 est,
3315 1058 3404 1095 ora
3450 1042 3537 1112 pro
3568 1064 3629 1103 eo.

2094 1124 2191 1180 Est
2216 1134 2395 1181 autem
2420 1126 2787 1198 prolonganda
2816 1130 2898 1183 vel
2930 1124 3249 1197 lircvianda,
3290 1144 3447 1204 prout
3468 1139 3631 1206 permi-

2093 1221 2226 1275 serit
2259 1224 2516 1291 temporis
2565 1222 2737 1287 ratio;
2784 1230 2839 1276 et
2880 1224 3182 1279 secundum
3234 1227 3378 1296 quod
3408 1226 3456 1281 in
3502 1244 3632 1286 causa

2092 1312 2373 1382 migraturi
2406 1314 2637 1383 perspici
2662 1313 2918 1383 potuerit,
2935 1314 3016 1369 vcl
3034 1315 3294 1370 testimari
3310 1316 3632 1390 prolonganda

2090 1399 2179 1455 vel
2229 1410 2538 1456 sanctorum
2571 1402 2787 1457 nomina
2837 1404 3152 1473 repetendo,
3197 1404 3283 1459 vel
3332 1404 3433 1460 alia
3483 1406 3634 1477 adjun-

2092 1490 2267 1559 gendo
2296 1506 2310 1544 :
2358 1492 2651 1547 brevianda
2685 1507 2813 1548 vero
2849 1493 3094 1563 quazdam
3143 1496 3532 1566 supprimendo.
3565 1498 3634 1554 Fi-

2092 1582 2218 1638 nitis
2269 1599 2399 1640 vero
2438 1594 2752 1642 sanctorum
2800 1587 3112 1643 nominibus
3166 1587 3446 1645 confestim
3484 1591 3634 1647 subinc

391 1961 626 2017 ctionem
652 1978 758 2016 non
786 1962 1047 2018 ﬁnierint.

461 2054 517 2108 ln
550 2064 710 2110 nocte
739 2069 978 2126 quoque,
1005 2056 1050 2111 si
1098 2056 1401 2126 percutitur
1431 2056 1636 2122 tabula,
1667 2072 1790 2112 cum
1832 2054 1981 2111 tanta

391 2145 704 2203 festinantia
731 2148 981 2204 omnibus
1004 2144 1367 2213 currendum,
1394 2158 1453 2203 ut
1482 2165 1583 2207 nec
1613 2149 1777 2203 etiam
1810 2148 1981 2204 lectos

386 2252 519 2295 suos
543 2255 606 2295 ea
633 2241 769 2304 vice,
803 2240 848 2295 si
877 2250 1004 2295 sunt
1046 2240 1105 2296 in
1129 2241 1475 2307 dormitorio,
1503 2242 1854 2311 cooperiant;
1887 2240 1979 2296 sed

391 2344 570 2388 tamen
598 2332 651 2386 in
692 2332 806 2388 sola
830 2332 1039 2388 cuculla
1064 2344 1116 2388 et
1143 2334 1360 2403 pellicia
1385 2349 1609 2391 currere
1637 2348 1743 2389 non
1771 2334 1979 2400 licebit,

388 2421 819 2492 necjuvenibus,
864 2422 966 2477 nisi
1003 2423 1233 2480 laternis
1261 2427 1522 2481 accensis.
1563 2425 1620 2480 in
1647 2424 1790 2481 festo
1813 2425 1977 2480 etiam

385 2510 640 2567 Albarum
670 2510 929 2568 fratribus
949 2527 1012 2566 ex
1039 2522 1196 2584 parte
1223 2515 1358 2570 albis
1380 2514 1603 2581 iudutis,
1621 2517 1711 2586 qui
1739 2516 1976 2572 nondum

384 2604 610 2659 chorum
640 2604 940 2671 intrabant,
965 2615 1050 2662 est
1067 2609 1419 2664 currendum.
1451 2609 1527 2663 De
1552 2623 1739 2664 rasura
1762 2622 1977 2678 quoque

381 2703 439 2751 et
457 2695 711 2765 capitulo,
746 2695 871 2752 licet
905 2706 1095 2768 postea
1126 2698 1397 2765 ﬁniendis,
1425 2706 1479 2752 ct
1507 2698 1574 2754 de
1617 2698 1829 2766 litania,
1855 2713 1976 2768 qua:

382 2794 506 2855 post
551 2787 782 2857 primam
827 2788 913 2844 vel
952 2798 1082 2845 ante
1130 2792 1350 2847 missam
1398 2791 1635 2856 canitur,
1666 2790 1786 2846 sine
1820 2804 1974 2845 mora

382 2877 643 2937 curritur.
675 2878 1010 2935 Recedentes
1054 2888 1238 2937 autem
1284 2881 1550 2937 Lilaniam
1606 2895 1637 2935 a
1686 2879 1830 2947 loco,
1882 2879 1974 2935 ubi

382 2968 607 3033 dimissa
627 2980 731 3045 est,
771 2979 1046 3042 repetunt.
1074 2972 1130 3028 lu
1164 2981 1323 3029 nocte
1362 2972 1529 3027 etiam
1558 2972 1725 3028 ﬁnitis
1754 2980 1975 3028 noctur-

380 3071 488 3137 nis,
519 3069 605 3125 vel
631 3069 677 3125 si
716 3072 846 3125 sunt
872 3064 1161 3123 duodecim
1211 3063 1492 3128 lectiones,
1542 3062 1782 3133 perlecto
1811 3078 1976 3134 super

381 3160 685 3231 analogiam
725 3155 1009 3231 evangelio
1046 3165 1100 3211 et
1139 3155 1406 3223 oratione,
1458 3154 1504 3210 si
1545 3154 1782 3210 nondum
1814 3155 1969 3221 obiit,

380 3265 572 3306 omnes
598 3259 843 3316 currunt,
888 3258 943 3304 et
984 3247 1146 3305 allato
1167 3261 1395 3317 corpore
1436 3245 1491 3299 in
1516 3244 1801 3300 ecclesiam
1846 3260 1972 3299 mox
2002 3238 2042 3292 (ἶ

296 3366 306 3376 -
382 3342 630 3398 matutini
680 3341 970 3397 lectionem
1017 3338 1318 3409 incipiunt;
1364 3337 1517 3409 prius
1564 3345 1745 3392 tamen
1816 3338 1972 3393 dictis

380 3435 600 3503 psalmis
637 3432 1028 3497 familiaribus,
1062 3430 1108 3485 si
1161 3428 1374 3484 dicendi
1424 3438 1571 3484 sunt.
1621 3429 1690 3483 Et
1738 3429 1783 3484 si
1832 3429 1972 3484 inter

379 3523 675 3582 familiares
721 3521 981 3593 psalmos.
1036 3520 1124 3583 vel
1146 3520 1309 3575 etiam
1347 3518 1486 3574 infra
1516 3520 1751 3589 aliquam
1779 3519 1971 3587 hujus-

379 3614 528 3669 modi
567 3613 922 3684 psalmodiam
971 3612 1095 3668 haec
1124 3610 1450 3681 interruptio
1480 3611 1677 3679 agitur,
1729 3611 1971 3679 psalmus

380 3700 578 3770 aliquis
616 3714 683 3776 eat
716 3708 870 3769 parte
908 3705 1177 3764 cantatus,
1207 3705 1268 3752 ut
1316 3712 1370 3750 v.
1416 3712 1469 3767 ες.
1499 3696 1741 3767 psalmus
1768 3697 1859 3767 qui
1903 3698 1970 3754 de

381 3791 671 3848 refectorio
695 3792 948 3857 canitur;
994 3796 1120 3860 post
1156 3788 1388 3845 reditum
1443 3803 1475 3842 a
1523 3787 1700 3857 capite
1749 3797 1833 3843 est
1880 3788 1968 3842 in-

379 3887 682 3942 choandus.
729 3884 875 3942 idem
928 3892 985 3940 et
1029 3880 1232 3937 inﬁrmi
1277 3879 1505 3948 faciunt,
1554 3888 1780 3950 excepto
1823 3882 1968 3951 quod

380 3978 573 4034 horam
603 3976 904 4047 regularem
938 3979 1125 4044 postea
1153 3971 1222 4026 ab
1251 3970 1403 4025 initio
1430 3970 1760 4026 recitandam
1784 3972 1965 4026 audita

382 4068 571 4125 tabula
621 4066 922 4129 dimittunt,
972 4070 1269 4119 nocturnos
1321 4064 1502 4116 autem
1549 4060 1634 4117 vel
1673 4062 1968 4117 matutinos

381 4161 620 4218 nondum
649 4159 832 4214 ﬁnitos
854 4172 884 4211 a
904 4155 1043 4222 loco,
1066 4155 1159 4211 ubi
1190 4154 1472 4210 dimissum
1497 4163 1597 4218 est,
1618 4163 1961 4233 percantant.

379 4253 449 4310 Et
503 4262 563 4307 ut
617 4251 770 4308 brevi
829 4262 953 4305 utar
1002 4247 1392 4314 conclusione,
1449 4246 1757 4317 quicunque
1807 4248 1963 4314 ordo,

376 4346 581 4416 absque
609 4344 716 4409 bis,
751 4357 872 4413 qua:
896 4349 1120 4412 excepta
1142 4348 1291 4407 sunt,
1320 4355 1419 4411 pro
1454 4338 1757 4408 huiusmodi
1802 4354 1963 4394 causa

375 4437 815 4508 interrumpitur,
839 4434 953 4491 loto
977 4448 1208 4505 corpore
1254 4442 1309 4489 et
1346 4433 1508 4504 (sicut
1541 4431 1747 4486 dictum
1777 4432 1881 4502 est)
1910 4431 1963 4485 in

370 4529 663 4586 ecclesiam
694 4528 880 4595 allato,
931 4527 1161 4591 reditur,
1208 4534 1268 4580 ut
1314 4524 1459 4579 idem
1512 4524 1646 4579 ordo
1692 4532 1959 4578 servetur.

368 4621 680 4677 luﬁrmario
709 4632 891 4677 autem
936 4617 1341 4690 procurandum
1385 4625 1491 4683 est,
1539 4616 1584 4671 si
1628 4626 1808 4670 tamen
1848 4615 1963 4673 ﬁeri

370 4717 575 4781 potest,
610 4728 679 4770 ne
702 4712 992 4782 aliquando
1022 4708 1199 4765 tabula
1231 4708 1383 4779 prius
1410 4708 1768 4779 percutiatur,
1801 4723 1965 4779 quam

377 4813 509 4860 tunc
534 4805 744 4869 instans
763 4805 898 4859 ordo
921 4802 1238 4873 impleatur;
1275 4802 1376 4858 nisi
1411 4801 1590 4858 obitus
1635 4799 1824 4857 fratris
1856 4812 1965 4856 tam

376 4910 547 4966 prope
572 4896 666 4963 sit,
696 4906 757 4952 ut
789 4894 929 4951 ultra
966 4894 1166 4950 dill‘erri
1198 4910 1305 4950 non
1348 4894 1535 4965 possit.
1566 4894 1697 4961 Quae
1739 4894 1785 4948 si
1824 4892 1964 4948 infra

377 4988 600 5045 missam
622 4988 707 5044 vel
728 4990 916 5044 horam
942 4986 1240 5059 regularem
1266 4987 1590 5058 percutitur,
1609 4984 1758 5039 ﬁnita
1777 4985 1964 5041 eadem

378 5081 566 5148 missa,
587 5090 644 5137 et
663 5081 709 5137 si
744 5091 827 5137 est
854 5081 1159 5147 Dominica,
1190 5080 1313 5135 data
1339 5092 1544 5133 mensae
1572 5076 1762 5132 lectori
1794 5078 1962 5131 bene-

378 5173 637 5240 dictione,
670 5174 755 5230 vel
798 5174 951 5230 ﬁnita
998 5175 1157 5239 liora,
1191 5173 1428 5242 itemque
1470 5179 1690 5240 accepta
1734 5168 1963 5225 benedi-

377 5266 556 5323 ctione
593 5266 661 5337 (si
704 5266 901 5337 aliquis
939 5266 1007 5321 de
1034 5265 1122 5320 via
1152 5278 1402 5320 reversus
1449 5277 1570 5318 eam
1597 5270 1683 5317 est
1710 5270 1964 5333 acceptu-

376 5361 520 5430 rus),
552 5358 638 5414 vel
683 5359 731 5415 si
776 5344 860 5414 est
882 5357 953 5413 ad
998 5369 1255 5426 vesperos
1302 5363 1400 5410 aut
1445 5354 1777 5421 matutinos,
1819 5354 1963 5411 facta

376 5452 896 5508 commemoratione
923 5448 1148 5521 alicujus
1172 5447 1343 5503 sancti
1370 5449 1437 5520 (si
1465 5446 1603 5502 forte
1622 5456 1705 5502 est
1730 5447 1960 5520 agenda)

375 5552 431 5599 et
454 5544 500 5599 si
520 5552 606 5599 est
630 5543 931 5607 Dominica,
964 5542 1094 5598 data
1134 5540 1379 5610 coquina:
1410 5538 1766 5595 servituribus
1794 5541 1961 5593 bene-

374 5636 642 5700 dictione;
672 5643 796 5690 tunc
827 5635 873 5690 si
899 5634 1137 5689 nondum
1163 5632 1332 5698 obiit,
1364 5638 1593 5687 currunt
1636 5644 1842 5696 omnes,
1896 5646 1961 5689 ac

376 5727 424 5781 si
446 5724 629 5780 tabula
656 5735 1051 5796 percuteretnr,
1082 5723 1377 5791 cantando,
1404 5731 1465 5779 ιιι
1495 5723 1815 5794 praedictum
1851 5732 1955 5793 est,

377 5817 700 5886 symbolum.
762 5818 823 5876 Si
872 5833 1003 5891 vero
1048 5818 1249 5888 ﬁnivit,
1307 5819 1584 5879 moderate
1633 5820 1957 5890 incendunt,

2000 4581 2048 4635 D

2088 1951 2302 2020 quoties
2350 1951 2465 2021 ipsa
2522 1968 2610 2009 res
2651 1954 2928 2022 docuerit,
2980 1956 3049 2011 ab
3091 1958 3370 2022 omnibus,
3426 1967 3481 2018 ut
3519 1959 3639 2026 prius

2086 2042 2255 2096 Credo
2274 2043 2331 2098 in
2358 2061 2521 2099 unum
2543 2054 2816 2113 cantatur,
2848 2047 2969 2101 etsi
3003 2049 3234 2103 necdum
3266 2048 3507 2118 spiritum
3526 2050 3638 2105 emi-

2085 2135 2177 2200 sit,
2206 2135 2392 2205 priore
2430 2137 2689 2192 innucnte
2730 2138 2934 2194 recedit
2954 2148 3276 2207 conventus,
3309 2140 3524 2196 retentis
3548 2141 3640 2210 qni-

2083 2225 2333 2294 busdam,
2374 2228 2466 2299 qui
2506 2237 2731 2284 cantant
2777 2230 2851 2285 ibi
2901 2228 3141 2300 psalmos
3186 2246 3283 2287 seu
3333 2231 3507 2304 legant
3547 2245 3640 2302 pas-

2085 2318 2291 2385 siones,
2340 2320 2385 2375 si
2417 2322 2681 2376 memoria
2728 2321 2955 2380 redierit
3000 2338 3167 2394 azgro.
3228 2322 3395 2395 (van)
3447 2322 3497 2378 Si
3538 2338 3641 2378 vero

2091 2410 2284 2464 mortis
2306 2409 2596 2465 articulum
2623 2411 2827 2467 instare
2848 2414 3026 2469 denuo
3055 2414 3452 2484 perspexerint,
3475 2413 3642 2468 nihilo-

2082 2500 2263 2556 minus
2309 2502 2490 2557 tabula
2555 2505 2891 2574 percutitur,
2946 2508 3246 2577 eodemque
3289 2507 3506 2573 ordine,
3556 2521 3645 2576 quo

2082 2592 2233 2661 prius
2258 2592 2326 2648 ab
2354 2595 2629 2663 omnibus,
2662 2597 2905 2652 curritur
2946 2598 3095 2663 illuc,
3125 2607 3181 2653 et
3206 2598 3506 2670 symbolum
3535 2596 3642 2651 ﬁdei

2082 2680 2333 2750 adjuncta
2394 2684 2581 2739 litauia
2648 2687 2904 2755 canitur,
2962 2696 3015 2743 ct
3066 2687 3378 2757 hujusmodi
3446 2686 3641 2741 fratrum

2080 2774 2357 2829 revocatio
2407 2776 2716 2848 litaniaeque
2763 2779 3015 2848 repetitio
3052 2779 3252 2835 totiens
3302 2780 3497 2852 agitur,
3533 2796 3642 2851 quo-

2081 2861 2225 2918 tiens
2249 2878 2385 2934 opus
2408 2881 2531 2922 esse
2555 2868 2792 2924 videtur.
2822 2869 2956 2925 Cum
2981 2880 3161 2926 autem
3184 2869 3300 2940 jam
3330 2888 3438 2927 non
3464 2872 3644 2926 dubita;

2079 2954 2264 3009 verint
2314 2970 2437 3010 eum
2488 2958 2693 3014 obiisse
2721 2960 2975 3016 dicuntur
3025 2980 3056 3017 a
3094 2963 3295 3019 domno
3347 2965 3535 3020 abbate
3574 2962 3642 3018 vel

2080 3044 2265 3114 priore
2291 3046 2375 3102 ita:
2404 3048 2645 3106 collecta:
2674 3070 2687 3105 :
2715 3050 2831 3107 Pia:
2856 3055 3232 3108 recordationis
3258 3055 3472 3125 αθέεια.
3501 3054 3643 3119 Deus,

2081 3139 2166 3191 cui
2208 3140 2383 3194 omnia
2438 3143 2633 3197 vivunt.
2687 3143 2907 3215 Suscipe
2959 3144 3183 3200 Domine
3232 3148 3466 3201 animam
3510 3144 3641 3201 servi.

2078 3232 2093 3250 ⁸
2121 3229 2424 3289 Przemissis
2458 3234 2541 3291 his
2564 3237 2811 3294 versibus
2837 3256 2849 3292 :
2883 3237 2967 3294 Ne
2997 3239 3179 3293 intres.
3228 3239 3271 3293 Α
3302 3250 3454 3310 porta
3486 3239 3642 3306 inferi.

2077 3321 2333 3376 Dominus
2358 3326 2642 3381 vobiscum.
2669 3327 2984 3386 Conventus
3023 3331 3215 3386 exiens
3259 3339 3319 3385 ut
3364 3330 3638 3396 consident,

2075 3421 2200 3467 ante
2226 3415 2490 3483 capellam
2525 3415 2583 3471 S.
2625 3417 2805 3474 Maria:
2828 3429 3010 3475 cantat
3036 3436 3294 3492 vesperos
3330 3437 3427 3493 pro
3467 3419 3642 3477 defun-

2074 3508 2178 3561 ctis
2214 3522 2320 3562 non
2374 3507 2480 3563 alia
2526 3510 2774 3577 collecta,
2828 3528 2989 3582 quam
3048 3529 3113 3568 ea
3164 3514 3279 3569 sola
3326 3530 3534 3585 semper
3563 3524 3639 3568 sc-’

2073 3608 2296 3669 quente,
2319 3597 2660 3671 Omnipotens
2683 3605 2992 3675 sempiterna
3013 3605 3175 3674 Deus,
3199 3607 3306 3661 cui.

2142 3690 2240 3746 Est
2270 3702 2450 3748 autem
2503 3697 2871 3763 consuetudo,
2920 3706 2980 3752 ut
3025 3700 3266 3769 quandiu
3307 3715 3450 3769 teget-
3496 3713 3641 3769 super

2072 3783 2308 3839 cilicium
2333 3784 2602 3855 jacuerit,
2636 3792 2993 3859 secretarius,
3026 3794 3115 3863 qui
3148 3794 3480 3863 horologium
3521 3803 3641 3846 teni-

2070 3886 2246 3944 pcrat,
2275 3887 2397 3948 post
2424 3882 2839 3951 completorium
2873 3898 2996 3938 cum
3023 3886 3288 3939 absconsa
3313 3885 3433 3939 illuc
3457 3884 3637 3953 pergil.

2070 3968 2462 4038 etpriusquam
2494 3970 2566 4026 ibi
2586 3972 2904 4040 decesserit,
2929 3984 3292 4044 etantequam
3319 3974 3485 4045 pulset
3528 3972 3640 4028 scil-

2072 4056 2177 4111 lam
2208 4060 2274 4114 ad
2304 4062 2653 4130 matutinum,
2686 4074 2741 4119 et
2778 4067 2941 4121 etiam
2995 4069 3047 4123 in
3113 4069 3227 4137 die,»
3266 4076 3321 4124 et
3366 4068 3637 4123 secundum

2070 4153 2213 4218 quod
2244 4150 2316 4206 ibi
2347 4154 2761 4225 deprehendere
2785 4160 2997 4228 potuit;
3020 4160 3102 4217 sic
3134 4168 3413 4232 temperet,
3443 4168 3495 4215 et
3522 4174 3637 4230 pro-

2070 4242 2267 4309 videat,
2296 4260 2363 4301 ne
2389 4247 2455 4302 de
2483 4248 2705 4305 servitio
2730 4250 2826 4306 Dei
2853 4262 3074 4323 propter
3094 4253 3306 4309 obitum
3326 4253 3524 4310 Fratris
3546 4270 3636 4311 ne-

2068 4332 2325 4407 gligentia
2358 4342 2593 4397 eveniat.

2646 4433 2875 4493 CAPUT
2917 4436 3083 4494 LXV.

2220 4576 2227 4579 _
2507 4523 2586 4579 De
2618 4526 2823 4593 eodem,
2856 4545 2976 4583 cunt
3006 4530 3218 4589 abierit.

2146 4620 2162 4639 ‘
2196 4615 2265 4674 Ut
2288 4627 2468 4674 autem
2492 4620 2709 4685 obierit,
2742 4637 2869 4676 mox
2900 4633 3063 4693 caput
3092 4624 3302 4695 capello
3324 4627 3633 4696 cooperitur,

2071 4720 2127 4767 et
2150 4710 2339 4766 ultimo
2367 4715 2945 4783 properantconversi,
2975 4715 3116 4788 (υυ.)
3145 4725 3205 4771 ιιι
3232 4718 3445 4789 pulsent
3468 4718 3631 4773 omnia

2067 4803 2243 4873 signa,
2278 4812 2333 4858 et
2359 4804 2595 4874 prolixe,
2626 4814 2688 4860 ut
2708 4814 2996 4877 apportent
3023 4808 3204 4865 adhuc
3235 4811 3397 4866 aliam
3430 4806 3631 4866 crucem

2066 4905 2122 4951 et
2148 4910 2345 4965 aquam
2371 4896 2737 4966 benedictum,
2763 4900 2926 4971 (ναν.)
2948 4902 3278 4957 candelabra
3309 4913 3365 4959 et
3408 4903 3633 4959 tburibu-

2067 4986 2197 5053 lum,
2221 4995 2277 5042 et
2319 5002 2446 5042 mox
2477 4995 2534 5041 ut
2590 4990 2704 5043 hare
2735 5003 2867 5044 crux
2925 4997 3211 5061 apportata
3258 4988 3439 5058 fuerit,
3471 4992 3633 5061 lignea

2066 5089 2397 5151 reportatur.
2431 5080 2640 5148 Quibus
2662 5081 2840 5137 allatis
2867 5081 3152 5139 defunctus
3202 5100 3343 5155 aqua
3371 5084 3629 5147 benedicta

2065 5173 2806 5244 aspergitur,etincensatur.
2840 5176 2855 5194 '
2885 5174 3014 5230 Post
3044 5175 3318 5232 modicum
3348 5176 3495 5232 simul
3514 5188 3623 5230 cum

2065 5265 2252 5335 ipsius,
2277 5280 2397 5336 quae
2425 5274 2707 5337 apportata
2736 5274 2882 5332 sunt,
2915 5267 2969 5322 in
2988 5267 3169 5323 cilicio
3196 5267 3417 5325 effertur
3442 5268 3488 5322 in
3510 5265 3623 5322 zdi~

2062 5362 2242 5419 cuiam
2272 5362 2416 5417 inter
2450 5359 2715 5431 capellam
2757 5359 2817 5415 S.
2868 5358 3071 5426 Mariae,
3098 5368 3156 5416 et
3194 5359 3532 5416 inﬁrmariam
3559 5356 3625 5411 ad

2061 5454 2167 5511 hoc
2192 5454 2363 5510 solum
2390 5452 2614 5520 factum,
2643 5460 2702 5507 ut
2724 5448 2799 5509 ibi
2825 5450 3057 5507 lavetur.
3087 5451 3143 5507 in
3169 5468 3276 5522 qua
3304 5452 3460 5508 etiam
3484 5450 3614 5506 fene-

2062 5554 2177 5599 stra
2208 5542 2602 5613 aliquantulum
2631 5542 2935 5614 maiuscula
2961 5552 3067 5608 est,
3096 5544 3151 5597 in
3178 5559 3286 5614 qua
3324 5543 3615 5600 staminea

2061 5645 2391 5706 caateraque,
2417 5636 2613 5706 quibus
2635 5636 2922 5693 defunctus
2946 5637 3013 5692 ad
3040 5637 3286 5708 priesens
3306 5646 3387 5695 est
3412 5636 3613 5693 induen-

2062 5729 2185 5794 dus,
2210 5727 2425 5782 interim
2458 5737 2810 5799 reponantur,
2836 5728 2975 5800 (η.)
2999 5728 3106 5785 Sed
3125 5745 3250 5787 eum
3281 5745 3379 5788 nec
3402 5732 3609 5801 parum.

2061 5836 2161 5880 nec
2191 5820 2401 5910 lavant,
2429 5835 2531 5879 nec
2552 5822 2991 5910 insepulcbrum
3042 5834 3252 5896 ponunt
3275 5826 3386 5910 ‘alii
3420 5825 3609 5886 fratres,
