3834 6304
210 347 331 406 Ιῑδτ

1317 328 1728 393 (ΣΟΝΞΤΙΤυΤρ
1756 325 2081 392 ΗΙΒΞᾹΠΕ.
2118 355 2191 369 -
2228 327 2354 383 LIB.
2384 327 2449 382 ll.

3310 323 3451 381 H38

208 473 354 531 quam
383 452 469 524 qui
496 451 616 523 ejus
640 449 841 508 similes
875 454 1004 505 sunt
1028 446 1081 501 in
1121 459 1278 501 sacro
1300 445 1491 501 ordine
1520 446 1599 501 vel
1643 444 1762 501 sine
1790 445 1842 506 Δ
1868 419 2194 513 aspergitur.
2220 440 2315 496 sed
2337 440 2430 496 illa
2460 447 2667 496 tantum
2696 440 2905 507 domus,
2936 439 2989 494 in
3020 453 3125 509 qua
3162 438 3302 493 idem
3331 436 3445 492 fra-

201 550 393 608 Ordine.

269 645 283 662 ‘
319 636 622 695 Cavendum
680 645 766 691 est
808 642 991 689 tamen
1019 672 1035 700 ,
1084 631 1366 703 praesentis
1416 629 1766 687 hebdomadas

201 726 488 793 Sacerdoti,
521 732 583 780 ut
610 740 716 780 non
758 739 817 779 se
864 722 1194 779 intromittat
1236 723 1306 777 ad
1332 720 1637 786 huiusmodi
1670 736 1765 776 ne-

202 821 410 892 gotium.
440 816 517 871 Ad
548 815 910 871 inlirmarium
934 824 1116 869 autem
1143 814 1382 884 pertinet
1405 829 1603 884 aquam
1634 812 1763 869 cali-

200 913 313 970 dam
335 908 613 981 providere
647 926 660 962 :
692 908 759 962 ad
788 906 1153 963 camerarium
1192 920 1281 972 ea,
1311 905 1506 976 quibus
1533 906 1761 961 induen-

202 1007 291 1062 dus
315 1012 412 1071 est,
443 1002 718 1073 quietiam
744 1000 795 1056 in
838 1009 1090 1070 promptu
1112 999 1275 1055 debet
1318 999 1520 1055 habere
1545 998 1761 1054 laneum

196 1110 415 1167 pannum
441 1092 784 1162 quadratum,
816 1091 902 1146 cui
933 1090 1081 1145 infixi
1107 1097 1233 1145 sunt
1261 1088 1440 1160 plures
1473 1105 1605 1145 acus
1638 1104 1761 1144 cum

202 1186 313 1241 lilis.
338 1182 469 1254 (ιω.)
489 1180 712 1236 Ponitur
733 1196 895 1252 super
918 1181 1154 1235 tabulam
1184 1180 1252 1234 ad
1277 1179 1378 1234 hoc
1397 1179 1569 1235 solum
1596 1178 1761 1233 desti-

198 1283 385 1340 natam,
420 1273 639 1330 exuitur
686 1271 896 1341 caligis,
954 1270 1319 1335 femoralihus,
1371 1279 1425 1325 et
1473 1260 1756 1334 staininro,

198 1371 393 1425 lavatur
430 1385 459 1424 a
487 1368 695 1423 vertice
721 1381 890 1437 usque
918 1369 983 1422 ad
1008 1367 1250 1437 plantam
1282 1367 1452 1438 pedis.
1511 1365 1636 1422 Sola
1672 1382 1761 1422 ve-

200 1460 352 1538 renda
403 1459 591 1514 eodem
650 1458 918 1515 stamineo
974 1468 1100 1512 sunt
1147 1466 1421 1527 cooperta.
1474 1457 1758 1513 lucensum

194 1548 516 1605 abundanter
550 1548 623 1604 ibi
674 1548 1113 1604 administratur.
1148 1552 1166 1572 θ
1207 1547 1446 1605 Vestitur
1492 1550 1760 1606 stamineo

197 1640 396 1719 noviler
426 1640 557 1706 loto,
588 1637 798 1694 cuculla
826 1648 883 1695 et
905 1640 1097 1711 caligis
1119 1639 1549 1705 nocturnalibus,
1579 1649 1632 1695 et
1670 1655 1760 1695 su-

194 1731 352 1809 dario,
381 1731 464 1786 cui
492 1741 675 1787 assuta
694 1739 781 1788 est
804 1748 937 1786 crux
971 1733 1035 1787 de
1070 1732 1211 1786 lineo
1239 1732 1473 1803 panno,‘
1505 1740 1558 1785 et
1598 1732 1758 1787 suda-

1869 541 1951 588 ter
1974 532 2129 598 obiit,
2171 538 2424 600 scopatur
2449 539 2503 587 et
2526 530 2692 599 junco
2718 531 3000 587 sternitur.
3034 526 3170 600 (υο.)
3204 527 3286 581 Ah
3312 527 3445 582 hora

1865 623 1977 689 illa,
2002 637 2283 693 quousque
2309 620 2523 675 feratur
2546 622 2613 676 ad
2643 621 2988 691 sepulchrum
3038 634 3145 675 non
3178 617 3449 673 omittitur

1865 716 2071 786 absque
2096 712 2540 784 psalmodia,nisi
2567 712 2804 775 interim,
2844 711 2971 766 dum
3003 709 3137 765 hora
3184 707 3449 779 regularis

1864 809 1917 863 in
1941 807 2130 861 eadem
2180 806 2412 862 ecclesia
2445 812 2724 860 cantatur.
2756 805 2775 824 '
2809 802 2889 856 Ad
2940 816 3123 871 quam,
3152 814 3275 854 cum
3335 799 3444 868 pri-

1863 916 2010 954 mum
2037 900 2258 969 signum
2284 896 2555 967 pulsatur,
2585 909 2615 948 a
2647 889 2942 963 psalmodia
2964 898 3227 952 cessatur,
3249 896 3448 958 praeter

1863 991 1930 1047 ad
1966 991 2115 1046 solos
2141 988 2481 1053 Nocturnos;
2518 994 2646 1039 tunc
2695 982 3068 1048 continuatur,
3109 994 3279 1049 usque
3321 979 3448 1033 dum

1862 1081 2015 1138 scilla
2040 1080 2373 1135 dimittatur.
2409 1076 2473 1131 Et
2526 1074 2573 1130 si
2621 1072 2805 1129 obitus
2850 1070 3036 1126 fratris
3087 1071 3447 1139 contingeret,

1861 1172 2176 1242 priusquam
2207 1170 2418 1225 sonitus
2450 1168 2501 1222 in
2528 1164 2850 1222 dormitorio
2880 1162 3052 1226 fieret,
3082 1168 3172 1214 aut
3199 1159 3337 1214 sicut
3366 1166 3450 1214 est

1865 1272 2105 1333 tempore
2140 1260 2370 1333 hyemali
2409 1266 2533 1313 ante
2573 1256 2779 1310 finitam
2828 1250 3095 1317 litaniam,
3128 1248 3213 1304 vel
3259 1249 3445 1314 etiam,

1860 1369 1925 1409 ea
1964 1354 2144 1420 ﬁnita;
2175 1353 2277 1408 nisi
2308 1360 2416 1405 tam
2449 1349 2596 1405 clara
2630 1348 2701 1403 sit
2725 1346 2864 1411 dies,
2899 1352 2956 1398 ut
2985 1343 3038 1398 in
3068 1340 3306 1395 claustro
3346 1338 3449 1409 legi

1861 1445 2051 1514 possit,
2091 1443 2174 1497 vel
2200 1442 2244 1498 si
2276 1442 2328 1496 in
2372 1440 2459 1496 die
2493 1454 2697 1493 rasura:
2746 1435 2840 1492 tali
2880 1436 3015 1491 hora
3067 1430 3275 1497 finitur,
3303 1428 3449 1500 quod

1862 1536 2185 1595 matutinum
2211 1534 2430 1588 missam
2457 1533 2659 1587 habere
2690 1525 2889 1598 potuit,
2920 1540 2983 1579 ca
3026 1523 3114 1579 die
3168 1520 3447 1593 sepelitur.

1861 1628 2017 1697 Quod
2042 1635 2098 1681 et
2126 1634 2258 1679 tune
2285 1624 2364 1690 fit,
2415 1624 2458 1677 si
2503 1618 2861 1676 intolerabilis
2906 1615 3072 1671 foster
3110 1613 3195 1669 vel
3247 1611 3450 1681 aliquid

1865 1718 2174 1790 hujusmodi
2229 1714 2623 1772 intercesserit.
2694 1712 2801 1767 Pro
2855 1706 3179 1765 intolerabili
3254 1704 3453 1761 foetore

194 1804 320 1881 rium
346 1826 521 1882 estde
564 1826 754 1884 eodem
804 1841 1002 1896 panno,
1054 1828 1120 1880 de
1166 1842 1273 1896 quo
1312 1835 1366 1880 et
1410 1825 1756 1891 stamineum,
1794 1811 1833 1867 Β
1863 1814 2025 1870 ellum
2051 1810 2169 1867 Sine
2205 1810 2392 1875 missa.
2417 1807 2461 1862 Si
2497 1806 2587 1861 111“
2628 1805 2762 1858 hom
2814 1800 2971 1865 οὺίίῑν
3015 1796 3295 1869 δορθιίίυνυ
3342 1793 3450 1896 lim

191 1919 317 1976 sicut
345 1926 396 1973 et
424 1917 630 1988 caligas,
661 1934 761 1974 nec
796 1919 850 1973 in
880 1919 1226 1976 extremitate
1251 1918 1468 1989 patulae,
1502 1919 1598 1973 scd
1622 1933 1756 1974 eon-

188 2020 330 2093 suue.
352 2008 623 2081 Capellum
646 2012 868 2068 cucullae
894 2028 1056 2085 super
1073 2013 1268 2070 faciem
1290 2030 1355 2068 ex
1381 2022 1608 2084 utroque
1629 2027 1758 2068 con-

192 2104 353 2169 suitur
379 2112 566 2159 contra
595 2116 800 2175 pectus,
833 2121 998 2176 super
1027 2105 1171 2175 quod
1194 2104 1360 2162 etiam
1385 2121 1575 2161 manus
1602 2115 1757 2161 extra

191 2197 438 2272 cucullum
492 2200 910 2269 complicantnr,
957 2198 1181 2269 ipsaque
1239 2198 1447 2255 cuculla
1489 2215 1586 2269 per
1640 2200 1755 2255 loca

191 2290 483 2346 consuenda
523 2299 635 2346 tota
666 2293 739 2346 ita
770 2292 1181 2363 constringitur,
1214 2301 1271 2346 ut
1320 2291 1372 2346 in
1404 2292 1549 2346 nulla
1602 2301 1756 2361 parte

190 2383 253 2452 sit
281 2381 414 2435 laxa.
465 2381 596 2437 Item
635 2381 991 2438 nocturnales
1021 2390 1358 2437 consuuntur
1394 2383 1462 2436 ad
1497 2381 1753 2437 invicem.

291 2473 433 2527 Inter
453 2472 737 2528 lavandum
774 2473 1042 2529 lavatores
1096 2472 1328 2528 cilicium
1368 2471 1754 2527 Defunctorum

190 2574 419 2619 cantant.
459 2565 626 2637 (ναν.)
670 2566 745 2621 lbi
792 2567 957 2622 etiam
1008 2567 1159 2636 prior
1214 2576 1271 2621 et
1319 2569 1587 2625 armarius
1647 2581 1755 2622 non

188 2655 380 2727 desunt,
411 2663 467 2711 et
512 2657 660 2725 prior
699 2656 832 2711 dicit
874 2657 1013 2711 hanc
1062 2655 1385 2713 collectam:
1416 2657 1755 2729 Omnipotens

189 2748 479 2818 sempiterna
510 2748 667 2803 Deus.
703 2748 903 2803 Infirmi
934 2765 1151 2819 quoque
1203 2751 1342 2804 idem
1374 2749 1606 2807 ollicium
1631 2766 1754 2806 eum

190 2855 361 2915 novem
388 2840 739 2897 Lectionibus
768 2842 960 2897 semoti
993 2859 1023 2896 a
1045 2853 1315 2897 conventu
1340 2844 1594 2899 sedentes
1620 2858 1753 2898 can-

189 2940 309 2986 tant.
332 2932 473 3003 (nn.)
500 2931 790 3003 Postquam
814 2933 977 2989 fuerit
1004 2936 1253 3000 vestitus,
1285 2935 1587 3002 incensum,
1612 2937 1753 3006 quod

188 3023 382 3079 interim
435 3022 635 3095 jugiter
684 3025 755 3080 ibi
807 3040 913 3080 non
968 3026 1170 3091 deerat,
1226 3027 1394 3082 mittit
1446 3027 1594 3098 prior
1665 3043 1754 3082 su-

187 3129 271 3187 per
328 3116 641 3183 feretrum,
697 3118 966 3187 simulque
1039 3120 1281 3189 aspergit
1352 3135 1492 3189 aqua
1583 3118 1751 3174 benc-

186 3208 331 3266 dicta.
380 3211 589 3267 Deinde
636 3210 888 3268 defuncto
942 3213 994 3266 in
1057 3212 1185 3268 illud
1215 3213 1391 3282 posito
1433 3227 1655 3282 asperso
1701 3221 1757 3267 et

188 3306 450 3361 incensato
504 3306 888 3376 cooperculum
969 3306 1377 3375 superponitur.
1455 3305 1757 3359 Lavatores

187 3396 482 3465 priusquam
534 3395 744 3452 froccos
800 3396 1136 3463 induant,de
1178 3390 1335 3464 aqua,
1378 3409 1483 3464 qua
1532 3393 1758 3448 lavando

187 3486 477 3544 defunctum
520 3489 601 3543 usi
648 3498 795 3553 sunt,
822 3487 908 3543 vel
961 3488 1028 3542 ad
1059 3487 1380 3541 lavatorium
1419 3485 1757 3539 inlirmorum

190 3595 365 3636 manus
394 3582 599 3649 lavant,
640 3582 736 3637 sed
773 3598 877 3637 non
929 3588 1166 3649 tergunt.
1222 3579 1477 3651 Levatur,
1512 3588 1758 3648 portatur

188 3689 337 3743 usque
363 3674 425 3727 ad
448 3674 645 3729 ostium
690 3682 879 3729 contra
931 3681 1281 3728 conventum.
1319 3672 1425 3738 Qui
1467 3687 1590 3726 cum
1640 3670 1756 3727 oili-

190 3765 313 3835 cium
344 3767 406 3820 ad
439 3767 599 3821 finem
626 3780 796 3835 usque
848 3764 1271 3836 percantaverit,
1306 3765 1455 3834 prior
1504 3764 1759 3818 observat

189 3866 237 3912 ct
262 3858 490 3913 tabulam
526 3860 764 3928 percutit
793 3858 960 3913 semel
992 3866 1219 3912 tantum.
1273 3856 1426 3911 Tunc
1476 3856 1544 3911 ab
1584 3857 1757 3910 omni-

187 3948 275 4029 bus
296 3950 563 4007 inclinatis
591 3951 792 4006 dicitur
818 3952 994 4005 oratio
1049 3949 1350 4005 Dominica.
1386 3949 1451 4003 Et
1489 3950 1655 4019 prior,
1688 3945 1756 4001 Et

188 4059 243 4096 ne
268 4060 376 4099 nos.
400 4048 443 4099 A
464 4034 617 4116 parta
638 4044 815 4114 inferi.
856 4045 1111 4099 Dominus
1134 4046 1417 4100 vobiscum.
1443 4041 1754 4110 Orationes,

188 4134 316 4189 Deus
337 4138 453 4192 vim:
475 4137 653 4191 dator.
708 4137 848 4192 Deus
902 4136 992 4206 qui
1024 4138 1400 4191 Immanarum.
1457 4135 1759 4205 lmponitur

188 4230 578 4299 responsorium
620 4247 633 4283 :
669 4226 966 4283 Subvenite.
1010 4227 1146 4301 (υυ.)
1185 4229 1314 4283 Item
1349 4226 1464 4281 Ueu
1495 4225 1622 4280 mihi
1652 4224 1757 4278 Do-

187 4322 332 4375 mine.
362 4321 602 4392 Itemque
632 4322 674 4377 si
704 4336 841 4392 opus
875 4329 979 4388 est,
1017 4319 1098 4376 Ne
1121 4320 1421 4375 recorderis.
1459 4319 1513 4373 ln
1536 4332 1758 4388 proces-

187 4415 326 4471 sione
350 4431 568 4473 erucem
594 4422 895 4486 sequuntur
934 4414 1108 4486 pueri,
1136 4414 1178 4469 si
1200 4414 1251 4467 in
1284 4413 1401 4468 loco
1427 4420 1573 4478 sunt,
1606 4411 1765 4469 dein-

187 4507 249 4578 de
277 4510 499 4579 priores,
528 4518 718 4581 postea
752 4509 1030 4577 conversi,
1060 4516 1123 4575 et
1162 4504 1759 4587 defunctiAportatores
1791 4530 1838 4587 Β

188 4578 474 4671 novissimi,
502 4578 559 4662 e—t
591 4603 896 4675 pulsatione
921 4601 1034 4672 jam
1054 4602 1266 4670 incepta
1296 4578 1539 4653 omrﬂum
1573 4595 1760 4669 signo-

189 4710 318 4771 rum,
345 4705 595 4767 portatur
622 4696 676 4750 in
709 4695 997 4752 ecclesiam
1048 4693 1109 4749 S.
1158 4692 1360 4758 Mariae,
1400 4690 1584 4762 ibique
1633 4698 1759 4745 ante

189 4785 345 4844 altare
371 4788 489 4858 ejus
512 4797 869 4854 sustentatur,
902 4802 1071 4859 usque
1102 4787 1227 4841 dum
1279 4800 1379 4856 pro
1441 4799 1507 4839 eo
1544 4783 1760 4838 dicatur

190 4883 404 4957 collecta
439 4901 453 4939 :
514 4883 654 4938 Deus
685 4883 847 4938 venia:
887 4881 1129 4952 largitor.
1170 4878 1460 4947 Pmmissp
1503 4891 1683 4941 versu,
1715 4876 1760 4931 A

190 4986 327 5045 porta
349 4976 528 5045 inferi.
563 4974 820 5029 Dominus
844 4970 1314 5037 vobiscum,versis
1344 4970 1409 5025 ad
1439 4969 1608 5024 altare
1650 4968 1760 5023 fra-

193 5067 375 5122 tribus.
404 5068 421 5087 ⁴
445 5066 649 5133 Deinde
681 5066 733 5120 in
764 5064 1007 5127 inferiori
1038 5071 1194 5136 parte
1241 5060 1480 5131 ejusdem
1521 5061 1763 5117 ecclesiae

192 5168 369 5214 contra
390 5159 699 5229 aquilonem
740 5158 897 5229 juxta
950 5158 1205 5224 formam,
1236 5172 1307 5212 ne
1358 5153 1765 5225 transeuntibus

194 5248 569 5320 impedimento
610 5251 685 5307 sit
721 5250 959 5323 ponitur,
996 5258 1049 5306 et
1076 5265 1209 5305 crux
1240 5264 1365 5303 eum
1423 5244 1767 5307 candelabris

196 5344 257 5419 ad
286 5346 386 5403 hoc
411 5347 583 5403 solum
606 5346 897 5417 deputatis,
923 5342 1323 5415 ibiquejugiter
1350 5340 1665 5413 reservatis,
1698 5339 1766 5394 ad

190 5446 346 5509 caput
394 5436 512 5508 ejus
558 5438 814 5511 adigitur,
848 5446 904 5493 et
940 5446 1070 5491 tunc
1116 5436 1332 5490 demum
1378 5450 1406 5488 a
1461 5430 1770 5502 pulsatione

194 5540 453 5599 cessatur,
469 5541 847 5602 conventuque
871 5530 937 5586 ad
969 5525 1520 5585 finiendumordinem
1535 5522 1768 5579 redeun-

197 5629 265 5699 te,
293 5624 336 5681 si
366 5640 524 5696 quem
566 5625 705 5681 forte
744 5623 1013 5679 infinitum
1035 5620 1263 5684 dimisit,
1294 5617 1490 5673 infirmi
1522 5613 1773 5671 Exsulta-

198 5708 340 5790 ‘tuit,
361 5720 502 5789 quod
522 5718 807 5775 dimissum
838 5724 943 5774 est.
978 5720 1319 5787 pcreantant.

271 5808 571 5867 lnfirmaria
600 5824 702 5866 non
723 5807 1079 5875 benedicitur,
1112 5820 1285 5878 neque
1321 5816 1459 5879 aqua
1492 5796 1774 5860 benedicta

1860 1902 2161 1975 psalmodia
2188 1914 2314 1956 vero
2341 1907 2397 1954 ct
2439 1897 2636 1968 vigiliis
2666 1895 2719 1950 in
2751 1901 2909 1949 nocte
2951 1905 3050 1961 pro
3091 1903 3156 1959 eo
3201 1886 3447 1958 agendis,

1860 1995 2151 2064 unicuique
2202 1992 2365 2047 missa
2417 1989 2501 2045 vel
2549 1986 2849 2058 psalmodia
2898 1981 3217 2052 injungitur,
3250 1985 3448 2049 prater

1859 2089 1963 2144 hoc
1996 2088 2137 2157 quod
2183 2086 2233 2141 ei
2282 2083 2641 2140 communiter
2688 2079 2773 2135 vel
2824 2074 3175 2146 singulariter
3214 2072 3284 2127 ab
3322 2086 3447 2127 om-

1858 2180 2017 2234 nibus
2058 2178 2303 2233 dehetur.
2335 2164 2701 2246 (no.1Et‘nox
2737 2169 2846 2232 illa,
2879 2167 2926 2222 si
2947 2172 3032 2219 est
3058 2162 3343 2235 hyemalis,
3390 2169 3448 2215 ut

1858 2274 1925 2326 ad
1954 2268 2208 2325 calendas
2236 2265 2543 2322 novembris
2573 2264 2697 2318 inde
2746 2275 2918 2329 usque
2949 2258 3017 2312 ad
3046 2268 3259 2310 coenam
3326 2254 3438 2308 Do-

1860 2362 2015 2427 mini,
2040 2362 2093 2415 in
2122 2358 2403 2419 duodecim
2438 2353 2761 2410 lectionibus
2786 2358 2840 2405 et
2870 2348 3081 2404 octavis
3124 2351 3353 2407 tantum,
3388 2342 3450 2411 in

1860 2464 1970 2511 tres
2000 2454 2214 2524 vigilias
2244 2461 2330 2506 est
2356 2447 2666 2505 dividenda.
2696 2445 2938 2512 Quarum
2978 2440 3209 2512 primam
3243 2437 3447 2493 chorus

1859 2545 2048 2600 dexter
2077 2542 2187 2615 agit
2210 2556 2333 2596 cum
2363 2537 2623 2600 armario,
2647 2533 2941 2591 secundam
2976 2529 3195 2587 sinister
3218 2528 3444 2595 chorus,

1858 2636 2208 2692 novissimam
2262 2640 2527 2688 conventu
2578 2636 2701 2700 post
2759 2624 3083 2679 matutinum
3151 2622 3448 2681 dormitum

1858 2738 2039 2793 eunte,
2072 2729 2085 2747 °
2116 2725 2401 2783 secretarii
2434 2732 2488 2778 et
2521 2722 2750 2791 juvenes
2780 2733 2901 2774 cum
2925 2716 3263 2781 custodibus,
3295 2713 3447 2769 addi-

1860 2823 1931 2879 tis
1956 2821 2177 2877 totidcm
2205 2820 2271 2875 de
2299 2817 2515 2872 novitiis
2547 2823 2601 2871 et
2622 2813 2745 2868 aliis
2774 2809 3050 2873 fratribus,
3066 2818 3123 2863 ut
3145 2808 3447 2879 psalmodia

1859 2914 2068 2984 impleri
2096 2912 2286 2983 possit,
2317 2919 2371 2964 et
2392 2909 2459 2963 ad
2483 2920 2922 2977 unamquamque
2952 2904 3196 2974 vigiliam
3247 2899 3448 2971 psalle-

1858 3007 1998 3060 rium
2022 3020 2088 3059 ex
2120 3010 2231 3057 toto
2262 3000 2580 3063 dicendum;
2625 2996 3079 3067 deinde‘vcsperi,
3115 2992 3356 3047 officium
3389 2999 3448 3045 et

1858 3096 2202 3153 matitnnales
2235 3092 2418 3148 laudes
2470 3104 2569 3160 pro
2614 3089 2883 3144 defunctis
2934 3086 3188 3154 adjuncto
3233 3095 3449 3151 semper

1783 3160 1825 3217 ο
1872 3184 2036 3241 Verba
2060 3203 2195 3251 mea,
2211 3185 2326 3239 sine
2348 3183 2555 3253 psalmo
2587 3180 2723 3235 Voce
2751 3194 2867 3233 mea
2897 3186 3159 3249 sequente
3178 3174 3445 3230 collecta:

1862 3278 2078 3337 Absolve
2106 3276 2346 3331 Domine.

1934 3374 2211 3429 Armarius
2238 3387 2359 3425 mox
2390 3379 2447 3424 nt
2476 3370 2649 3440 prima
2674 3381 2810 3438 pene
2842 3365 3099 3436 impletur
3134 3363 3349 3434 vigilia,
3380 3361 3451 3415 ad

1858 3466 2212 3524 excitandum
2262 3463 2460 3518 fratres
2532 3461 2917 3516 dormitorium
2985 3456 3253 3513 ascendit.
3306 3452 3450 3515 Infra

1861 3554 2185 3609 matutinum
2212 3567 2339 3608 vero
2364 3549 2565 3605 infirmi
2594 3557 2649 3605 et
2675 3548 2786 3615 alii,
2821 3548 2911 3617 qui
2964 3544 3239 3615 regulares
3288 3542 3451 3597 horas

1861 3646 1927 3699 ad
1962 3645 2019 3700 S.
2052 3642 2276 3699 Mariam
2323 3638 2570 3705 audiunt,
2597 3653 2769 3709 usque
2798 3637 2924 3691 dum
2971 3640 3272 3690 conventus
3322 3645 3450 3686 cum

1861 3734 2205 3804 processione
2262 3731 2387 3785 illuc
2432 3730 2651 3793 veniat,
2702 3727 2827 3782 inde
2884 3739 2990 3779 non
3043 3721 3326 3779 recedunt.
3384 3720 3451 3789 Et

1862 3827 2164 3887 sciendum.
2191 3826 2317 3895 quia
2343 3839 2467 3878 cum
2493 3823 2652 3876 funus
2696 3819 2884 3875 fratris
2923 3817 3262 3872 celebramus
3308 3820 3451 3866 tem-

1862 3935 1993 3993 pore
2042 3919 2239 3985 noctis,
2284 3916 2579 3988 perlustrat
2631 3923 2877 3969 nostrum
2925 3909 3134 3977 lampas
3174 3902 3453 3975 perlucida

1862 4015 2181 4085 claustrum.
2214 4010 2269 4065 ln
2303 4008 2531 4080 privatis
2566 4023 2693 4062 vero
2743 4004 2992 4061 noctibus
3023 3999 3269 4070 ejusdem
3316 4005 3453 4052 tem-

1870 4104 2038 4175 poris,
2065 4103 2117 4158 id
2142 4110 2244 4167 est,
2273 4116 2301 4154 a
2328 4099 2580 4168 Calendis
2615 4093 2936 4152 Novembris
2959 4104 3129 4162 usque
3149 4088 3217 4144 ad
3234 4101 3454 4160 ecetram

1865 4195 2107 4260 Domini,
2142 4195 2194 4249 in
2228 4194 2363 4248 duas
2387 4191 2647 4247 dividitur
2667 4204 2774 4244 nox
2797 4184 3025 4257 vigilias,
3057 4197 3176 4254 quae
3208 4180 3453 4236 vicissim

1863 4290 1929 4344 ab
1956 4299 2189 4358 utroque
2234 4288 2405 4341 choro
2445 4284 2611 4353 (sicut
2640 4281 2846 4335 dictum
2877 4275 2981 4348 est)
3015 4273 3237 4345 agendae
3286 4280 3451 4328 sunt:

1863 4384 1957 4440 sed
1984 4382 2052 4437 ad
2077 4379 2428 4436 intervallum
2460 4386 2603 4432 totus
2634 4374 2708 4429 ibi
2727 4378 3028 4428 conventus
3052 4368 3260 4431 aderit;
3288 4365 3451 4436 (ναν.)

1864 4485 2051 4546 postea
2086 4480 2265 4529 autem
2296 4472 2373 4537 hi,
2404 4469 2496 4541 qui
2526 4468 2580 4524 in
2612 4463 2941 4539 intirmaria,
2963 4470 3019 4516 et
3049 4460 3103 4515 in
3133 4457 3267 4513 cella
3299 4455 3454 4511 novi-

1866 4571 2066 4625 tiorum
2096 4580 2195 4638 pro
2228 4576 2488 4621 concessa
2536 4556 2910 4621 misericordia
2955 4552 3252 4615 dormiunt,
3282 4562 3456 4617 usque

1863 4662 1930 4717 ad
1961 4660 2105 4715 diem
2139 4658 2210 4712 ibi
2245 4660 2617 4727 perseverant.
2662 4650 2735 4705 At
2776 4649 2823 4704 si
2866 4654 2952 4703 est
2988 4661 3095 4702 nox
3140 4642 3351 4705 aestiva,
3400 4641 3457 4696 in

1864 4763 1977 4810 tres
2010 4751 2224 4822 vigilias
2250 4757 2334 4803 est
2364 4744 2758 4811 dividenda,‘et
2778 4740 2845 4797 ad
2873 4747 3316 4808 unamquamque
3342 4730 3458 4786 illa-

1864 4863 1992 4904 rum
2024 4844 2273 4905 duarum,
2328 4855 2449 4910 quae
2495 4838 2636 4893 ﬁunt
2679 4843 2808 4890 ante
2866 4839 3188 4893 nocturnos,
3235 4831 3458 4881 centum

1867 4942 2121 4997 dicuntur
2144 4934 2334 5007 psalmi
2369 4948 2492 4988 eum
2514 4929 2752 4993 czeteris,
2776 4940 2897 4996 quae
2925 4927 3249 4993 sequuntur.

1936 5032 2015 5085 Ad
2052 5006 2265 5086 tertiam
2298 5039 2428 5095 vero
2468 5030 2591 5093 post
2626 5018 2951 5073 matutinum
2975 5029 3006 5067 a
3048 5006 3360 5067 secretariis
3409 5010 3458 5095 et

1868 5122 2138 5179 acaeteris
2189 5093 2465 5188 prmdietis
2524 5107 2781 5165 fratribus
2834 5103 3131 5179 psalmodia
3180 5093 3464 5188 usquead

1870 5213 2107 5271 sonitum
2139 5184 2298 5265 debet
2332 5204 2617 5279 protelari.
2650 5201 2705 5255 ln
2737 5196 3021 5254 duodecim
3050 5206 3181 5248 vero
3207 5184 3460 5279 lectioni.-

1869 5309 1971 5365 bus
2001 5306 2106 5362 hoc
2142 5277 2354 5359 tantum
2392 5298 2653 5359 variatur,
2696 5290 2839 5361 quod
2878 5287 2947 5342 ad
2982 5282 3222 5355 singulas
3249 5277 3465 5350 vigilias

1874 5410 2002 5456 ante
2040 5406 2339 5453 nocturnos
2369 5390 2561 5463 psalmi
2591 5380 2983 5467 quinquaginta
3028 5388 3153 5432 eum
3193 5371 3308 5428 suis
3360 5383 3462 5439 ap—

1874 5492 2129 5564 penditiis
2188 5490 2473 5553 dicuntur;
2527 5483 2570 5537 si
2621 5489 2801 5535 tamen
2856 5466 3270 5564 primavigilia
3300 5478 3467 5536 prope

1877 5562 2112 5651 noctem,
2149 5581 2232 5637 vel
2258 5580 2311 5635 in
2336 5579 2450 5649 ipsa
2482 5581 2643 5630 nocte
2683 5568 2960 5639 incipitur.
3009 5562 3067 5620 Si
3095 5573 3228 5616 vero
3266 5566 3467 5651 tempo-

1879 5650 2105 5736 stivius
2141 5674 2437 5744 incipitur,
2492 5664 2809 5740 psalterium
2868 5660 2935 5717 ad
2991 5654 3279 5731 praedictas
3330 5650 3465 5704 duas

1880 5768 2096 5841 vigilias
2122 5779 2274 5841 neque
2300 5764 2527 5823 divisum
2577 5764 2948 5841 percantatur.
2972 5751 3107 5812 Cum
3130 5753 3310 5817 autem
3335 5753 3468 5809 ριξη-
