3886 6308
434 342 575 421 “5.9,

1570 355 1629 417 S.
1670 351 2043 431 GUlLLELMI
2084 355 2373 442 ABBATIS
2404 356 2709 418 lllRSAUG

3562 366 3681 443 tuo

431 484 626 530 ventus
660 472 823 540 estin
851 471 1158 539 refectorio,
1186 474 1269 547 vel
1300 475 1343 531 si
1384 464 1467 541 est
1508 483 1718 546 tempus
1758 490 1863 546 quo
1898 468 2010 530 ira?
2034 475 2076 532 A
2108 474 2337 532 domnus
2385 478 2545 545 abba,
2600 458 2893 532 novissime
2952 474 3265 532 defunctus.
3296 473 3509 536 infirmi
3546 497 3679 553 vero,

432 577 541 623 tres
566 567 632 623 ad
662 565 939 626 meridiem
958 567 1194 624 dormire
1222 569 1495 636 solent,de
1516 568 1752 639 novitiis,
1779 568 2006 638 aliisque

430 658 688 715 fratribus
720 658 980 729 aliquanti
1011 659 1299 737 validiores
1330 669 1632 716 remanent.
1659 661 1810 715 Tunc
1840 659 2003 715 etiam

430 759 674 819 tempore
699 758 900 811 statuto
926 750 1139 806 usitata:
1186 767 1292 807 non
1345 752 1686 827 negliguntur
1743 760 1853 808 tres
1882 766 2004 817 ora-

426 842 701 908 tiunculae,
732 852 1040 913 vestesque,
1071 843 1116 898 si
1141 845 1261 914 quis
1293 854 1502 901 mutare
1529 845 1674 910 velit,
1719 844 1800 900 vel
1846 854 2007 911 antea

424 933 511 988 vel
548 945 733 1005 pOStea
759 934 1006 1003 mutabit.
1040 933 1329 989 Sciendum
1360 944 1539 991 autem
1584 935 1725 1004 quod
1758 950 1905 1001 mox,
1945 944 2005 989 ut

423 1027 761 1089 matutinalis
789 1027 950 1083 missa
978 1026 1182 1099 ﬁnitur,
1226 1036 1367 1082 totus
1407 1037 1726 1102 conventus,
1762 1026 2003 1096 exceptis

423 1120 673 1186 novitiis,
727 1120 953 1190 aliisque
1010 1120 1244 1190 capitulo
1302 1120 1609 1177 carentibus
1659 1120 1725 1173 ad
1777 1121 2000 1175 chorum

426 1212 745 1282 regreditur,
784 1212 856 1268 ibi
884 1221 1037 1273 vacat
1060 1211 1274 1268 lectioni
1305 1227 1584 1281 quousque
1616 1212 1681 1267 ad
1707 1212 2000 1281 capitulum

421 1302 685 1371 pulsetur.
720 1301 824 1361 Sed
874 1302 1033 1357 iidem
1082 1304 1268 1367 novitii
1316 1305 1381 1358 ad
1422 1302 1714 1373 capitulum
1746 1318 1851 1356 una
1878 1317 2001 1357 cum

422 1393 655 1451 infirmis
690 1395 803 1457 illic,
828 1410 1107 1450 remanere
1134 1397 1541 1465 praecipiuntur.
1571 1394 1829 1451 Similiter
1859 1393 1999 1450 infra

422 1487 733 1541 mandatum
770 1486 973 1557 aliquot
1005 1502 1285 1549 remanere
1305 1485 1585 1554 jubentur.

493 1578 614 1639 Mox
645 1588 824 1634 autem
865 1590 922 1635 ut
967 1581 1019 1635 in
1059 1580 1403 1637 refectorium
1441 1588 1598 1649 potus
1644 1579 1924 1635 eharitatis
1967 1593 1997 1635 a

420 1672 741 1740 quibusdam
771 1674 995 1741 bibitur,
1024 1674 1089 1730 ab
1138 1674 1373 1729 armario
1422 1673 1549 1729 illuc
1587 1673 1909 1743 diriguntur,
1941 1682 1998 1728 ttt

2107 567 2201 636 qui
2248 567 2465 623 interim
2511 568 2729 624 stabant
2756 576 2908 645 extra
2957 568 3246 625 ecclesiam
3272 569 3331 625 S.
3368 571 3574 641 Iasiae,
3607 577 3677 632 in-

2105 659 2425 729 grediuntur
2464 660 2731 725 eamdem,
2766 676 2891 716 mox
2935 669 2994 716 ut
3034 671 3342 720 conventus
3369 664 3583 735 exierit,
3626 681 3675 725 et

2105 752 2305 808 ibidem
2328 751 2584 820 officium,
2604 754 2746 825 quod
2769 762 2824 809 et
2842 762 3144 811 conventus
3165 766 3420 812 cantant.
3449 758 3666 816 Conven-

2104 849 2191 897 tus
2222 852 2400 898 autem
2428 844 2750 914 perveniens
2804 845 2857 899 in
2905 847 3283 901 cmmeterium
3340 852 3587 919 expandit
3615 869 3664 908 se

2105 932 2158 987 in
2193 935 2407 989 modum
2433 949 2667 999 coronae,
2697 944 2750 990 et
2779 935 2928 990 inter
2957 924 3327 1005 sepeliendum
3364 924 3475 994 sub
3515 952 3668 997 notata

2102 1026 2398 1107 psalmodia
2426 1042 2547 1082 cum
2591 1027 2909 1098 antipbonis
2947 1014 3067 1082 istis
3115 1038 3382 1085 cantatur
3408 1032 3539 1086 anti.
3562 1036 3673 1101 Ape-

2103 1118 2221 1171 rite.
2260 1117 2404 1172 Psal.
2467 1117 2798 1197 conﬁtemini
2839 1119 3081 1197 Domino.
3125 1136 3172 1176 s.
3201 1123 3354 1177 Anti.
3394 1122 3667 1193 Ingrediar.

2102 1202 2245 1262 Psal.
2275 1194 2749 1287 Quemadmodum.
2781 1211 2929 1285 Anti.
2956 1194 3093 1267 Πανί
3126 1216 3352 1284 requies.
3405 1214 3547 1269 Psal.
3580 1215 3672 1269 Hc-

2102 1312 2273 1356 mento
2310 1301 2547 1363 Domine.
2574 1302 2720 1357 Anti.
2755 1302 2975 1359 Dextra.
3010 1305 3152 1359 Psal.
3190 1307 3423 1361 Domine
3442 1308 3671 1376 probasti,

2101 1389 2251 1445 Anti.
2291 1390 2374 1445 Ne
2408 1391 2587 1446 intres.
2617 1393 2762 1448 Psal.
2791 1394 3015 1451 Domine
3039 1400 3257 1461 exaudi.
3289 1400 3347 1452 2.
3387 1400 3533 1452 Anti.
3562 1397 3671 1453 Oa:-

2102 1478 2181 1531 nis
2210 1479 2444 1548 spiritus.
2479 1479 2620 1535 Psal.
2657 1480 2896 1538 Laudate
2928 1484 3208 1550 Dominum
3262 1489 3328 1542 de
3354 1500 3517 1543 terra.
3546 1490 3670 1544 Anti.

2100 1569 2321 1623 Absolve
2361 1569 2597 1625 Domine.
2651 1572 2793 1627 Psal.
2849 1573 3166 1630 Benedictus
3224 1578 3491 1645 Dominus
3532 1578 3668 1631 Deus.

2102 1660 2372 1717 Sacerdos
2397 1677 2517 1716 cum
2550 1662 2785 1732 primum
2807 1666 3022 1721 venerit
3062 1667 3130 1721 ad
3180 1668 3534 1737 sepulchrum
3562 1670 3671 1722 dicit

418 1772 470 1817 et
497 1762 571 1826 bi,
602 1763 898 1832 qui.missi
944 1773 1088 1829 sunt,
1131 1766 1385 1829 veniant,
1439 1775 1494 1819 et
1523 1767 1769 1820 eumdem
1810 1774 1989 1836 potum

2099 1749 2199 1805 has
2228 1750 2479 1805 collectas
2510 1768 2524 1805 :
2563 1751 2931 1810 Obsecramus.
2972 1756 3113 1811 Deus
3152 1757 3523 1827 Omnipotens,
3576 1762 3669 1830 qui.

420 1854 703 1911 charitatis
726 1865 942 1925 accepta
976 1856 1041 1910 ad
1074 1855 1300 1925 gradum
1330 1857 1543 1927 licentia
1593 1858 1797 1912 bibant.
1856 1858 1989 1924 Qua-

2104 1841 2459 1913 Sepulchrum
2487 1853 2541 1899 et
2564 1846 2714 1915 prius
2738 1856 2790 1901 et
2809 1847 2994 1917 postea
3019 1864 3182 1919 quam
3232 1851 3285 1905 in
3312 1867 3376 1905 se
3404 1855 3669 1922 receperit,

418 1960 630 2014 cunque
662 1954 839 2000 autem
879 1948 1009 2003 hora
1038 1946 1224 2001 fratris
1256 1948 1435 2018 obitus
1462 1948 1721 2013 evenerit,
1781 1948 1895 2002 sive
1926 1947 1999 2002 sit

418 2036 930 2105 tcmporisbyemis,
960 2037 1074 2092 sive
1126 2039 1352 2103 aestatis,
1405 2039 1719 2109 psalterium
1768 2055 1874 2094 non
1916 2047 2000 2096 est

416 2126 807 2195 incipiendum,
838 2127 937 2182 nisi
964 2129 1113 2197 prius
1138 2144 1204 2183 ex
1228 2137 1338 2183 toto
1379 2130 1777 2199 compleatur...
1813 2138 1997 2200 postea

414 2234 575 2288 quam
610 2219 762 2285 obiit,
792 2229 848 2275 ct
876 2222 1083 2292 vesperi
1114 2236 1211 2290 pro
1258 2219 1527 2277 defunctis
1576 2230 1629 2277 et
1671 2220 1901 2277 oilicium
1944 2231 1998 2278 et

414 2311 741 2366 matutimun
774 2321 829 2367 et
868 2310 1034 2366 Verba
1062 2330 1199 2379 mea,
1229 2314 1394 2368 missa
1444 2313 1607 2368 etiam
1662 2313 1998 2370 matutinalis

413 2412 704 2465 cantantur
756 2419 855 2473 pro
896 2419 981 2471 eo,
1013 2405 1225 2460 etiamsi
1258 2422 1320 2461 ea
1369 2406 1455 2461 die
1502 2420 1609 2461 non
1663 2406 1993 2476 sepeliatur;

416 2505 543 2555 tunc
571 2495 623 2549 in
651 2496 890 2556 crastino
912 2507 1194 2564 omnes,ut
1214 2498 1463 2563 offerant,
1493 2499 1690 2553 debent
1713 2497 1994 2552 interesse.

410 2589 542 2642 l’ost
561 2587 889 2644 offerendam
919 2604 1047 2649 vero
1066 2591 1397 2658 sacerdotes,
1424 2592 1514 2661 qui
1544 2590 1746 2656 volunt,
1773 2597 1998 2661 possunt

409 2696 510 2749 pro
532 2695 597 2734 eo
628 2680 744 2736 sine
777 2680 991 2737 licentia
1019 2683 1212 2739 missas
1241 2694 1487 2757 cantare,»
1533 2683 1579 2739 si
1607 2692 1785 2739 tamen
1812 2692 1895 2739 est
1940 2681 1994 2736 in

412 2771 694 2827 duodecim
725 2772 1067 2832 lectionibus.
1097 2778 1386 2843 Diaconus,
1424 2786 1711 2851 postquam,
1752 2778 1995 2833 incensa-

409 2862 553 2917 verit
580 2863 797 2931 altaria,
828 2866 1075 2924 incensat
1104 2879 1159 2924 et
1199 2869 1512 2925 defunctum
1564 2884 1725 2925 cruce
1763 2871 1996 2939 desuper

410 2953 580 3010 facta.
611 2956 993 3026 Sepulchrum,
1020 2977 1143 3016 cum
1168 2962 1367 3027 factum
1395 2961 1579 3029 fuerit,
1602 2963 1842 3018 dicenda:
1869 2972 1996 3018 sunt

410 3047 497 3103 ha:
519 3049 759 3106 collectae
777 3068 937 3123 super
963 3053 1092 3109 illud
1119 3072 1132 3109 :
1160 3055 1319 3121 Deus,
1347 3056 1436 3126 qui
1462 3055 1803 3125 simplicibus.
1832 3055 1992 3123 Deus,

410 3140 511 3211 qui.
568 3144 851 3198 hominem.
922 3144 1141 3200 Domine
1186 3145 1317 3201 Jesu
1370 3145 1592 3201 Christe.
1648 3147 1762 3215 Qua
1814 3147 1988 3215 finita,
2017 3182 2065 3247 ο

413 3234 718 3305 aspergitur
740 3251 878 3306 aqua
899 3236 1181 3292 benedicta
1197 3277 1211 3303 ,
1238 3247 1293 3293 et
1332 3238 1577 3309 sequitur
1601 3238 1702 3293 ista
1725 3238 1949 3294 collecta
1974 3256 1987 3293 :

410 3321 731 3395 Ine/fabius,
774 3338 830 3384 et
858 3328 961 3407 hoc
989 3328 1167 3400 agitur
1190 3327 1331 3397 infra
1358 3344 1621 3402 canonem
1659 3328 1992 3409 matutinalis

408 3415 617 3478 missae.
932 3404 935 3407 I

430 3496 431 3501 ‘
975 3513 1203 3579 CAPUT
1240 3513 1418 3572 LXVI.

727 3605 1001 3671 Quomodo
1035 3616 1081 3661 et
1118 3607 1330 3676 quando
1368 3606 1668 3677 sepeliatur.

479 3694 495 3715 ⁶
522 3692 707 3749 Finito
752 3696 1014 3767 capitulo,
1065 3705 1122 3752 et
1175 3698 1220 3755 si
1272 3698 1393 3759 talis
1438 3705 1521 3754 est
1567 3699 1701 3763 dies,
1733 3710 1991 3773 percussa

407 3786 613 3855 tabula,
639 3790 785 3858 prior
805 3807 970 3846 unum
1000 3793 1065 3847 de
1090 3792 1385 3863 majoribus
1409 3794 1578 3864 signis
1598 3794 1986 3864 aliquantulum

403 3893 503 3948 per
528 3888 637 3936 tres
684 3882 830 3938 vices
874 3885 1045 3955 tangit
1076 3903 1090 3938 :
1121 3888 1447 3941 conveniunt
1500 3887 1716 3951 fratres,
1757 3896 1811 3942 et
1844 3888 1987 3945 cerei

403 3986 505 4040 per
526 3973 777 4028 custodes
798 3974 1047 4029 ecclesiae
1069 3974 1293 4045 singulis
1317 3976 1732 4042 distribuuntur,
1759 3978 1987 4034 infirmis

400 4070 620 4131 quoque
648 4073 772 4118 ante
806 4064 889 4119 vel
908 4074 1062 4121 extra
1089 4064 1349 4135 capellam
1381 4066 1669 4123 stantibus.
1696 4067 1983 4135 Sacerdos,

402 4153 497 4222 qui
523 4154 757 4222 priorem
787 4157 1008 4212 missam
1038 4159 1278 4216 cantavit
1311 4159 1621 4229 sepulturus
1645 4160 1981 4227 defunctmn,

398 4244 622 4301 indutus
658 4256 742 4303 est
764 4248 906 4317 alba,
931 4251 997 4306 ad
1026 4251 1129 4307 hoc
1162 4260 1368 4311 tantum
1406 4252 1678 4322 deputata,
1737 4264 1790 4310 et
1819 4252 1979 4309 stula.

398 4336 682 4395 Armarius
734 4342 909 4399 accito
950 4343 1060 4399 alio
1111 4343 1283 4402 fratre
1327 4329 1513 4416 incipit
1561 4345 1722 4417 Kyrie
1764 4346 1979 4401 eleison.

398 4427 606 4484 Christe
632 4430 844 4487 eleison.
877 4433 1043 4505 Κριτία
1071 4435 1285 4491 eleison.
1318 4436 1400 4494 Ad
1445 4439 1588 4508 quod
1629 4454 1751 4493 cum
1796 4453 1983 4493 omnes

2100 1948 2242 2004 aqua
2271 1933 2557 1989 benedicta
2587 1938 2896 2008 aspergitur
2932 1947 2987 1994 et
3030 1940 3377 2007 incensatur,
3430 1958 3534 1996 non
3586 1952 3668 2005 tcr,

2100 2028 2194 2083 sed
2231 2026 2396 2083 semel
2426 2035 2632 2084 tantum
2662 2047 2783 2085 cum
2816 2047 2976 2088 versu
3004 2050 3017 2087 :
3046 2034 3391 2105 Redemptor.
3444 2035 3669 2090 Collocao

2102 2130 2191 2176 tur
2219 2123 2535 2195 operculum
2564 2124 2800 2195 ligneum
2828 2141 2993 2199 super
3019 2126 3195 2197 ipsum
3244 2126 3580 2193 defunctum,
3624 2138 3670 2183 et

2100 2214 2353 2270 sacerdos
2380 2215 2606 2283 primus,
2645 2216 2689 2270 si
2715 2217 2946 2273 domnus
3000 2216 3138 2273 abba
3192 2234 3300 2273 non
3345 2220 3541 2285 aderit,
3564 2236 3668 2274 cum

2098 2305 2244 2374 pala,
2281 2307 2501 2362 mittens
2540 2308 2709 2364 tribus
2744 2310 2950 2365 vicibus
2994 2312 3060 2367 de
3106 2320 3254 2366 terra
3301 2328 3463 2385 super
3517 2312 3670 2378 illum,

2100 2397 2373 2468 Sulijungit
2404 2401 2499 2455 has
2523 2401 2781 2457 collectas
2815 2420 2827 2456 :
2860 2402 3103 2459 Oremus.
3124 2403 3347 2460 Fratres
3372 2407 3668 2469 charissinti,

2097 2490 2187 2559 qui
2212 2490 2396 2559 justis.
2430 2490 2667 2544 Debitum
2698 2491 2937 2547 humani.
2966 2492 3313 2569 Temeritatis.

2169 2580 2375 2647 Quibus
2428 2582 2596 2637 finitis
2647 2584 2913 2639 recedunt
2959 2599 2990 2639 a
3045 2586 3335 2655 sepulchro
3357 2588 3515 2643 s‘mul
3559 2605 3665 2644 cum

2098 2687 2278 2736 cruce,
2316 2684 2369 2728 et
2394 2676 2699 2745 procedunt
2724 2684 2853 2732 ante
2876 2677 3139 2748 capellam
3172 2680 3225 2733 in
3259 2683 3437 2753 medio
3482 2666 3667 2737 cmmc4

2098 2766 2243 2833 terii,
2276 2766 2346 2821 ibi
2383 2770 2481 2824 sub
2522 2769 2738 2825 silentio
2792 2772 3071 2842 praemissa
3113 2774 3368 2829 oratione
3404 2762 3662 2829 'Dominica

2096 2858 2467 2914 subinfertur:
2498 2860 2562 2913 Et
2588 2877 2649 2915 ne
2684 2878 2797 2916 nos.
2835 2861 3055 2917 Versus.
3090 2862 3173 2916 Ne
3204 2865 3389 2918 intres.
3427 2863 3660 2918 Dominus

2096 2953 2381 3008 vobiscum.
2418 2953 2533 3008 Tibi
2563 2954 2786 3010 Domine
2815 2956 3267 3011 commendamus.
3299 2955 3480 3012 Cereis
3500 2956 3659 3010 extin-

2094 3044 2197 3099 ctis
2248 3044 2494 3114 sequitur
2542 3045 2677 3115 psal.
2732 3045 2974 3101 Laudato
3023 3061 3216 3102 rursus
3266 3062 3391 3101 cum
3435 3046 3652 3101 oratione

2097 3136 2396 3192 Dominica.
2430 3135 2670 3193 Versus:
2704 3137 2748 3189 A
2795 3148 2968 3208 porta.
3021 3137 3266 3195 Collecta
3293 3156 3307 3193 :
3339 3138 3471 3193 Deus
3521 3137 3657 3205 cujus

2095 3228 2477 3284 misericordia.
2511 3229 2677 3285 Facta
2705 3230 3056 3287 inclinatione
3080 3242 3367 3299 consueta,
3394 3242 3447 3288 et
3466 3241 3649 3302 septem

2095 3320 2321 3391 psalmis
2375 3319 2668 3391 impositis,
2717 3321 2947 3389 reditur,
2997 3332 3054 3378 et
3101 3322 3202 3389 ita,
3231 3320 3653 3394 prioreseavice

2096 3408 2261 3467 etiam
2301 3412 2410 3468 sint
2434 3414 2757 3479 anteriores,
2780 3414 3082 3485 eodemque
3123 3415 3321 3471 ordine
3351 3430 3467 3470 cum
3488 3427 3649 3483 perve-

2094 3504 2276 3559 nerint
2296 3504 2348 3559 in
2377 3504 2624 3573 chorum,
2653 3513 3006 3575 prosternunt
3028 3522 3106 3572 se,
3132 3522 3257 3562 cum
3288 3508 3416 3578 ipsis
3434 3505 3647 3577 psnltLis,

2094 3610 2229 3666 quos
2257 3597 2517 3653 sacerdos
2538 3596 2652 3668 jam
2684 3596 2805 3652 alba
2848 3604 2903 3653 et
2947 3598 3086 3653 stola
3109 3607 3309 3654 exutus
3350 3597 3537 3653 claudit
3558 3596 3650 3650 hac

2093 3688 2355 3744 collecta:
2391 3690 2611 3745 Absolve
2644 3691 2868 3747 Domine
2918 3694 3171 3757 animam,
3208 3692 3506 3761 ubicunque
3537 3700 3649 3743 tunc

2091 3792 2397 3853 prostratus
2433 3784 2690 3858 jacuerit.
2740 3785 2889 3853 Quos
2944 3787 3108 3841 etiam
3142 3785 3349 3842 infirmi
3392 3772 3647 3853 incipiente

2090 3886 2357 3953 conventu
2400 3877 2653 3947 inchoant
2687 3893 2751 3933 ac
2779 3878 3036 3955 prostrati
3073 3886 3319 3934 cantant.
3348 3876 3520 3947 Signa.
3544 3886 3645 3942 qur

2090 3965 2402 4021 defunctum
2436 3967 2711 4023 efferendo
2755 3969 2938 4023 statim
2976 3969 3178 4041 pulsari
3227 3978 3354 4023 sunt
3404 3967 3641 4025 inchoata,

2090 4073 2194 4113 non
2234 4060 2383 4129 prius
2404 4046 2757 4127 omittuntur,
2795 4077 2958 4131 quam
3000 4063 3262 4118 feretrum
3294 4076 3455 4131 super
3489 4056 3642 4129 sepul-

2088 4150 2276 4206 chrum
2326 4153 2565 4223 ponitur.
2623 4152 2907 4209 Ferctrum
2957 4169 3082 4209 mox
3130 4163 3257 4232 post
3285 4154 3641 4224 sepulturam:

2089 4242 2302 4299 famulis
2325 4244 2607 4299 infirmarii
2632 4246 2684 4299 in
2706 4246 3019 4315 prmdiclam
3037 4246 3323 4301 tedicuiam
3346 4253 3638 4317 reportatur.

2087 4347 2147 4392 ut
2178 4337 2287 4392 illic
2308 4338 2531 4409 jugiter,
2554 4353 2676 4393 cum
2706 4354 2843 4407 opus
2865 4337 3048 4407 fuerit,
3076 4338 3406 4396 inveniatur.

2157 4428 2318 4499 (van)
2336 4429 2455 4498 Ipso
2482 4430 2569 4484 die
2596 4445 2702 4499 quo
2726 4429 3014 4485 defunctus
3035 4429 3323 4499 sepelitur,
3348 4430 3392 4485 si
3419 4429 3498 4485 bis
3522 4441 3639 4481 com-

397 4516 649 4574 similiter
697 4523 1107 4593 responderint,
1156 4528 1480 4591 submittunt
1521 4543 1580 4584 se
1636 4528 1864 4584 inclines
1912 4528 1977 4605 ad

2094 4520 2284 4586 editur,
2316 4522 2580 4601 qumquid
2622 4524 2689 4578 ad
2728 4537 2943 4579 etenam
2968 4522 3123 4592 panis
3154 4522 3237 4577 vel
3270 4534 3432 4592 potus
3462 4534 3640 4622 retusa:

396 4608 697 4669 orationem
729 4612 1086 4684 Dominieam,
1117 4628 1172 4677 et
1215 4619 1473 4681 sacerdos
1524 4619 1727 4690 absque
1778 4619 1981 4695 saluta:

396 4697 545 4755 tione
574 4702 705 4759 dicit
733 4705 832 4760 bas
859 4707 1117 4766 collectas
1148 4728 1162 4764 :
1203 4710 1288 4765 Ne
1318 4715 1497 4768 intres.
1538 4698 1651 4767 Fac
1681 4730 1979 4784 quaesumus

370 4786 638 4851 'Domine.
692 4792 903 4849 Inclina
959 4796 1121 4853 Deus.
1172 4800 1514 4857 Prcemittens
1583 4803 1649 4857 ad
1699 4804 1976 4873 singulas:

394 4880 639 4941 Oremus.
675 4885 881 4954 Quibus
911 4888 1638 4965 imponitur'responsorium
1692 4897 1741 4950 1.
1783 4896 1980 4951 Induta

392 4984 487 5027 est.
516 4974 569 5028 σε.
601 4974 721 5031 Scio
751 4977 991 5035 Domine.
1023 4981 1076 5036 5.
1107 4982 1295 5039 Libera
1335 5002 1415 5039 me
1451 4986 1690 5041 Domine.
1754 4989 1977 5044 Versum

392 5075 579 5159 cantat
614 5071 884 5134 artnarius
928 5088 1050 5143 cum
1110 5074 1216 5135 alio
1266 5075 1454 5147 fratre,
1502 5088 1565 5153 ut
1600 5096 1785 5150 supra
1816 5079 1979 5159 Κριτίᾳ

391 5155 603 5215 eieison.
1646 5160 1649 5163 ’

463 5248 724 5343 Quotiens
750 5256 1001 5318 incensat
1025 5259 1199 5325 altare
1217 5261 1536 5333 principale,
1562 5264 1756 5321 totiens
1780 5280 1976 5343 corpus

391 5336 631 5403 defuncti
676 5360 893 5403 crucem
940 5350 1172 5422 desuper
1225 5351 1451 5408 faciens.
1506 5336 1807 5426 imponitur
1837 5336 1975 5410 auti;

390 5426 571 5521 ph‘ona
604 5448 723 5490 cum
755 5438 962 5508 psalmo
988 5444 1377 5515 octuagesimo.
1409 5445 1464 5500 ln
1498 5447 1600 5501 hac
1626 5449 1974 5521 processione

389 5519 624 5611 primum
674 5541 823 5597 aqua
871 5530 1186 5602 benedicta,
1234 5537 1519 5611 incensum
1567 5546 1622 5609 et
1665 5553 1796 5609 crux
1846 5554 1970 5594 cum

388 5609 600 5671 duobus
628 5618 967 5678 eandelabris
1005 5624 1148 5690 aliis,
1179 5627 1391 5684 noviter
1418 5609 1501 5685 de
1527 5628 1753 5685 ecclesia
1793 5616 1971 5686 allatis

387 5710 694 5772 portantur,
730 5713 1011 5770 sacerdote
1038 5726 1093 5771 et
1121 5721 1357 5776 armario
1406 5723 1777 5791 sequentibus,
1833 5739 1969 5793 quos

388 5800 689 5873 sequuntur
711 5798 902 5877 novitii
932 5810 987 5859 et
1029 5800 1300 5878 conversi,
1349 5816 1404 5867 et
1439 5819 1625 5883 postea
1654 5813 1886 5886 priores,
1914 5824 1967 5873 et

2085 4613 2238 4679 serit,
2267 4614 2333 4668 ad
2368 4614 2767 4685 eleemosynam
2812 4630 2908 4683 pro
2958 4629 3022 4669 eo
3062 4615 3256 4679 datur;
3304 4615 3350 4669 si
3378 4612 3550 4675 semel,
3586 4606 3637 4660 ad

2084 4700 2395 4775 prandium.
2441 4705 2648 4776 Singuli
2675 4705 2989 4760 sacerdotes
3021 4713 3133 4759 tres
3161 4704 3382 4768 missas,
3412 4718 3526 4757 cum
3549 4698 3636 4769 pri-

2082 4811 2229 4851 mum
2258 4797 2559 4867 potuerint,
2595 4798 2969 4867 unusquisque
2999 4798 3091 4867 qui
3120 4797 3225 4851 scit
3252 4797 3489 4866 psalmos
3510 4805 3635 4847 seu-

2081 4889 2248 4960 ginta,
2280 4890 2370 4958 qui
2395 4889 2635 4944 illiterati
2663 4891 2859 4944 totiens
2884 4890 3182 4944 nratinnem
3211 4889 3536 4943 Dominicam
3561 4895 3636 4953 pro

2080 4999 2146 5038 eo
2175 4992 2413 5038 cantant.
2450 4984 2503 5039 In
2538 4984 2781 5053 sequenti
2821 4984 2906 5039 die
2937 4983 3223 5038 inchoatur
3248 4992 3305 5037 et
3334 4980 3635 5052 septenarius

2079 5074 2191 5142 ejus
2222 5085 2275 5129 et
2303 5076 2639 5130 tricenarius.
2680 5073 3030 5144 Septenarius
3074 5075 3171 5140 ita,
3228 5083 3291 5129 ut
3328 5090 3424 5144 per
3447 5082 3622 5143 septem

2078 5166 2197 5220 dies
2225 5165 2456 5220 ofﬁcium
2487 5175 2543 5220 et
2573 5167 2734 5221 missa
2766 5152 3015 5221 cantetur
3049 5181 3149 5235 pro
3178 5181 3245 5222 eo
3272 5166 3579 5238 generaliter
3606 5175 3629 5213 ι

2079 5267 2346 5335 conventu
2373 5277 2386 5311 :
2428 5259 2754 5313 tricenarius
2782 5274 2911 5314 vero
2951 5259 3043 5323 ita,
3070 5268 3133 5313 ut
3160 5274 3257 5329 per
3292 5260 3509 5329 triginta
3539 5256 3630 5310 dies

2077 5350 2236 5406 detur
2257 5351 2323 5405 ad
2367 5351 2767 5423 elecmosynam
2821 5350 2938 5420 ejus
2984 5351 3269 5422 praebenda
3309 5352 3551 5422 pleniter,
3585 5354 3629 5400 et

2074 5443 2315 5513 psalmus
2348 5443 2484 5498 Voce
2506 5461 2620 5498 mea
2670 5443 2781 5514 (qui
2810 5445 2987 5497 tamen
3019 5442 3156 5498 solet
3178 5444 3246 5501 ad
3281 5459 3466 5498 omnes
3493 5443 3629 5497 horas

2072 5536 2178 5592 dici
2206 5552 2304 5607 pro
2326 5551 2390 5593 eo
2417 5536 2454 5608 :)
2488 5545 2617 5592 tunc
2640 5536 2853 5591 dicatur
2873 5543 2928 5591 et
2964 5533 3133 5590 Verba
3161 5552 3302 5602 mea,
3328 5545 3384 5591 et
3439 5532 3625 5601 triginta

2070 5643 2170 5700 pro
2218 5643 2283 5686 eo
2329 5630 2523 5685 missas
2556 5629 2854 5685 cantandas
2903 5645 2995 5685 sex
3046 5629 3441 5694 sacerdotibus,
3471 5629 3621 5679 πω

2070 5731 2232 5778 nente
2257 5723 2512 5789 armario,
2543 5722 2692 5793 prior
2724 5721 2969 5793 iniungit.
3003 5722 3056 5777 In
3086 5737 3197 5791 quo
3230 5714 3506 5778 tricenario
3522 5714 3615 5783 plu-

2068 5830 2155 5875 res
2177 5814 2373 5879 fratres
2386 5817 2622 5877 defuncti
2646 5831 2756 5877 non
2781 5815 3334 5889 comprehenduntur,
3348 5810 3613 5887 nisicvdcm,
