3886 6308
178 345 291 401 ΗΠ

172 552 370 622 quisque
396 547 613 614 ﬁnierit,
641 546 832 605 eadem
864 546 952 602 die
1001 545 1055 601 in
1095 548 1331 617 capitulo
1379 550 1716 619 pronuntiat,

172 652 222 696 ut
244 642 290 711 in
316 638 701 705 crastinoalius
735 637 977 707 incipiat.
1004 636 1141 708 (nn.)
1178 638 1329 705 Quod
1369 648 1420 695 et
1446 656 1546 710 pro
1574 641 1719 696 nulla

170 745 378 800 unquam
403 729 692 784 festivitate
719 727 1112 795 intermittitur,
1140 732 1381 801 exceptis
1394 747 1496 807 per
1517 749 1718 788 annum

168 837 244 882 ser
273 820 467 887 diebus,
498 821 518 840 ‘
550 818 854 879 Nativitatis
881 818 1116 887 Domini,
1155 820 1447 877 Dominicze
1469 837 1714 879 resurre-

167 908 353 973 ctionis.
387 917 439 963 et
464 906 572 962 illis
604 908 775 963 tribus
806 908 1013 974 diebus,
1043 909 1134 979 qui
1165 913 1579 981 resurrectionis
1608 913 1715 967 Do-

167 998 386 1054 niinicam
431 1001 782 1065 antecedunt,
830 999 964 1054 etin
1000 1001 1088 1055 die
1116 1011 1306 1057 sancto
1347 1000 1714 1062 Pcntecostes.

164 1087 292 1155 Quod
316 1088 356 1143 si
386 1087 521 1144 forte
552 1091 670 1160 quis
692 1105 881 1147 eorum
914 1090 1149 1161 aliquam
1181 1109 1246 1149 ex
1275 1095 1358 1151 his
1391 1096 1710 1167 neglexerit,

162 1181 291 1234 venia
314 1182 496 1251 petita,
526 1185 770 1240 eamdem
803 1185 1022 1256 implere
1042 1185 1265 1255 jubctur
1297 1206 1309 1241 :
1346 1188 1568 1257 insuper
1594 1205 1709 1257 pm-

162 1272 377 1336 nitentia,
414 1288 532 1343 qua:
562 1274 727 1343 priori
755 1276 873 1329 visa
902 1275 1084 1343 fuerit,
1117 1276 1193 1331 illi
1221 1277 1531 1348 injungitur.
1563 1278 1714 1333 Post-

158 1379 295 1441 quam
329 1374 501 1420 autem
527 1366 727 1421 eaedem
758 1369 935 1423 missa:
983 1368 1262 1435 liniuntur,
1292 1370 1442 1441 prior
1473 1372 1522 1425 ei
1555 1372 1713 1426 abso-

158 1453 384 1510 lutionem
414 1456 763 1537 imprecatur,
796 1460 938 1528 quod
978 1460 1145 1514 etiam
1177 1459 1305 1515 fecit
1349 1460 1599 1516 similiter
1642 1465 1710 1519 ad

156 1548 418 1617 capitulum
447 1553 765 1620 priusquam
794 1551 1133 1621 sepeliretur.
1151 1551 1207 1606 In
1230 1553 1503 1621 praedictis
1525 1562 1708 1610 autem

156 1651 201 1693 et
226 1640 271 1695 .‘n
299 1640 412 1697 aliis
432 1639 587 1697 festis
629 1643 1017 1715 principalibus
1053 1642 1287 1700 ollicium
1322 1643 1708 1701 Defunctorum

154 1748 242 1786 non
264 1734 450 1804 agitur,
478 1734 582 1789 nisi
617 1751 814 1804 corpus
844 1736 896 1805 in
926 1737 1179 1807 prmscnli
1224 1737 1510 1792 habeatur.
1545 1736 1706 1808 (vain)
1737 1811 1755 1827 ν

1273 339 1691 401 CONSTITUT.
1730 319 2174 400 musaeo:
2198 324 2328 398 LIB.
2357 322 2421 397 ιε’.

176 459 248 516 die
266 452 503 519 obierint.
533 453 800 510 Sacerdos
850 456 1058 519 autem,
1112 466 1235 509 cum
1280 456 1523 525 quintam
1554 450 1723 512 unus-
1753 460 1801 516 Α
1828 453 2010 512 tabula
2056 452 2149 509 tali
2204 460 2367 508 modo
2405 463 2514 521 quo
2574 451 2641 506 ad
2699 450 2986 507 obeuntem
3006 437 3227 521 percuti
3244 451 3412 513 solet,-

3264 338 3407 401 ειη

3406 526 3412 551 t

1823 544 2126 617 percutitur
2155 542 2223 615 (si
2256 550 2435 598 tamen
2486 541 2683 598 fratres
2729 543 2783 597 in
2829 543 3010 613 aliquo
3041 542 3296 614 praedicto
3314 541 3411 623 σι’-ξ
3492 596 3495 599 λ

1822 639 1948 694 dine
1974 637 2041 692 ad
2071 650 2309 708 praesens
2350 651 2458 689 non
2507 642 2634 689 sunt
2680 636 2993 706 occupati):
3026 645 3081 691 et
3108 644 3405 692 conventus

1820 749 1942 790 cum
1969 742 2120 789 tanta
2152 733 2276 801 illuc
2310 732 2660 788 festinatione
2692 728 2887 793 currit,
2937 736 3135 797 quanta
3185 728 3405 783 festinat

1820 826 1885 879 ad
1911 826 2252 890 morientem,
2267 822 2514 879 canendo
2532 820 2787 876 videlicet
2812 817 3110 889 symbolum
3139 817 3279 872 fidei.
3300 816 3404 871 Ve-

1820 930 1939 969 rum
1992 916 2038 969 si
2068 916 2250 981 obitus
2278 914 2394 986 ejus
2424 914 2575 984 prius
2626 912 2682 965 in
2728 908 2960 980 capitulo
3002 906 3401 979 pronuntiatur,

1820 1012 1942 1075 post
1968 1004 2263 1074 capitulum
2291 1018 2396 1059 non
2426 1001 2748 1073 percutitur,
2781 999 2873 1054 sed
2904 1006 3199 1053 conventus
3242 996 3403 1065 pede-

1817 1099 2007 1153 tentim
2057 1099 2333 1165 incedens,
2363 1112 2621 1168 vesperos
2664 1094 3035 1150 defunctorum
3078 1099 3280 1145 cantat.
3325 1091 3403 1143 De

1814 1198 2014 1247 cmtero
2044 1191 2218 1248 eidem
2241 1206 2340 1263 per
2358 1192 2539 1249 omnia
2579 1190 2723 1246 sicut
2760 1186 2984 1259 praefato
3025 1185 3279 1244 defuncto
3317 1195 3401 1241 est

1813 1286 2102 1358 agendum.
2810 1274 2815 1280 ﬂ

2391 1378 2618 1435 CAPUT
2653 1376 2819 1433 LXX.

2023 1468 2104 1522 De
2133 1468 2358 1536 duobus,
2387 1469 2465 1523 vel
2497 1468 2664 1523 tribus
2699 1467 2832 1537 forte
2857 1465 3185 1538 sepeliendis.

1880 1554 1902 1580 θ
1932 1555 1989 1610 Si
2047 1557 2337 1628 aliquando
2390 1558 2655 1624 evenerit,
2709 1567 2768 1612 ut
2801 1556 2906 1611 duo
2947 1555 3033 1611 vel
3064 1565 3173 1611 tres
3204 1554 3404 1608 fratres

1810 1646 1971 1702 simul
1996 1647 2106 1702 sint
2133 1648 2448 1718 sepeliendi,
2488 1657 2566 1704 tot
2611 1648 2909 1713 thuribula,
2943 1655 3023 1702 tot
3053 1661 3245 1702 cruces
3278 1660 3402 1699 cum

1806 1738 2170 1805 candelabris,
2209 1740 2544 1809 totidemque
2571 1740 2881 1795 sacerdotes
2905 1739 3243 1804 adhibenter,
3270 1746 3402 1807 quot

156 1826 446 1882 Vestimenta
476 1826 593 1903 ejus
614 1844 644 1881 a
672 1826 972 1883 camerario
1002 1838 1367 1895 reservantur,
1391 1838 1451 1884 ut
1484 1830 1705 1885 cuicun-
1735 1812 1780 1870 Β
1808 1839 1934 1883 sunt
1971 1828 2226 1884 defuncti.
2256 1830 2335 1884 Ex
2369 1832 2565 1900 quibus
2605 1839 2783 1885 tamen
2820 1829 3074 1883 sacerdos
3102 1829 3397 1883 hebdoma-

152 1931 241 1986 que
270 1917 411 1972 fratri
440 1933 574 1988 opus
603 1917 783 1983 fuerit,
818 1920 1149 1976 tribuantur.
1207 1919 1469 1987 Quotiens
1501 1922 1710 1977 venerit

152 2008 518 2065 anniversarius
543 2009 683 2080 ejus,
716 2009 799 2065 vel
822 2010 985 2067 etiam
1014 2011 1437 2082 uniuscujusque
1480 2014 1706 2083 professi

152 2099 312 2163 nostri,
337 2100 523 2154 iterum
560 2101 849 2171 praebenda
897 2117 995 2158 sua
1037 2103 1255 2158 dabitur
1301 2104 1367 2158 ad
1409 2104 1707 2176 cleemosy-

152 2190 437 2248 uam.Missa
470 2209 623 2259 vero,
651 2210 772 2264 quae
793 2194 922 2250 item
951 2195 1220 2251 cantanda
1243 2206 1324 2251 est
1347 2212 1442 2266 pro
1468 2196 1575 2261 illo,
1608 2196 1709 2251 ali-

148 2284 335 2359 quando
357 2284 532 2356 aliqua
567 2288 892 2344 necessitate
917 2289 1230 2359 impeditur,
1253 2289 1345 2346 sed
1375 2306 1494 2345 cum
1520 2290 1704 2361 proxi-

150 2388 222 2429 me
248 2385 596 2447 opportunum
627 2378 812 2443 fuerit,
833 2389 1195 2435 restauratur.

687 2469 915 2526 CAPUT
950 2470 1156 2527 LXVII.

204 2560 273 2633 De
297 2578 371 2630 eo,
400 2563 488 2634 qui
513 2564 570 2617 in
598 2565 776 2637 aliqua
806 2563 1063 2623 cellarum
1095 2575 1397 2620 nostrarum
1425 2564 1627 2620 abierit.

205 2654 325 2731 iub.)
342 2655 553 2723 Frater,
578 2657 672 2727 qui
696 2657 764 2713 ad
796 2656 1028 2727 aliquam
1052 2656 1242 2713 cellam
1278 2665 1539 2723 nostram,
1568 2671 1704 2728 qua-

146 2758 326 2817 cunque
371 2764 438 2803 ex
485 2764 657 2806 causa
697 2749 927 2816 missus,
960 2749 1032 2805 ibi
1072 2749 1302 2816 abierit,
1364 2749 1439 2815 ibi
1487 2758 1703 2820 queque

148 2835 332 2910 habebit
389 2841 616 2915 triginta
679 2842 894 2911 missas,
945 2840 1243 2909 dummodo
1284 2841 1596 2898 sacerdotes
1644 2842 1699 2897 in

146 2929 243 2987 loco
269 2936 388 3003 sint,
418 2946 477 2991 ut
503 2937 612 3008 hoc
645 2936 758 2993 fieri
786 2937 983 3019 possit,
1033 2946 1087 2996 et
1128 2946 1350 3001 caetera.
1383 2954 1504 3008 qua:
1536 2953 1701 3009 supra

146 3026 361 3096 memini;
395 3029 553 3102 (van)
586 3031 669 3086 sin
700 3039 879 3086 autem
907 3031 1050 3101 apud
1100 3046 1208 3086 non
1236 3030 1434 3102 agitur.
1468 3031 1535 3086 Et
1574 3046 1700 3087 cum

145 3117 389 3176 advenerit
415 3123 599 3179 brevis
626 3124 744 3195 ejus
766 3122 1144 3193 depositionis,
1170 3123 1350 3193 agitur
1370 3138 1468 3195 pro
1496 3139 1561 3179 eo
1582 3122 1698 3179 olli-

1808 1920 1992 1977 darius
2017 1921 2291 1988 collectas,
2327 1938 2446 1991 quze
2478 1922 2533 1977 in
2575 1922 2782 1992 capella
2831 1919 2889 1975 S.
2946 1919 3127 1974 Mariae
3156 1927 3282 1973 sunt
3320 1918 3401 1971 di-

1808 2012 2011 2077 cendae,
2036 2013 2190 2078 dicit,
2217 2022 2273 2068 et
2301 2013 2494 2079 altare,
2513 2014 2769 2084 ipsosque
2797 2012 3083 2067 defunctos
3114 2013 3399 2066 incensare

1807 2106 1989 2161 debet.
2042 2106 2144 2173 Qui
2194 2108 2358 2163 etiam
2415 2107 2481 2162 ad
2532 2107 2865 2176 sepulturam
2912 2111 3038 2160 sunt
3093 2102 3394 2164 deferendi,

1806 2198 2102 2254 secundum
2135 2207 2347 2267 tempus
2394 2199 2574 2254 obitus
2620 2197 2735 2262 sui;
2778 2212 2844 2252 co
2879 2196 3130 2250 videlicet
3183 2177 3394 2255 ordine,

1805 2306 1865 2351 ut
1892 2294 1983 2364 qui
2027 2293 2178 2361 prius
2212 2292 2368 2354 obiit.
2424 2291 2647 2346 ultimus
2693 2290 2747 2344 in
2781 2289 3127 2360 processione
3172 2288 3261 2351 sit,
3312 2300 3397 2340 se-

1804 2394 2007 2456 quente
2052 2384 2475 2441 bebdomadario
2523 2382 2838 2447 sacerdote,
2902 2382 3227 2449 eidemque,
3276 2393 3396 2447 quae

1804 2487 1933 2533 sunt
1984 2478 2066 2532 sui
2102 2475 2262 2533 cilicii
2312 2475 2632 2542 exhibente;
2690 2473 2916 2545 reliquis
2965 2484 3146 2528 autem
3187 2471 3396 2528 duobus

1804 2569 1971 2626 simili
2012 2570 2203 2625 ordine
2258 2568 2707 2639 praecedentibus,
2741 2581 2806 2622 ac
2837 2581 2933 2636 per
2974 2565 3156 2621 omnia
3201 2564 3394 2621 eadem

1803 2660 2147 2716 facientibus.
2198 2659 2376 2714 Finita
2414 2668 2599 2715 autem
2651 2658 2880 2715 collecta
2925 2656 3249 2712 Temeritatis
3276 2697 3293 2724 ,
3339 2667 3395 2713 et

1804 2750 2091 2807 sacerdote
2144 2750 2572 2806 bebdomadario
2611 2748 2680 2805 de
2732 2748 3025 2819 sepulchro
3078 2763 3201 2817 cum
3232 2762 3396 2813 cruce

1802 2840 2126 2905 divertente,
2161 2849 2217 2893 et
2243 2846 2370 2893 ante
2394 2836 2677 2908 capellam,
2702 2852 2824 2908 quae
2856 2845 2941 2892 est
2971 2837 3025 2891 in
3056 2836 3233 2892 medio
3283 2851 3394 2893 cte-

1801 2930 2013 2986 meterii
2083 2928 2435 2993 subsistente,
2480 2936 2536 2983 et
2580 2927 2693 2995 isti,
2724 2935 2889 2997 atque
2924 2942 3061 2982 unus
3088 2941 3119 2980 a
3161 2926 3389 2991 dextris,

1804 3018 1945 3075 alter
1974 3035 2006 3074 a
2041 3018 2280 3074 siniStris
2327 3017 2652 3074 collateralis
2705 3018 3049 3073 associantur
3090 3016 3186 3084 illi,
3231 3026 3287 3072 et
3318 3015 3390 3071 ita

1800 3114 2185 3181 consistentes,
2217 3114 2389 3170 donec
2437 3112 2577 3169 idem
2623 3112 2879 3168 sacerdos
2922 3111 3223 3178 collectam,
3276 3108 3393 3163 Tibi

140 3208 262 3265 cium
288 3219 340 3267 et
360 3214 523 3270 missa
559 3190 731 3286 signis
760 3190 1013 3270 omnibus
1043 3190 1289 3285 pulsat—is,
1321 3190 1463 3271 et-de
1487 3214 1697 3285 reliquo
1724 3193 1766 3251 (ἶ
1802 3204 2043 3272 Domine,
2085 3214 2215 3271 ete.,
2242 3220 2341 3275 pro
2390 3190 2890 3260 eisdem'defunctis
2916 3201 3274 3258 communiter
3304 3199 3391 3255 di-
3460 3244 3467 3247 .

141 3302 359 3374 atriaque
381 3316 434 3362 et
473 3307 579 3378 ibi,
610 3307 700 3362 ubi
723 3307 965 3378 sepultus
997 3314 1100 3371 est,
1153 3316 1207 3361 et
1235 3307 1375 3378 apud
1403 3322 1503 3362 nos
1532 3323 1699 3378 agen-

139 3393 219 3450 dus
244 3407 318 3453 est
337 3401 523 3456 eodem
549 3402 710 3458 modo
730 3400 1075 3471 septenarius
1091 3399 1229 3470 ejus,
1248 3399 1428 3454 addita
1453 3401 1697 3470 praeben-

142 3485 211 3553 da,
241 3499 289 3545 et
319 3493 523 3562 psalmo
559 3481 730 3548 Verba
756 3511 870 3548 mea
898 3509 997 3565 per
1026 3493 1243 3564 triginta
1275 3492 1411 3550 dies.
1463 3496 1479 3512 ‘
1502 3494 1567 3548 Et
1592 3509 1692 3549 an-

137 3581 431 3643 niversarius
456 3587 581 3657 ejus
604 3589 826 3661 insuper
850 3590 903 3645 in
930 3588 1113 3663 regula
1142 3591 1283 3661 inter
1333 3587 1466 3655 alios
1494 3588 1699 3663 fratres,

136 3686 320 3741 nostros
338 3680 619 3753 scribitur.
1002 3676 1007 3679 “

650 3793 878 3853 CAPUT
916 3793 1149 3867 vant.

138 3878 254 3944 Quid
278 3885 367 3959 ﬁat
393 3905 487 3958 pro
519 3907 603 3956 eo,
638 3890 727 3961 qui
749 3890 898 4017 {igud
913 3907 1043 4013 gius,
1071 3891 1264 3945 nostris
1311 3890 1365 3944 in
1415 3888 1579 3958 cellis,
1614 3891 1696 3945 vel

712 3978 783 4014 at
824 3978 839 4014 t
879 3978 908 4016 ο
948 3971 1085 4014 terit.

712 3971 839 4016 altlll
879 3971 1085 4016 ODtet‘il.

190 4047 313 4123 (ου.)
334 4053 472 4122 Quid
500 4054 596 4109 fiat
622 4054 674 4109 in
710 4054 859 4123 cellis
887 4053 1089 4109 nostris
1115 4068 1215 4123 pro
1239 4053 1477 4123 quolibet
1500 4053 1688 4121 fratre,

132 4138 207 4207 qui
235 4144 363 4213 apud
399 4161 497 4202 nos
528 4145 613 4200 vel
647 4145 775 4211 alibi
818 4144 1046 4209 obierit,
1080 4159 1184 4197 non
1232 4143 1390 4197 facile
1435 4144 1690 4208 dixerim,

134 4229 217 4282 uisi
242 4236 441 4303 quando
469 4235 652 4304 brevis
681 4234 807 4289 illuc
836 4234 1064 4301 venerit,
1103 4234 1282 4303 agitur
1331 4232 1587 4298 cilicium,
1636 4242 1691 4288 et

132 4322 408 4397 Qnicﬂnque
450 4328 709 4383 sacerdos
751 4337 856 4395 est,
900 4335 1082 4383 cantat
1111 4333 1219 4379 tres
1251 4324 1567 4397 missas_pr0
1602 4339 1689 4389 eo,

128 4420 175 4463 et
212 4415 294 4484 qui
340 4434 442 4474 non
492 4427 577 4475 est
614 4420 891 4484 sacerdos,
942 4426 1157 4474 centum
1206 4428 1259 4473 et
1304 4416 1691 4488 quinquaginta

130 4505 359 4578 psalmos,
380 4521 475 4567 aut
498 4513 696 4568 totiens
718 4512 1053 4568 Dominicam
1077 4511 1396 4565 arationem.
1420 4509 1556 4581 (υυ.)
1583 4508 1689 4563 Ta-
1718 4539 1769 4601 Β

130 4611 232 4654 men
260 4618 375 4658 rara
414 4615 542 4661 sunt
594 4604 710 4660 luca
759 4605 868 4671 illa,
910 4605 964 4659 in
1016 4604 1212 4673 quibus
1248 4601 1533 4671 praebenda
1578 4614 1689 4654 non

130 4687 265 4744 detur
291 4710 497 4769 proco.
546 4700 560 4717 ‘
598 4695 732 4750 Nam
763 4704 816 4751 ct
865 4696 918 4749 in
947 4693 1268 4766 quibusdam
1297 4694 1456 4751 datur
1483 4701 1690 4761 septem

129 4778 316 4850 diebus,
347 4786 399 4842 in
422 4798 427 4801 ‘
452 4788 774 4858 quibusdam
814 4787 978 4843 etiam
1011 4788 1248 4859 triginta,
1295 4794 1343 4839 et
1376 4799 1589 4855 semper
1632 4783 1690 4838 in

130 4874 477 4934 anniversario
498 4879 635 4950 ejus,
659 4888 712 4934 et
729 4888 922 4934 caetera
947 4895 1106 4951 supra
1122 4876 1265 4932 dicta’
1288 4892 1384 4953 pro
1402 4891 1469 4931 eo
1483 4875 1690 4946 agenda

127 4976 254 5034 sunt,
283 4973 411 5026 etin
442 4972 827 5045 martyrologio
875 4958 1172 5027 notandum
1198 4979 1301 5026 est.
1330 4974 1343 4989 ⁴
1377 4969 1489 5023 Hoc
1519 4975 1688 5023 totum

125 5054 416 5127 dispositum
443 5073 546 5133 est,
577 5074 632 5119 et
654 5066 962 5129 ordinatum
993 5079 1087 5133 per
1119 5064 1374 5118 domuum
1405 5062 1682 5127 abbatem,

127 5145 246 5220 (ευ.)
270 5156 558 5211 secundum
599 5158 743 5227 quod
768 5159 881 5228 ipse
910 5157 1159 5231 cognovit
1182 5155 1598 5229 possibilitatem
1630 5162 1687 5208 et

127 5236 414 5302 facultatem
440 5247 539 5304 loci
567 5249 852 5320 cujusque.
1190 5236 1193 5239 b

665 5361 893 5418 carur
928 5360 1115 5417 LXIX.
1198 5336 1201 5339 ’

155 5444 224 5507 De
263 5426 339 5525 ἔθ’,
370 5453 459 5524 qui
480 5454 653 5509 subita
680 5465 862 5518 morte,
912 5456 1052 5523 quod
1083 5454 1239 5520 absu,
1290 5450 1473 5515 abierit
1503 5456 1651 5506 extra

731 5524 1042 5580 claustrum.
1392 5533 1394 5536 ’

190 5611 202 5631 ⁶
230 5615 374 5681 Quod
405 5616 449 5673 si
472 5606 639 5675 frater
662 5618 858 5689 aliquis
875 5619 1158 5675 subitanea
1187 5626 1357 5673 morte
1377 5632 1687 5688 percussus,

129 5706 252 5789 quod
286 5710 423 5767 absit
448 5712 569 5770 l'vcl
600 5713 782 5783 aliquo
818 5711 977 5767 modo
1027 5711 1329 5785 neglectus,
1354 5719 1506 5767 extra
1541 5701 1694 5766 clau?

129 5801 282 5851 Situm
327 5801 534 5873 obierit,
588 5804 653 5860 ad
694 5801 1049 5861 inﬁrmariam
1094 5801 1356 5873 defertur,
1401 5802 1689 5875 statimque

1798 3299 1894 3365 cit,
1932 3298 2024 3369 qui
2051 3307 2106 3353 et
2129 3298 2313 3353 illam:
2349 3297 2508 3365 Deus,
2535 3297 2689 3369 cujus
2720 3296 3089 3364 miserationis,
3137 3308 3235 3366 pro
3263 3306 3385 3350 om-

1800 3388 1959 3444 nibus
1980 3387 2070 3444 hic
2098 3388 2324 3460 sepultis
2354 3390 2491 3459 linit.
2602 3386 2605 3387 ⁷

2363 3481 2596 3539 CAPUT
2634 3481 2817 3537 LXXI.

2116 3574 2195 3629 De
2222 3574 2407 3630 abbate
2432 3576 2495 3629 ab
2524 3576 2623 3630 Itac
2651 3577 2752 3629 vita
2782 3582 3058 3643 migrante.

1867 3666 2007 3738 (υβ.)
2035 3666 2217 3738 Super
2245 3668 2360 3724 haec
2390 3668 2570 3722 omnia
2602 3668 2800 3722 domno
2835 3665 3016 3720 abbati
3046 3678 3113 3719 ex
3140 3664 3245 3719 hac
3275 3665 3385 3720 vita

1796 3759 2084 3815 decedenti
2134 3759 2238 3813 ista
2270 3769 2395 3815 sunt
2425 3760 2653 3831 agenda,
2688 3756 2876 3812 tandiu
2921 3755 3232 3811 inhumatus
3258 3756 3384 3821 erit,

1796 3870 1965 3925 usque
2012 3855 2137 3909 dum
2189 3854 2387 3909 fratres
2431 3863 2629 3909 nostrae
2666 3850 3387 3923 congregationis’undique

1795 3947 1863 4002 de
1886 3946 2232 4002 monasteriis
2266 3954 2322 4000 et
2345 3944 2493 4000 cellis
2522 3944 2812 4000 convenire
2848 3942 3075 4012 possint.
3124 3940 3387 3997 Tumulus

1793 4037 1911 4107 ejus
1960 4037 2184 4103 inloco,
2234 4053 2393 4106 quem
2443 4038 2637 4092 merita
2682 4034 2799 4104 ejus
2849 4022 3073 4106 exigunt
3115 4032 3387 4103 (ornatius

1795 4138 1976 4183 tamen
2002 4143 2165 4197 quam
2213 4128 2464 4197 aliorum)
2499 4137 2581 4183 est
2607 4126 2881 4196 parandus
2930 4125 3090 4195 (υαν.)
3132 4125 3189 4178 1η
3222 4139 3385 4193 quem

1792 4220 2143 4291 deponendus
2174 4220 2404 4274 vcstitur
2446 4221 2697 4275 omnibus
2743 4216 3170 4274 sacerdotalibus
3218 4214 3387 4268 vesti,
3430 4278 3437 4285 ν

1795 4311 2012 4365 mentis.
2037 4309 2283 4376 Quatuor
2306 4309 2522 4373 fratres,
2557 4308 2647 4377 qui
2690 4314 2912 4362 cantant
2948 4319 3139 4359 versus
3168 4303 3381 4359 illorum

1795 4400 1959 4456 trium
2009 4400 2506 4470 responsoriorum,
2553 4397 2724 4451 induti
2773 4404 2899 4451 sunt
2932 4394 3138 4465 cappis,
3167 4402 3222 4447 et
3246 4406 3383 4462 qua-

1796 4506 1941 4558 tuor,
1972 4492 2062 4562 qui
2091 4499 2311 4562 portant
2355 4506 2479 4546 eum
2532 4490 2602 4545 ad
2640 4488 2922 4553 tumulum,
2958 4487 3116 4542 albis.
3158 4488 3175 4508 ‘
3222 4485 3389 4555 Virga

1793 4582 2085 4655 pastoralis
2119 4588 2327 4635 tantum
2362 4580 2433 4637 ad
2462 4579 2579 4651 ejus
2613 4579 2863 4633 dextrum
2884 4577 3027 4631 latus
3054 4574 3380 4645 applicatur;

1793 4673 1887 4729 sed
1915 4672 2054 4728 calix
2084 4671 2138 4725 in
2166 4686 2386 4743 manum
2420 4686 2523 4725 non
2556 4670 2733 4725 datur.
2749 4668 2853 4723 Per
2879 4681 3080 4722 annum
3112 4666 3384 4736 integrum

1793 4766 1953 4821 datur
1977 4767 2044 4820 ad
2071 4767 2472 4836 eleemosynam
2502 4763 2619 4834 ejus
2647 4760 2960 4832 praebenda,
2990 4757 3129 4831 (σο.)
3159 4771 3264 4811 non
3297 4770 3387 4811 so—

1793 4858 1901 4912 lum
1934 4860 2074 4929 apud
2104 4874 2221 4926 nos,
2247 4859 2341 4913 sed
2371 4857 2539 4911 etiam
2568 4856 2623 4910 in
2645 4855 2898 4910 omnibus
2930 4849 3279 4907 monasteriis
3328 4859 3385 4902 et

1793 4953 1948 5009 cellis
1979 4954 2201 5016 nostris,
2226 4967 2343 5021 qurc
2374 4960 2428 5006 et
2456 4964 2669 5019 semper
2694 4962 2855 5017 super
2886 4958 3125 4999 mensam
3173 4940 3382 5013 princi-

1795 5046 1971 5115 palem
2002 5046 2254 5117 ponitur;
2291 5052 2345 5097 et
2376 5042 2595 5112 triginta
2626 5042 2806 5094 missa:
2835 5045 3123 5091 cantantur
3154 5033 3224 5087 ibi
3285 5046 3384 5100 pro

1791 5154 1885 5206 eo;
1915 5139 1961 5195 si
2002 5148 2183 5192 tamen
2217 5145 2343 5191 sunt
2368 5135 2712 5197 sacerdotes,
2743 5131 2831 5200 qui
2863 5130 2963 5183 hoc
2990 5126 3267 5197 potuerint
3288 5138 3385 5177 ex-

1794 5236 1964 5302 plere.
1995 5234 2155 5306 (van)
2189 5233 2316 5300 Ejus
2343 5244 2556 5300 quoque
2588 5224 3017 5288 anniversarius,
3048 5223 3210 5277 etiam
3234 5220 3276 5273 si
3328 5219 3381 5272 iu

1692 5346 1695 5349 ‘
1794 5339 2040 5398 tempore
2069 5325 2299 5397 byemali
2322 5331 2445 5392 post
2465 5320 2744 5375 duodecim
2773 5317 3032 5371 lectiones
3056 5312 3377 5377 occurrerit,

1798 5423 1904 5478 hoc
1935 5418 2095 5476 modo
2134 5417 2328 5487 agitur.
2357 5413 2542 5468 Primo
2570 5419 2626 5466 ut
2654 5408 2835 5464 omnia
2892 5408 3041 5478 signa
3098 5404 3384 5475 pulsentur.

1796 5514 2056 5585 prolixius
2079 5512 2145 5567 ad
2170 5522 2447 5578 vesperam
2495 5520 2591 5575 pro
2631 5502 2922 5567 defunctis,-
2956 5500 3047 5570 qui
3090 5507 3145 5553 et
3171 5512 3235 5552 ea
3264 5497 3389 5551 vice,

1796 5596 2089 5665 cantantur
2134 5604 2185 5659 in
2212 5603 2401 5665 choro,
2433 5598 2746 5669 priusquam
2772 5592 3048 5665 processio
3093 5590 3190 5645 liat
3218 5589 3285 5643 ad
3316 5587 3374 5641 S.

1805 5704 2048 5760 Mariam.
2077 5704 2090 5719 ‘
2122 5697 2272 5766 Quod
2308 5706 2486 5750 tamen
2525 5694 2575 5747 in
2598 5700 2787 5747 aestate
2828 5705 2932 5745 non
2959 5699 3041 5744 cst
3081 5685 3373 5759 agendum:

1802 5809 1927 5859 nam
1958 5803 2084 5851 tunc
2111 5785 2413 5862 hujusmodi
2444 5782 2846 5842 annivci‘sarius
2873 5788 2993 5853 post
3033 5777 3224 5835 festum
3248 5773 3378 5837 duo;
