3886 6308
474 308 615 365 1143

466 418 644 479 decim
668 413 970 482 lectionum
984 425 1311 487 occurrens,
1350 409 1406 464 in
1433 417 1755 491 sequentem.
1796 407 1939 475 diem
1968 413 2052 483 est

464 480 811 567 differendus.
841 502 978 576 (ιω.)
1002 486 1133 558 Item
1159 480 1225 557 ad
1244 500 1478 558 cilicium
1502 509 1557 556 et
1585 480 1825 567 miSsain,
1849 514 1969 571 qua:
1990 480 2045 555 et

461 602 679 662 festive,
711 614 811 655 nec
857 596 1060 667 absque
1114 605 1287 651 tractu
1332 595 1595 652 cantando
1621 593 1946 659 celebratur,
1992 600 2045 645 et

464 693 815 767 nihilominus
833 690 1014 747 omnia
1038 689 1189 760 signa
1218 688 1502 759 pulsantur

533 788 550 807 ‘
584 785 963 855 Unusquisque
1028 783 1284 860 sacerdos
1331 790 1518 837 cantat
1560 780 1779 835 missam
1822 794 1923 849 pro,
1956 794 2041 845 eo,

459 875 551 930 alii
584 884 795 945 septem
825 874 1085 949 psalmos,
1113 874 1197 928 vel
1223 872 1314 949 qui
1341 872 1578 943 psalmos
1620 872 1902 935 nesciunt,
1958 880 2037 926 to-

458 965 601 1021 tiens
635 964 971 1022 Dominicam
994 964 1296 1019 orationem
1321 965 1435 1033 (un.
1467 963 1602 1033 var.)
1626 960 1747 1032 Ipso
1771 962 1862 1018 die
1883 961 2044 1017 habe-

457 1053 595 1109 bunt
615 1052 812 1108 fratres
846 1054 897 1108 in
924 1052 1211 1110 refectorio
1241 1050 1594 1121 charitatcm;
1648 1060 1875 1124 excepto
1910 1052 1952 1107 si
1986 1050 2041 1107 in

458 1142 884 1216 Quadragesima
938 1142 1007 1197 in’
1045 1143 1180 1201 feria
1222 1142 1482 1208 secunda,
1515 1134 1717 1213 quarta
1754 1142 1840 1197 vel
1885 1153 2041 1198 sexta

456 1230 734 1299 occurrit;
762 1243 891 1288 tunc
921 1234 1228 1303 hujusmodi
1259 1234 1517 1305 pietantia
1543 1250 1712 1306 usque
1736 1235 1791 1289 in
1813 1250 2042 1306 sequen-

456 1334 565 1379 tem
595 1324 738 1379 diem
766 1324 1029 1381 diliertur.
1052 1396 1055 1401 ι
1079 1328 1099 1347 ’
1129 1325 1401 1396 Pauperes
1432 1329 1596 1404 etiam
1652 1328 1936 1384 duodecim
1983 1330 2038 1385 in

453 1416 707 1486 hospitali
733 1418 1069 1485 reliciuntur,
1118 1436 1225 1475 non
1277 1408 1451 1475 solum
1487 1436 1627 1491 pane
1661 1430 1717 1477 et
1749 1422 1897 1488 vino,
1944 1422 2038 1479 sed

454 1493 618 1565 etiam
644 1522 806 1563 carne
838 1526 849 1563 :
886 1508 1018 1565 alias
1045 1512 1357 1579 providetur
1381 1513 1485 1577 eis,
1527 1510 1670 1582 quod
1695 1511 2034 1567 tantumdem

450 1597 615 1665 valet.
648 1597 783 1671 (un.)
819 1599 942 1655 llaec
990 1610 1169 1656 autem
1220 1618 1518 1674 pauperum
1566 1601 1829 1659 recreatio
1856 1602 2035 1673 agitur

453 1699 664 1757 tantum
694 1690 772 1746 in
812 1702 1121 1767 nostrorum
1171 1695 1430 1749 abbatum
1480 1695 1885 1762 anniversario,
1930 1694 2032 1751 nisi

451 1780 594 1836 lorte
637 1784 910 1839 communi
965 1784 1186 1841 decreto
1236 1774 1572 1860 itnpcnsatur
1623 1787 1781 1842 alicui
1840 1802 2037 1859 magno

449 1865 783 1930 benefactori
802 1863 1009 1939 nostro.
1040 1877 1176 1950 (υυ.)
1205 1878 1259 1934 Si
1285 1880 1499 1949 quando
1531 1879 1759 1949 alicujus
1785 1880 2039 1937 anniver-

451 1967 630 2025 sarius
659 1984 780 2023 cum
822 1971 1058 2026 maximo
1085 1973 1189 2025 ritu
1222 1975 1463 2042 agendus
1513 1975 1775 2038 occurrit,
1803 1976 1893 2043 qui
1921 1991 2038 2031 mo-

450 2057 696 2119 nasterio
730 2056 949 2127 aliquod
976 2060 1259 2115 donarium
1308 2062 1553 2133 contulit,
1608 2062 1736 2116 illud
1762 2078 1882 2117 CUIII
1910 2064 2036 2117 Pla-

450 2145 570 2200 cebo
618 2162 716 2216 pro
764 2149 956 2204 eodem
1004 2150 1281 2220 incipitur,
1312 2161 1367 2206 et
1393 2151 1505 2205 sive
1537 2153 1607 2205 sit
1635 2149 1878 2221 pallium,
1923 2155 2036 2209 sive

450 2237 594 2292 aliud
635 2239 945 2309 hujusmodi
993 2253 1397 2309 ornamentum,
1443 2261 1540 2315 pro
1567 2247 1733 2317 ipsius
1776 2248 2035 2302 memoria

450 2332 783 2413 cernendum
817 2349 981 2405 super
1022 2336 1193 2392 altare
1234 2339 1471 2409 ponitur,
1516 2341 1835 2409 nequeinde
1859 2340 2037 2396 aufer-

450 2416 563 2487 tur,
585 2422 757 2480 donec
786 2426 839 2480 in
865 2428 1105 2483 crastino
1133 2429 1354 2484 missam
1389 2428 1764 2487 dcfunctornm
1786 2432 1913 2487 item
1939 2447 2037 2502 pro

449 2527 515 2567 eo
538 2514 778 2569 canenda
804 2514 1040 2591 finiatur.
1558 2522 1561 2525 ⁷
2038 2510 2043 2513 ⁵

996 2628 1224 2687 CAPUT
1259 2631 1467 2687 LXXII.

448 2718 528 2774 De
542 2719 726 2789 fratre,
750 2724 839 2793 qui
866 2722 921 2794 in
948 2721 1367 2794 Quadragesima
1390 2726 1595 2792 abierit,
1622 2729 1736 2781 etin
1760 2728 2041 2783 duodecim

676 2804 679 2809 λ
764 2792 769 2793 “
868 2792 1265 2849 lectionibus'est
1291 2796 1635 2866 sepeliendus.

518 2885 658 2957 (00.)
698 2882 756 2945 Si
786 2885 908 2955 quis
945 2884 1173 2940 fratrum
1206 2887 1258 2942 in
1289 2887 1712 2963 Quadragesima
1736 2891 1953 2971 abierit,
1981 2901 2041 2955 et

449 2975 505 3030 in
546 2974 640 3030 tali
670 2977 777 3035 die
819 2986 903 3030 est
944 2976 1308 3045 sepeliendus,
1355 2980 1447 3049 qui
1484 2996 1605 3035 cum
1645 2980 1931 3037 duodecim
1957 2982 2036 3038 lc-

446 3066 720 3148 ctionibus
749 3068 911 3125 fuerit
940 3072 1196 3138 solennis,
1225 3086 1323 3141 pro
1367 3070 1458 3125 illo
1480 3074 1869 3147 postprimam
1904 3089 2035 3130 can-

1504 366 1511 369 ,
1546 300 1607 363 s.
1648 296 2022 373 GUILLELMI
2058 294 2349 385 ABBATIS
2376 290 2702 379 ntnsauc.

3605 285 3721 344 1144

2706 394 2936 460 CAPUT
2969 394 3159 455 LXXV

2190 492 2266 549 De
2289 509 2370 559 eo,
2396 492 2485 563 qui
2511 474 2834 559 sepeliendus
2857 492 2954 554 est,
2982 486 3192 557 quando
3219 487 3412 541 radere
3440 486 3678 543 debemus

2223 582 2361 655 (υυ.)
2384 582 2513 637 item
2532 580 2625 652 qui
2649 576 2988 649 sepeliendus
3012 586 3096 633 est
3119 592 3184 633 eo
3206 579 3319 644 die,
3348 594 3462 648 quo
3480 594 3590 634 non
3606 578 3725 636 bene

2151 690 2436 747 possumus
2476 682 2692 729 mutare
2728 685 3009 737 rasuram,
3045 678 3167 740 post
3206 670 3512 742 capitulum
3560 671 3721 727 statim

2148 780 2405 836 percussa
2447 762 2628 821 tabula
2667 760 2953 832 sepelitur;
3008 759 3134 830 quia
3183 760 3447 831 quamdiu
3479 770 3566 816 est
3601 764 3722 817 inse-

2148 843 2353 928 pultus,
2380 872 2489 913 non
2516 855 2642 911 licet
2665 854 2720 909 in
2746 854 2988 910 claustro
3019 852 3103 909 vel
3124 852 3297 923 loqui,
3326 852 3417 908 vel
3441 852 3596 909 aliud
3614 854 3723 924 quid

2149 950 2351 1017 facere,
2409 948 2516 1004 nisi
2565 955 2773 1002 tantum
2827 944 3049 1018 psalmis
3088 958 3287 1001 vacare
3341 944 3413 999 ad
3460 947 3723 1016 exeun

2150 1042 2311 1110 Solus
2357 1041 2629 1097 armarius
2672 1047 2886 1095 tantum
2928 1037 3167 1094 defuncti
3217 1051 3418 1093 nomen
3469 1038 3725 1095 scribitia

2148 1134 2451 1190 memoriali
2489 1133 2721 1188 fratrum
2771 1141 2827 1188 et
2876 1131 3099 1203 breves,
3146 1146 3267 1202 quae
3321 1130 3538 1201 absque
3594 1147 3723 1188 mora

2147 1228 2421 1285 mittendae
2466 1235 2594 1283 sunt
2643 1230 2743 1296 pro
2792 1238 2863 1281 eo
2918 1239 3017 1294 per
3067 1223 3252 1279 cellas.
3298 1223 3493 1291 ‘Quas
3527 1224 3722 1295 quidem

2147 1320 2478 1397 perscriptas
2517 1320 2659 1375 idem
2695 1318 2966 1373 armarius
3001 1316 3311 1385 cellerario,
3358 1317 3452 1387 qui
3485 1333 3584 1373 eas
3610 1318 3722 1373 mis-

2145 1428 2304 1469 surus
2350 1419 2452 1480 est,
2497 1419 2625 1475 ante
2676 1409 2959 1475 cellarium
2988 1416 3307 1478 praesentat,
3347 1418 3405 1464 et
3446 1409 3497 1466 si
3554 1410 3639 1464 ille
3676 1410 3722 1464 in

2144 1513 2395 1576 promptu
2418 1519 2523 1560 non
2558 1500 2739 1569 fuerit,
2786 1502 2920 1558 inibi
2950 1502 3004 1557 in
3041 1501 3218 1557 locum
3252 1504 3321 1559 ad
3372 1504 3480 1559 hoc
3521 1504 3722 1574 deputao

2147 1603 2259 1650 tum
2288 1610 2383 1651 eas
2411 1594 2645 1665 reponit.
2670 1593 2800 1661 Qua:
2830 1588 2957 1665 quia
2980 1602 3046 1648 ex
3078 1595 3303 1664 antiqua
3325 1594 3558 1650 Patrum
3585 1596 3721 1650 insti—

2145 1686 2373 1752 tutione,
2402 1686 2521 1742 sine
2556 1686 2703 1741 omni
2741 1683 3001 1740 dilatione
3038 1684 3363 1752 mittuntur,
3387 1700 3490 1755 per
3514 1683 3723 1738 famulos

2068 1761 2114 1822 Β
2142 1778 2209 1832 ad
2236 1779 2340 1833 hoc
2373 1777 2547 1834 solum
2580 1777 2867 1847 deputatas
2905 1777 3393 1832 circumferuntur.
3432 1778 3640 1845 Quibus
3672 1785 3723 1832 ut

2142 1872 2252 1928 sint
2277 1885 2489 1942 semper
2513 1873 2689 1943 parati
2726 1888 2758 1927 a
2794 1875 3098 1929 camerario
3142 1872 3491 1940 vestiuntur,
3518 1886 3549 1925 a
3576 1868 3721 1927 celle-

2141 1964 2289 2021 rario
2316 1978 2446 2021 vero
2471 1964 2645 2022 victus
2670 1964 2997 2025 cottidiauus
3020 1965 3183 2022 debet
3211 1962 3515 2039 provideri.

2679 2055 2907 2113 carm
2957 2055 3197 2127 Lxxvt.

2509 2150 2733 2216 Quando
2762 2150 2935 2205 breves
2970 2148 3240 2203 mittenda;-
3267 2149 3393 2201 sint.

2158 2310 2161 2311 ν
2213 2245 2228 2262 ⁶
2256 2242 2411 2310 Quali
2445 2251 2626 2298 autem
2653 2242 2845 2298 ordine
2882 2242 3192 2313 hujusmodi
3226 2241 3423 2296 breves
3462 2240 3575 2295 sint
3608 2241 3723 2296 mit-

2143 2336 2333 2399 tend:c,
2364 2334 2631 2390 silendum
2676 2349 2785 2389 non
2836 2341 2939 2390 est.
2988 2332 3159 2404 Igitur
3195 2347 3293 2403 per
3338 2347 3535 2387 omnes
3567 2331 3719 2387 cellas

2141 2435 2356 2482 nostras
2392 2426 2550 2497 longe
2574 2426 2659 2481 vel
2686 2440 2855 2496 prope
2884 2425 3092 2497 positas
3112 2465 3129 2492 ,
3158 2424 3456 2479 dummodo
3485 2441 3516 2478 a
3551 2439 3611 2479 se
3647 2424 3718 2477 in-

2138 2506 2311 2577 vicem
2349 2517 2574 2573 multum
2616 2532 2725 2573 non
2753 2518 2987 2584 distent,
3017 2516 3201 2572 brevis
3230 2531 3340 2570 una
3374 2514 3442 2569 ad
3481 2515 3721 2569 intiman-

2140 2610 2264 2666 dum
2295 2610 2482 2666 fratris
2508 2610 2713 2665 obitum
2742 2608 2958 2665 sullicit.
2984 2608 3119 2664 Nam
3143 2616 3432 2679 postquam
3459 2607 3525 2678 ad
3552 2606 3717 2677 prosi.

2138 2717 2282 2769 mam
2321 2702 2636 2757 earumdem
2669 2701 2929 2769 cellarum
2958 2698 3119 2757 allata
3167 2699 3365 2767 fuerit,
3405 2701 3471 2756 de
3507 2699 3624 2756 loco
3663 2699 3721 2752 ad

2139 2796 2315 2851 locum
2339 2809 2436 2865 per
2458 2786 2669 2864 priores
2694 2794 2843 2859 inibi
2870 2804 3292 2859 commorantes,
3324 2802 3411 2851 est
3445 2795 3718 2850 mittenda.

2139 2874 2293 2951 Quod
2330 2884 2377 2939 si
2415 2900 2516 2955 per
2559 2868 2804 2941 diversas
2843 2894 3112 2941 terrarum
3149 2894 3337 2957 partes
3362 2885 3561 2941 eaedem
3584 2884 3721 2941 cells

2137 2975 2205 3031 ab
2234 2976 2465 3031 invicem
2512 2977 2727 3046 longius
2753 2977 2956 3033 distare
2988 2986 3325 3043 noscuntur,
3366 2992 3584 3033 necesse
3625 2986 3719 3044 est,

2138 3076 2199 3122 ut
2227 3083 2258 3122 a
2292 3069 2629 3125 monasterio
2684 3069 2969 3141 principali
3003 3084 3102 3140 per
3143 3070 3384 3143 singulas
3422 3070 3719 3142 provincia-

444 3144 597 3213 tatur
640 3159 805 3216 missa
856 3139 1273 3228 defunctorum’,
1323 3174 1379 3219 et
1427 3139 1550 3220 cum
1588 3139 1779 3227 ,lribus
1832 3177 2037 3223 tantum
2065 3139 2110 3201 ο
2143 3175 2262 3215 rum
2291 3159 2454 3215 cellas
2481 3139 2926 3231 brevesisingulm
2959 3139 3426 3217 transmittuntur.

445 3245 719 3315 collectis;
749 3249 801 3304 id
831 3260 925 3318 est
956 3250 1295 3321 Omnipotens
1344 3255 1650 3324 sempiterna
1698 3257 1859 3325 Deus.
1897 3256 2039 3313 Deus

441 3340 605 3395 renia:
634 3338 871 3411 largitor.
905 3341 1172 3399 Fidelium
1215 3344 1373 3400 Deus.
1406 3338 1700 3419 Propterea
1726 3350 1911 3409 tamen
1940 3368 2041 3421 nec

441 3428 539 3485 illa
594 3433 758 3489 missa
804 3434 872 3491 de
916 3434 1211 3493 festivitate
1253 3449 1374 3510 post
1421 3442 1660 3509 tertiam,
1708 3459 1807 3499 nec
1846 3444 1937 3499 illa
1971 3428 2039 3499 de

438 3521 643 3590 jejunio
660 3535 785 3595 post
809 3544 1010 3585 nonam
1035 3532 1354 3587 remanebit.
1392 3532 1497 3590 Sed
1526 3535 1612 3592 sin
1639 3536 1727 3593 die
1755 3536 2038 3593 Dominica

442 3616 721 3695 sepultura
749 3626 1014 3693 evenerit,
1060 3627 1280 3691 additur
1319 3639 1373 3685 et
1409 3643 1602 3703 quarta
1646 3630 1906 3702 collecta;
1938 3635 2037 3691 ‘id

440 3714 546 3777 est,
575 3706 889 3767 Sanctorum
920 3725 1152 3786 tuorum,
1185 3734 1303 3789 quae
1336 3737 1436 3778 nec
1458 3724 1614 3791 alias,
1646 3733 1828 3782 tamen
1857 3740 1923 3783 eo
1949 3727 2036 3783 die

442 3800 801 3857 omitteretur.
1158 3812 1159 3815 ‘
1228 3826 1231 3829 ·
1626 3830 1629 3833 λ

770 3956 775 3959 ,
952 3900 1180 3963 CAPUT
1219 3904 1451 3963 LXXIII.

511 3978 590 4037 De
617 3982 804 4055 eo,fqui
833 3988 1156 4059 sepeliendus
1186 4002 1261 4049 est
1291 3996 1346 4049 in
1370 3996 1551 4052 diebus
1577 4008 1700 4054 ante
1724 3999 1959 4059 Pascha.

511 4073 649 4146 (ου.)
686 4074 820 4133 Item
849 4080 897 4135 si
923 4075 1423 4154 quis'sepeliendus
1456 4098 1540 4155 est
1563 4098 1691 4148 ante
1719 4107 1940 4163 nonam,
1974 4095 2030 4154 in

439 4166 680 4238 qualibet
714 4168 800 4225 die
821 4170 887 4225 de
915 4172 1021 4229 illis
1050 4174 1255 4243 tribus,
1284 4178 1648 4251 quiproxime
1691 4182 1903 4240 Pascha
1932 4201 2030 4240 an-

437 4259 711 4327 tecedunt,
743 4261 759 4281 ‘
786 4263 905 4319 sine
935 4264 1137 4322 lumine
1182 4278 1239 4327 et
1284 4270 1612 4341 incenso,'et
1642 4275 1688 4331 si
1719 4285 1803 4332 est
1842 4277 1896 4333 in
1926 4270 2039 4333 Pa-r

436 4365 683 4421 rasceve,
717 4369 749 4408 a
778 4354 1039 4414 fratribus
1073 4360 1232 4417 nudis
1267 4363 1497 4432 pedibus
1537 4366 1912 4431 incedentibus
1938 4384 2026 4426 se-

2213 3251 2338 3308 Haec
2366 3262 2545 3309 autem
2580 3253 2830 3309 brevium
2868 3254 3214 3312 transmissio
3238 3255 3404 3311 simili
3441 3255 3597 3310 modo
3620 3254 3719 3325 agi-

2142 3355 2254 3413 tur,
2292 3347 2338 3401 si
2371 3346 2525 3417 cujus
2553 3338 2740 3403 fratris
2769 3347 2951 3404 obitus
2982 3348 3037 3404 in
3075 3348 3211 3404 cella
3256 3349 3433 3421 aliqua
3465 3350 3716 3413 evenerit,

2140 3446 2196 3493 et
2228 3436 2411 3495 brevis
2450 3438 2594 3494 illius
2636 3440 2705 3494 ad
2743 3455 2844 3495 nos
2884 3455 3054 3511 usque
3096 3443 3444 3511 pervenerit;
3478 3451 3718 3511 excepto,

2140 3531 2282 3601 quod
2307 3533 2374 3586 ad
2403 3531 2641 3603 aliquam
2674 3533 2729 3588 in
2773 3534 2961 3591 eadem
3001 3542 3147 3589 terra
3171 3535 3348 3596 sitam
3387 3537 3452 3592 de
3488 3534 3635 3600 loco,
3668 3534 3715 3586 in

2139 3637 2245 3694 quo
2274 3622 2429 3691 obiit,
2455 3624 2719 3680 mittenda
2742 3635 2846 3681 est.
3508 3618 3511 3621 ’

2674 3715 2901 3775 CAPUT
2937 3716 3194 3775 LXXVII.

2139 3832 2292 3899 Quod
2313 3834 2425 3889 sine
2447 3834 2701 3909 dilatione
2719 3835 2979 3909 agendum
3005 3846 3081 3891 est
3106 3837 3327 3909 ofﬁcium
3346 3838 3710 3909 Defenderam

2370 3907 2764 3976 superveniente
2792 3907 2931 3961 brevi
2961 3924 3057 3977 pro
3085 3907 3256 3977 fratre
3284 3907 3484 3965 nostro.

2287 3994 2346 4051 Si
2394 3997 2613 4068 quando
2664 3998 2968 4054 istiusmodi
3018 4000 3201 4055 brevis
3249 4010 3377 4058 ante
3429 4001 3709 4074 capitulum

2136 4086 2363 4145 all'ertur
2399 4106 2431 4145 a
2480 4091 2705 4148 custode
2745 4092 3044 4163 hospitum,
3082 4110 3111 4149 a
3160 4111 3267 4166 quo
3298 4111 3493 4152 omnes
3534 4095 3709 4150 breves

2134 4180 2493 4251 recipiuntur,
2532 4184 2599 4239 ad
2638 4184 2948 4254 proximum
2989 4187 3286 4257 capitulum
3319 4182 3522 4243 domno
3545 4184 3705 4241 abbati

2132 4272 2215 4328 vel
2240 4272 2410 4343 priori
2444 4274 2883 4345 reprzesentatur.
2915 4276 3018 4344 Qui
3054 4293 3180 4335 mox
3199 4318 3215 4344 ,
3239 4286 3298 4333 ut
3324 4293 3447 4334 eam
3477 4279 3610 4333 intra
3630 4288 3703 4332 sc-

2131 4365 2420 4436 metipsum
2452 4363 2767 4441 perlegerit,
2803 4373 2880 4422 et'
2912 4367 3093 4425 locum
3135 4369 3280 4426 unde
3316 4370 3509 4426 eadem
3540 4366 3703 4425 brevis

435 4439 657 4509 pelitur,
682 4451 738 4499 et
767 4447 972 4516 absque
1012 4450 1177 4537 missa
1203 4450 1303 4522 pro
1342 4454 1648 4524 defunctis,
1686 4474 1809 4533 quae
1846 4469 2025 4517 tamen
2061 4491 2107 4546 Β
2132 4455 2372 4530 advenit,
2403 4466 2457 4514 et
2492 4439 2691 4514 fratres
2733 4458 2976 4530 ejusdem
3010 4459 3215 4515 obitum
3251 4467 3309 4516 et
3354 4476 3546 4516 nomen
3589 4476 3703 4531 pro—

436 4540 621 4600 postea
648 4538 955 4595 cantabitur
980 4540 1034 4597 in
1073 4542 1206 4599 feria
1237 4546 1426 4615 quinta
1461 4548 1719 4617 Pascha},
1749 4567 1850 4610 nec
1870 4553 2030 4610 aliter

2144 4547 2412 4615 nuntians,
2468 4549 2587 4605 sine
2628 4549 3026 4619 interruptione
3071 4550 3466 4609 absolutionem
3505 4552 3701 4607 solitam

437 4637 600 4691 quam
636 4624 683 4681 si
722 4640 917 4696 corpus
952 4628 1191 4691 defuncti
1230 4647 1384 4697 esset
1427 4639 1481 4695 in
1521 4643 1799 4711 praesenti.
1838 4644 1920 4704 Ab
1961 4659 2031 4707 ea,

436 4723 617 4770 autem
664 4715 800 4773 hora
836 4735 942 4790 qua
970 4738 1143 4782 novus
1179 4727 1318 4806 ignis
1359 4728 1722 4803 benedicitur,
1764 4749 1935 4806 usque
1970 4736 2027 4792 in

435 4808 740 4865 crastinum
775 4808 954 4882 mane,
988 4832 1163 4901 neque
1196 4805 1527 4894 in‘ecclesia,
1550 4841 1724 4901 neque
1751 4827 1818 4883 ad
1846 4805 2023 4899 sepul-

433 4911 610 4957 turam
648 4903 854 4961 lumine
880 4907 1143 4976 privatur.
1220 4904 1223 4911 λ
1656 4926 1667 4939 "
1792 4920 1802 4931 ‘
1882 4916 1887 4921 ”

842 4992 847 4999 “
899 5004 904 5011 ⁷
975 5002 1202 5062 CAPUT
1240 5007 1475 5066 LXXIV.

499 5086 579 5145 De
605 5105 687 5157 eo,
710 5091 801 5161 qui
826 5092 1150 5161 sepeliendus
1190 5108 1263 5152 est
1292 5094 1346 5153 iu
1372 5100 1553 5156 diebus
1578 5101 1948 5175 Rogationum.

448 5220 449 5223 η
499 5181 519 5201 ’
561 5180 746 5254 (γαν.)
785 5184 917 5242 Item
953 5186 998 5243 si
1038 5184 1163 5258 quis
1204 5191 1547 5262 sepeliendus
1572 5178 1735 5251 est-in
1764 5177 2017 5269 Rogatio-

2129 4647 2372 4711 exoptat,
2405 4648 2459 4721 et
2482 4640 2775 4711 capitulum
2815 4641 2940 4721 plus
2970 4630 3133 4699 δοΙὶιο
3157 4644 3480 4715 corripitur,
3506 4654 3560 4700 ut
3587 4661 3697 4699 cum

2128 4732 2427 4803 psalmodia
2484 4732 2649 4790 Verba
2684 4752 2797 4790 mea
2849 4734 3093 4799 ﬁniatur.
3121 4746 3179 4793 et
3212 4736 3445 4795 oﬂicinm
3481 4753 3572 4809 pro
3596 4736 3701 4805 ejus

2127 4824 2333 4881 anima:
2355 4826 2545 4906 requie
2570 4836 2880 4899 peragatur.
2921 4827 2978 4884 Si
3016 4830 3170 4886 linito
3207 4828 3444 4901 capitqu
3481 4827 3697 4886 ollicium

2126 4910 2312 4971 statim
2339 4934 2443 4971 non
2473 4918 2673 4996 agitur,
2701 4931 2896 4992 pestea
2930 4937 3035 4978 non
3072 4922 3200 4991 lict,
3232 4922 3338 4981 nisi
3364 4922 3535 4980 tabula
3558 4920 3697 4991 prius

2124 5011 2482 5079 percutiatur.
2630 5011 2635 5015 “
3114 5012 3119 5017 ’
3608 5022 3617 5033 ⁸

2148 5090 2263 5159 Ἐι
2293 5104 2593 5172 sciendum,
2622 5102 2772 5183 quia,
2815 5108 2860 5163 si
2909 5108 3093 5178 plures
3134 5109 3328 5166 breves
3374 5112 3437 5165 de
3482 5106 3693 5165 diversis

2123 5194 2276 5261 locis,
2299 5194 2353 5249 id
2379 5186 2465 5251 est
2501 5184 2568 5252 de
2602 5196 2812 5253 nostris
2843 5194 3107 5268 professis
3130 5198 3187 5255 et
3205 5196 3283 5255 'de
3319 5201 3503 5257 alienis
3522 5198 3691 5253 {ratri-

426 5271 610 5338 nibus,
646 5289 745 5343 pro
763 5290 831 5331 eo
858 5286 1113 5365 cantatur
1139 5272 1260 5351 post
1286 5281 1517 5351 primam
1544 5286 1707 5342 missa
1737 5286 2017 5351 defuncto-
2120 5284 2222 5340 bus
2248 5285 2451 5354 pariter
2471 5285 2527 5342 in
2550 5286 2787 5365 capitulo
2807 5299 3227 5360 praesentantur,
3246 5309 3433 5350 omnes
3454 5295 3502 5347 in
3523 5289 3687 5346 missis

427 5377 571 5429 rum,
614 5376 671 5422 et
714 5367 802 5423 illa
830 5356 896 5425 de
919 5362 1311 5442 Rogationibus
1326 5368 1458 5447 post
1488 5380 1723 5445 tertiam,
1758 5381 1825 5437 ad
1851 5370 2016 5453 quam

2144 5376 2430 5445 .eptenarii,
2461 5386 2515 5431 et
2539 5376 2593 5431 in
2622 5356 2859 5445 caeteris,
2886 5395 3007 5450 quae
3031 5356 3289 5453 aguntur,
3329 5394 3514 5454 praeter
3537 5382 3685 5437 trice-

427 5456 725 5547 etiamnon
753 5460 1001 5530 offertur,
1032 5482 1130 5524 nec
1170 5483 1277 5538 pax
1317 5460 1600 5543 recipitur,
1650 5475 1753 5532 nisi
1786 5474 1853 5530 ab
1883 5488 2011 5545 uno,

2144 5465 2345 5547 larium,
2397 5464 2821 5545 coniunguntur.
2898 5469 3257 5547 Quacumque
3320 5458 3490 5531 autem
3557 5471 3684 5528 bon

430 5552 485 5616 et
515 5545 665 5604 ﬁnito
702 5554 940 5624 capitqu
973 5558 1248 5628 sepelitur.
1280 5558 1283 5563 λ
1342 5556 1345 5557 ⁷
1456 5580 1457 5583 η
1764 5566 1767 5569 ‘
2117 5554 2304 5629 postea
2332 5573 2500 5633 usque
2535 5559 2603 5615 ad
2625 5560 3002 5629 collationem,
3025 5556 3322 5635 'etquando
3339 5565 3663 5624 semelcome

555 5659 560 5666 λ
914 5646 917 5649 ’
2119 5649 2287 5717 ditur,
2326 5649 2525 5706 fratres
2561 5650 2851 5722 antequam
2882 5654 3092 5723 bibant,
3128 5658 3373 5722 affertur,
3407 5659 3513 5714 sine
3552 5656 3678 5710 δῦθ-

2119 5740 2265 5833 tione
2313 5743 2381 5801 ad
2432 5744 2811 5823 convocandos
2862 5746 3085 5839 fratres,
3134 5735 3315 5810 tabula
3366 5751 3557 5819 tractim
3610 5764 3689 5825 δε
