3886 6308
104 325 205 387 ii-l5

1105 298 1518 363 consmur.
1556 258 1886 358 massae.
1910 328 1984 340 —
2019 294 2129 352 un
2157 293 2222 351 ιι.

3136 287 3277 348 me

103 446 244 496 solante
283 422 576 500 percutitur;
612 416 659 473 si
690 424 868 472 tamen
896 425 1197 471 conventus
1247 416 1298 469 in
1339 430 1579 485 praesen-
1607 422 1657 483 Α
1686 410 1906 466 adducti
1947 411 2000 466 in
2039 407 2333 480 capitulum
2379 416 2624 466 nostrum
2656 404 2924 476 venerint,
2968 414 3183 479 petunt,
3215 417 3275 468 ut
3312 414 3316 418 ’

100 532 241 583 tiarum
282 519 439 586 aliquo
482 511 665 569 ordine
721 524 826 565 non
879 517 1198 579 occupatur.
1248 506 1383 562 Nam
1433 516 1581 562 tanta

99 632 203 680 cara,
227 622 445 680 tantaque
475 602 784 661 festinantia
819 617 886 657 ex
920 602 1139 671 antiqua
1170 600 1393 656 Patrum
1422 601 1582 661 insti-

97 709 247 765 tutione
282 705 381 758 hac
410 698 592 753 tabulae
634 694 917 766 percussio
950 694 1016 749 ad
1053 692 1421 765 peragendum
1464 690 1582 748 οω.

95 803 195 856 cium
215 797 347 851 debet
378 790 506 856 fieri,
539 798 596 845 ut
620 790 732 860 jam
757 787 1003 859 cymbala
1032 800 1309 856 percusso,
1339 784 1584 855 fabisque

92 894 277 959 exparte
294 881 682 945 administratis,
728 878 928 933 fratres
958 878 1210 934 omnibus
1228 876 1549 947 postpositis
1565 915 1581 943 ,

92 982 136 1034 ad
152 977 343 1047 ejusdem
366 972 513 1029 cilicii
550 972 818 1028 actionem
846 971 1197 1037 conveniant,
1244 968 1377 1025 Illuc
1416 983 1579 1040 ergo,

90 1077 128 1121 ut
150 1064 347 1135 quisquis
379 1063 703 1128 convenerit,
756 1061 902 1118 nullo
952 1060 1205 1117 stationis
1239 1061 1430 1117 ordine
1465 1075 1583 1116 ser-

88 1169 191 1223 vato,
214 1156 291 1212 sed
320 1163 465 1224 prout
489 1155 750 1225 cujusque
799 1154 904 1212 loci
951 1154 1315 1224 competentia
1352 1168 1410 1208 se
1439 1167 1579 1224 prae-

86 1247 229 1309 buerit,
261 1256 393 1302 extra
420 1244 708 1314 capitulum
755 1254 882 1301 ante
921 1255 976 1302 et
1004 1254 1153 1301 retro
1183 1245 1390 1300 faciens
1410 1287 1425 1312 ,
1456 1243 1579 1298 sub-

85 1335 200 1390 sistit.
225 1334 386 1390 Priore
410 1344 581 1390 autem
610 1350 641 1389 a
684 1336 1037 1406 percussione
1068 1334 1263 1391 tabulae
1304 1345 1578 1401 cessante,

85 1425 276 1494 factoque
318 1434 432 1481 ante
476 1434 533 1481 et
580 1435 768 1494 retro,
831 1427 1130 1482 Benedicite
1180 1427 1578 1496 pronuntians;

83 1523 306 1569 conventus
346 1515 492 1571 solito
547 1531 699 1572 more
751 1517 1065 1588 respondet.
1112 1516 1204 1573 Ille
1245 1533 1373 1576 vero
1428 1527 1484 1573 et
1525 1518 1578 1572 in

83 1608 255 1674 capitulo
277 1609 403 1667 intra
441 1626 498 1668 se
525 1614 773 1668 eamdem
805 1613 1138 1669 breviculum
1188 1613 1436 1686 legendo,
1469 1615 1580 1670 fra-

84 1705 181 1751 trem
203 1701 372 1756 obiisse
393 1703 669 1758 denuntiat
703 1703 1001 1775 adiungens
1024 1719 1039 1758 :
1063 1704 1260 1759 Eamus
1286 1716 1332 1760 et
1357 1706 1579 1776 olﬁcium

80 1801 321 1853 ngamus,ut
348 1792 421 1845 illi
449 1792 586 1848 Deus
612 1795 933 1865 omnipotens
964 1798 1187 1865 requiem
1213 1797 1576 1867 sempiternam
1607 1800 1654 1860 B

77 1881 245 1936 tribuere
264 1883 513 1953 dignetur;
534 1901 602 1942 ac
624 1898 812 1956 postea
842 1888 893 1942 iu
918 1888 1155 1958 capitulo
1178 1888 1575 1944 absolutionem

78 1966 129 2023 illi
161 1988 242 2028 non
274 1987 536 2045 precatur;
590 1990 860 2034 conventu
902 1988 1086 2034 autem
1132 1980 1320 2048 Amen,
1356 1995 1578 2051 respon-

75 2060 204 2127 dente,
229 2064 504 2135 discedunt,
540 2085 649 2125 non
679 2070 939 2127 facientes
969 2080 1094 2125 ante
1115 2081 1169 2125 et
1192 2080 1357 2127 retro.
1382 2071 1577 2127 Finitis

78 2153 199 2209 tribus
223 2156 533 2231 lectionibus,
575 2164 955 2219 obedientiarii
980 2171 1034 2220 el
1062 2164 1149 2220 alii
1177 2165 1400 2235 quidam
1422 2204 1437 2230 ,
1473 2165 1578 2220 tale

72 2246 159 2310 quid
183 2252 349 2319 negotii
375 2253 636 2311 habentes
661 2256 811 2311 exire
835 2266 1086 2327 possunt,
1117 2258 1262 2312 sicut
1283 2266 1339 2313 et
1379 2272 1578 2314 ipensa:

72 2332 195 2390 laetor
227 2347 273 2394 et
310 2345 542 2413 coquinae
592 2347 1001 2418 ltebtlomodarii
1040 2348 1264 2402 faciunt.
1322 2348 1378 2402 Si
1436 2348 1575 2405 forte

72 2428 291 2498 aliquando
327 2438 577 2504 evenerit,
642 2450 700 2494 ut
744 2455 866 2494 cum
917 2441 1150 2511 primum
1206 2439 1571 2506 ccascderint,

72 2519 212 2577 tabulae
246 2530 630 2594 percussionem
670 2532 912 2599 audiant,
945 2518 1080 2587 nihil
1123 2531 1368 2586 alimenti
1401 2532 1578 2603 praeli-

71 2610 171 2666 baut.
203 2617 271 2672 Ad
299 2619 598 2691 hujusmodi
629 2624 863 2680 cilicium
912 2642 1019 2682 non
1051 2627 1231 2698 plures
1272 2610 1434 2697 quam
1467 2636 1576 2683 tres

72 2701 255 2763 dicuntur
272 2714 549 2783 orationes,
576 2718 829 2774 videlicet
855 2737 868 2773 :
908 2710 1245 2789 Omnipotens
1267 2720 1577 2790 sempiterna
1604 2712 1607 2715 ’

71 2790 182 2850 Deus.
208 2797 328 2856 Deus
365 2806 522 2860 tertia:
564 2806 807 2877 largitor.
843 2808 1133 2862 Fidelium.
1161 2808 1217 2863 Si
1250 2818 1428 2864 autem
1459 2819 1578 2880 post

72 2898 205 2940 tunam
231 2891 407 2961 agitur,
439 2896 661 2955 usuales
701 2899 978 2955 orationes
1029 2899 1417 2970 adjungunlUI‘.
1449 2901 1574 2971 Ψπίθ

72 2983 328 3037 uislznuduttt
355 3001 415 3040 ea
441 2987 529 3044 die
554 2989 703 3044 aliud
735 3006 840 3045 non
879 2993 1154 3062 sequitur.
1182 2994 1365 3049 Potest
1396 3002 1574 3048 tamen

72 3068 165 3120 trior
187 3071 389 3131 ollicium
434 3080 576 3135 idem
606 3081 660 3135 in
694 3081 890 3138 talibus
920 3082 1103 3150 iestis,
1150 3084 1203 3139 in
1231 3085 1427 3155 quibus
1466 3084 1576 3141 fra~

1687 502 1788 573 ipsi
1819 516 2033 575 quoque
2080 510 2392 557 mereantur
2438 500 2834 557 fraternitatem
2881 511 3125 556 nostram
3173 501 3274 558 ba—

1685 596 1837 665 bere.
1861 596 2131 652 Annuitur
2159 606 2215 653 et
2241 611 2365 651 cum
2400 594 2539 652 libro
2571 596 2652 651 eis
2683 597 2864 661 datur,
2891 605 2949 651 ut
2976 605 3185 667 partem
3218 606 3274 654 ct

1686 690 2119 748 communionem
2148 690 2384 745 habeant
2417 687 2484 744 de
2513 689 2671 747 bonis
2698 689 2948 745 omnibus
2967 730 2982 756 ,
3010 705 3130 761 qua:
3165 691 3275 746 ullo

1686 783 1844 838 modo
1874 782 2032 848 iiunt,
2073 781 2159 836 vel
2188 780 2243 836 in
2268 779 2626 856 orationibus,
2676 779 2760 837 vel
2795 780 2849 835 in
2890 781 3273 854 eleemosynis,

1684 891 1791 932 non
1822 875 1994 931 solum
2021 877 2163 946 apud
2192 890 2311 940 nos,
2335 874 2429 931 sed
2454 874 2620 931 etiam
2651 872 2705 928 in
2736 874 2945 930 cunctis
2971 873 3129 953 locis,
3154 891 3275 947 qua:

1684 968 2011 1038 nostrijuris
2038 984 2159 1027 esse
2191 968 2466 1023 videntur.
2518 965 2626 1023 Pro
2655 966 2741 1024 his
2777 966 3048 1035 omnibus,
3082 985 3275 1039 quaut-

1683 1061 1774 1117 diu
1801 1070 1929 1116 sunt
1955 1060 2011 1116 in
2030 1059 2135 1116 hac
2165 1059 2272 1115 vita
2301 1058 2610 1129 specialiter
2629 1069 2884 1115 cantatur
2914 1076 3010 1132 per
3034 1062 3274 1135 singulas

1683 1154 1848 1209 horas
1875 1153 2159 1224 psalmus:
2214 1149 2356 1205 Deus
2406 1150 2463 1204 in
2512 1149 2860 1219 adiutorium,
2912 1160 2966 1207 et
3001 1152 3272 1208 collecta:
3350 1171 3359 1178 ε

1683 1243 1962 1300 Ρνανιεηιιε
2002 1242 2268 1298 Domine:
2306 1250 2362 1299 et
2405 1242 2619 1313 quoties
2658 1242 2725 1299 ad
2767 1243 3041 1315 majorem,
3072 1244 3156 1302 vel
3207 1245 3273 1309 ad

1683 1338 2055 1399 matutinaletn
2088 1336 2310 1393 missam
2358 1334 2673 1407 apponitur,
2723 1352 2823 1407 pro
2852 1339 2932 1394 eis
2961 1339 3272 1409 apponitur.

1682 1429 1978 1501 Postquam
2003 1439 2183 1485 autem
2211 1428 2467 1496 obierint,
2494 1438 2615 1500 post
2657 1430 2898 1501 singulas
2932 1430 3095 1486 horas
3126 1433 3272 1502 psal—

1682 1536 1802 1577 ntus
1854 1520 1992 1577 Voce
2036 1536 2185 1587 mea;
2231 1522 2447 1591 quando
2476 1535 2574 1591 pro
2603 1520 2896 1577 tricenario
2944 1520 3126 1577 fratris
3167 1522 3268 1577 ali-

1681 1614 1835 1685 cujus
1875 1629 1981 1670 non
2021 1621 2272 1669 cantatur
2318 1622 2374 1669 et
2419 1613 2659 1684 quotidie
2698 1621 2818 1683 post
2866 1612 3159 1682 capitulum
3204 1614 3272 1669 ad

1682 1707 1947 1779 psalmum
1987 1703 2156 1761 Verba
2177 1723 2313 1774 mea,
2343 1707 2521 1762 oratio
2552 1705 2642 1760 illa
2680 1723 2693 1759 :
2728 1705 2947 1760 Absolve
2972 1704 3213 1761 Domine.

1755 1795 1939 1867 (Van)
1979 1795 2250 1853 Praeterea
2280 1805 2388 1852 tres
2417 1796 2565 1851 vices
2603 1804 2727 1849 sunt
2766 1796 2820 1849 in
2852 1810 3031 1861 anno,
3061 1796 3112 1849 id
3149 1805 3232 1850 est
3253 1836 3269 1862 ,

1687 1901 1807 1963 post
1836 1874 2069 1961 primam
2099 1889 2424 1945 dominicam
2443 1887 2902 1963 Quadragesintm,
2929 1897 3052 1957 post
3076 1886 3271 1942 nativi-

1681 1990 1842 2038 tatem
1870 1980 2241 2053 apostolorum
2282 1981 2428 2037 Pctri
2470 1991 2525 2038 ct
2554 1979 2702 2037 Pauli
2727 2018 2741 2043 ,
2772 1987 2893 2049 post
2923 1979 3268 2033 festivitatem

1679 2071 1931 2128 Omnium
1992 2070 2337 2136 Sanctorum,
2387 2073 2440 2126 in
2478 2073 2672 2142 quibus
2722 2069 3029 2143 specialiter
3081 2084 3270 2124 eorum

1679 2161 2249 2237 commemorationem
2300 2162 2547 2229 facimus,
2602 2177 2724 2218 cum
2773 2160 2946 2216 oilicio
2988 2168 3044 2214 et
3083 2160 3270 2228 missa,

1678 2268 1802 2311 cum
1838 2253 2146 2323 septenario
2174 2254 2546 2325 etpraebenda
2575 2272 2589 2309 :
2634 2254 2838 2310 scilicet
2866 2252 3054 2309 eodem
3087 2253 3270 2318 modo,

1679 2363 1787 2419 quo
1831 2345 1970 2402 solet
2006 2346 2092 2415 agi
2130 2361 2227 2417 pro
2271 2347 2515 2416 quolibet
2541 2348 2799 2412 absente,
2844 2344 2936 2416 qui
2982 2345 3178 2400 obierit
3217 2346 3272 2401 in

1679 2441 1859 2514 aliqua
1881 2442 2140 2498 cellarum
2166 2449 2475 2496 nostrarum
2504 2457 2517 2495 :
2545 2450 2773 2512 excepto
2794 2438 2936 2509 quod
2960 2439 3273 2494 sacerdotes

1680 2532 1901 2590 missam
1945 2550 2051 2590 non
2079 2542 2334 2598 cantent,
2381 2548 2555 2601 neque
2584 2532 2673 2587 alii
2708 2532 2973 2603 psalmum
3013 2529 3271 2588 Lamlate.

1680 2626 1834 2694 Quod
1871 2610 1993 2681 cum
2026 2626 2161 2681 satis
2206 2623 2493 2679 manifeste
2535 2623 2763 2679 relatum
2802 2623 2873 2679 sit
2899 2624 2953 2678 in
2981 2623 3274 2695 superiori-

1679 2715 1803 2783 bus,
1838 2731 1944 2772 non
1972 2731 2108 2787 opus
2132 2722 2217 2770 est
2251 2715 2490 2770 secundo
2524 2714 2753 2770 referre.

2217 2804 2449 2863 CAPUT
2500 2804 2739 2861 LXXIX.

1787 2898 1928 2963 Quid
1956 2908 2147 2967 agatur
2184 2913 2279 2967 pro
2306 2897 2421 2962 Itis,
2455 2898 2627 2969 quiin
2657 2897 2769 2953 loco
2801 2907 2923 2953 sunt
2956 2896 3164 2969 sepulti.

1751 2991 1768 3010 ⁶
1793 2990 2019 3059 Quando
2052 2998 2174 3060 post
2207 2997 2454 3044 octavam
2485 2987 2834 3047 Pentecostes
2870 2990 3006 3046 feria
3036 2990 3273 3047 secunda

1680 3083 1941 3138 memoria
1968 3097 2177 3148 eorum,
2203 3082 2295 3152 qui
2325 3081 2467 3151 apud
2498 3096 2598 3137 nos
2628 3082 2825 3151 sepulti
2855 3092 3004 3149 sunt,
3036 3082 3273 3138 maximo

76 3173 152 3227 res,
174 3162 248 3219 Dei
276 3171 521 3228 servitute
553 3174 765 3230 noviter
803 3177 938 3233 adeo
968 3177 1185 3248 gravati
1208 3187 1355 3247 sunt,
1400 3194 1573 3251 usque
1600 3173 1645 3235 C
1678 3174 1782 3228 ritu
1812 3174 2009 3245 agitur,
2036 3173 2431 3243 unusquisque,
2480 3173 2571 3243 qui
2621 3172 2724 3229 scit
2751 3182 2959 3245 septem
3003 3175 3273 3245 psalmos,

72 3266 91 3302 η
114 3268 382 3325 sequentem
413 3265 557 3320 diem
585 3266 822 3324 differre.

494 3380 728 3436 CAPUT
767 3381 907 3436 LXX
919 3383 1045 3439 Vlll.

100 3456 157 3511 De
183 3461 514 3529 familiaribus
562 3473 756 3525 nostris
794 3474 1002 3548 rivis‘et
1038 3473 1334 3544 defunctis;
1373 3476 1501 3548 quid

553 3552 747 3611 agatur
769 3560 861 3609 pro
889 3544 984 3598 eis.

96 3616 204 3691 (ευ.)
226 3623 490 3687 Nonnullae
510 3642 639 3689 sunt
661 3637 1108 3707 congregationes
1128 3653 1235 3692 non
1259 3638 1431 3695 solum
1459 3649 1589 3696 mo-'

73 3711 301 3784 achornm,
331 3725 421 3777 sed
449 3726 615 3779 etiam
640 3725 963 3782 clericorurn
989 3770 1000 3791 ,
1027 3744 1147 3798 quae
1174 3729 1373 3785 habent
1402 3732 1572 3787 socie.

72 3810 164 3856 item
186 3822 429 3880 nostram,
459 3824 515 3872 ct
548 3814 982 3885 fraternitatem,
1013 3829 1070 3873 ut
1100 3818 1233 3875 cum
1266 3818 1447 3877 brevis
1488 3830 1587 3877 ve-‘

71 3894 145 3947 erit
172 3898 228 3952 de
266 3901 514 3961 defuncto
543 3907 790 3975 illorum,
816 3910 898 3965 vel
943 3910 1010 3965 ad
1045 3910 1164 3967 illos
1203 3923 1386 3968 nostra
1411 3955 1425 3978 ,
1456 3911 1575 3969 oili-

76 3997 143 4075 tlm
168 3997 215 4044 et
240 3994 396 4052 missa
441 4008 687 4069 geratur,
735 4012 792 4056 ct
833 4009 1017 4073 postea
1062 4006 1404 4075 septenarius
1450 4022 1572 4061 cum

72 4071 180 4135 liciis
203 4093 250 4138 et
274 4086 469 4146 missis.
504 4094 526 4123 *
554 4088 663 4148 Pro
703 4071 849 4149 nullo
874 4103 1055 4150 autem
1088 4071 1283 4151 abbate
1320 4096 1574 4154 defuncto

77 4185 121 4223 “5
144 4175 353 4250 aillotus,
382 4200 549 4254 quam
590 4201 690 4255 pro
720 4201 828 4242 uno
855 4202 919 4243 ex
965 4189 1079 4245 suis
1110 4189 1404 4245 fratribus.
1436 4189 1575 4247 Sunt

78 4264 156 4317 iam
181 4273 411 4338 qumdam
445 4279 930 4350 congregationes,
976 4282 1172 4352 quibus
1204 4283 1435 4353 amplius
1467 4299 1571 4338 non

72 4352 230 4427 cimus,
266 4364 367 4421 nisi
403 4372 627 4438 quando
650 4371 828 4427 brevis
854 4373 920 4429 de
946 4373 1204 4431 defuncto
1230 4352 1443 4431 illorum
1480 4391 1568 4431 ve-

71 4444 153 4539 ?I'it,
184 4468 333 4521 quam
372 4462 519 4539 quod
557 4471 682 4532 post
720 4464 1013 4535 capitulum
1050 4467 1278 4537 pulsatis
1319 4468 1572 4523 omnibus

1678 3275 1885 3332 cantat;
1910 3267 2001 3337 qui
2026 3276 2151 3321 sunt
2182 3265 2445 3323 illitterati
2479 3266 2680 3321 totiens
2703 3266 3003 3321 orationem
3038 3266 3275 3320 Domini-

1678 3372 1832 3424 cam;
1861 3356 2059 3426 singuli
2103 3359 2415 3412 sacerdotes
2458 3371 2621 3409 uuam
2670 3357 2918 3419 missam,
2952 3366 3007 3411 et
3035 3357 3177 3425 quod
3204 3355 3270 3408 ad

1677 3463 1889 3506 (mnam
1915 3449 1982 3504 de
2009 3463 2146 3518 pane
2177 3455 2233 3501 et
2273 3456 2401 3516 potu
2434 3447 2743 3517 supererit,
2774 3447 2842 3501 ad
2874 3447 3271 3518 elecmosyuam

1676 3541 1857 3598 datur.
1875 3544 1933 3599 in
1959 3538 2250 3594 festivitate
2279 3535 2531 3593 Omnium
2566 3538 2917 3601 Sanctorum,
2936 3546 3058 3607 post
3084 3552 3272 3608 vespe-

1677 3649 1788 3699 ros,
1828 3632 2057 3702 pulsatis
2099 3629 2352 3686 omnibus
2403 3630 2591 3700 signis,
2641 3638 2933 3685 cantantur
2970 3630 3133 3707 etiam
3179 3645 3270 3685 ve-

1677 3729 1820 3800 speri
1845 3727 2247 3792 defunctorum,
2280 3726 2414 3782 etin
2440 3735 2600 3781 nocte
2628 3726 2865 3782 cilicium
2898 3724 3061 3781 simul
3094 3734 3270 3778 matu-

1679 3820 1844 3877 tinale
1866 3828 1921 3876 et
1956 3818 2289 3875 matutinalis
2315 3818 2480 3879 missa
2520 3817 2920 3875 solemnissime
2955 3833 3054 3890 pro
3093 3818 3271 3872 ontnii

1674 3913 1777 3969 bus
1826 3913 2083 3985 fidelibus
2103 3911 2396 3978 defunctis,
2432 3926 2556 3966 cum
2580 3948 2583 3949 ν
2607 3927 2713 3967 una
2752 3920 2963 3967 tantum
3005 3909 3268 3976 collecta;

1676 4006 1727 4061 id
1758 4014 1842 4062 est
1874 4020 1889 4065 :
1916 4005 2188 4061 Fidelium
2217 4005 2390 4070 Deus;
2424 4020 2521 4075 pro
2561 4005 2755 4075 quibus
2781 4002 2980 4074 singuli
3018 4001 3269 4058 sacerdo-

1674 4107 1757 4157 tes
1785 4100 2025 4172 privatas
2053 4101 2270 4167 missas,
2304 4098 2485 4154 caeteri
2530 4108 2741 4169 septem
2782 4095 3041 4167 psalmos,
3074 4093 3155 4149 vel
3182 4091 3269 4147 to;

1678 4194 1814 4250 tions
1839 4193 2174 4249 Dominicam
2213 4193 2535 4253 orationem,
2575 4191 2665 4262 qui
2706 4189 2953 4245 nesciunt
3000 4185 3265 4257 psalmos,

1652 4276 1659 4283 ’
1676 4295 1804 4340 sunt
1823 4294 1979 4339 canta
1989 4284 2115 4352 turi,
2135 4294 2192 4340 et
2212 4284 2490 4341 duodecim
2511 4297 2777 4354 pauperes
2801 4278 3037 4336 uberiuri
3055 4292 3196 4348 pane
3214 4287 3269 4333 et

1674 4391 1872 4441 carne,
1901 4387 1955 4431 et
1984 4379 2108 4431 vino
2141 4384 2267 4431 sunt
2294 4374 2571 4431 reﬁciendi
2601 4382 2694 4430 :et
2722 4379 2985 4444 quotquot
3013 4370 3101 4425 alii
3135 4384 3267 4440 pau-

1674 4481 1832 4536 peres
1858 4468 2294 4539 supervenerint,
2319 4467 2572 4523 omnibus
2600 4474 2683 4521 est
2704 4462 3076 4519 misericordia
3105 4462 3271 4537 solito

71 4538 154 4633 illis
179 4559 265 4601 sex
308 4538 574 4621 psalmos,
627 4556 679 4611 id
712 4565 817 4622 est,
858 4556 1026 4612 Verba
1062 4576 1205 4625 mea,
1245 4561 1426 4616 addita
1449 4561 1569 4617 .hae
1599 4544 1648 4604 Π
1675 4558 1878 4631 largius
1914 4538 2297 4629 impendenda.
2339 4558 2563 4633 Insuper
2605 4566 2662 4613 et
2704 4555 2756 4610 in
2807 4554 2920 4625 ipsa
2968 4553 3265 4609 festivitate

72 4628 221 4722 alioue
238 4638 453 4698 Absolve
474 4643 720 4711 Domine,
746 4645 1057 4705 recitamus.
1084 4648 1223 4722 leo.)
1247 4649 1376 4705 item
1404 4649 1569 4720 pleri-

72 4730 102 4771 θ
138 4719 307 4785 fideles
346 4731 551 4795 Christi
583 4746 692 4792 tam
720 4754 987 4811 pauperes
1027 4719 1446 4813 quam'divitcs,
1474 4742 1581 4814 qui

1674 4652 1928 4709 Omnium
1958 4651 2306 4720 Sanctorum,
2324 4651 2585 4724 quidquid
2616 4648 2771 4721 panis
2797 4656 2851 4711 et
2863 4658 3024 4717 potus
3048 4646 3101 4701 in
3126 4644 3264 4701 refe.

1673 4743 1847 4802 etorio
1880 4743 1950 4799 ad
1988 4759 2202 4801 omnem
2231 4743 2524 4816 supererit,
2555 4744 2621 4799 ad
2648 4741 3049 4810 cleemosyuam
3077 4737 3269 4813 datur‘
