3886 6308
1402 341 1676 403 ΜυειοΑ.

3065 338 3201 397 H50

52 472 196 525 aletur.
220 461 431 532 Quando
453 446 596 517 enim
623 462 793 515 totam
814 466 879 513 ex
911 455 1097 514 ordine
1120 471 1430 514 mensuram
1462 460 1514 513 in
1547 460 1594 520 Α
1623 454 1747 526 quia
1773 458 1979 513 caetera
1992 450 2160 509 veluti
2196 450 2342 513 fonte
2366 452 2598 523 quodam
2621 452 2966 520 derivantur,
2999 467 3198 511 nomen

52 558 295 614 :trachorda
318 552 596 610 dividendo
634 567 664 606 a
712 559 835 605 nete
881 550 1244 622 hyperboleou
1298 552 1519 608 descen-

52 658 149 706 tmus
165 649 413 713 dicentes,
465 650 621 700 tonus
664 655 821 700 tonus
846 633 1235 710 'semitonium,
1279 644 1520 715 itemque

52 757 134 798 inus
157 749 296 795 tonus
316 737 649 793 semitouium
674 753 689 802 ;
710 726 852 806 quid
884 735 1026 790 aliud
1046 750 1209 806 quam
1234 728 1319 789 illa
1336 732 1517 805 priora

52 828 277 885 aluimus?
305 827 490 896 Specie
513 834 726 896 quoque
752 826 1090 895 discrepant,
1140 825 1393 894 quoniam
1429 823 1535 878 illa'

52 918 287 974 :mitouium
316 916 510 969 habent
546 916 597 969 in
629 914 855 978 ultimo,
917 914 1019 969 ista
1065 915 1117 968 in
1165 915 1381 968 medio:
1426 913 1535 968 illa'

55 1028 100 1065 ua
126 1008 320 1073 etblua,
347 1008 396 1062 iu
444 1014 672 1076 utroque
721 1007 974 1077 diapason
1020 1006 1340 1074 conjuncta,
1391 1006 1517 1076 quia

52 1101 248 1154 uidouem
283 1097 333 1173 in
363 1096 661 1152 litterarum
692 1096 960 1165 positione
1001 1096 1309 1173 sequimur,
1357 1111 1408 1151 e.
1461 1105 1517 1152 et

52 1170 339 1258 .syuapbcn,
392 1196 575 1247 tonum
624 1202 755 1243 vero
800 1202 960 1258 supra
1014 1202 1163 1243 mese
1206 1170 1518 1259 proximum

52 1280 231 1334 ezeuxiu
258 1278 540 1334 habebunt.
573 1278 677 1333 ista
706 1279 866 1333 simili
898 1277 1060 1334 modo
1089 1279 1134 1334 si
1174 1280 1533 1350 copulentur,

52 1371 185 1425 .etd.
219 1372 481 1442 synapben
504 1412 519 1438 ,
563 1380 749 1431 tonum
788 1381 969 1426 autem
1013 1370 1153 1426 infra
1185 1372 1367 1443 (mese)
1394 1388 1518 1443 pro,

52 1476 161 1514 mum
186 1460 448 1516 diezeuxin
478 1462 855 1530 designabunt.
882 1462 936 1517 In
957 1463 1170 1519 illorum
1198 1465 1340 1520 enim
1366 1465 1517 1523 ‘duali

52 1552 347 1619 ujunctione,
380 1553 495 1608 sive
517 1553 777 1624 singulari
806 1554 1164 1624 dispositione
1193 1557 1260 1611 de
1286 1567 1518 1628 utroque

52 1656 205 1711 apasou
243 1653 389 1698 tonus
412 1655 684 1711 remanet,
710 1647 766 1700 in
794 1647 1006 1701 illorum
1036 1647 1280 1717 inferius,
1311 1649 1361 1703 in
1386 1650 1510 1706 isto-

52 1751 94 1787 ‘Ill
116 1737 328 1805 superius
348 1778 362 1802 ,
390 1752 458 1793 ex
480 1738 587 1794 illis
609 1739 753 1794 enim
786 1740 1022 1812 primum
1066 1743 1342 1798 descendit
1387 1744 1455 1799 ab
1484 1755 1511 1785 ⁸

1623 543 2039 616 principalitatis
2069 536 2429 613 effectumque
2450 552 2655 610 naturae
2669 544 2970 618 mirabilem
2997 545 3063 601 ab
3085 546 3200 616 ipso

1620 644 1956 691 mutuantur.
1984 633 2229 704 Namque
2261 633 2605 707 tetrachorda
2631 634 2870 706 [inalium
2892 676 2907 705 ,
2952 637 3199 713 superio-

1618 742 1776 793 rum,
1826 724 2243 799 exeellentium,
2302 724 2435 793 nihil
2486 724 2631 780 aliud
2682 733 2841 793 sunt,
2891 726 2995 796 uisi
3039 724 3200 799 huius

1619 829 1880 888 quaterna
1908 818 2137 888 positio,
2179 818 2292 883 sive
2331 826 2484 873 terna
2509 818 2778 887 repetitio.
2831 816 2985 887 Quod
3016 817 3200 889 multi-

1617 911 1850 982 plicibus
1870 926 1934 967 ex
1963 912 2143 969 causis
2172 909 2471 983 principale
2500 911 2680 979 vocari
2712 910 2926 977 videtur
2952 927 2967 964 :
3002 911 3055 974 in
3082 910 3197 989 pri-

1618 1002 1743 1069 mis,
1771 1002 1896 1072 quia
1934 1004 2167 1072 primum
2198 1012 2282 1060 est
2303 1002 2580 1071 omnium;
2607 1002 2866 1077 secundo,
2905 1002 3049 1078 quod
3084 1001 3199 1081 pri:

1617 1091 1720 1147 mis
1750 1092 2128 1163 principalium
2159 1091 2630 1147 tetrachordorum
2675 1091 2856 1146 nervis
2894 1090 3196 1162 clauditur;

1620 1184 1779 1238 tertio
1794 1224 1809 1249 ,
1833 1184 1975 1254 quod
2002 1192 2280 1253 troporum
2301 1182 2619 1239 diﬂ‘erentia:
2638 1196 2703 1237 ex
2718 1198 2784 1237 eo
2805 1182 3196 1259 producuntur,

1617 1276 1660 1332 si
1687 1275 1968 1331 harmonia
2008 1274 2144 1330 infra
2183 1285 2387 1347 septem
2433 1274 2759 1345 principalia
2816 1275 2985 1333 duum
3032 1282 3199 1345 tetra-

1617 1369 1974 1432 cbordorum,
2027 1368 2210 1440 gravis
2267 1367 2474 1425 scilicet
2516 1379 2572 1423 et
2617 1366 2828 1432 linalis,
2880 1365 3198 1421 discrimina

1618 1470 1967 1528 coarctatur;
1999 1469 2194 1531 quarto
2228 1460 2368 1530 quod
2405 1458 2501 1531 (in)
2543 1459 2780 1531 generali
2815 1458 3200 1515 constitutione

1618 1564 1895 1624 treporum
1936 1569 2001 1609 cx
2036 1554 2138 1616 hoc
2167 1552 2519 1623 constituitur
2546 1561 2735 1621 protus
2759 1594 2773 1617 ,
2814 1552 2957 1607 sicut
2984 1567 3013 1605 a
3048 1551 3197 1605 ﬁnali

1618 1646 1925 1721 tetrardus;
1962 1646 2151 1716 quinto
2179 1683 2193 1710 ,
2238 1644 2380 1713 quod
2403 1643 2582 1717 omnis
2604 1643 2910 1715 specierum
2936 1643 3202 1698 naturalis

1614 1739 1748 1794 ordo
1784 1746 1841 1793 et
1883 1737 2207 1806 Calculatio,
2258 1737 2372 1807 ipsa
2423 1737 2587 1811 etiam
2634 1744 2833 1813 caetera
2878 1738 2980 1807 tria
3028 1744 3199 1813 tetrae

64 1838 100 1878 ο.
119 1829 380 1881 secundum
403 1828 469 1884 ab
503 1843 554 1883 e.
585 1829 637 1883 in
670 1830 721 1884 b.
747 1839 803 1885 et
830 1830 901 1885 ibi
942 1842 1259 1888 remanente
1279 1847 1371 1889 seu
1394 1833 1506 1888 dis-
1537 1816 1585 1875 Β
1613 1829 1844 1898 chorda,
1876 1838 2097 1901 totaque
2118 1871 2132 1895 ,
2166 1838 2224 1885 ut
2250 1828 2627 1902 prmdixinnrs,
2670 1828 2986 1901 harmonia,
3010 1826 3102 1901 sed
3133 1836 3190 1882 et

52 1926 197 1985 ugenle
223 1926 371 1985 tono,
404 1921 623 1974 tertium
649 1920 942 1978 dimittitur
968 1924 1037 1977 ab
1067 1924 1133 1978 A.
1162 1925 1215 1978 in
1249 1925 1310 1979 Ε.
1346 1940 1509 1995 quar-

52 2020 85 2057 ttl
107 2006 159 2058 ab
182 2006 232 2060 Ε.
267 2007 316 2061 in
346 2008 402 2065 Β.
432 2010 670 2079 itemque
716 2020 875 2067 tonus
933 2014 1221 2084 supererit.
1272 2015 1507 2070 Eeontra

77 2094 167 2150 istis
193 2098 405 2166 primum
436 2102 684 2157 ascendit
710 2102 777 2159 ab
796 2104 863 2157 A.
895 2103 947 2158 in
983 2106 1041 2159 D.
1072 2107 1369 2162 secundum
1390 2122 1417 2160 a
1443 2107 1504 2161 D.

67 2184 113 2238 G.
137 2187 211 2241 ubi
238 2198 351 2245 tono
374 2199 606 2247 testante
635 2196 849 2249 tertium
895 2198 1108 2253 scandit
1154 2198 1222 2253 ab
1251 2214 1304 2254 a.
1366 2199 1420 2254 in
1450 2199 1504 2255 d.

56 2288 191 2332 artum
240 2295 265 2332 a
314 2282 364 2337 d.
394 2284 446 2337 in
474 2300 526 2355 g.
563 2293 690 2339 tono
721 2286 848 2341 item
879 2289 1171 2357 superlluo.
1236 2288 1328 2343 llla
1382 2299 1508 2345 sunt

55 2366 328 2423 tabilia.lsta
356 2373 610 2438 nomino,
660 2374 800 2430 sicut
844 2386 901 2432 et
944 2389 1097 2446 sunt,
1162 2380 1501 2450 principalia.

52 2474 67 2508 L'
91 2470 188 2513 sunt
212 2462 460 2530 speeilica:
491 2465 964 2522 tetrachordorum
1018 2468 1355 2527 differentiae.
1392 2471 1509 2525 Mu-

52 2562 78 2599 'a
94 2550 209 2604 enim
234 2554 429 2621 species
454 2564 540 2612 est
570 2558 822 2627 quaedam
869 2560 1132 2617 habitudo
1157 2562 1383 2621 diversa:
1409 2579 1506 2635 po-

52 2641 157 2696 iouis
174 2650 400 2700 tenerum
428 2657 484 2702 et
509 2650 947 2709 semitouiorum.

52 2726 180 2785 Orat.
217 2734 372 2791 Video
406 2739 553 2808 quod
588 2739 787 2796 frustra
821 2742 888 2797 de
924 2743 1189 2814 impositis
1223 2745 1317 2800 tibi
1360 2761 1504 2816 quas.

52 2824 199 2882 ortibus
217 2839 534 2900 conquestus
558 2846 640 2887 es.
690 2818 903 2890 Potenti
956 2837 1100 2891 enim
1159 2839 1503 2908 apertissime

52 2927 181 2984 raque
220 2933 278 2975 ac
319 2932 498 2977 vetera
550 2924 879 2993 proferentis
926 2926 1279 2983 institutionis
1313 2945 1501 2999 gressu

52 3004 204 3073 ripuisti
231 3011 401 3079 viam;
434 3014 579 3071 unde
612 3017 958 3086 perveniendi
1008 3018 1156 3074 vires
1194 3019 1288 3074 tibi
1336 3022 1499 3075 etiam

52 3098 189 3153 ustiori
236 3101 475 3161 sufficere
529 3121 636 3161 non
692 3107 957 3163 dubitem.
1009 3108 1129 3163 Jam
1167 3110 1221 3167 in
1272 3111 1501 3168 diversis

52 3190 245 3249 Isicorum
270 3198 479 3268 scriptis
507 3201 726 3266 eadem,
760 3217 880 3271 quae
912 3202 1126 3269 dixisti,
1174 3203 1501 3277 colliguntur

52 3282 151 3339 idem
169 3292 624 3348 tetrachordorum
651 3294 930 3362 vocabula;
962 3294 1293 3352 differentias
1317 3310 1497 3354 autem

52 3386 151 3441 “um,
180 3388 226 3433 et
247 3383 634 3452 proprietatum
657 3383 947 3454 qualitates
976 3385 1045 3440 ab
1082 3387 1334 3443 omnibus
1360 3403 1503 3458 pene

52 3480 191 3538 actas,
220 3484 262 3530 el
292 3476 571 3548 hucusque
602 3479 873 3535 inauditas
896 3495 1016 3536 esse
1048 3480 1237 3536 fateor.
1274 3481 1341 3536 Et
1363 3497 1499 3553 quo-

57 3575 138 3647 uia
165 3569 561 3633 praecedentium
593 3572 784 3626 semita
834 3572 948 3641 jam
992 3574 1292 3641 divertisti,
1334 3591 1497 3647 perge

52 3644 145 3709 rso!
170 3672 224 3711 ac
254 3663 633 3729 praetermissis
656 3663 928 3733 prioribus
952 3666 1018 3721 ad
1045 3682 1354 3722 mensuram
1383 3678 1496 3723 tan-

52 3748 198 3802 mnodo
222 3755 588 3821 spectantibus
614 3758 1004 3825 tetrachordis,
1044 3760 1111 3814 de
1136 3760 1250 3827 his,
1282 3777 1401 3831 qua:
1428 3761 1492 3815 ad

53 3832 204 3892 lodiau.
230 3845 536 3911 pertinent,
567 3850 834 3917 quomodo
859 3849 979 3919 plus
1002 3848 1120 3906 aliis
1141 3851 1206 3906 ad
1233 3867 1351 3907 eam
1373 3868 1495 3923 per-

52 3930 158 3993 eant,
201 3928 253 3987 et
298 3938 435 3992 unde
495 3938 609 4009 ipsa
668 3940 987 4012 principalia
1029 3942 1207 4005 dicas,
1261 3960 1490 4015 expone.

56 4017 166 4087 Ii‘lut‘v
190 4025 414 4096 vulgaria
446 4044 640 4093 eorum
673 4032 971 4099 vocabula',
1004 4032 1057 4087 id
1078 4042 1193 4100 est,
1221 4036 1488 4105 gravium,

52 4106 189 4175 dium,
247 4120 621 4189 superiorum,
674 4122 1092 4193 excellentium,
1164 4126 1306 4196 quod
1349 4126 1492 4184 dicta

52 4206 83 4267 ις,
107 4217 279 4267 norunt
307 4212 471 4267 etiam
502 4212 884 4284 simpliciores.

651 4306 715 4361 111
723 4345 738 4371 .
1343 4364 1349 4371 .

98 4386 161 4443 De
186 4395 560 4461 principalitate
587 4408 818 4468 quatuor
843 4399 1316 4455 tetrachordorum.

1611 1933 1845 1994 quatuor
1888 1934 2165 1993 troporum
2197 1922 2463 1977 elementa
2494 1921 2607 1976 sive
2630 1919 2917 1973 mutatoria
2937 1960 2951 1985 ,
2980 1933 3045 1977 ex
3068 1917 3183 1986 ipso

1609 2013 1769 2085 quasi
1808 2014 2042 2084 quodam
2074 2022 2281 2068 natura:
2337 2012 2483 2067 fonte
2529 2010 2898 2082 producuntur
2944 2016 2999 2063 et
3046 2007 3189 2062 deri-

1608 2118 1825 2163 vantur.
1866 2107 2106 2175 Quorum
2129 2107 2375 2178 quaedam
2425 2105 2492 2159 ad
2535 2117 2771 2174 praesens
2814 2108 3180 2170 exponuntur,

1608 2200 1853 2270 quaedam
1884 2213 2015 2255 vero
2044 2207 2159 2271 post
2190 2197 2302 2254 suis
2347 2196 2401 2251 in
2445 2194 2578 2251 locis
2611 2192 2822 2266 plenius
2861 2189 3188 2267 caponenda

1609 2299 1976 2349 reservantur.

2354 2381 2452 2455 iv.

1822 2473 1908 2539 Ea:
1938 2474 2126 2547 quibus
2151 2474 2325 2529 causis
2362 2482 2608 2528 uocentur
2640 2470 2973 2541 principalia.

1676 2567 1919 2624 Primum
1949 2577 2128 2624 autem
2158 2578 2213 2624 et
2250 2567 2513 2634 omnium,
2544 2567 2672 2638 quia
2696 2565 2833 2621 mira
2871 2574 2928 2621 et
2953 2561 3193 2621 naturali

1606 2663 1840 2733 quadam
1873 2662 2305 2733 investigatione,
2344 2676 2452 2717 non
2497 2659 2672 2719 solum
2699 2666 2827 2714 ante
2870 2657 2975 2712 alia
3023 2665 3193 2711 tetras

1605 2753 1828 2817 chorda,
1881 2752 1974 2807 sed
2021 2761 2148 2807 ante
2187 2750 2369 2811 omnia
2408 2748 2679 2805 minorum
2718 2762 2976 2809 sonorum
3024 2745 3195 2800 inter-

1603 2843 1744 2897 valla
1768 2843 1952 2899 statim
1982 2842 2035 2903 in
2064 2842 2181 2912 ipso
2212 2839 2561 2900 mensurandi
2592 2836 2943 2899 monochordi
2976 2834 3193 2906 eﬂ‘ulget

1592 2935 1779 2990 initio.
1825 2933 1997 2989 Tanta
2052 2933 2197 2988 enim
2238 2931 2323 2987 vis
2363 2939 2420 2987 et
2462 2930 2636 2986 virtus
2676 2930 2819 2986 inest
2859 2926 3191 3000 proportioni

1603 3022 1937 3094 quadruplae,
1962 3032 2022 3077 ut
2049 3020 2310 3092 quidquid
2334 3035 2432 3092 per
2459 3034 2579 3076 eam
2610 3020 2726 3088 ﬁat,
2752 3027 2925 3074 totum
2948 3017 3191 3083 nomine,

1603 3131 1735 3172 voce
1759 3125 1818 3172 et
1840 3115 2103 3187 dignitate
2144 3114 2215 3169 sit
2267 3115 2525 3184 primum.
2577 3112 2773 3184 Itaque
2819 3111 3191 3168 monoeliordo

1603 3206 1657 3260 in
1685 3215 1919 3277 quatuor
1958 3205 2132 3275 spatia
2176 3203 2429 3275 primitus
2474 3204 2667 3269 diviso,
2697 3203 2929 3289 primum
2958 3204 3190 3275 spatium

1600 3307 1684 3364 est
1710 3296 1866 3368 quasi
1897 3312 2149 3364 vacuum,
2184 3298 2479 3353 secundum
2516 3297 2803 3371 diapason,
2829 3298 3043 3352 tertium
3073 3297 3191 3351 diae

1598 3398 1781 3462 pente,
1812 3399 2064 3461 quartum
2112 3390 2254 3445 idem
2286 3390 2386 3446 sibi
2420 3390 2657 3456 vindicat
2685 3391 3043 3447 diatessaron.
3070 3391 3189 3446 Ca:-

1601 3492 1777 3539 terum
1799 3483 1845 3539 si
1877 3500 1940 3540 ex
1967 3483 2136 3539 altera
2168 3492 2325 3552 parte
2355 3498 2510 3540 versa
2538 3484 2656 3541 vice
2681 3499 2935 3545 mensura
2966 3483 3191 3552 incipia-

1599 3583 1688 3629 tur
1733 3575 1909 3645 ipsum
1946 3574 2371 3640 tetrachordum,
2400 3574 2697 3630 harmonia:
2746 3575 2911 3630 totius
2956 3560 3185 3637 manife-

1597 3677 1741 3722 stum
1769 3667 1872 3727 erit
1896 3662 2272 3736 primordium.
2298 3665 2403 3723 Sed
2429 3667 2546 3723 haec
2573 3667 2699 3734 tria,
2732 3667 2785 3723 id
2807 3678 2893 3725 est
2922 3668 3187 3733 diatessa-

1596 3776 1737 3826 ron,
1805 3759 2096 3830 diapente,
2157 3758 2416 3830 diapason
2472 3760 2612 3823 iuter
2666 3762 2848 3823 omnia
2903 3761 3185 3825 intervalla

1596 3853 1813 3909 nomine
1840 3861 1895 3907 et
1931 3852 2193 3924 dignitate
2231 3852 2408 3925 prima
2457 3868 2578 3909 esse
2613 3862 2669 3917 et
2704 3855 3018 3919 earumdem
3048 3871 3183 3913 cou-

1594 3944 1970 3999 sonantiarum
2006 3943 2214 4014 primas
2260 3944 2469 4014 species
2503 3944 2558 4000 in
2594 3945 2797 4003 eisdem
2833 3948 3022 4020 spatiis
3056 3963 3186 4013 eon-

1593 4036 1806 4101 sislere,
1840 4035 1954 4106 ipsa
1986 4037 2152 4092 etiam
2199 4045 2399 4107 puncta
2437 4036 2771 4109 singulorum
2802 4037 3181 4108 principalium

1592 4126 2104 4193 tetrachordorum,
2158 4126 2273 4182 solo
2326 4129 2502 4197 primo
2549 4126 2929 4182 excellentium
2978 4134 3183 4197 puncto

1590 4218 1976 4286 praetermisso,
2002 4218 2207 4288 primas
2237 4232 2397 4273 voces
2426 4217 2659 4283 edicere,
2702 4218 2845 4274 scire
2875 4217 3181 4285 volentibus

1590 4307 1781 4379 liquet.
1812 4308 2011 4364 Primis
2047 4309 2204 4363 etiam
2234 4309 2459 4364 chordis
2503 4308 2789 4373 clauditur,
2820 4308 2946 4384 quia
2981 4324 3097 4362 cum
3126 4308 3178 4364 in

1590 4411 1825 4472 quatuor
1864 4401 2224 4457 tetrachordis
2261 4409 2499 4474 quatuor
2539 4401 2649 4465 sint
2696 4401 2905 4472 primae,
2945 4410 3181 4472 quatuor

52 4475 168 4537 Vna.
202 4487 436 4554 Quatuor
458 4491 576 4547 haec
598 4492 945 4547 tetrachorda
975 4492 1157 4548 omnia
1190 4492 1486 4565 quidemet
1512 4514 1566 4579 ι)
1589 4494 1862 4560 secundae,
1916 4500 2150 4565 quatuor
2203 4495 2394 4559 tertiae,
2449 4501 2682 4564 quatuor
2725 4503 2952 4562 quartae,
3004 4494 3175 4561 ipsum

55 4580 93 4639 ι,
112 4587 157 4633 et
177 4585 408 4642 vocanda
432 4594 563 4643 sunt
588 4586 907 4657 principalia
930 4627 945 4653 ,
986 4586 1196 4656 eoquod
1241 4588 1483 4645 omnium

52 4666 242 4738 ciarum,
291 4679 608 4745 modorum,
659 4687 937 4750 troporum
992 4679 1047 4735 in
1098 4695 1157 4735 se
1208 4680 1488 4743 continent

70 4766 318 4824 .ordinem
348 4781 512 4843 atque
547 4780 797 4828 naturam
828 4789 840 4825 :
876 4772 970 4828 sed
1013 4772 1067 4828 in
1114 4773 1200 4830 his
1241 4776 1484 4835 omnibus

56 4864 94 4901 ttt
110 4853 541 4931 deprehenditur,
590 4879 619 4918 a
643 4880 750 4935 quo
778 4873 975 4919 caetera
1027 4879 1228 4922 nomen
1255 4877 1311 4923 et
1342 4868 1483 4935 vim,

52 4940 354 5021 litatemque,
392 4963 449 5014 et
471 4955 644 5025 ipsum
669 4972 788 5012 esse
810 4974 967 5013 suum
998 4961 1302 5015 sortiuntur
1330 4978 1343 5015 :
1376 4977 1482 5017 non

52 5030 98 5096 tl.
119 5044 242 5105 Quod
270 5043 567 5107 Mercurius
589 5048 861 5114 invenisse
886 5051 1116 5118 dicitur,
1149 5054 1201 5107 id
1232 5062 1338 5113 est.
1372 5069 1484 5110 nie-

54 5139 239 5198 :ncque
261 5134 408 5207 illud,
449 5139 592 5207 quod
633 5139 701 5194 ab
726 5140 964 5212 antiquis
996 5142 1217 5198 mus’cis
1248 5142 1482 5214 hypaton

52 5223 373 5296 appellatum;
405 5232 500 5287 sed
533 5245 711 5303 neque
741 5231 871 5300 hoc,
910 5232 1052 5303 quod
1097 5232 1339 5297 moderni
1392 5250 1481 5291 sa-

52 5318 125 5367 Ites
155 5318 370 5385 primam
392 5337 513 5382 esse
538 5323 837 5392 aliirmant,
880 5326 931 5381 id
959 5334 1070 5394 est,
1110 5325 1373 5383 ﬁnialium.

52 5418 156 5458 rut.
194 5409 337 5477 Quod
374 5414 502 5469 illud
532 5416 641 5482 sit,
694 5417 953 5474 velociter
1010 5434 1199 5489 quaeso
1246 5434 1483 5490 pronun-

52 5530 67 5557 ν
92 5512 148 5552 Ite
170 5504 563 5574 cupidissimum
595 5508 678 5564 vel
714 5509 781 5566 ad
803 5520 1134 5567 momentum
1159 5513 1478 5584 suspendas.

52 5585 169 5644 ius.
221 5594 349 5653 illud
404 5610 515 5669 est,
570 5604 715 5672 quod
761 5612 991 5670 natura,
1050 5604 1217 5660 immo
1273 5612 1481 5659 natura:

52 5686 139 5745 tor,
166 5686 332 5754 primo
354 5708 447 5762 per
475 5695 773 5766 quadrupla
821 5696 1052 5767 proferri
1102 5697 1305 5764 voluit,
1357 5697 1479 5754 dico

52 5782 104 5826 nu
147 5780 525 5861 tetrachordum
581 5787 846 5861 gravium.
906 5789 1155 5870 Euhoe
1191 5790 1476 5872 nimirum,

1590 4588 1927 4645 diatessaron
1954 4602 2060 4643 non
2084 4586 2262 4645 solum
2291 4588 2434 4645 inter
2466 4588 2696 4659 primas,
2723 4587 2815 4642 sed
2841 4588 3003 4642 etiam
3039 4589 3180 4644 inter

1587 4679 1886 4751 primarum
1915 4678 2120 4750 primas
2166 4678 2398 4735 locatur.
2443 4681 2540 4737 llis
2583 4696 2711 4754 ergo
2741 4682 2968 4751 aliisque
3000 4682 3179 4755 adhuc

1586 4770 1923 4843 exponendis
1950 4770 2128 4827 causis
2151 4771 2345 4827 merito
2376 4780 2432 4829 et
2473 4772 2595 4844 ipsi,
2617 4784 2671 4830 et
2724 4773 2793 4829 ab
2822 4774 2940 4845 ipso
2961 4773 3081 4828 aliis
3109 4789 3178 4828 ex

1588 4862 1704 4932 ipso
1758 4861 1855 4928 ita,
1901 4869 1965 4916 ut
2004 4861 2210 4917 dictum
2265 4869 2368 4930 est,
2416 4864 2776 4929 manantibus’
2820 4862 3177 4931 tetrachordis

1586 4968 1783 5008 nomen
1832 4952 2148 5008 conceditur
2197 4954 2633 5024 principalitatis.
2692 4955 2801 5013 Sed
2860 4963 3176 5024 competens

1586 5042 1913 5098 narrationis
1966 5043 2100 5099 ordo
2154 5042 2266 5112 jam
2323 5061 2444 5100 cum
2496 5061 2745 5118 super-nte
2798 5042 3174 5101 illustrationis

1585 5135 1787 5191 auxilio
1822 5135 2023 5191 intueri
2074 5150 2174 5192 nos
2225 5136 2499 5203 admonet,
2528 5148 2788 5207 quantum
2834 5135 2943 5203 vim
2979 5143 3171 5204 poten-

1587 5228 1826 5298 tiamque
1858 5239 2066 5286 naturae
2092 5229 2177 5285 vel
2206 5229 2380 5302 ipsum
2409 5229 2463 5284 in
2493 5244 2551 5285 se
2578 5229 2871 5293 contineat,
2903 5225 2986 5281 vel
3013 5234 3193 5281 caetear

1585 5321 1661 5376 ris
1687 5335 1757 5375 ex
1790 5336 1850 5376 se
1897 5308 2288 5392 proﬂuentibus
2336 5320 2693 5391 tetrachordis
2733 5319 2932 5386 mirum
2970 5318 3025 5375 in
3055 5332 3171 5374 mo-

1584 5413 1710 5481 dum
1738 5412 2100 5479 transfundat.
2131 5418 2144 5438 '
2390 5460 2395 5471 .

1882 5530 1885 5537 .
2354 5508 2418 5566 ν,

1596 5652 1603 5657 .
1692 5604 1847 5673 Quod
1868 5623 1900 5662 a
1931 5605 2261 5665 tetrachordo
2281 5603 2517 5677 gravium
2537 5612 2726 5658 caetera
2755 5609 3058 5658 noscantur.

1654 5702 1827 5776 igitur
1849 5720 1879 5759 a
1913 5704 2180 5775 principio
2228 5711 2499 5775 repetens,
2531 5715 2638 5756 non
2669 5700 2721 5756 in
2747 5714 2811 5756 ea
2841 5713 2962 5770 qua:
2997 5694 3166 5754 stulti.

1586 5796 1657 5873 tia
1687 5806 1769 5867 est
1798 5797 1938 5880 apud
1977 5797 2167 5868 Deum,
2199 5796 2291 5857 sed
2340 5795 2394 5855 in
2439 5809 2501 5854 ca
2544 5809 2663 5879 quae
2713 5791 3068 5868 superborum
3110 5798 3173 5875 et
