3886 6308
667 300 798 357 1151

1731 297 1791 353 S.
1832 293 2208 354 GUILLELMI
2246 293 2542 353 ABBA'I‘IS
2581 294 2909 359 HIRSAUG.
3056 339 3063 343 -
3708 309 3795 367 iiii

661 408 975 468 sublimium
1030 408 1167 465 colla
1218 407 1656 482 philoSOphorum
1704 408 1879 466 caleat
1906 451 1921 477 ,
1985 411 2248 481 sapientia
2277 407 2973 481 Aspecierum,dispositio
2998 417 3296 483 troporum,
3320 411 3793 482 diﬁcrentianodomn

661 504 891 571 videtur,
915 504 1044 576 quia
1072 504 1249 561 omnis
1281 503 1499 560 musicm
1535 501 1668 559 artis
1688 501 1992 574 disciplina,
2018 510 2239 573 totaque

659 596 1015 654 monochordi
1041 604 1334 665 struetura,
1365 611 1432 652 ex
1461 595 1551 652 illo
1589 596 1732 667 quod
1752 595 1998 666 gravium
2026 602 2240 663 vocant,

657 706 758 760 ego
802 700 982 745 autem
1024 689 1324 762 principale
1386 687 1647 755 nomino,
1702 686 2018 758 producitur
2071 694 2259 742 tetra-7

655 782 883 849 chordo.
925 782 1039 840 Iloc
1076 782 1341 854 siquidem
1383 783 1438 838 in
1487 780 1729 838 inferiori
1776 776 2033 851 diapason
2069 778 2243 850 dupli-

654 876 837 943 catum
879 884 1103 947 generat
1140 890 1206 929 ex
1243 889 1302 930 se
1350 873 1752 929 tetracltordum
1797 872 2059 941 ﬁnalium,
2092 880 2147 927 et
2172 886 2241 926 ex

655 967 742 1023 his
790 968 1004 1024 duobus
1054 966 1351 1037 procedunt
1406 975 1612 1037 septem
1669 964 1985 1037 principalia
2044 979 2240 1020 vocum

652 1058 989 1116 discrimina.
1036 1058 1168 1114 Nam
1205 1059 1404 1129 septies
1436 1067 1655 1128 septena
1686 1058 1895 1113 diversa
1925 1057 2238 1113 discrimina

655 1167 849 1213 vocum
880 1152 933 1207 in
957 1150 1326 1209 monochordo
1354 1151 1713 1220 reperiuntur.
1746 1150 1811 1205 Et
1840 1151 1952 1220 ipsa
1980 1150 2155 1205 denuo
2184 1148 2238 1203 in

651 1242 916 1312 superiori
955 1243 1212 1314 diapason
1258 1242 1505 1313 repetita,
1534 1242 1810 1313 phthongo
1860 1249 1985 1298 nete
2039 1243 2238 1313 hyper-

652 1336 841 1392 boleon
892 1346 1193 1408 assumpto,
1223 1336 1532 1392 universam
1567 1334 1919 1392 monochordi
1973 1333 2239 1389 fabricam

648 1428 964 1484 coniiciunt.
996 1428 1130 1483 Nam
1163 1428 1565 1485 tetrachordum
1587 1426 1924 1498 superiorum
1954 1425 2126 1496 ipsum
2154 1411 2239 1481 est

650 1521 955 1591 principale
988 1532 1042 1577 et
1070 1521 1471 1599 tetrachordum
1500 1518 1877 1576 excellentium
1911 1516 2086 1583 ﬁnale,
2118 1516 2238 1571 nul-

645 1612 806 1683 laque
830 1613 970 1668 inter
992 1615 1105 1669 haec
1132 1622 1339 1668 natura:
1362 1611 1464 1667 nisi
1492 1611 1659 1667 solius
1681 1610 1915 1666 nominis
1943 1618 1995 1664 et
2018 1608 2238 1680 positio-

2348 504 2463 560 sive
2491 503 2692 574 agnitio
2723 504 2806 559 vel
2843 506 3146 576 proprietas
3177 513 3472 579 troporum,
3502 514 3794 587 operationis.

2347 591 2602 664 cipalium
2629 593 2977 661 chordarum,
3028 597 3265 653 naturali
3306 600 3526 670 quadam
3547 610 3593 657 et
3620 604 3794 675 itm

2343 683 2441 742 bili
2468 684 2803 756 proprietate
2826 686 2899 741 ita
2920 687 3308 759 principalibus
3333 689 3509 746 insunt
3534 694 3795 763 tetrachorda,

2344 785 2403 833 ut
2426 776 2471 832 si
2493 791 2557 832 ea
2582 778 2635 832 in
2664 777 2770 833 illis
2799 793 2917 849 qua:
2945 782 3012 834 ad
3040 795 3351 837 mensuram
3369 785 3631 852 pertinent,
3650 801 3794 855 qam,

2343 867 2490 923 nullo
2515 872 2837 939 competenti
2865 871 3075 937 ordine,
3109 873 3251 928 sicut
3292 874 3346 929 in
3389 878 3686 946 sequentibus
3707 880 3795 935 dare

2343 960 2445 1025 lit,
2500 961 2764 1018 invenias.
2821 962 2929 1020 Sed
2980 964 3146 1020 etiam
3197 977 3543 1036 opportunum
3590 970 3719 1025 dicere
3753 973 3799 1025 vi.

2340 1052 2522 1121 detur,
2549 1057 2690 1125 quod
2735 1056 2955 1112 memini
2997 1072 3085 1113 me
3128 1059 3184 1113 in
3228 1060 3583 1128 superioribus
3620 1066 3797 1132 nancti

2340 1144 2486 1202 lmuc
2540 1147 2716 1202 locum
2782 1148 3078 1216 distulisse,
3122 1149 3360 1220 scilicet,
3402 1153 3532 1223 quod
3567 1156 3799 1210 tetrachorda

2340 1240 2527 1294 cadent
2569 1240 2623 1297 in
2671 1250 2906 1312 quatuor
2949 1243 3155 1313 primas
3177 1246 3213 1309 ,ε
3248 1244 3303 1297 in
3346 1234 3563 1314 quatuor
3607 1248 3799 1310 munda,

2340 1332 2393 1387 in
2440 1341 2671 1401 quatuor
2730 1336 2955 1403 tertias,
3009 1336 3063 1391 in
3116 1347 3352 1406 quatuor
3391 1347 3597 1407 quartas
3648 1339 3804 1395 dirita-

2340 1435 2448 1482 tur.
2499 1425 2677 1482 Prima
2718 1443 2848 1499 ergo
2898 1429 3144 1499 gravium
3192 1438 3279 1485 est
3324 1431 3389 1484 A.
3434 1432 3662 1499 secunda,
3697 1432 3803 1491 tenia.

2338 1530 2529 1591 quarta
2565 1521 2628 1575 Β.
2682 1519 2743 1577 C.
2800 1520 2864 1574 D.
2913 1520 3009 1576 Est
3058 1520 3189 1575 item
3226 1522 3399 1592 prima
3449 1521 3661 1577 tinalium
3694 1524 3807 1578 adea

2341 1613 2405 1667 D.
2463 1612 2750 1678 secunda,
2788 1612 2969 1677 tertia,
3006 1619 3199 1682 quarta
3255 1611 3319 1667 E.
3364 1612 3424 1668 F.
3469 1613 3528 1670 G.
3558 1613 3668 1680 Item
3701 1616 3807 1682 prima

646 1703 733 1783 nis
757 1706 863 1761 erit
889 1706 1158 1772 alteritas,
1187 1707 1260 1761 ita
1286 1714 1465 1760 tamen
1491 1713 1548 1759 ut
1567 1702 1861 1775 principale
1885 1704 2048 1763 unum
2071 1714 2234 1772 atque
2266 1782 2279 1783 ί
2335 1704 2676 1775 superiorum
2715 1714 2800 1761 est
2825 1719 2877 1763 a.
2906 1706 3168 1772 secunda,
3202 1707 3362 1762 tertia
3389 1714 3443 1762 et
3475 1715 3647 1776 quarta
3668 1706 3707 1761 b.
3729 1723 3761 1760 c.
3780 1714 3809 1759 ti.

645 1797 789 1855 idem
818 1798 888 1854 sit
913 1800 966 1853 in
990 1799 1261 1854 omnibus.
1295 1797 1400 1853 Sed
1433 1796 1571 1853 sicut
1593 1794 1660 1850 ab
1683 1794 1802 1866 ipso
1824 1804 2019 1851 cuncta
2044 1794 2231 1851 oriun-
2261 1782 2309 1845 Β
2338 1794 2433 1851 Est
2488 1795 2616 1851 item
2669 1796 2846 1868 prima
2892 1796 3272 1853 excellentium
3322 1799 3503 1854 eadem
3550 1798 3600 1853 d.
3638 1798 3809 1853 secunda

645 1898 754 1952 tur,
804 1890 884 1946 sic
932 1905 961 1944 a
1016 1889 1161 1945 ﬁnali
1211 1899 1473 1961 reguntur
1517 1888 1720 1954 omnia,
1769 1888 2127 1957 disponuntur
2176 1894 2234 1942 et

640 1980 1035 2050 dijudicantur;
1086 1991 1141 2038 et
1184 1982 1305 2039 ideo
1335 1984 1389 2039 in
1427 1984 1511 2040 his
1547 1982 1755 2040 duobus
1789 1983 1936 2050 viget
1979 1980 2232 2035 universa

641 2072 904 2130 naturalis
928 2074 1012 2129 vis
1042 2073 1358 2143 harmoniai,
1388 2075 1524 2132 adeo
1553 2084 1612 2155 ut
1640 2083 1837 2131 caztera
1882 2074 2104 2131 omnino
2136 2088 2230 2130 nev

640 2165 879 2222 cessaria
909 2179 1014 2221 non
1041 2175 1240 2232 essent,
1266 2168 1311 2223 si
1341 2168 1648 2239 generalem
1678 2169 1904 2223 istorum
1936 2166 2230 2237 potentiam

642 2262 842 2332 quique
871 2260 1229 2329 simpliciores
1260 2248 1544 2334 pervidere
1570 2263 1893 2333 potuissent,
1926 2270 2052 2316 sunt
2084 2274 2230 2315 nant-

641 2370 748 2424 que
778 2356 829 2410 in
857 2357 957 2423 eis,
986 2365 1039 2411 ut
1072 2355 1271 2411 dictum
1301 2364 1403 2422 est,
1435 2364 1640 2425 septem
1677 2370 1867 2409 vocum
1913 2353 2227 2408 discrimina

640 2446 943 2519 omnigenae
973 2447 1192 2502 musica:
1230 2448 1363 2503 artis
1414 2447 1663 2503 varietati
1708 2446 2051 2510 sufﬁcientia,
2091 2446 2231 2501 sicut

638 2540 870 2611 quisque
896 2537 1057 2609 hujus
1088 2540 1385 2612 disciplinrc
1413 2543 1620 2613 peritus
1650 2539 1829 2608 facile,
1855 2540 1900 2595 si
1928 2538 2229 2610 quaesierit,

640 2632 899 2688 inveniet.
934 2632 1033 2689 Ubi
1066 2643 1121 2688 et
1169 2634 1272 2689 hoc
1317 2630 1818 2691 manifestissimum
1867 2635 1933 2689 de
1979 2630 2230 2701 originali

640 2722 953 2793 principalis
1003 2724 1331 2781 tetrachordi
1377 2725 1639 2798 dignitate
1690 2741 1751 2780 ac
1803 2726 1870 2780 de
1920 2723 2227 2779 omnimoda

640 2817 809 2887 ipsius
853 2834 975 2873 cum
1035 2818 1380 2874 tetrachordo
1436 2818 1771 2887 superiorum
1815 2817 2021 2872 unitate
2070 2815 2231 2870 datur

639 2907 917 2969 indicium,
954 2909 1095 2979 quod
1127 2907 1304 2963 omnis
1350 2908 1640 2971 cantilena,
1685 2921 1804 2976 qua:
1846 2906 2006 2961 modo
2037 2919 2232 2959 secun-

640 2997 769 3052 dum
795 3001 1088 3070 spatiosum
1118 3002 1345 3056 duorum
1390 3001 1648 3071 diapason
1683 2999 1911 3070 vagandi
1954 2998 2228 3053 licentiam

640 3088 697 3142 in
729 3088 1100 3159 superioribus
1148 3090 1358 3160 incipit,
1408 3090 1451 3145 si
1497 3089 1638 3162 infra
1678 3090 1868 3145 eadem
1912 3088 2226 3144 discrimina

638 3188 845 3251 septem
873 3181 1102 3237 naturali
1128 3182 1487 3254 refragatioue
1510 3182 1849 3249 cohibeatur,
1874 3182 1926 3236 iu
1950 3180 2227 3253 gravibus,

639 3271 824 3337 idest,
851 3266 1038 3327 eodem
1086 3273 1369 3344 principali
1417 3273 1762 3329 tetrachordo
1800 3273 1965 3327 sumit
1993 3272 2225 3327 initium.

636 3361 795 3417 Verbi
825 3363 1041 3434 gratia:
1076 3378 1266 3419 omnes
1302 3362 1621 3419 differentia:
1658 3364 1725 3419 ad
1770 3362 2029 3433 primum,
2069 3377 2230 3432 quar-

637 3463 770 3519 tum,
820 3467 1033 3510 sextum
1084 3465 1268 3511 tonum
1320 3457 1641 3528 pertinentis
1691 3458 1959 3524 melodim,
2004 3472 2125 3527 qua:
2173 3457 2226 3511 in

636 3557 795 3605 acuta
838 3565 891 3605 a.
936 3550 1279 3619 inchoantur,
1327 3554 1529 3607 eaedem
1563 3554 1614 3607 in
1662 3553 1811 3624 gravi
1847 3552 1912 3606 A.
1938 3560 1999 3605 ut
2028 3550 2080 3603 iu
2108 3549 2225 3604 dia-

634 3641 847 3711 phonim
872 3655 1139 3713 praecepto
1165 3652 1337 3714 patet,
1364 3644 1619 3713 naturale
1650 3644 1851 3700 habent
1876 3642 2224 3717 principium.

638 3720 705 3787 Et
764 3750 907 3789 nunc
949 3735 1075 3805 quia
1130 3737 1195 3790 de
1249 3750 1391 3806 stupe
1440 3738 1586 3790 dicto
1644 3737 1946 3806 Str-piusque
2000 3732 2227 3790 dicendo

635 3825 918 3895 principali
949 3827 1293 3883 tetrachordo
1335 3837 1501 3882 totum
1530 3830 1765 3899 quidem,
1798 3843 1898 3887 cur
1933 3825 2228 3898 principale

638 3930 704 3970 ac
732 3915 935 3972 fontem
961 3929 1015 3973 et
1041 3920 1307 3991 originem
1335 3930 1676 3983 ceterorum.
1711 3918 1824 3975 sive
1855 3921 2017 3975 totius
2041 3934 2230 3974 mono-

639 4008 829 4064 chordi
880 4025 1147 4066 summam
1198 4012 1447 4082 dixerim,
1501 4027 1565 4067 ex
1615 4021 1768 4082 parte
1816 4020 2017 4077 autem,
2064 4026 2227 4083 quam

638 4099 747 4155 vim
775 4107 828 4155 et
853 4102 1153 4172 potentiam
1178 4112 1385 4159 natum.
1408 4104 1460 4159 in
1485 4118 1543 4159 se
1571 4104 1772 4159 habere
1800 4103 2224 4175 prmdicaverim,

640 4194 870 4261 audisti;
902 4195 1080 4252 adhuc
1120 4197 1332 4271 plenius
1356 4198 1473 4252 licet
1503 4206 1560 4253 ut
1589 4198 1777 4255 audias
1818 4190 1885 4253 de
1918 4198 2030 4269 ipsa
2062 4196 2227 4268 origi-

638 4284 837 4341 naliter
865 4286 919 4341 in
966 4301 1033 4342 eo
1065 4297 1309 4353 scatente
1356 4288 1621 4360 potentia,
1662 4288 2009 4360 ejusdemque
2038 4289 2089 4342 in
2118 4302 2223 4342 ete-

638 4387 753 4431 tera
779 4379 1121 4435 tetrachorda
1149 4379 1452 4437 diﬂ‘usiouc.
1478 4379 1650 4449 Quam
1679 4378 1895 4435 facilius
1919 4378 2148 4444 videbis,
2178 4378 2223 4433 si

638 4470 789 4542 prius
817 4512 831 4538 ,
882 4486 950 4527 ex
999 4488 1227 4544 quarum
1283 4468 2006 4543 rerum'comprehcnsimre
2058 4470 2226 4542 ipsius
2256 4477 2470 4561 Dsivc,
2498 4486 2558 4532 ιιι
2598 4478 2781 4534 vel-ins
2826 4477 3095 4542 dicamus,
3126 4474 3179 4529 in
3228 4472 3402 4530 forma
3455 4474 3645 4544 primae

638 4561 861 4616 musicm
882 4562 1018 4617 artis
1063 4572 1257 4625 natura
1277 4563 1512 4638 maxime
1535 4562 1885 4634 percipiatur,
1916 4570 1971 4617 et
2001 4557 2298 4633 qualiter-
2335 4578 2611 4640 quartam.
2663 4566 2795 4636 ριιω
2849 4566 2978 4623 licet
3021 4566 3202 4637 specie
3254 4565 3435 4635 prima
3488 4578 3611 4619 esse
3654 4557 3833 4640 ῖίύαη

640 4653 856 4726 βωᾱοιηι
882 4670 970 4711 res
1002 4656 1056 4711 in
1088 4656 1183 4713 his
1205 4656 1562 4729 tetrachordis
1613 4658 1974 4727 reperiantur,
2011 4654 2230 4711 videris.

1057 4810 1067 4820 ,
1097 4799 1108 4814 ,
1389 4747 1473 4805 vr.
1802 4816 1803 4819 γ

725 4838 874 4895 Unde
911 4851 1101 4896 natura
1131 4847 1344 4899 musica:
1370 4843 1502 4907 artis
1539 4859 1766 4899 maxime
1800 4851 2149 4914 cognoscitur.

712 4930 916 4988 Natura
946 4933 1169 4993 musicae
1205 4943 1340 4992 artts
1384 4945 1507 5007 pOSt
1535 4932 2034 4991 novem'iutervalla
2064 4950 2231 4991 sono-

642 5040 763 5098 rum
816 5024 1161 5096 potissimum
1217 5040 1286 5081 ex
1338 5026 1720 5099 praedictarum
1768 5035 1999 5095 quatuor
2048 5041 2229 5082 rerum

643 5113 871 5173 scientia
924 5114 1230 5188 inspicitur,
1270 5116 1324 5173 id
1370 5127 1456 5175 est
1493 5118 1546 5174 1.
1574 5126 1691 5179 rata
1742 5128 1798 5173 et
1838 5116 2234 5173 rationabiliter

642 5209 889 5286 prdiuata
921 5210 1307 5271 conSIitutione
1346 5212 1653 5284 specierum
1687 5212 1852 5267 trium
1886 5212 2232 5284 symphonia—

646 5319 767 5374 rum
790 5304 1152 5372 diatessaron,
1184 5304 1459 5377 diapente,
1493 5306 1752 5377 diapason
1782 5323 1795 5359 :
1829 5306 1881 5360 2.
1914 5305 2227 5362 cautissima

644 5404 701 5464 et
740 5396 1059 5453 naturaliter
1097 5397 1240 5455 facta
1284 5398 1638 5471 dispositione
1669 5405 1944 5471 troporum
1973 5415 1987 5455 :
2016 5400 2067 5454 5.
2097 5396 2235 5469 vigi-

643 5486 825 5561 ianter
851 5500 1133 5567 perspecta
1164 5492 1457 5571 modorum
1505 5491 1827 5559 ditl‘crcntia,
1860 5506 2022 5571 quam
2048 5492 2231 5549 verius

648 5580 879 5646 dixerim
930 5584 1262 5657 agnitionem
1320 5589 1434 5643 sive
1477 5585 1866 5658 proprietatem
1908 5580 2228 5656 troporum;

647 5671 703 5730 ι.
749 5673 901 5728 valde
948 5676 1252 5731 necessaria
1297 5675 1675 5749 principalium
1725 5666 2049 5734 chordarum
2108 5695 2232 5753 ope-

649 5761 881 5843 gatione.
946 5764 1070 5824 llaec
1115 5774 1293 5841 autem
1350 5778 1601 5842 quatuor,
1653 5766 1705 5826 id
1754 5776 1866 5843 est,
1901 5772 2231 5847 _constitutio

2335 1890 2492 1945 tertia
2516 1898 2564 1944 et
2592 1899 2786 1961 quarta
2826 1904 2875 1945 e.
2903 1890 2943 1943 f.
2978 1906 3031 1960 g.
3061 1891 3491 1947 Tctrachordum
3518 1892 3663 1962 igitur
3680 1890 3811 1959 prind-

2330 1978 2531 2050 palium
2559 1980 2748 2050 primae
2785 1979 3001 2034 chorda:
3041 1989 3169 2034 sunt
3195 1980 3263 2033 A.
3297 1979 3361 2034 Ι).
3389 1994 3440 2034 a.
3481 1980 3531 2034 d.
3574 1979 3759 2035 secum:
3776 1976 3809 2027 Β.

2330 2070 2397 2139 E.
2428 2070 2481 2125 h.
2514 2083 2563 2123 c.
2596 2069 2772 2135 tertiae
2796 2069 2860 2124 Ο.
2892 2069 2953 2124 F.
2992 2085 3045 2125 e.
3081 2069 3125 2141 f.‘
3164 2078 3374 2140 quarta:
3406 2069 3469 2125 D.
3509 2069 3570 2125 ὓ.
3590 2069 3638 2122 d.
3668 2083 3709 2138 ς.
3732 2079 3815 2134 qus

2332 2161 2453 2216 ideo
2497 2168 2552 2216 et
2598 2158 2910 2231 singillatim
2963 2169 3018 2217 et
3071 2160 3441 2230 congregatim
3491 2160 3813 2228 desigmrenoa

2330 2251 2523 2323 piguit,
2556 2252 2680 2322 quia
2710 2250 2989 2321 sequentis
3012 2250 3195 2321 operis
3225 2259 3443 2305 textura
3465 2246 3640 2305 crebro
3660 2247 3815 2315 ipsam

2333 2346 2534 2417 indiget
2566 2345 2889 2408 subtemine.
2940 2345 3009 2400 Et
3042 2360 3112 2401 ne
3154 2344 3373 2400 mireris
3406 2342 3544 2415 quod
3566 2349 3673 2396 nete
3692 2340 3817 2410 Ιιξνσο

2332 2437 2521 2493 boleon
2561 2437 2923 2509 praetermissa
2969 2446 3288 2505 exterarum
3333 2434 3705 2507 quatuordecim
3722 2430 3817 2483 char-

2336 2531 2526 2588 darum
2560 2531 2614 2591 iu
2655 2531 2930 2587 sexdecim
2982 2530 3077 2585 Iiat
3125 2529 3371 2601 partitio,
3415 2536 3600 2600 quater
3623 2524 3735 2580 enim
3755 2519 3817 2573 Illi.

2330 2630 2488 2678 erunt
2519 2622 2660 2679 XVI.
2693 2624 2829 2678 duas
2874 2638 2941 2678 ex
2978 2623 3112 2693 ipsis
3138 2620 3297 2677 XIIII.
3340 2620 3395 2675 id
3441 2628 3544 2685 est,
3573 2616 3629 2671 D.
3654 2612 3833 2669 etdti-i

2331 2717 2554 2783 formes,
2585 2712 2762 2788 bisque
2791 2717 3150 2773 numeranda:
3179 2732 3290 2770 esse
3320 2714 3540 2769 noveris.
3563 2708 3821 2776 Qualitlm‘

2330 2811 2705 2881 lcmbiformcs
2753 2809 2863 2864 sint
2907 2809 2961 2865 in
3007 2804 3363 2879 dispesitione
3390 2796 3833 2875 troporumiitkmi

2330 2902 2589 2971 clarebit;
2631 2911 2757 2959 sunt
2803 2915 3039 2972 namque
3099 2902 3241 2967 inter
3287 2898 3547 2970 praedicta
3588 2892 3833 2971 tetrachma

2330 2995 2606 3067 quaedam,
2642 3012 2763 3067 qua:
2807 3003 3125 3067 comparata
3167 2993 3459 3065 proferunt
3502 3007 3567 3048 ex
3609 3003 3662 3044 se
3696 2984 3833 3053 φάε(

2333 3088 2669 3144 diatessaron
2698 3107 2711 3142 :
2743 3088 2990 3158 quaedam
3040 3088 3173 3143 item
3217 3095 3367 3154 sunt,
3402 3100 3525 3157 qua:
3566 3081 3727 3155 collata
3760 3078 3833 3141 ἀειί

2332 3191 2495 3254 pcnte
2516 3182 2735 3254 species
2750 3196 2813 3237 ex
2840 3197 2900 3238 se
2926 3182 3253 3254 producunt.

3043 3291 3154 3349 VII.

2329 3386 2398 3443 In
2442 3388 2631 3459 quibus
2684 3386 2897 3459 chordis
2944 3386 3554 3459 specieshdiatessaran,
3592 3368 3833 3449 diciturth

2663 3458 2919 3528 diapason
2946 3455 3260 3517 naturaliter
3280 3456 3589 3527 consistant.
3832 3468 3833 3493 ῖ

2405 3550 2696 3607 Videamus
2724 3565 2874 3622 ergo,
2911 3564 3029 3621 quae
3056 3556 3180 3605 sunt
3208 3548 3317 3615 illa,
3350 3558 3405 3603 et
3439 3547 3665 3619 qualiter
3687 3560 3734 3598 ei

2328 3644 2594 3715 probabili
2645 3644 2857 3700 ratione
2906 3644 3111 3714 absque
3159 3640 3366 3699 ordinis
3397 3634 3834 3703 confusiontM

2330 3739 2524 3793 itinere
2570 3753 2633 3794 ac
2679 3737 2797 3811 sine
2834 3734 3159 3795 oﬂ'endiculo
3196 3735 3511 3806 procedant.
3558 3734 3631 3789 Ex
3674 3716 3833 3807 uastand

2328 3830 2725 3887 coadunatinue
2766 3829 3239 3885 tetrachordorum
3281 3828 3598 3900 principalis
3633 3838 3687 3878 ac
3724 3816 3834 3900 iunia

2328 3940 2520 3981 omnes
2564 3924 2903 3980 diatessaron
2955 3923 3166 3995 species
3212 3923 3505 3994 prodeunt.
3558 3920 3712 3975 Prima
3754 3920 3833 3995 tm

2328 4016 2573 4087 gravium
2628 4024 2685 4069 et
2742 4014 2916 4085 prima
2970 4014 3214 4068 ﬁnalium
3271 4014 3601 4084 depromunt
3652 4007 3829 4079 primi:

2328 4041 2573 4087 b'l'ZIVIUIII
2628 4041 2685 4069 CL
2743 4041 2916 4085 Pl'llllil
2970 4041 3214 4068 llllilllUlll
3271 4041 3601 4084 ιιυμιυιιιιηῑι
3652 4041 3813 4079 PHW

2326 4107 2566 4162 secunda
2604 4105 2733 4160 item
2762 4104 3009 4178 gravium
3041 4112 3095 4161 et
3126 4106 3366 4161 secunda
3408 4103 3649 4159 ﬁnalium
3684 4041 3834 4243 ﬂ

2328 4198 2649 4243 gmnmlnm:
2695 4196 2893 4243 iterum
2932 4196 3091 4243 tertia
3122 4196 3374 4243 gravium
3402 4204 3462 4243 et
3492 4194 3649 4243 tertia
3673 4189 3702 4243 ﬁ

2328 4198 2651 4273 secundam;
2695 4196 2893 4269 iterum
2932 4196 3092 4252 tertia
3122 4196 3374 4270 gravium
3402 4204 3462 4251 et
3492 4194 3649 4251 tertia
3673 4189 3702 4244 ti

2325 4293 2609 4362 proferunt
2646 4291 2896 4355 tertiam;
2943 4299 3148 4359 quanta
3196 4285 3616 4371 item'gravium
3642 4293 3686 4339 et
3711 4286 3833 4371 quant

2327 4384 2570 4451 tinalium
2604 4384 2723 4438 vice
2746 4393 2959 4453 quarta:
3008 4382 3205 4438 iterum
3244 4388 3639 4451 repnesentant
3661 4375 3723 4448 pri

2334 4644 2633 4718 harmoniae
2671 4647 2855 4716 tamen
2904 4667 3100 4713 natura
3141 4657 3459 4728 diligentius
3495 4660 3759 4727 perspecta.

2332 4754 2421 4826 plo
2459 4762 2654 4824 quarta
2691 4768 2814 4809 esse
2854 4751 3183 4827 declaratur,
3212 4750 3388 4822 primo
3414 4748 3566 4820 quod
3597 4748 3716 4802 inter
3733 4748 3833 4827 φη

2337 4857 2416 4903 tas
2458 4847 2787 4912 continetur,
2819 4845 3061 4902 secundo
3097 4832 3240 4915 quod
3276 4843 3330 4899 in
3374 4842 3619 4914 generali
3649 4832 3834 4915 νοσοκπῆ

2333 4940 2712 5014 dispositione,
2747 4947 2805 4994 ut
2830 4937 3204 5009 priediximus,
3235 4937 3477 5007 pertinet
3508 4935 3579 4990 ad
3610 4926 3821 4989 tetranh

2334 5032 2497 5088 tertio
2544 5032 2689 5107 quod
2736 5031 3018 5100 contraria
3066 5039 3152 5086 est
3206 5029 3430 5100 primae,
3485 5026 3723 5101 quoniam
3754 5018 3783 5071 si

2334 5122 2569 5180 ntclodia
2623 5138 2653 5177 a
2701 5122 2876 5193 prima
2928 5121 3250 5199 intenditur,
3290 5120 3369 5175 ita
3411 5134 3443 5175 a
3492 5125 3677 5193 quarta

2336 5216 2657 5283 remittitur,
2696 5223 2755 5285 ut
2797 5213 2853 5270 in
2900 5213 3007 5271 hoc
3049 5213 3240 5269 eodem
3289 5206 3543 5267 tinalium
3590 5220 3658 5265 tet

2335 5308 2451 5365 haec
2480 5310 2753 5363 testantur
2780 5289 3051 5379 exempla.
3080 5304 3276 5362 Protus
3295 5315 3411 5360 aut.
3443 5304 3539 5374 {ac
3567 5312 3753 5358 nea--

2335 5398 2609 5453 a'bimatu.
2643 5396 2945 5473 Tetrardus
2970 5406 3085 5452 aut.
3114 5396 3251 5450 dabo
3279 5395 3337 5450 in
3363 5392 3523 5450 Sion.
3551 5394 3739 5450 Inda.

2404 5490 2578 5547 Media
2610 5490 2740 5546 item
2769 5488 3137 5563 tetrachorda,
3164 5487 3406 5543 ﬁnalium
3430 5488 3583 5554 dico,
3607 5496 3659 5541 et
3677 5476 3797 5551 φ

2336 5601 2477 5651 rutn,
2504 5584 2547 5641 si
2576 5562 2952 5657 conferantur,
2987 5599 3179 5639 omnes
3206 5583 3464 5653 diapente

2336 5690 2545 5736 natura:
2593 5689 2650 5737 et
2694 5679 2906 5736 ordinis
2957 5679 3155 5749 decore
3202 5684 3531 5733 nascuntur.
3578 5674 3699 5741 Nam

2338 5774 2581 5839 tinaiium
2609 5782 2661 5829 et
2690 5772 2864 5839 prima
2898 5773 3239 5839 superitirum
3278 5769 3567 5839 continent
3600 5771 3791 5839 prius

2336 5690 2545 5736 natura:
2593 5689 2650 5737 et
2694 5679 2906 5736 ordinis
2957 5679 3155 5749 decore
3202 5684 3531 5733 nascuntur.
3578 5674 3699 5741 Nam

2338 5774 2581 5855 tjnaiium
2609 5782 2661 5829 et
2690 5772 2864 5857 prima
2898 5773 3239 5867 superitirum
3278 5769 3575 5843 continent
