3834 6304
42 414 145 473 MSS

1448 386 1725 456 MUSICA.

3102 392 3243 462 “58

38 531 262 596 utriusque
306 492 625 578 tetrachordi
684 514 935 572 secundae
996 492 1324 577 secundam,
1360 515 1550 569 .terti:e
1580 516 1626 576 Α
1654 512 1881 571 obscura
1910 513 2019 581 jam
2060 528 2126 569 ex
2169 527 2357 569 eorum
2391 515 2753 575 illustratione
2790 517 2926 577 satis
2965 510 3245 593 perspica-

40 618 233 679 tertiam,
285 619 337 666 et
382 616 583 679 quarta:
641 605 971 661 concludunt
1024 611 1293 673 quartam.
1352 602 1549 658 Ultima

36 714 275 776 Numquae
317 709 516 757 restant
556 695 920 759 tetrachorda,
960 695 1297 767 superiorum
1340 693 1550 750 scilicet

35 813 73 859 et
104 794 461 857 excellentium,
508 792 553 845 si
596 796 1001 861 comparentur,
1038 787 1376 841 diatessaron
1419 783 1550 839 item

36 892 217 948 reddunt
254 882 480 955 species,
527 878 981 952 quemadmodum
1028 886 1080 934 et
1131 878 1340 948 prima,
1397 876 1547 946 quia,

33 982 335 1041 sicntdictum
390 983 499 1036 est,
548 972 736 1028 eadem
794 978 926 1026 sunt
985 968 1041 1024 in
1095 977 1309 1023 natura.
1365 966 1549 1021 Prima

30 1073 307 1147 superiorum
370 1074 425 1122 et
478 1064 649 1136 prima
718 1060 1100 1118 excellentium
1174 1058 1550 1113 demonstrant

30 1168 227 1237 primam,
249 1157 487 1218 secundae
508 1155 820 1220 secundam,
850 1152 1025 1211 tertia:
1054 1151 1290 1214 tertiam.
1314 1159 1549 1223 quartae.

29 1272 105 1329 que
143 1250 314 1311 iterum
364 1250 415 1305 in
471 1248 652 1320 specie
700 1246 889 1318 prima:
934 1246 1215 1301 continent
1268 1250 1540 1315 quartam.

30 1351 137 1419 Ergo
167 1345 205 1401 si
242 1343 569 1399 diatessaron
616 1338 825 1410 species
855 1337 996 1393 inter
1031 1336 1145 1402 illa,
1176 1351 1297 1406 quae
1330 1334 1396 1390 ad
1424 1333 1545 1388 dia-

29 1451 166 1512 pente,
193 1435 266 1491 vel
308 1435 559 1505 diapente
595 1431 805 1502 species
848 1430 994 1486 inter
1036 1428 1147 1495 illa,
1177 1443 1295 1499 quae
1329 1444 1394 1482 an
1431 1427 1545 1482 dia-

30 1542 219 1585 tessaron
258 1524 550 1596 pertinent,
590 1521 890 1593 quaesieris,
934 1517 1313 1575 oﬂ‘endiculum
1363 1517 1546 1572 incur-

30 1622 97 1685 ris,
121 1618 225 1688 quia
268 1625 436 1670 ratum
478 1614 728 1669 ordinem
765 1627 952 1667 carum
985 1610 1228 1666 invenire
1259 1624 1363 1664 non
1394 1618 1545 1679 pote-

29 1713 96 1767 ris.
126 1708 214 1766 Sed
249 1716 302 1762 ut
338 1706 696 1771 manifestius,
733 1705 875 1775 quod
921 1704 1149 1759 dicimus
1196 1700 1542 1757 animadver-

28 1813 102 1866 tas,
124 1800 161 1855 si
192 1812 288 1870 quo
319 1797 371 1853 in
412 1795 534 1852 loco
579 1802 778 1865 prteter
807 1780 920 1857 illa,
944 1800 1065 1864 qua:
1106 1791 1352 1859 exposita
1388 1797 1537 1855 sunt,

1651 606 1789 661 citer
1815 606 2002 671 video,
2038 620 2160 675 quae
2206 606 2407 661 dudum
2456 608 2906 680 interrogassem,
2948 610 3051 666 nisi
3095 609 3242 682 quod

1654 709 1913 751 novarum
1946 709 2126 749 rermn
2168 704 2222 751 ct
2247 695 2534 752 dulcedine
2563 707 2773 768 captus,
2800 708 2855 754 et
2883 698 3242 758 admiratione

1652 787 1916 842 attonitus
1959 786 2409 853 jocnndissimam
2450 790 2736 845 verborum
2781 800 2999 848 tuorum
3041 793 3239 851 seriem

1655 877 2055 948 interrumpere
2084 876 2250 932 nolui.
2274 877 2459 943 Video,
2481 876 2721 949 inquam,
2752 894 2859 934 non
2891 879 3082 937 leviter
3112 897 3242 951 pec-

1652 986 1806 1027 casse
1835 970 2120 1041 quemdam
2146 986 2214 1028 cx
2245 971 2543 1038 modernis,
2570 973 2697 1042 quia
2740 970 2951 1041 species
2978 972 3242 1029 diatessao

1650 1078 1748 1119 ron
1777 1070 1833 1120 et
1861 1064 2111 1133 diapente
2137 1062 2495 1129 constituens,
2526 1062 2716 1134 primm
2743 1062 2945 1133 speciei
2974 1063 3243 1120 diatessa-

1650 1172 1746 1212 ron
1793 1170 1821 1210 a
1871 1155 2129 1227 lychanos
2179 1170 2385 1223 meson,
2421 1156 2524 1212 hoc
2571 1164 2677 1220 est,
2708 1169 2737 1208 a
2774 1153 2840 1211 G.
2882 1154 3050 1210 sumit
3082 1168 3247 1210 exor-

1650 1247 1823 1313 dium,
1853 1256 1908 1303 et
1942 1248 2059 1302 linit
2087 1262 2207 1303 eam
2251 1248 2305 1303 in
2349 1247 2609 1320 lychanos
2651 1248 2910 1320 hypaton,
2953 1246 3007 1303 id
3044 1255 3149 1315 est;
3190 1246 3245 1302 in

1649 1336 1711 1391 D.
1747 1336 1853 1392 Sed
1886 1338 1945 1393 D.
1979 1337 2129 1408 quia,
2159 1346 2219 1391 ut
2243 1335 2358 1408 jam
2380 1337 2582 1402 dixisti,
2616 1336 2864 1394 biformis
2890 1345 2993 1402 est,
3021 1346 3131 1392 tam
3161 1337 3244 1392 iit-

1651 1437 1734 1484 ter
1757 1429 1980 1499 primas,
2003 1445 2167 1500 quam
2202 1429 2345 1485 inter
2372 1430 2597 1500 quartas
2626 1437 2979 1495 numeratur;
3008 1428 3077 1495 G,
3110 1442 3244 1484 vero

1647 1519 1966 1590 simpliciter
1994 1519 2202 1589 quartis
2232 1521 2545 1587 ascribitur,
2576 1520 2805 1591 ideoque
2831 1520 3030 1590 speciei
3080 1519 3241 1589 huius

1648 1608 1842 1666 faciem
1866 1620 1921 1665 et
1952 1611 2122 1665 solam
2151 1612 2203 1667 in
2232 1612 2411 1668 medio
2438 1610 2598 1682 positi
2624 1612 2897 1668 semitonii
2920 1613 3239 1683 qualitatem

1646 1699 1899 1768 intuitus,
1922 1700 2235 1759 interiorem
2266 1713 2473 1759 natura:
2495 1705 2604 1759 vim
2631 1714 2680 1758 et
2714 1705 3103 1775 proprletatem
3131 1697 3240 1762 non

1645 1794 1941 1865 perspexit.
1973 1794 2241 1850 Similiter
2277 1797 2572 1851 secundam
2607 1796 2795 1867 incipit
2832 1798 2883 1852 in
2906 1797 2973 1852 Α.
3005 1812 3127 1868 quae
3153 1804 3241 1852 est

26 1894 183 1963 species
220 1889 420 1945 easdem
461 1886 751 1958 repercris,
785 1885 966 1940 minus
997 1882 1272 1955 regulares
1301 1896 1423 1937 esse
1448 1895 1545 1934 no-
1577 1874 1621 1934 B
1650 1887 1846 1956 prima,
1898 1888 2263 1958 terminatque
2310 1887 2364 1944 in
2410 1888 2471 1943 Ε.
2503 1904 2624 1959 qua:
2659 1897 2744 1944 est
2781 1888 3054 1953 secunda;
3095 1897 3152 1944 et
3179 1894 3243 1947 ut

26 1986 235 2047 reris,eo
267 1979 400 2052 quod
456 1976 570 2035 'un'o
608 1979 905 2050 eodemque
957 1978 1138 2033 minus
1195 1976 1544 2032 includuntur

26 2087 214 2129 numero.

75 2165 281 2230 Videsne,
311 2162 476 2218 frater
515 2162 865 2219 charissimc!
910 2160 1183 2233 quomodo
1230 2159 1282 2215 in
1315 2158 1417 2215 hac
1449 2163 1543 2213 n0-

24 2266 102 2311 stra
124 2258 391 2327 specierum
437 2256 826 2312 constitutione
865 2255 1101 2325 ipsarum
1148 2252 1451 2324 specierum
1489 2259 1544 2307 ct

24 2350 281 2404 chordarum
317 2344 422 2403 tam
452 2347 695 2404 nominis
719 2363 880 2419 quam
914 2348 1215 2420 dignitatis,
1248 2358 1310 2401 ut
1338 2346 1541 2401 dictum

24 2452 98 2507 est,
130 2442 363 2497 naturalis
390 2442 531 2499 ordo
565 2450 834 2508 servatur,
871 2451 925 2496 et
960 2438 1195 2512 qualiter
1228 2441 1371 2496 idem
1409 2439 1543 2497 ordo

25 2538 140 2607 plano
175 2538 349 2597 itinere
394 2551 458 2592 ac
513 2535 631 2592 sine
684 2534 1010 2591 offendicqu
1050 2533 1415 2604 progreditur,
1449 2533 1541 2587 ubi

24 2630 152 2698 prima
182 2643 370 2699 spectes
398 2627 457 2681 in
511 2627 701 2699 primis
726 2625 965 2690 chordis,
997 2624 1233 2679 secunda
1262 2624 1314 2678 in
1346 2638 1542 2678 secun-

23 2722 94 2787 dis,
122 2721 257 2776 tertia
289 2720 339 2774 in
370 2720 576 2785 tertiis,
613 2728 807 2791 quarta
857 2717 910 2772 in
948 2719 1159 2787 quartis
1188 2726 1242 2772 et
1287 2716 1542 2787 incipitur

22 2816 57 2866 ‘et
81 2811 246 2865 linitur.
276 2810 525 2881 Nunquid
564 2827 668 2866 non
712 2810 870 2882 plane
916 2808 1193 2877 intelligis,
1228 2808 1372 2877 ipsas
1402 2823 1541 2878 quo-

20 2919 95 2973 que
131 2904 313 2973 Species
341 2902 667 2959 naturaliter
705 2918 733 2981 a
762 2899 1125 2958 constitutivis
1158 2915 1343 2955 carum
1376 2900 1538 2954 chor-

21 2999 78 3052 dis
100 2997 164 3051 vel
185 2998 391 3066 primas,
420 2994 509 3053 vel
540 2994 826 3062 secundas,
854 2995 938 3050 vel
966 2994 1173 3058 tertias,
1202 2992 1283 3046 vel
1314 3001 1539 3063 quartas

20 3090 183 3145 vocari?
221 3089 400 3147 Nonne
449 3096 511 3144 et
556 3087 901 3144 habitudines
952 3100 1137 3141 earum
1196 3083 1537 3139 manifestius

20 3180 499 3250 intueris,quomodo
533 3177 704 3251 prima
739 3179 1075 3233 diatessaron
1121 3176 1329 3248 species
1368 3175 1533 3231 semi-

18 3274 168 3327 lenium
201 3274 352 3330 habet
392 3275 444 3329 in
499 3274 709 3339 medio;
742 3270 977 3328 secunda
1025 3271 1077 3325 in
1108 3270 1303 3341 primo,
1337 3284 1534 3325 secun-

15 3361 104 3415 dum
134 3364 461 3421 intensionem
510 3364 659 3431 dico;
706 3363 867 3419 tertia
917 3362 970 3417 in
1017 3362 1246 3428 ultimo;
1281 3361 1536 3433 quodque

16 3455 141 3520 prima
175 3456 409 3527 diapente
450 3456 666 3527 species
707 3456 869 3510 habet
910 3452 1259 3509 semitonium
1294 3461 1418 3522 post
1456 3461 1538 3507 to—

17 3560 125 3612 ηιιιη,
147 3556 310 3615 postea
353 3547 628 3612 ditonum,
661 3546 897 3602 secunda
950 3545 1003 3599 in
1050 3544 1250 3615 primo,
1283 3544 1444 3598 tertia
1480 3543 1534 3599 in

16 3632 174 3701 ultimo,
194 3646 370 3707 quarta
400 3647 528 3709 post
552 3640 816 3702 ditonum,
847 3645 1034 3707 postea
1082 3636 1307 3691 tonum?
1346 3633 1536 3691 Nonne

12 3727 119 3782 clare
144 3729 368 3797 intueris,
404 3730 645 3800 qualiter
684 3729 787 3785 iste
835 3728 1138 3799 specierum
1180 3727 1315 3782 ordo
1343 3727 1428 3781 vel
1466 3740 1535 3780 ex

13 3815 87 3870 hoc
120 3820 325 3875 maxime
370 3819 640 3874 naturalis
681 3817 898 3889 probari
945 3823 1145 3889 potest,
1174 3817 1300 3886 quia
1342 3816 1534 3886 prim:e

12 3910 162 3976 speciei
201 3914 373 3968 sedem
421 3911 617 3968 tribuit
664 3913 717 3967 in
763 3912 941 3983 spatio
991 3910 1306 3981 principalis
1367 3917 1533 3966 tetra-

7 3997 165 4066 chordi,
207 4004 339 4073 quod
386 4004 535 4059 inter
583 4005 883 4074 primarum
929 4003 1254 4059 chordarum
1302 4002 1528 4073 primas,

7 4087 43 4139 id
66 4099 145 4150 est.
172 4091 228 4145 Α.
253 4102 305 4149 et
326 4093 389 4148 D.
421 4103 484 4149 ut
523 4094 776 4164 superius
805 4094 899 4148 tibi
931 4094 1170 4148 nomium
1213 4093 1529 4164 intelligeuti

6 4176 157 4234 dictum
179 4191 274 4247 est,
299 4183 543 4239 locatur?
576 4182 870 4254 Perpende,
901 4198 1107 4254 qumso,
1138 4183 1446 4253 diligenter,
1476 4191 1532 4239 et

6 4268 100 4323 illud
128 4275 400 4343 perpende,
429 4275 705 4346 quomodo
746 4276 799 4330 in
852 4276 968 4347 ipsa
1000 4278 1297 4346 primarum
1324 4276 1532 4345 speCic-

7 4376 91 4415 mm
110 4367 315 4421 naturali
345 4369 697 4437 processione
728 4369 901 4439 ipsum
928 4369 1093 4423 etiam
1126 4367 1528 4423 tetrachordum

4 4452 119 4510 ﬁnale
155 4459 373 4527 quodam
420 4461 639 4516 occulto
678 4462 867 4517 ordine
905 4469 962 4517 ct
1005 4461 1120 4532 lege
1162 4472 1368 4535 natura:
1403 4475 1532 4531 pro-

4 4545 167 4601 ductum
203 4558 301 4605 est.
354 4548 496 4617 Quid
552 4562 635 4608 est
681 4560 810 4625 ergo
858 4555 1170 4608 earumdem
1226 4555 1527 4624 specierum

4 4639 281 4712 principium,
311 4645 416 4700 nisi
461 4646 760 4717 principale
805 4644 1244 4701 letrachordum?
1280 4646 1362 4699 vel
1394 4645 1525 4715 quid

4 4728 183 4795 ills-“Imm
230 4738 649 4801 consummatio,
693 4737 795 4791 nisi
851 4737 1182 4792 tetrachordi
1234 4737 1408 4790 liualis
1455 4750 1525 4791 ex

4 4822 226 4895 Principali
274 4831 526 4901 genitura
576 4830 821 4900 quaedam
863 4839 930 4890 ct
984 4830 1302 4901 productio?
1345 4828 1525 4884 Simili

4 4914 114 4968 modo
159 4919 207 4973 in
252 4921 643 4979 constitutione
692 4923 994 4993 specierum
1042 4924 1293 4993 diapente
1351 4931 1521 4977 tetra-

4 5005 203 5066 :hordum
231 5012 572 5085 superiorum
599 5028 665 5069 ex
696 5012 861 5081 linall,
892 5023 949 5070 et
974 5029 1042 5071 ex
1068 5013 1523 5084 subsequentibus

4 5102 218 5168 Ipeciehus
255 5108 531 5166 excellens
566 5124 634 5165 ex
673 5107 938 5181 superiori
972 5108 1240 5179 procedit.
1272 5107 1365 5163 Sic
1403 5108 1518 5163 sin-

4 5192 182 5257 Merum
214 5202 681 5258 tetrachordorum
710 5201 779 5257 ad
810 5210 1086 5272 troporum
1124 5199 1519 5257 institutionem

4 5284 308 5361 pectantium,
332 5296 525 5366 prima:
544 5311 608 5351 ex
634 5294 943 5367 principalis
968 5293 1298 5350 tetrachordi
1319 5294 1518 5366 prima,

4 5374 41 5430 ic
66 5370 233 5441 omnes
256 5389 514 5444 secundas
550 5404 616 5443 ex
646 5388 812 5459 ipsius
847 5387 1107 5453 secunda,
1135 5387 1214 5442 sic
1247 5387 1422 5442 tertiae
1448 5402 1518 5442 es

4 5468 123 5537 ertia,
150 5483 200 5530 et
225 5486 435 5548 quartae
464 5493 527 5534 ex
556 5489 745 5551 quarta
768 5478 921 5550 quasi
943 5494 1010 5535 ex
1030 5488 1265 5549 quatuor
1293 5478 1519 5534 diversae

4 5570 142 5659 slum
174 5568 459 5628 elementis
496 5573 897 5643 producuntur,
926 5572 1041 5628 sive
1076 5579 1203 5626 nata
1246 5570 1389 5626 tonis
1423 5571 1518 5625 dc~

4 5663 148 5709 Ivantu
155 5673 196 5713 Γ.

1563 3238 1606 3297 C

26 5764 176 5826 Orat.
211 5772 437 5832 Placent
456 5785 642 5834 cuncta
669 5778 957 5836 admodum
988 5795 1109 5851 quite
1136 5777 1294 5846 dicis,
1324 5786 1377 5834 et
1405 5794 1511 5834 non

3 5856 110 5917 )lttttt
152 5865 261 5924 haec
306 5871 621 5945 perpendo,
665 5872 761 5931 sed
807 5882 865 5932 et
910 5873 1017 5930 alia
1067 5873 1313 5946 qnzcdam
1360 5873 1512 5945 prius

1561 4595 1606 4651 Ι)

1646 1976 1852 2047 singula
1886 1978 2046 2045 hujus
2074 1979 2281 2033 erroris
2302 1981 2505 2050 pariter
2527 1979 2871 2049 breviterque
2893 1978 3237 2042 concludam,

1644 2071 1696 2126 in
1738 2069 2085 2139 disponendis
2116 2085 2267 2125 more
2300 2085 2400 2126 suo
2426 2071 2678 2143 diapente
2707 2070 2991 2141 speciebus
3033 2068 3238 2125 nullam

1642 2160 1978 2215 diatessaron
2025 2160 2284 2230 speciem,
2338 2161 2591 2232 primam,
2632 2160 2949 2225 secundam,
2996 2160 3235 2223 tertiam,

1644 2252 1875 2307 naturali
1937 2252 2055 2306 loco
2103 2251 2313 2317 inserit,
2364 2261 2564 2324 praeter
2613 2252 2777 2315 illam,
2826 2244 2991 2322 quam
3039 2259 3237 2321 quarto

1644 2345 1762 2402 loco
1791 2346 1943 2416 ponit
1968 2362 2086 2417 qua:
2112 2356 2184 2402 est
2216 2347 2357 2402 inter
2385 2346 2449 2400 A.
2492 2354 2549 2401 ct
2591 2346 2653 2402 D.
2689 2353 2949 2416 utrasque
2980 2342 3236 2401 videlicet

1642 2437 1849 2508 primas
1892 2437 2142 2492 collocat.
2185 2437 2294 2492 Nos
2337 2444 2518 2492 autem
2565 2439 2745 2507 pravis
2790 2435 3089 2492 errantium
3132 2435 3236 2491 viis

1642 2529 2023 2598 compendiose
2060 2529 2388 2584 transcursis
2425 2528 2495 2582 ad
2541 2528 2749 2583 directa
2790 2535 2998 2582 natum:
3037 2527 3235 2582 itinera

1643 2616 1841 2674 festiue
1887 2621 2190 2674 redeamus.
2232 2619 2340 2675 Sed
2369 2628 2541 2674 restat
2585 2619 2763 2674 adhuc
2796 2619 3024 2689 quaestio
3055 2618 3236 2672 minus

1640 2712 2047 2781 praetereunda,
2097 2710 2226 2781 quid
2276 2712 2382 2775 sit,
2432 2710 2577 2781 quod
2631 2710 2841 2780 species
2880 2724 2910 2762 a
2959 2707 3234 2765 nonnullis

1641 2802 1861 2857 musicis
1904 2803 2263 2874 disponuntur
2291 2802 2689 2866 descendendo,
2721 2817 2846 2856 cum
2888 2810 3058 2856 totum
3085 2800 3236 2863 ordié

1640 2906 1764 2948 nem
1795 2892 2099 2963 specierum
2127 2894 2442 2949 earumdem
2472 2894 2732 2949 statueris
2758 2892 3122 2947 ascendendo.

2375 2984 2503 3041 Vill.

1642 3077 1820 3146 Quare
1845 3095 1877 3133 a
1908 3078 2223 3151 quibusdam
2251 3079 2447 3150 species
2473 3077 2833 3134 descendendo
2860 3077 3231 3148 disponantur.

1706 3171 1889 3227 Wtut.
1952 3173 1999 3226 A
2052 3172 2487 3241 quibuscumque
2554 3171 2606 3227 id
2667 3170 2871 3227 factum
2923 3170 3233 3233 inveneris,

1639 3264 1938 3319 secundum
1969 3264 2390 3334 (remissionem,
2423 3279 2544 3335 qua:
2590 3277 2651 3320 se
2679 3263 2888 3333 species
2916 3262 3087 3333 magis
3137 3263 3236 3317 dcc:

1637 3354 1813 3411 clarat
1839 3356 2131 3420 cantando,
2155 3354 2467 3410 ordinatum
2496 3369 2616 3411 esse
2639 3354 2878 3418 noveris,
2901 3368 3007 3410 non
3036 3369 3232 3408 secun-

1637 3446 1765 3499 dum
1827 3446 2218 3511 intensionem,
2275 3445 2404 3503 licet
2450 3445 2685 3502 inteusio
2721 3432 3121 3514 ubique‘priur
3159 3446 3232 3497 sit

1637 3553 1801 3609 quam
1852 3539 2121 3606 remissio,
2156 3548 2218 3594 ut
2274 3540 2330 3594 in
2370 3555 2533 3605 arcu,
2565 3550 2624 3594 ut
2656 3540 2710 3595 in
2768 3540 2965 3609 sagitta
3007 3551 3229 3592 sursum

1638 3632 1867 3697 directa,
1900 3632 2036 3687 utin
2063 3633 2281 3703 pluvia;
2306 3634 2422 3689 haec
2450 3634 2596 3689 enim
2632 3642 2687 3689 et
2713 3632 3019 3703 huiusmodi
3041 3632 3229 3688 omnia

1638 3722 1789 3792 prius
1838 3722 2223 3791 intenduntur,
2268 3738 2431 3793 quam
2481 3725 2594 3790 illo,
2642 3726 2786 3781 unde
2828 3722 3227 3794 procedebant,

1639 3817 2001 3873 remittantur.
2032 3818 2273 3888 Denique
2297 3828 2353 3875 et
2377 3819 2589 3890 species
2615 3819 2842 3890 singula:
2863 3818 3054 3875 ordine
3083 3833 3227 3890 pra:—

1637 3911 1783 3967 dicto
1829 3910 1896 3966 de
1931 3912 2283 3969 tetrachordo
2340 3913 2394 3967 in
2442 3912 2848 3968 tetrachordmn
2904 3912 3132 3966 intonsa:
3177 3910 3227 3966 si

1642 4003 2019 4071 remittantur,
2050 4004 2204 4060 initio
2227 4014 2442 4076 sumpto
2466 4004 2535 4061 ab
2565 4006 2791 4073 ultimis,
2821 4006 2910 4061 ubi
2932 4005 3225 4059 terminum

1633 4110 1825 4152 earum
1858 4096 2170 4160 statuimus,
2196 4112 2390 4153 omnes
2431 4098 2620 4154 eadem
2654 4099 2755 4157 via.
2781 4113 2886 4168 qua
2932 4105 3223 4161 venerunt,

1634 4189 1701 4243 ad
1749 4187 2047 4258 principale
2101 4191 2506 4245 tetracliordum
2556 4191 2702 4245 velut
2739 4192 2804 4243 ad
2841 4188 3069 4259 originis
3108 4204 3225 4243 suae

1633 4279 1869 4336 frontem
1928 4290 2253 4346 recurrunt;
2301 4296 2632 4352 quamquam
2688 4281 2867 4335 onmis
2922 4279 3152 4334 melodia
3186 4294 3222 4333 ει

1632 4371 1916 4443 principali
1957 4373 2219 4441 digressa,
2258 4388 2287 4426 a
2323 4372 2490 4437 tiuali,
2527 4382 2586 4426 ut
2632 4373 3002 4442 praediximus,
3029 4371 3218 4426 mode—

1633 4470 1805 4528 retur,
1837 4472 2055 4533 regatur
2079 4462 2192 4532 jam
2220 4471 2275 4516 ct
2309 4459 2654 4529 dijudicctur.

1702 4551 1879 4609 Οτιιι..
1918 4553 2073 4609 Nunc
2100 4552 2280 4623 igitur.
2313 4552 2669 4608 dilectissime
2699 4553 2714 4606 !
2761 4552 2889 4623 quia
2922 4552 3061 4607 etin
3114 4552 3218 4608 bac

1629 4643 1933 4715 qumstione
1956 4643 2290 4709 satisfecisti,
2320 4653 2443 4713 post
2467 4643 2891 4715 pulcherrimam
2921 4660 2952 4699 e
2980 4644 3216 4699 naturali

1629 4739 1866 4795 thalamo
1901 4755 1999 4795 suo
2030 4738 2335 4810 specierum
2362 4737 2703 4795 diatessaron
2736 4746 2789 4793 et
2814 4737 3067 4807 diapente
3088 4751 3220 4807 pro-

1626 4832 1954 4898 ductionem,
1992 4842 2112 4902 post
2138 4831 2610 4887 tetrachordorum
2639 4831 3066 4901 processionem,
3094 4840 3217 4902 post

1623 4925 1874 4983 subtilem
1900 4926 2222 4997 primarum,
2245 4926 2629 4990 secundarum,
2654 4924 2936 4980 tertiarntn
2967 4934 3024 4979 et
3044 4938 3147 4995 qua
3158 4941 3212 4978 r-

1625 5027 1802 5074 tarum
1832 5019 2160 5074 chordarum
2190 5033 2258 5074 ex
2294 5017 2639 5074 tetrachordo
2682 5015 2990 5088 principali,
3023 5030 3087 5070 ac
3117 5030 3218 5086 per

1624 5111 1727 5167 hoc
1756 5110 2051 5165 harmonia:
2081 5110 2263 5176 totius,
2310 5119 2370 5165 ut
2404 5112 2761 5183 promiseras,
2792 5107 3210 5173 derivationem,

1622 5204 1880 5274 diapason
1921 5219 2137 5275 quoque
2190 5205 2402 5275 species
2422 5206 2613 5262 eodem
2638 5218 2823 5275 quaeso
2855 5201 3078 5270 decore,
3102 5215 3213 5272 quo

1620 5305 1676 5353 et
1702 5297 1963 5366 minores,
1989 5297 2155 5355 facias
2183 5300 2495 5369 procedere.

2363 5412 2456 5468 IX.

2064 5505 2138 5560 De
2168 5506 2430 5576 speciebus
2462 5503 2759 5574 Diapason.

1691 5593 1871 5651 WtLu.
1915 5595 1993 5651 De
2021 5597 2307 5667 speciebus
2332 5598 2592 5668 diapason
2624 5596 2754 5667 quid
2783 5592 3018 5665 amplius
3044 5609 3207 5653 nosse

1616 5686 1853 5757 laboras,
1885 5689 1989 5746 nisi
2018 5690 2160 5760 quod
2186 5704 2375 5746 omnes
2401 5691 2593 5747 musici
2626 5681 2965 5757 asseverant,
2996 5690 3207 5747 scilicet

1615 5791 1821 5851 septem
1853 5795 1975 5839 esse
1995 5782 2295 5854 secundum
2318 5790 2526 5855 septem
2555 5781 2867 5839 discrimina
2899 5790 3206 5848 vocum,‘et

1614 5874 1741 5947 quia
1796 5875 1986 5933 eadem
2026 5875 2345 5933 discrimina
2397 5875 2451 5933 in
2483 5875 2878 5953 _monochordo
2930 5876 3203 5950 geminata
