3886 6308
620 347 764 435 iiss

1699 350 1761 409 S.
1786 351 2472 410 GUlLLELMlABBATlS
2503 352 2829 411 HIRSAUG.

3760 362 3881 449 H.751

620 471 770 530 sunt,
808 462 1039 541 primam
1089 478 1117 517 a
1147 463 1325 534 primo
1374 464 1690 522 discrimine
1736 467 1803 522 ad
1847 468 2106 539 primum,
2160 468 2211 525 id
2242 472 2288 527 Α
2314 469 2486 526 donec
2533 470 2710 525 tenaci
2742 468 3019 548 memoria:
3061 470 3410 533 cemmtttas.
3458 474 3595 546 quia
3640 470 3881 539 maxime?

617 565 737 633 est,~
758 556 828 613 ab
850 556 898 611 Α
948 557 1016 612 ad
1062 573 1112 613 a.
1140 559 1434 613 secundam
1463 574 1493 613 a
1516 560 1755 615 secundo
1780 561 1847 614 ad
1885 562 2202 629 secundum,

2309 576 2464 616 error
2488 569 2595 635 tam
2620 560 2849 640 scientia
2872 558 3166 645 devitalur,
3192 579 3357 643 quam
3382 564 3699 637 ignorantia
3726 571 3853 627 inm-

534 717 545 728 ο
616 648 672 704 id
699 656 805 715 est,
835 658 867 702 a
891 647 967 711 B.‘
1006 648 1059 703 in
1223 650 1541 716 ascendere,
1578 651 1764 719 sicque
1792 651 2078 706 seruitonio
2123 652 2207 707 vel
2308 652 2467 706 ritur.
2497 650 2628 706 Item
2665 634 3009 707 tetrachorda
3042 634 3346 725 principaie
3382 634 3438 712 et
3477 646 3773 727 excellens,
3799 682 3851 719 sa-

612 753 745 799 tono
770 759 864 813 per
885 744 1106 800 ordines
1127 744 1431 799 litterarum
1461 745 1744 809 scandere,
1770 744 1946 801 donec
1976 747 2203 815 septima

609 831 663 886 in
700 848 754 903 g.
782 843 1105 902 superacuta
1138 833 1379 889 finiatur.
2066 902 2069 903 ν

684 922 859 979 OrnL.
893 923 951 979 Si
979 933 1054 987 tu,
1083 941 1242 995 quem
1289 936 1496 979 natura:
1524 924 1733 981 Niliaco
1770 924 1919 983 fonte
1941 927 2201 984 occultio-

608 1014 687 1069 ris
746 1014 1226 1087 investigatoribus
1277 1033 1382 1071 non
1436 1018 1624 1093 paucis
1674 1017 1833 1075 facile
1886 1022 2200 1090 pertulerim

612 1105 674 1178 [Ι.
707 1108 1062 1181 praetulerim]
1113 1110 1249 1164 hanc
1293 1112 1596 1179 specierum
1631 1112 1892 1182 diapason
1938 1114 2201 1183 constitu-

613 1198 812 1254 tionem
842 1214 938 1267 ea,
969 1217 1073 1272 qua
1123 1202 1455 1271 promisisti,
1497 1205 1710 1259 ratione
1759 1206 2104 1275 probaveris,
2146 1207 2198 1262 id

609 1302 714 1359 est,
734 1294 887 1364 quod
921 1310 950 1349 a
980 1295 1373 1366 principalibus
1422 1296 1785 1353 tetrachordis
1813 1297 2074 1355 inoffenso
2103 1316 2199 1355 na-

530 1438 533 1443 .
609 1387 798 1443 turalis
824 1389 1034 1444 ordinis
1081 1391 1218 1460 pede
1268 1406 1554 1462 progressa
1592 1390 1697 1457 sit,
1741 1392 1878 1447 nihil
1916 1402 2019 1459 est,-
2054 1396 2195 1465 quod

527 1538 535 1550 ,
603 1478 745 1534 ultra
776 1478 843 1536 de
872 1479 956 1536 bis
984 1496 1232 1551 qumrere
1263 1482 1525 1537 laborem.

612 1612 616 1616 -
676 1572 859 1627 th.
888 1572 1108 1645 Antiqui
1134 1584 1190 1629 et
1221 1575 1465 1629 modcrni
1515 1576 1733 1631 musice
1777 1576 1913 1631 artis
1944 1586 2195 1634 auctores

531 1724 536 1731 _
604 1664 774 1720 multa
821 1665 1091 1736 scripsere
1146 1667 1480 1736 probabilia,
1533 1668 1703 1722 multa
1750 1668 1901 1723 utilia
1954 1680 2007 1725 et
2040 1670 2194 1726 valde

605 1757 940 1823 necessaria,
973 1758 1103 1828 quin
1139 1758 1305 1815 immo
1336 1759 1540 1829 primas
1581 1759 1823 1829 ejusdem
1853 1762 1989 1816 artis
2044 1762 2192 1816 iuves

2304 741 2506 809 periori
2554 754 2620 794 ea
2660 740 2971 825 mediante,
3022 743 3068 798 si
3130 758 3162 799 e
3210 746 3429 803 diverso
3479 750 3753 817 conferas,
3782 757 3851 812 251

2305 842 2541 907 quatuor
2571 832 2782 903 species
2825 824 3088 905 diapason
3137 828 3408 896 consimili
3455 852 3673 899 natura:
3712 862 3850 903 ornatu

2306 924 2661 992 apparebunt.
2694 923 2875 981 Prima
2906 926 3033 982 item
3078 930 3336 1000 diapason
3387 922 3607 1003 species
3658 953 3688 991 a
3732 944 3847 1008 prima

2305 1013 2549 1070 linalium
2597 1014 2662 1070 Ι).
2708 1026 2764 1071 et
2808 1032 2840 1072 a
2883 1020 3060 1088 prima
3099 1023 3491 1081 excellentium
3538 1028 3595 1083 d.
3649 1034 3845 1100 quorum

2303 1123 2528 1167 numero
2559 1108 2802 1180 duplices
2850 1120 3010 1179 sunt,
3042 1112 3185 1169 sicut
3231 1127 3288 1171 et
3334 1128 3541 1186 quarta
3574 1124 3843 1185 continete,

2300 1200 2395 1278 sed
2428 1201 2536 1257 alio
2588 1203 2894 1259 medietatis
2940 1205 3180 1271 vinculo,
3218 1208 3430 1264 scilicet
3458 1213 3645 1281 prima
3671 1231 3845 1285 supero.

2301 1309 2419 1347 rum
2450 1309 2501 1347 a.
2532 1294 2823 1350 medietate
2852 1298 3290 1373 compaginatur.
3318 1299 3584 1357 Secunda
3612 1305 3680 1359 ab
3702 1310 3842 1359 atriis.

2299 1398 2403 1453 que
2446 1385 2805 1442 tetrachordis
2843 1388 3127 1452 secundis,
3156 1387 3210 1443 id
3233 1398 3316 1444 est
3344 1389 3409 1444 Ε.
3437 1402 3496 1448 et
3520 1390 3574 1448 e.
3603 1395 3841 1459 cohibetur,

2298 1485 2352 1532 et
2372 1493 2401 1531 a
2424 1471 2660 1533 secunda
2683 1479 3024 1549 superiorum
3124 1482 3485 1539 coadunatur.
3519 1485 3705 1539 Tertia
3726 1503 3749 1540 a
3775 1500 3841 1541 ter-

2299 1569 2415 1643 tiis,
2438 1570 2490 1625 id
2535 1580 2617 1625 est
2648 1570 2709 1625 F.
2746 1580 2801 1625 et
2831 1570 2869 1624 f.
2899 1574 3319 1644 constringitur,
3352 1575 3451 1631 Sed
3483 1592 3519 1630 a
3564 1569 3840 1649 superiorem

2298 1661 2456 1716 tertia
2488 1677 2541 1717 c.
2583 1662 2952 1735 distinguitur.
2978 1664 3186 1732 Quarta
3218 1666 3348 1722 item
3394 1658 3427 1721 a
3459 1669 3696 1739 quartis,
3728 1671 3769 1724 id
3791 1684 3841 1724 est

2297 1753 2362 1810 G.
2393 1764 2449 1810 et
2476 1770 2530 1825 g.
2563 1750 3067 1839 comprehenditur,
3099 1768 3154 1814 et
3176 1775 3206 1814 a
3228 1772 3432 1830 quarta
3469 1764 3840 1832 superior-nmo}.

605 1864 735 1905 nere
762 1866 950 1916 venas,
976 1850 1149 1918 ipsum
1179 1865 1396 1922 quoque
1417 1851 1852 1923 limpidissimum
1890 1853 2116 1918 fontem,
2138 1832 2188 1908 id
2225 1842 2266 1901 Β
2297 1848 2661 1904 connectitur.
2696 1842 2888 1906 Nonne
2917 1832 3132 1922 prima:
3181 1847 3449 1925 diapason
3484 1857 3700 1927 species
3726 1868 3768 1909 et
3791 1858 3841 1909 d-

601 1951 709 2005 est,
738 1940 1037 2012 principale
1079 1943 1486 1997 letracbordum
1536 1943 1770 2012 quodam
1817 1941 2190 2014 Peripateticae

601 2031 831 2088 rationis
870 2047 940 2088 ex
975 2042 1132 2103 parte
1179 2034 1433 2088 detexere
1477 2034 1742 2097 fossorio,
1792 2032 1918 2089 licet
1970 2035 2189 2107 quidam

600 2122 811 2177 illarum
861 2132 1098 2195 quatuor
1141 2140 1344 2190 rerum,
1388 2126 1439 2179 in
1485 2125 1683 2196 quibus
1710 2126 1844 2180 artis
1882 2125 2190 2197 huiusmodi

598 2229 808 2271 summa
854 2216 1121 2282 consistit,
1148 2216 1539 2289 aliquantisper
1573 2218 1828 2273 turbante
1879 2220 2187 2289 ignorantia

597 2322 705 2362 non
755 2309 1070 2380 perspicuos
1107 2310 1231 2364 inde
1282 2310 1508 2367 haustus
1548 2312 1979 2381 propinaverint.
2031 2312 2188 2370 Unde

596 2416 696 2456 nos
744 2416 840 2473 per
880 2403 1061 2458 omnia
1117 2403 1501 2458 venerabiliter
1540 2403 1646 2458 illis
1686 2418 2002 2474 assurgere,
2044 2412 2101 2459 et
2141 2404 2188 2461 si

595 2495 725 2563 quid
779 2495 1055 2550 turbidum
1097 2495 1402 2560 hauserint,
1444 2497 1657 2551 cautius
1688 2496 2023 2566 perspicere,
2056 2512 2185 2567 per-

594 2592 946 2655 spectumque
994 2585 1292 2640 humillime
1331 2600 1563 2656 purgare
1598 2594 1814 2655 Oportet
1849 2604 1863 2640 :
1892 2586 2036 2655 quod
2070 2596 2183 2643 tum

593 2674 648 2730 in
677 2684 891 2746 promtu
928 2674 1058 2740 erit,
1085 2674 1130 2729 si
1161 2675 1323 2733 Patre
1351 2675 1613 2730 lumimun
1642 2676 1899 2743 donante,
1929 2677 2183 2744 lucidam;

591 2782 654 2828 ut
696 2773 907 2844 incepi,
950 2788 1056 2828 non
1103 2773 1278 2829 solum
1329 2772 1633 2842 specierum
1678 2772 1977 2842 diapason,
2022 2788 2183 2844 quam

590 2866 861 2937 postulas,
890 2866 985 2920 sed
1026 2874 1081 2919 et
1106 2866 1355 2920 omnium
1384 2864 1498 2936 pari
1546 2863 1705 2919 modo
1744 2864 2183 2921 memorabilium

589 2967 823 3028 quatuor
864 2972 1043 3012 rerum
1094 2957 1290 3011 seriem
1340 2954 1816 3011 indissociabiliter
1859 2954 1961 3011 sibi
2003 2954 2183 3011 cohae-

589 3056 799 3103 rentem
836 3062 904 3101 ex
937 3055 1044 3101 tam
1071 3046 1363 3115 purissimo
1393 3050 1558 3116 quam
1593 3045 1875 3101 verissimo
1908 3042 2058 3100 fonte
2083 3061 2181 3100 nar

590 3149 727 3195 tura:
758 3139 1086 3210 produxero.
1124 3138 1243 3209 Ipse
1293 3138 1438 3193 enim
1487 3138 1627 3193 sicut
1656 3153 1776 3192 mox
1807 3138 1991 3195 audita
2023 3146 2181 3194 natu-

585 3328 717 3398 quin
748 3327 802 3383 in
851 3327 961 3397 ipsa
992 3325 1210 3395 quidam
1243 3339 1313 3379 ex
1356 3322 1632 3378 modernis
1658 3323 2173 3394 crraverit,iudica-

585 3423 690 3490 sti;
733 3423 804 3477 ita
836 3421 1019 3477 statim
1068 3428 1349 3491 perspecta
1401 3427 1726 3474 caete‘rarum
1757 3417 2013 3489 puritate,
2044 3417 2173 3487 quid

585 3518 640 3573 in
676 3515 758 3571 eis
813 3515 1055 3585 priorum
1108 3512 1414 3583 ignorantia
1471 3510 1770 3565 turbaverit
1817 3510 2170 3575 musicorum,

583 3619 680 3666 aut
706 3622 805 3679 per
853 3615 905 3663 te
935 3614 1189 3677 potenter
1216 3604 1495 3668 decernes,
1528 3612 1622 3657 aut
1667 3617 1756 3658 me
1789 3602 2171 3658 decernentcm

584 3700 844 3757 velociter
911 3700 1197 3771 intelliges.
1282 3698 1505 3769 Species
1558 3698 1818 3768 diapason
1873 3696 2169 3751 secundum

584 3805 869 3850 numerum
898 3801 1176 3862 troporum
1222 3793 1274 3847 in
1308 3791 1612 3846 autenticos
1650 3798 1707 3846 et
1751 3788 2060 3860 subiugales
2091 3787 2169 3842 di-

582 3887 930 3951 stinctorum,
966 3896 1091 3941 octo
1123 3899 1265 3950 esse,
1299 3876 1491 3939 natura
1546 3891 1887 3937 monstrante
1933 3880 2167 3935 manife-

584 3989 726 4036 stum
759 3988 864 4034 est.
897 3977 1028 4046 Quae
1068 3985 1251 4032 tamen
1307 3974 1573 4030 naturalis
1624 3972 1836 4028 numeri
1866 3972 2058 4028 ordine
2093 3971 2168 4026 ita

579 4073 958 4144 computanda:
997 4086 1103 4126 non
1151 4078 1308 4136 sunt,
1355 4077 1414 4123 ut
1452 4068 1602 4122 dicas
1655 4065 1864 4136 prima,
1900 4065 2166 4130 secunda,

581 4166 765 4229 tertia,
804 4172 1015 4235 quarta,
1055 4162 1266 4235 quinta,
1298 4170 1471 4219 sexta.
1497 4168 1553 4214 et
1579 4160 1656 4215 sic
1684 4158 1749 4214 ad
1776 4166 2024 4213 octavam
2048 4173 2170 4229 per-

578 4259 805 4315 venias:
832 4256 927 4313 sed
976 4265 1097 4328 post
1140 4263 1373 4326 quatuor
1408 4254 1602 4309 iterum
1629 4253 1748 4307 alia:
1774 4262 2030 4322 quatuor,
2058 4267 2167 4307 non

580 4365 610 4406 a
640 4350 852 4422 quinta,
883 4350 978 4405 sed
1008 4364 1037 4403 ει
1066 4348 1241 4418 prima
1269 4348 1445 4403 denuo
1475 4346 1795 4416 incipientes
1820 4344 2170 4400 numeranda:

581 4450 706 4495 sunt
734 4448 788 4493 et
815 4439 1227 4495 constituendae.
1245 4437 1412 4508 igitur
1435 4437 1478 4491 si
1508 4435 1852 4492 tetrachordo
1871 4433 2170 4505 principale

582 4548 647 4588 ac
668 4532 920 4602 superius
941 4546 973 4588 e
1003 4526 1222 4603 regione
1244 4546 1528 4601 compares
1553 4542 1609 4586 et
1626 4529 1843 4601 iungas,
1874 4526 2020 4582 finali
2052 4542 2167 4583 me-

582 4625 844 4679 dietatutn
891 4632 945 4679 et
1001 4624 1344 4680 vinculorum
1388 4622 1510 4677 vice
1553 4620 1893 4692 interposito,
1935 4628 2169 4691 quatuor

582 4720 791 4792 species
831 4719 1093 4789 diapason
1141 4717 1358 4783 exinde,
1391 4732 1531 4788 quas
1566 4715 1879 4780 desideras,
1908 4713 2170 4770 naturalis

580 4825 735 4872 ortus
778 4822 835 4869 et
870 4812 1079 4869 ordinis
1106 4812 1303 4869 decore
1339 4811 1653 4883 procedent.
1706 4810 1951 4882 Denique
1994 4811 2169 4881 prima

581 4906 792 4979 species
824 4903 1087 4976 diapason
1138 4918 1167 4958 a
1199 4903 1373 4975 prima
1410 4902 1655 4975 gravium
1705 4901 1771 4958 A.
1824 4910 1881 4957 et
1910 4918 1942 4957 a
1994 4901 2170 4971 prima

580 4999 924 5073 superiorum
971 5011 1022 5053 a.
1056 4995 1398 5063 continetur,
1442 5004 1500 5052 et
1528 5012 1557 5051 a
1614 4996 1786 5067 prima
1821 4994 2063 5050 linalium
2102 4993 2165 5050 D.

579 5094 876 5151 medietate
923 5088 1293 5161 distinguitur.
1338 5086 1585 5143 Secunda
1616 5087 1746 5143 item
1781 5087 1850 5142 ab
1888 5086 2170 5156 utriusque

581 5186 912 5246 tetrachordi
964 5183 1242 5252 secundis,
1272 5182 1325 5238 id
1362 5192 1445 5238 est
1485 5181 1545 5235 Β.
1573 5167 1721 5273 et
1755 5180 2172 5253 comprehendi.

581 5296 689 5350 tur,
720 5289 774 5337 et
802 5296 831 5335 a
866 5277 1101 5337 secunda
1133 5274 1376 5331 linalium
1420 5274 1484 5330 E.
1513 5272 1875 5330 connectitur.
1898 5272 2029 5329 Item
2062 5281 2171 5327 ter-

579 5375 655 5429 tia
680 5386 709 5426 a
742 5369 939 5435 tertiis,
974 5368 1026 5424 id
1056 5366 1228 5424 estC.
1255 5376 1312 5422 et
1337 5382 1387 5422 c.
1419 5364 1761 5435 implicatur,
1784 5372 1837 5421 et
1871 5380 1899 5419 a
1928 5362 2166 5418 fiualium

580 5463 744 5522 tertia
768 5461 833 5517 F.
862 5459 1233 5531 coniungitur.
1262 5457 1468 5527 Quarta
1502 5458 1631 5513 item
1674 5471 1704 5510 a
1737 5456 1975 5527 quartis,
2004 5455 2054 5510 id
2085 5463 2169 5510 est

580 5558 643 5611 Ι).
672 5563 726 5610 et
755 5553 810 5609 (Ι.
841 5552 1157 5625 includitur,
1190 5558 1243 5606 et
1276 5565 1307 5605 a
1337 5559 1535 5622 quarta
1566 5546 1807 5602 liiialium
1836 5545 1901 5603 G.
1947 5546 2165 5619 propria

580 5659 637 5704 ct
662 5647 816 5717 quasi
849 5643 1180 5707 hereditaria
1201 5630 1506 5713 .nativaque
1539 5641 1669 5699 sede
1697 5641 2022 5697 vinculatur.
2057 5640 2168 5698 Has

581 5751 760 5801 autem
811 5740 946 5794 duas
994 5739 1060 5793 D.
1110 5745 1166 5792 et
1202 5737 1256 5792 d.
1312 5736 1578 5794 biformes
1634 5751 1756 5792 esse
1786 5751 1851 5792 ac
1900 5735 2164 5806 duplices,

580 5829 1048 5901 pernecessarium
1077 5841 1181 5899 est,
1212 5841 1272 5889 ut
1302 5831 1498 5899 saepius
1526 5830 1876 5902 recogitaudo
1902 5831 2162 5907 rumines,

2294 1939 2483 1993 cendae
2511 1949 2669 2007 sunt,
2697 1948 2752 1995 et
2776 1954 2916 2014 verae
2949 1952 3094 2008 sunt,
3119 1959 3240 2017 qua;
3286 1961 3316 1999 a
3354 1946 3561 2013 primis
3604 1948 3789 2002 chordis
3808 1962 3842 1999 et

2292 2033 2640 2088 extremitate
2671 2033 3024 2089 continentur
3044 2075 3059 2100 ,
3115 2044 3174 2091 et
3222 2037 3527 2093 medietate
3557 2040 3839 2111 distinguat-

2293 2128 2401 2187 tur,
2424 2132 2480 2177 et
2508 2138 2538 2176 a
2565 2123 2755 2197 primis
2784 2125 3059 2179 minorum
3091 2128 3590 2185 consotiantiarum
3614 2131 3838 2200 sireis-ia.

2292 2213 2693 2270 instituuntur?
2731 2215 2814 2270 An
2844 2232 2964 2286 qua:
3006 2230 3037 2272 a
3071 2218 3350 2283 secundis,
3387 2234 3585 2288 qumve
3637 2236 3664 2273 a
3695 2221 3836 2275 tertiis.

2291 2309 2407 2363 sive
2435 2325 2464 2363 a
2508 2310 2720 2378 quartis
2745 2310 2936 2366 eodem
2968 2312 3129 2366 modo
3174 2310 3578 2375 informantur,
3622 2328 3720 2367 non
3753 2324 3840 2366 seat

2291 2400 2489 2477 merito
2519 2402 2788 2480 secundae,
2826 2402 2910 2456 vel
2943 2397 3138 2469 tertiae,
3170 2403 3255 2457 vel
3285 2388 3545 2483 quartm?

2360 2491 2534 2549 OruL.
2564 2490 2781 2549 Potenti
2811 2487 2866 2549 et
2897 2488 3253 2566 insaperabili
3281 2496 3501 2551 ratione
3527 2495 3754 2567 probasti
3776 2511 3835 2555 ea,

2288 2601 2409 2656 qua:
2436 2572 2743 2663 promisisti
2784 2602 2799 2642 :
2841 2586 2937 2643 sed
2990 2602 3190 2665 perge,
3220 2603 3444 2659 quaeso,
3493 2588 3766 2651 velociter,
3796 2598 3836 2640 at

2290 2678 2520 2735 Domino
2568 2678 2798 2749 iuvante
2829 2682 2898 2737 ad
2952 2679 3205 2737 ellectum
3249 2682 3438 2753 operis
3466 2684 3742 2753 pervenire
3773 2700 3836 2736 ra-

2287 2767 2423 2826 leas.

2296 2912 2303 2915 _
2363 2860 2542 2920 WiLu.
2581 2862 2770 2934 Itaque
2792 2872 2915 2919 octo
2944 2864 3228 2934 speciebus
3257 2866 3591 2922 naturaliter
3618 2867 3835 2921 constitu-

2287 2954 2356 3010 tis
2392 2955 2624 3023 illorum,
2654 2969 2789 3027 quos
2825 2957 3049 3012 abusive
3086 2965 3242 3013 tonos
3274 2958 3468 3014 dicunt
3498 3000 3515 3024 ,
3539 2970 3664 3014 octo
3694 2970 3833 3027 ιηγθο

2286 3065 2405 3103 rum
2432 3049 2695 3105 naturalis
2727 3050 2906 3106 oritur
2941 3050 3249 3121 dispositio,
3284 3050 3359 3105 ita
3392 3060 3453 3106 ut
3485 3052 3834 3123 qualum-pric-

2283 3155 2372 3196 res
2403 3141 2452 3195 in
2477 3152 2717 3213 quatuor
2747 3140 3092 3213 subiugales,
3126 3152 3180 3198 et
3220 3152 3463 3213 quatuor
3509 3156 3774 3215 sequentes
3798 3144 3833 3193 ξε
3880 3168 3881 3191 γ

588 3233 688 3289 rali
719 3232 1022 3303 specierum
1047 3233 1385 3287 diatessaron
1415 3237 1471 3285 et
1493 3229 1745 3300 diapente
1767 3231 2178 3297 constitutione,
2209 3226 2252 3287 C
2284 3241 2519 3303 quatuor
2554 3234 2897 3305 authenticos
2934 3243 3234 3292 transeant.
3269 3234 3328 3291 Si
3381 3236 3533 3291 enim
3586 3237 3731 3307 tropi,
3767 3235 3833 3303 qui

2278 3334 2515 3396 quatuor
2550 3334 2678 3381 sunt
2714 3327 2767 3381 in
2812 3336 3004 3381 natura
3033 3342 3131 3397 pro
3173 3328 3544 3383 discernenda
3569 3340 3746 3385 cantus
3770 3344 3837 3377 κ·
3880 3316 3881 3327 ³

2275 3418 2471 3473 rietate
2517 3418 2571 3473 in
2619 3427 2744 3474 octo
2788 3417 3205 3487 diStribuantur,
3273 3404 3390 3488 illa,
3448 3438 3573 3492 quae
3628 3421 3831 3492 priorum

2276 3522 2510 3581 quatuor
2555 3511 2857 3583 specierum
2890 3513 3147 3583 diapason
3193 3518 3369 3585 prima
3407 3526 3514 3582 est,
3548 3518 3598 3571 in
3625 3516 3836 3585 sulaiup-
3880 3538 3881 3563 ξ

2274 3601 2379 3658 lem
2405 3604 2543 3673 proti
2569 3607 2928 3673 convertitur,
2956 3609 3193 3662 secunda
3210 3609 3262 3662 in
3284 3608 3621 3681 subiugalem
3643 3608 3831 3665 deuito.

2274 3708 2377 3749 nec
2404 3711 2510 3749 non
2562 3696 2784 3766 reliqum
2816 3696 2935 3752 dua:
2966 3699 3018 3752 in
3057 3698 3193 3753 alios
3245 3698 3408 3765 duos,
3441 3712 3501 3755 ut
3541 3702 3729 3757 dictum
3754 3711 3829 3755 est.
3880 3724 3881 3761 ;

2274 3789 2525 3845 similiter
2555 3790 2663 3857 illa,
2690 3808 2811 3860 quae
2840 3792 2892 3847 in
2922 3794 3277 3864 sequentibus
3302 3802 3540 3863 quatuor
3589 3796 3833 3865 speciebes

2272 3881 2448 3950 prima
2478 3888 2580 3945 est,
2605 3898 2726 3952 qua:
2750 3883 2891 3937 inter
2918 3882 2982 3937 D.
3007 3893 3063 3939 et
3088 3884 3142 3939 d.
3169 3886 3579 3954 contiuetur,‘jn
3601 3864 3835 3940 scilicet}

2273 3986 2395 4028 cum
2436 3982 2653 4043 protum
2697 3972 3060 4042 transfertur;
3112 3978 3353 4034 secunda
3396 3981 3449 4035 in
3502 3980 3831 4035 authenticos;

2272 4065 2582 4133 deutcrum,
2616 4077 2673 4123 et
2694 4070 2823 4124 item
2855 4079 3066 4126 craterae
3096 4070 3215 4126 dua:
3240 4072 3296 4127 in
3336 4084 3677 4129 remanentes
3704 4072 3829 4125 d396-

2273 4157 2331 4213 Si
2356 4175 2483 4215 vero
2510 4160 2584 4215 ita
2613 4161 2993 4231 disponuntur,
3017 4170 3074 4217 ut
3111 4163 3346 4234 quisque
3376 4166 3709 4220 authenticos
3726 4162 3830 4231 ica-

2272 4262 2361 4308 cto
2392 4254 2495 4308 sibi
2534 4253 2803 4325 subiugali
2832 4271 2931 4311 suo
2972 4270 3113 4311 unus
3144 4255 3524 4314 indifferenter
3551 4268 3724 4327 tmpus
3750 4256 3831 4308 ba-

2273 4346 2486 4414 beatur,
2511 4355 2566 4402 et
2604 4363 2671 4402 ex
2699 4360 2824 4403 octo
2854 4349 3176 4405 naturaliter
3206 4360 3447 4421 quatuor
3482 4353 3607 4405 ﬁant
3644 4347 3827 4419 species

2274 4453 2491 4515 quoque
2515 4440 2799 4509 diapason,
2825 4456 2961 4510 quas
2984 4442 3332 4499 authenticos
3354 4454 3408 4500 et
3432 4442 3718 4514 subiugalis
3738 4442 3829 4507 eis:

2276 4529 2378 4586 sibi
2420 4531 2716 4598 vindicant,
2742 4533 2959 4587 etunde
2987 4543 3262 4601 constant,
3286 4534 3437 4606 iungi
3474 4543 3526 4593 et
3569 4530 3825 4589 undamn

2272 4640 2497 4683 necesse
2525 4635 2630 4683 est.
2664 4625 2826 4681 Verbi
2857 4627 3032 4696 gratia
3060 4644 3074 4680 :
3134 4628 3189 4683 iu
3212 4639 3455 4700 .protum
3497 4626 3829 4683 indiﬂ'erauer

2271 4719 2616 4775 statuendum
2666 4726 2905 4789 quatuor
2964 4719 3208 4790 priorum
3254 4729 3576 4791 ettquatuor
3620 4732 3827 4789 sequar

2272 4812 2404 4867 tium
2434 4812 2740 4882 specierum
2771 4811 2891 4866 duae
2929 4809 3121 4882 prima:
3160 4821 3515 4877 concurrunt,
3553 4827 3679 4875 una,
3728 4822 3833 4877 qu.

2269 4913 2354 4961 est
2380 4905 2449 4959 ab
2483 4904 2546 4958 Α.
2576 4905 2629 4958 in
2659 4918 2713 4957 a.
2755 4903 2950 4970 altera,
2982 4917 3102 4972 qua:
3129 4913 3213 4958 est
3246 4918 3280 4958 a
3319 4902 3384 4959 D.
3414 4905 3466 4959 in
3505 4904 3552 4958 ιι.
3580 4904 3633 4956 in
3665 4902 3831 4957 deum

2271 5014 2390 5054 rum
2421 4996 2711 5053 indiscrete
2759 4996 3189 5066 componendum
3223 5004 3569 5065 utrarumque
3615 5004 3829 5065 quas:

2270 5091 2572 5162 specierum
2596 5090 2849 5161 secundae
2866 5089 3226 5157 conveniunt,
3258 5104 3367 5144 una
3404 5104 3519 5158 quae
3542 5096 3617 5142 est
3654 5101 3687 5141 ι
3706 5084 3763 5139 Β.
3782 5084 3827 5135 in

2269 5168 2312 5280 ἥ
2348 5184 2517 5241 altera
2553 5201 2672 5257 qua:
2700 5196 2786 5243 est
2811 5187 2879 5242 ab
2919 5185 2982 5242 E.
3028 5190 3083 5244 in
3118 5203 3171 5244 e.
3206 5183 3267 5239 ln
3299 5186 3480 5241 tritum
3525 5178 3827 5247 conjuncti:-

2271 5276 2673 5333 informandum
2730 5278 3013 5350 utriusque
3043 5279 3254 5336 ordinis
3286 5277 3456 5333 tertiae
3500 5280 3709 5333 coci-Il.
3736 5282 3825 5323 ιιι·

2270 5384 2390 5440 qua:
2418 5378 2503 5424 est
2538 5369 2609 5424 ab
2632 5368 2694 5423 C.
2742 5368 2797 5424 in
2824 5384 2877 5425 e.
2910 5370 3080 5426 altera
3103 5382 3224 5439 quae
3269 5377 3351 5423 est
3376 5382 3405 5420 a
3426 5364 3487 5419 ιε’.
3526 5363 3575 5417 in
3602 5360 3645 5415 f.
3676 5358 3737 5417 Β
3758 5366 3825 5411 Ie-

2271 5460 2515 5517 trardum
2555 5458 2719 5516 simili
2765 5460 2926 5516 modo
2961 5459 3388 5516 continuandum
3416 5465 3610 5526 quarta
3640 5450 3827 5511 allii-

2270 5570 2375 5626 que
2417 5563 2813 5619 seconserunt,
2873 5568 2981 5611 una
3029 5568 3151 5626 qua:
3188 5561 3331 5631 esta
3361 5552 3423 5607 D.
3455 5550 3506 5604 in
3558 5546 3611 5601 d.
3670 5540 3823 5601 alim

2268 5666 2387 5724 quae
2408 5659 2492 5708 est
2519 5664 2549 5706 a
2571 5648 2637 5705 G.
2672 5649 2724 5705 in
2752 5663 2804 5721 g.
