3886 6308
86 373 196 445 tm

762 492 827 557 x.

83 599 201 667 Quod
222 598 270 653 in
286 594 644 668 principalium
675 595 992 668 chordarum
1021 595 1321 664 operatione
1352 595 1415 650 sit
1436 598 1604 651 omnis

459 668 532 720 vis
567 674 615 719 et
645 665 843 734 agnitio
869 676 1155 736 troporum.

130 758 219 815 Sed
244 758 350 813 hare
381 756 583 826 tropica
622 756 909 826 dispositio
959 756 1073 813 sive
1103 759 1159 812 in
1184 764 1309 814 octo
1338 756 1605 813 diffunda-

79 862 160 915 tur,
181 848 279 903 sive
299 848 351 901 in
379 848 609 916 quatudr
634 853 976 910 coercentur.
1010 854 1153 902 totus
1192 848 1457 903 naturalis
1485 848 1604 918 ejus

76 942 215 1011 vigor,
247 953 447 994 necnon
476 937 715 1008 ejusdem
766 938 964 1009 vigoris
1017 939 1207 993 intima
1254 948 1308 996 ct
1356 941 1603 997 acutiSsi-

79 1046 161 1092 ma,
192 1029 601 1097 'rautissimaque
646 1028 941 1098 speculatio
972 1029 1056 1085 vel
1101 1031 1336 1101 agnitio,
1371 1031 1424 1085 in
1455 1032 1606 1102 prin-

77 1121 285 1190 cipalium
339 1121 659 1175 chordarum
707 1121 812 1176 sita
854 1130 936 1177 est
989 1122 1351 1192 Operatione:
1394 1136 1450 1180 et
1493 1140 1601 1179 non

76 1210 210 1265 solum
237 1212 357 1276 haec,
401 1211 493 1266 sed
532 1221 587 1266 et
619 1213 797 1267 omnis
826 1212 941 1284 jam
979 1215 1122 1271 dicta
1149 1216 1448 1288 Specierum
1476 1232 1603 1272 con-

76 1300 260 1365 stitutio,
307 1307 357 1354 et
396 1300 570 1355 adhuc
595 1301 821 1357 dicenda
854 1303 1135 1359 modorum
1160 1305 1484 1373 differentia,
1524 1309 1604 1361 in-

75 1407 209 1457 super
223 1406 395 1448 omues
416 1392 659 1449 melodiae
681 1393 1008 1467 principales
1027 1397 1423 1465 distinctiones,
1450 1399 1602 1455 alim-'-

74 1497 153 1552 que
165 1483 511 1553 proprietates,
540 1500 635 1540 seu
669 1500 1021 1557 quascumque
1048 1489 1272 1544 materia
1304 1505 1371 1543 ex
1399 1491 1603 1560 princi-

74 1574 179 1640 palis
200 1576 510 1630 tetrachurdi
543 1592 678 1632 vena
710 1576 1001 1645 conﬂatur,
1028 1590 1102 1644 et,
1139 1590 1196 1635 nt
1245 1584 1316 1635 ita
1347 1582 1598 1650 dixerim;

74 1675 429 1733 comulassatur,
463 1676 575 1723 tota
598 1669 803 1725 eisdem
839 1672 1229 1743 principalibus
1254 1675 1599 1747 singulorum

75 1764 295 1826 troporum
330 1760 566 1828 chordis,
590 1764 746 1833 quasi
786 1764 994 1820 malleis
1016 1767 1360 1835 quibusdam,
1392 1767 1600 1824 forma~

74 1855 166 1911 tur;
216 1847 329 1903 licet
374 1851 518 1905 enim
568 1853 869 1907 secundum
910 1853 998 1919 'id,
1051 1856 1195 1925 quod
1251 1858 1511 1914 dividitur
1542 1861 1597 1916 in

74 1952 201 2003 genus
224 1942 268 1994 in
288 1942 511 2010 species,
537 1943 684 2012 huic,
705 1945 755 1999 id
770 1955 873 2012 est,
895 1950 1193 2016 operationi
1222 1951 1598 2021 principalium

73 2028 340 2085 chordarum
378 2044 607 2090 cteteras
632 2043 750 2092 tres
775 2050 1093 2107 coaequevas
1114 2042 1413 2110 posuerim,
1454 2043 1599 2113 ipsas

73 2130 210 2176 tamen
256 2126 474 2181 mirabili
528 2129 762 2198 quodam
822 2132 1015 2186 effectu
1061 2146 1269 2188 natura:
1320 2135 1595 2203 praecellit.

71 2211 169 2266 Nam
192 2219 625 2284 quemadmodum
647 2221 847 2279 caritas
871 2223 1058 2279 virtuti
1085 2241 1192 2280 una
1216 2241 1338 2281 cum
1375 2227 1597 2297 reliquis

69 2306 263 2369 partibus
287 2306 397 2378 ejus
418 2326 484 2366 es
532 2312 815 2370 divisionis
855 2324 1130 2386 praecepto
1156 2315 1462 2387 subjicitur,
1482 2330 1601 2374 om-

69 2395 134 2447 nia
156 2405 329 2468 tanieu,
361 2403 425 2458 de
469 2404 672 2474 quibus
712 2405 891 2462 virtus
918 2408 1262 2477 praedicatur,
1293 2424 1389 2480 per
1416 2412 1593 2482 ipsum

71 2486 385 2555 complentur:
434 2492 509 2547 ita
555 2494 935 2565 principalium
982 2499 1311 2554 chordarum
1353 2503 1598 2571 operatio

69 2578 143 2630 sub
159 2593 330 2648 genere
353 2584 597 2655 quidem,
626 2588 768 2658 quod
791 2599 875 2643 est
900 2590 1105 2645 musica
1122 2590 1425 2662 disciplina,
1456 2594 1597 2664 patio

72 2672 135 2719 tur
162 2668 400 2745 (partitur)
441 2689 781 2745 corequevas,
825 2680 1074 2736 eamdem
1110 2690 1287 2737 tamen
1337 2685 1532 2754 quodat

71 2758 192 2831 modo
224 2764 439 2835 peragit,
465 2767 705 2836 disponit
730 2780 785 2825 et
820 2772 1147 2827 moderatur.
1528 2784 1531 2787 ’

119 2847 259 2907 Orat.
288 2855 395 2927 Ego
414 2858 530 2929 jam
559 2859 758 2917 factam
782 2864 1084 2932 specierum
1125 2865 1367 2921 omnium
1393 2870 1598 2926 constié-

68 2942 275 3000 tutionem
299 2946 820 3026 dispositionemth
854 2966 1129 3027 troporum
1157 2957 1230 3013 ita
1265 2959 1598 3029 perfectissi-

68 3046 176 3089 uiatn
226 3040 566 3111 crediderim,
626 3053 688 3100 ut
745 3047 792 3102 si
858 3048 987 3118 quid
1044 3049 1275 3120 amplius
1343 3053 1593 3122 addatur,

68 3131 337 3193 superﬂuum
378 3135 469 3203 sit,
503 3152 614 3193 non
641 3140 1034 3208 necessarium,
1078 3142 1279 3214 quippe
1316 3160 1437 3216 qua:
1474 3160 1592 3215 spe-

66 3217 226 3277 cierum
272 3226 468 3295 primas
547 3229 878 3287 chordarum
939 3234 1255 3301 collocavit,
1327 3240 1592 3295 secundas

66 3307 457 3385 iutersecundas,
496 3321 690 3377 tertias
730 3323 875 3380 inter
916 3323 1125 3390 tertias,
1177 3338 1402 3397 quartas
1449 3329 1593 3384 inter

65 3416 343 3475 quartas;et
376 3429 495 3483 qua:
522 3422 710 3485 tropos
752 3416 829 3471 ita
869 3418 1191 3474 naturaliter
1214 3420 1499 3490 disposuit,
1535 3431 1594 3476 ut

64 3501 210 3583 Protus
241 3512 352 3554 cum
397 3502 671 3575 subjugali
721 3520 823 3562 suo
869 3522 937 3562 ex
969 3509 1215 3580 utrisque
1243 3510 1436 3581 primis
1474 3527 1594 3583 spe-

65 3582 207 3641 ciebus
268 3591 519 3663 diapason
571 3598 849 3665 consistat,
900 3600 1157 3657 deuterus
1204 3616 1272 3658 ex
1318 3582 1590 3673 secundis,

66 3676 185 3734 tritus
207 3697 264 3738 ex
289 3688 479 3754 tertiis,
507 3692 782 3748 tetrardus
800 3707 868 3748 ex
898 3694 1128 3765 quartis.

117 3769 264 3831 Witn.
301 3778 450 3836 Nulla
492 3782 547 3838 in
588 3784 697 3852 bis,
747 3800 922 3865 neque
949 3787 1002 3843 in
1045 3787 1168 3844 aliis
1210 3789 1385 3846 adhuc
1415 3791 1595 3862 profe-

65 3865 206 3920 rendis
224 3870 415 3941 absque
437 3873 601 3943 plane
630 3876 1011 3947 principalium
1030 3919 1035 3924 .
1054 3877 1378 3945 chordarum
1405 3896 1595 3951 opera-

67 3952 175 4010 tione
196 3963 376 4027 poterit
396 3979 518 4020 esse
546 3967 841 4036 profectio:
873 3983 1037 4038 quam
1063 3971 1436 4040 operationem
1464 3972 1594 4029 faci-

65 4042 140 4100 lius
158 4053 348 4108 tandem
372 4055 425 4110 in
451 4056 557 4121 his,
590 4072 710 4127 qum
736 4060 849 4126 jam
873 4060 1169 4115 constituta
1212 4061 1298 4118 vel
1331 4063 1591 4134 disposita

65 4150 175 4205 sunt,
205 4146 402 4213 plenam
444 4150 564 4217 sive
605 4166 713 4205 non
743 4150 958 4221 plenam
993 4152 1283 4225 intelliges,
1306 4164 1592 4225 postquam

64 4230 112 4281 de
140 4233 247 4302 ipsis
270 4240 654 4311 principalibus
686 4243 927 4310 chordis,
954 4260 1076 4315 qua:
1111 4246 1240 4313 sint,
1272 4258 1326 4303 et
1362 4248 1594 4318 qualiter

65 4334 135 4386 Pro
157 4325 359 4403 diversis
387 4332 673 4388 effectibus
699 4334 912 4391 diversa
946 4336 1249 4392 sortiantur
1272 4340 1512 4404 nomina,
1537 4350 1593 4395 et

62 4418 279 4478 ‘luotuodo
318 4422 435 4492 plus
480 4425 536 4479 in
598 4424 915 4495 majoribus,
966 4425 1020 4480 in
1068 4428 1369 4484 minoribus
1415 4430 1592 4487 minus

60 4519 315 4581 operentur,
340 4517 482 4585 quod
503 4515 755 4585 domin'us
782 4518 1011 4587 dederit,
1039 4536 1362 4591 exposuero.

747 4628 837 4684 XI.

62 4700 159 4763 Qua:
188 4712 279 4769 sint
319 4718 634 4787 principales
670 4722 935 4802 .cliordre;
980 4732 1029 4777 et
1092 4739 1209 4792 qum
1264 4727 1589 4795 operatione:

664 4808 916 4861 ipsarum.

111 4870 290 4933 Eredem
328 4897 455 4955 ergo
494 4883 735 4952 chorda),
769 4901 888 4956 qua:
924 4887 977 4943 in
1032 4887 1423 4943 constitutione
1469 4903 1588 4958 spe-

62 4960 422 5041 cieruinprinne
472 4977 750 5043 dicuntur,
798 4978 924 5048 quia
956 4980 1184 5049 primam
1234 4980 1469 5051 speciem
1506 4982 1585 5035 in-

64 5054 258 5129 cludunt;
287 5076 340 5120 et
367 5084 488 5137 qua:
526 5071 796 5139 secundae,
843 5071 971 5141 quia
1002 5072 1329 5139 secundam;
1366 5082 1422 5130 ct
1468 5088 1589 5144 quae

64 5151 209 5219 lenite,
234 5160 352 5226 quia
383 5163 642 5229 tertiam;
685 5173 743 5220 et
787 5178 906 5234 qua).
946 5165 1296 5219 nominantur
1346 5175 1586 5237 quartae,

64 5241 152 5304 illia
174 5260 399 5316 quartam
422 5254 808 5323 determinant,
837 5256 890 5312 in
918 5256 1272 5327 dispositione
1305 5266 1585 5329 troporum

64 5332 325 5409 Principales
366 5348 737 5418 appellantur:
792 5365 858 5405 eo
892 5350 1057 5421 quod,
1097 5349 1225 5407 licet
1268 5351 1323 5406 in
1374 5352 1589 5408 cmteris

64 5428 259 5488 nauibus
292 5439 618 5507 generaliter
652 5440 997 5515 .maximam,
1038 5450 1098 5497 ut
1135 5440 1395 5514 praefatus
1441 5458 1583 5510 sum,

66 5515 245 5577 labeant
265 5530 579 5597 potentiam,
603 5531 657 5588 in
688 5533 790 5589 hac
824 5542 1000 5589 tamen
1031 5533 1341 5604 specialiter
1364 5535 1501 5590 mira
1531 5545 1584 5591 et

69 5606 265 5670 πεπίθὺίιὶ
291 5618 548 5689 dignitate
595 5623 987 5695 principantur,
1016 5633 1071 5678 et
1107 5626 1161 5682 in
1212 5626 1350 5696 ipsa,
1399 5635 1585 5698 utpote

66 5700 204 5765 iputiis
228 5710 443 5781 majore,
495 5715 662 5772 multo
690 5715 871 5787 plura,
921 5733 1083 5789 quam
1116 5718 1169 5774 in
1196 5718 1583 5776 constitutione

66 5807 307 5862 licerentur
333 5808 774 5892 diatessaron_vel
804 5814 1055 5886 diapente
1095 5824 1409 5885 operantur.
1449 5814 1576 5873 Dia-

1455 363 1553 422 ιιι]
1558 363 1707 423 SICA
1717 403 1732 423 .

1628 481 1676 537 Α
1705 490 1949 534 tessaron
1992 477 2136 534 enim
2176 477 2261 533 vel
2319 478 2600 549 diapente,
2649 497 2769 553 qua:
2821 479 3049 552 singulae
3096 462 3203 551 per
3242 496 3303 538 se

3084 422 3087 441 π
3165 366 3303 449 nos

1712 569 2067 624 tetrachorda:
2116 568 2199 624 vel
2253 570 2633 639 pentachorda:
2688 581 2838 640 sunt,
2879 572 2933 626 in
2970 570 3159 641 primis
3210 582 3305 625 aut

1708 660 1981 726 secundis,
2005 660 2092 715 vel
2139 660 2315 716 tertiis
2341 660 2455 716 sive
2484 662 2692 731 quartis
2732 663 2950 717 chordis
2989 661 3150 731 incipi
3180 670 3302 718 tané-

1714 760 1826 807 tum
1857 761 1910 808 et
1939 750 2079 806 finiri
2114 752 2310 807 sullicit
2340 772 2352 807 :
2390 753 2648 824 diapason
2682 768 2834 816 vero,
2875 754 3016 810 unde
3053 754 3192 823 tropi
3222 755 3306 809 di-

1706 850 2028 911 sponuntur,
2083 851 2138 896 et
2194 857 2314 911 qtae
2362 842 2588 912 singula:
2640 858 2706 897 es
2772 843 3032 914 utrisque,
3088 843 3141 899 id
3196 834 3302 913 est,

1706 934 2043 990 diatessarOn
2103 942 2156 989 et
2216 934 2470 1005 diapente
2544 936 2891 1004 consistunt,
2955 937 3304 992 octochordae

1706 1042 1835 1085 sunt
1864 1048 1880 1095 ;
1914 1040 1968 1086 et
2004 1031 2124 1086 ideo
2174 1031 2329 1101 quasi
2363 1030 2595 1101 majores
2647 1030 2823 1101 spatio
2870 1032 3072 1088 eisdem
3105 1033 3307 1101 princi-

1706 1122 1917 1193 palibus
1945 1122 2167 1177 chordis
2199 1139 2304 1179 non
2357 1122 2530 1178 solum
2584 1122 2867 1178 initiantur
2901 1132 2956 1178 et
2999 1122 3305 1179 terminan-

1710 1225 1813 1282 tur,
1846 1229 2031 1269 verum
2068 1217 2232 1267 etiam
2275 1214 2326 1268 in
2365 1213 2544 1269 medio
2582 1213 2671 1269 sui
2702 1214 2867 1268 variis
2901 1212 3305 1285 distinguuntur

1710 1303 1905 1359 modis.
1963 1303 2206 1370 Quatuor
2278 1312 2509 1374 namque
2576 1305 2786 1374 species
2842 1305 3125 1374 diapason,
3185 1319 3305 1377 qua:

1706 1392 2017 1465 subjugales
2046 1395 2267 1450 totidem
2289 1402 2535 1451 statuunt
2565 1396 2791 1463 medias,
2819 1396 3124 1467 hnjusmodi
3150 1404 3300 1465 qna-‘-

1707 1496 1832 1539 runt
1860 1486 2259 1551 distinctiones,
2290 1496 2345 1540 ut
2397 1487 2524 1557 ipsae
2576 1486 2865 1542 medietate
2893 1487 3148 1557 diapente
3196 1487 3299 1540 ha-

1706 1575 2082 1647 beantsupra,
2115 1586 2172 1633 et
2212 1578 2553 1633 diatessaron
2585 1577 2748 1632 infra.
2789 1577 2895 1633 ill-.e
2946 1588 3150 1642 autem,
3180 1593 3302 1655 qua:

1707 1668 1761 1723 in
1786 1671 2127 1726 authenticos
2160 1679 2466 1736 transeunt,
2498 1670 2573 1725 ita
2598 1671 2895 1749 medianda;
2921 1680 3070 1735 sunt,
3096 1656 3300 1725 utdia-

1710 1767 1954 1816 teSsaron
1982 1761 2251 1832 superius,
2277 1770 2331 1817 et
2357 1761 2609 1832 diapente
2653 1760 2851 1816 sistant
2880 1759 3125 1816 inferius.
3149 1760 3215 1816 Et
3242 1768 3300 1815 nt

1629 1840 1672 1899 Β
1695 1845 1807 1917 jam
1834 1864 1941 1904 non
1971 1850 2038 1905 de
2090 1852 2376 1920 speciebus
2426 1851 2709 1921 diapason,
2740 1850 2834 1906 sed
2885 1850 2952 1905 de
2987 1851 3174 1920 tropis,
3206 1851 3299 1921 qui

1702 1957 1769 1997 ex
1795 1943 1880 1997 his
1912 1952 2184 2008 constant,
2237 1944 2549 2014 loquamur,
2596 1954 2652 1999 et
2681 1943 3131 2012 quemadmodum
3171 1943 3300 2017 ipste

1703 2032 1756 2086 in
1797 2040 1978 2103 tropos
2009 2033 2450 2103 transferuntur:
2492 2036 2571 2090 sic
2599 2044 2785 2090 nostra
2824 2049 3038 2105 quoque
3070 2033 3139 2091 ab
3162 2032 3299 2105 ipsis

1701 2122 1768 2177 ad
1799 2138 1893 2178 eos
1919 2133 2163 2178 vertatur
2208 2123 2496 2203 collatio.“
2593 2130 2599 2137 '
3254 2124 3259 2127 Α

2076 2285 2081 2290 ⁸
2433 2214 2547 2271 ΧΠ.
2764 2226 2767 2227 ⁷
2902 2290 2905 2291 ν
3186 2283 3191 2289 η
3252 2285 3260 2291 _

1702 2301 1981 2359 Naturalis
2030 2305 2303 2377 dispositio
2334 2318 2615 2376 troporum
2654 2290 2937 2377 separatim
2985 2307 3040 2362 in
3117 2290 3287 2373 Villi

2221 2375 2540 2448 conjunctim
2565 2379 2619 2431 iu
2654 2375 2761 2431 IV.

1770 2488 1905 2545 Octo
1949 2500 2226 2560 troporum
2252 2490 2446 2561 singuli
2473 2505 2631 2545 unam
2660 2488 3030 2546 tantummodo
3060 2490 3295 2565 mediam

1698 2580 2103 2661 distinctionem
2154 2580 2375 2647 habent,
2403 2581 2574 2665 jupcti
2597 2597 2726 2637 vero
2752 2592 2809 2637 et
2856 2581 3175 2636 naturaliter
3201 2597 3299 2652 po-

1624 2676 1625 2679 “
1697 2675 1786 2747 siti
1816 2675 1970 2730 duas.
2018 2674 2172 2742 Quod
2216 2684 2274 2730 ut
2313 2673 2651 2731 enucleatius
2701 2674 3033 2746 proferatur,
3104 2688 3296 2731 attines

1697 2767 1787 2823 hic
1813 2766 2025 2837 pariter
2054 2766 2397 2835 ordinentur,
2435 2774 2491 2821 et
2510 2765 2803 2837 separatim
2834 2766 2889 2820 in
2914 2764 3059 2829 octo.
3085 2775 3139 2822 et
3164 2754 3297 2822 con—

1692 2856 1925 2929 jnnctim
1957 2857 2011 2911 in
2042 2866 2296 2927 quatuor,
2324 2867 2382 2911 ut
2406 2873 2505 2927 per
2524 2857 2675 2913 initia
2703 2866 2759 2913 ct
2788 2856 2946 2924 lines,
2980 2844 3296 2928 mediasque

1697 2948 2071 3006 distinctiones
2090 2964 2301 3015 eorum,
2328 2948 2485 3020 plena
2516 2949 2570 3004 in
2612 2949 2696 3007 eis
2727 2949 3103 3020 principalium
3133 2950 3296 3005 chor-

1706 3040 1921 3107 darum,
1979 3040 2342 3111 specialisqtte
2373 3040 2651 3111 regintinis
2680 3040 2915 3113 dignitas
2937 3040 3292 3112 exprimatur.

1699 3139 2055 3194 Authenticns
2083 3149 2290 3211 protus,
2314 3140 2404 3211 qui
2431 3149 2515 3198 est
2543 3156 2574 3196 a
2600 3142 2662 3197 D.
2688 3141 2742 3198 in
2769 3142 2822 3197 d.
2848 3142 3080 3199 mediam
3106 3143 3296 3198 distin~

1697 3228 1937 3285 ctionem
1965 3229 2130 3286 habet
2154 3231 2208 3285 in
2259 3247 2328 3298 a;
2366 3231 2664 3303 snbjugalis
2710 3232 2845 3303 ejus,
2878 3232 2969 3303 qui
2997 3242 3084 3288 est
3127 3234 3195 3286 ab
3223 3233 3290 3286 A.

1697 3320 1752 3375 in
1783 3335 1837 3375 a.
1866 3321 2102 3377 mediam
2134 3322 2535 3379 distinctionem
2582 3323 2737 3394 ponit
2770 3324 2825 3379 in
2873 3324 2937 3379 D.
2971 3326 3063 3397 qui
3102 3324 3145 3379 si
3165 3324 3295 3394 jun-

1696 3423 1914 3483 guntur;
1942 3424 2001 3470 nt
2035 3413 2410 3472 indifferenter
2438 3418 2508 3472 sit
2536 3427 2745 3487 protus,
2792 3417 3038 3473 ascendit
3062 3418 3130 3473 ab
3155 3404 3219 3471 A.
3237 3416 3293 3470 in

1697 3507 1751 3561 d.
1811 3506 1946 3563 duas
2010 3508 2298 3564 continens
2357 3508 2734 3566 distinctiones
2782 3510 3012 3577 medias,
3079 3508 3134 3565 id
3183 3521 3289 3574 est,

1696 3598 1759 3655 D.
1791 3609 1845 3656 et
1873 3616 1928 3656 a.

1764 3690 2124 3749 Authentieus
2161 3694 2441 3759 deuterus,
2469 3692 2561 3764 qui
2588 3702 2671 3749 est
2699 3694 2767 3750 ab
2792 3692 2856 3748 E.
2888 3692 2943 3748 in
2974 3706 3024 3749 e.
3054 3690 3290 3748 mediam

1695 3783 2097 3841 distinctionem
2141 3785 2367 3841 sortitur
2399 3786 2450 3839 in
2573 3784 2870 3856 subiugatis
2900 3784 3037 3855 ejus,
3067 3784 3160 3855 qui
3205 3793 3291 3851 est

1695 3874 1755 3930 Β.
1813 3875 1869 3930 in
1914 3879 1967 3933 b.
2002 3878 2236 3933 mediam
2262 3874 2672 3957 distinctitincm
2726 3877 2869 3933 locat
2912 3876 2966 3931 in
3010 3875 3072 3930 Ε.
3102 3875 3194 3946 qui
3241 3876 3287 3931 si

1695 3967 2021 4034 adunentur,
2060 3978 2115 4023 ut
2144 3968 2501 4049 contipuatim
2556 3968 2628 4024 sit
2671 3970 2949 4033 deuterus,
3009 3969 3223 4023 scandit
3255 3983 3287 4021 a

1697 4064 1757 4119 Β.
1793 4066 1846 4120 in
1892 4080 1940 4119 e.
1971 4063 2104 4119 duas
2135 4062 2399 4133 recipiens
2425 4061 2801 4118 distinctiones
2839 4062 3065 4124 medias,
3102 4061 3153 4117 id
3181 4070 3284 4129 est,

1694 4158 1760 4213 E.
1795 4170 1849 4214 et
1882 4156 1933 4211 b.

1763 4247 2121 4306 Authenticus
2151 4248 2338 4312 tritus,
2371 4245 2567 4316 quiest
2597 4246 2664 4300 ah
2689 4243 2751 4298 F.
2779 4245 2830 4299 in
2875 4246 2913 4298 f.
2948 4242 3179 4298 mediam
3205 4242 3287 4298 di-

1694 4339 2040 4397 stinctionem
2068 4336 2214 4393 elicit
2264 4336 2318 4390 in
2371 4350 2420 4390 c.
2452 4334 2747 4405 subjugalis
2775 4334 2913 4403 ejus,
2934 4333 3024 4403 qui
3053 4342 3137 4388 est
3159 4347 3189 4386 a
3220 4333 3283 4388 (Ξ.

1696 4433 1751 4488 in
1782 4447 1831 4487 c.
1864 4429 2099 4486 mediam
2131 4427 2537 4493 distinctionem
2587 4426 2765 4497 signat
2790 4424 2844 4481 in
2890 4425 2950 4480 F.
2980 4424 3074 4496 qui
3104 4424 3147 4481 si
3187 4439 3283 4481 eo-

1699 4524 1973 4596 pulentur,
2004 4530 2062 4575 ut
2106 4518 2447 4576 uniforntiter
2478 4518 2549 4573 sit
2588 4517 2767 4583 tritus,
2816 4517 2989 4585 surgit
3016 4534 3046 4570 a
3075 4516 3137 4571 C.
3166 4514 3219 4571 in
3241 4514 3282 4570 f.

1697 4620 1830 4674 duas
1857 4616 2078 4686 capiens
2105 4613 2488 4670 distinctiones
2531 4612 2759 4679 medias,
2792 4611 2846 4666 id
2880 4620 2965 4667 est
2985 4610 3049 4665 F.
3077 4618 3210 4673 etc.

1761 4708 2122 4763 Authentieus
2151 4705 2450 4770 tetrardus,
2482 4719 2576 4775 qui
2605 4714 2689 4760 est
2717 4720 2747 4758 a
2772 4701 2839 4759 G.
2874 4704 2925 4759 in
2953 4719 3007 4775 g.
3050 4702 3283 4757 mediam

1694 4782 2100 4855 distinctionem
2131 4795 2333 4851 delibat
2373 4782 2428 4850 in
2474 4795 2528 4851 d.
2563 4793 2863 4867 subjugalis
2912 4794 3048 4864 ejus,
3080 4794 3172 4865 qui
3203 4803 3285 4849 est

1694 4906 1725 4946 a
1763 4891 1826 4946 D.
1852 4889 1906 4944 in
1931 4888 1985 4944 ιι.
2038 4885 2272 4949 mediam
2300 4885 2706 4941 distinctionem
2739 4895 2892 4941 notat
2939 4885 2991 4941 in
3017 4884 3084 4940 G.
3110 4885 3202 4955 qui
3233 4886 3281 4941 si

1636 4988 1637 4991 “
1686 4989 2113 5046 connectuntur,
2144 4986 2203 5033 ut
2242 4977 2570 5033 naturaliter
2596 4994 2737 5034 unus
2775 4978 2848 5034 sit
2873 4977 3167 5042 tetrardus,
3195 4990 3281 5031 at-

1696 5073 1853 5145 tingit
1894 5088 1926 5129 a
1975 5070 2036 5126 D.
2090 5071 2145 5125 in
2192 5084 2245 5142 g.
2296 5068 2431 5124 duas
2487 5070 2855 5126 determinans
2904 5068 3282 5124 distinctiones

1693 5166 1918 5229 medias,
1945 5163 1997 5218 id
2030 5171 2113 5218 est
2137 5161 2206 5218 G.
2258 5170 2314 5216 et
2337 5160 2388 5217 d.
2424 5160 2553 5221 Haec
2583 5172 2764 5218 autem
2795 5171 3071 5232 troporum
3098 5162 3281 5233 disiic-

1690 5258 1840 5324 sitio,
1889 5257 2016 5312 licet
2049 5252 2304 5310 distincte
2348 5254 2707 5326 pleniterque,
2754 5261 2814 5308 ut
2862 5252 3122 5320 arbitror,
3164 5251 3279 5322 jam

1694 5359 1917 5424 peracta
1947 5348 2064 5411 sit;
2119 5361 2187 5413 ne
2245 5346 2387 5403 forte
2429 5349 2547 5419 ipsa
2580 5346 2663 5404 sui
2715 5345 3055 5417 plenitudine
3103 5348 3276 5404 aciem

1692 5441 2019 5507 intellectus,
2053 5439 2179 5493 dum
2213 5438 2420 5509 singula
2469 5446 2755 5508 penetrare
2796 5436 3029 5504 laborat,
3085 5438 3277 5508 quovis

1690 5533 1876 5591 nubilo
1929 5532 2300 5606 perplexionis
2348 5528 2655 5595 obtundat;
2708 5526 3050 5584 manifestius
3098 5527 3277 5582 adhuc

1691 5638 1802 5684 tam
1831 5628 2079 5699 corporis
2112 5636 2221 5683 tam
2252 5622 2434 5681 cordis
2478 5621 2598 5679 visu
2650 5620 2834 5694 figura:
2874 5620 3033 5690 hujus
3067 5622 3275 5692 perspi-

1686 5708 1857 5780 cacia'
1886 5720 2225 5794 subjiciatur.
2283 5716 2404 5773 Viti.
2441 5716 2533 5790 lig.
2566 5715 2614 5774 Δ
2662 5714 2826 5787 infra,
2858 5715 2915 5770 in
2949 5714 3175 5772 Ariboue
3223 5722 3271 5769 et

1682 5813 1915 5871 Cottone.
2382 5834 2387 5839 ·
