3886 6308
540 345 681 405 H59

1276 452 1411 509 XIII.

1276 476 1283 481 ο
1327 452 1366 507 Il
1396 491 1411 509 .
1586 500 1589 501 ν

614 549 671 603 lu
704 562 809 620 qua
840 546 1098 607 nimirum
1143 453 1320 618 tignrﬁ
1363 451 1530 600 :otam
1575 552 1845 613 suscepta:
1892 556 1924 596 a
1970 540 2132 596 nobis

539 641 787 695 materiae
815 640 1095 710 abyssum,
1120 654 1240 707 qua:
1252 638 1367 706 jam
1396 638 1450 693 in
1494 636 1629 692 satis
1678 637 1843 690 latum
1876 635 2137 690 constitu-

542 731 706 785 tionis
726 729 969 784 omnium
994 730 1299 799 specierum
1346 744 1409 784 ac
1433 725 1803 800 dispositionis
1851 735 2129 796 troporum

541 836 729 892 :cquor
772 820 1080 877 collationis
1131 829 1332 876 nostra:
1380 820 1545 874 ductu
1595 817 1788 876 diffusa
1820 825 1925 883 est,
1978 817 2133 871 velitt

546 913 687 967 infra
732 911 1043 982 parvissimi
1109 910 1209 967 laci
1254 911 1552 982 marginem
1600 907 1833 964 naturali
1895 908 2130 978 quodam

542 1014 679 1061 testu
710 1014 994 1074 receptum
1022 1004 1419 1075 collectumque
1462 1003 1759 1059 mirabere.
1788 1001 1964 1059 llabct
1988 1002 2133 1057 enim

544 1109 841 1171 quaternos
869 1096 1114 1153 tramites
1140 1098 1192 1152 in
1221 1098 1340 1154 vice
1389 1104 1624 1166 quatuor
1649 1094 1976 1150 naturalium
2023 1100 2130 1151 tro'é

545 1208 763 1265 porum,
805 1192 857 1247 id
887 1202 990 1256 cst,
1020 1208 1141 1246 cum
1202 1190 1574 1262 subjugaliLus
1603 1190 1877 1245 unitol‘um
1906 1188 2130 1258 positos,

546 1301 780 1356 quorum
829 1284 1025 1355 singuli
1075 1284 1319 1353 ejusdem
1369 1283 1532 1354 tropi,
1565 1280 1720 1351 cujus
1776 1279 2133 1336 obtinentvi-

544 1394 693 1446 cem,
720 1388 953 1455 quatuor
978 1377 1144 1433 etiam
1172 1376 1566 1449 principalibus
1588 1375 1809 1431 chordis
1833 1384 1955 1446 post
1981 1382 2131 1429 certa

546 1471 885 1526 diatessaron
935 1477 993 1523 et
1044 1470 1318 1540 diapente,
1363 1468 1480 1522 sive
1531 1467 1790 1537 diapason
1841 1465 2018 1536 spatia
2050 1464 2133 1518 in-

547 1563 733 1634 scripti
772 1563 934 1617 totius
957 1563 1069 1630 jam
1095 1562 1344 1617 decursa:
1393 1558 1724 1615 narrationis
1753 1550 2129 1613 brevissimam

546 1666 602 1710 ct
626 1667 805 1711 tamen
841 1655 1212 1726 plenissimam
1238 1652 1750 1723 apertissimamque
1797 1648 2129 1719 recapitula-

548 1751 751 1805 tioucm
810 1750 1089 1804 continere
1137 1749 1468 1819 probantur.
1534 1744 1708 1800 Tanta
1765 1743 1964 1813 quippe
2005 1741 2129 1807 vis,

1615 339 1677 397 S.
1715 336 2092 397 GL‘ILLELMI
2129 336 2422 395 ΑΒΒΑτιε
2461 336 2793 397 "IRSAUG.
2833 364 2844 379 ο

2159 457 2210 515 Δ

2971 448 3107 509 xw.

2451 538 2654 613 Figura
2684 542 3029 600 Monachordi
3057 556 3106 599 et
3138 544 3446 617 explanatio
3464 548 3601 620 ejus.

2309 634 2703 693 Universaliter
2739 647 2920 694 autem
2957 640 3045 696 hic
3074 642 3374 697 notandum
3402 653 3490 699 est
3521 646 3654 715 quod
3692 663 3781 703 oa-
3878 636 3879 703 Ῑ

2237 740 2337 782 nes
2363 727 2660 783 authentici
2694 743 2725 782 a
2766 724 3018 786 ﬁnalibus
3044 732 3369 801 incipientes
3396 736 3465 789 ad
3497 737 3782 795 ercellentes
3878 728 3879 799 ξ

2236 819 2556 881 θὲεθηάιιιιι.
2584 827 2640 875 et
2669 819 2721 875 in
2748 823 3121 891 superioribus
3151 826 3568 897 distinguuntur
3591 846 3607 884 :
3627 836 3778 887 omna
3878 820 3879 867 Ψ

2236 923 2367 966 vero
2393 909 2700 979 subjugales
2730 926 2759 965 a
2794 914 3051 983 gravibus
3107 914 3430 972 inchoantes
3497 917 3556 973 in
3584 924 3783 989 mperiu-
3878 902 3879 913 ‘

2242 1002 2395 1057 ribus
2423 1001 2787 1069 ﬁniuntur,et
2838 1005 2893 1059 iii
2946 1004 3198 1059 ﬁnalibus
3252 1009 3781 1077 mediantur;siap=e

2237 1093 2426 1151 ﬁnales
2446 1107 2500 1151 et
2529 1097 2843 1167 superiores
2871 1096 3118 1167 utrisque
3159 1109 3288 1153 sunt
3330 1113 3671 1165 communes,
3690 1115 3784 1171 gra-

2236 1201 2331 1243 ves
2357 1198 2540 1243 autent
2567 1187 2959 1259 subjugalibus,
2993 1187 3320 1253 excellentes
3340 1190 3669 1245 authenticis
3690 1206 3783 1262 ρω-
3878 1196 3879 1213 ‘

2235 1280 2368 1350 price
2393 1289 2563 1346 sunt;
2595 1289 2651 1335 et
2680 1281 2825 1351 quod
2862 1281 3161 1346 naturales,
3201 1282 3254 1337 id
3294 1291 3400 1349 est,
3455 1283 3785 1339 indifferentes

2234 1380 2469 1442 quatuor
2498 1371 2638 1442 tropi
2699 1388 2728 1426 a
2758 1373 3015 1443 gravibus
3071 1373 3351 1427 initianles
3382 1374 3452 1428 ad
3484 1374 3786 1429 excellentes
3878 1444 3879 1447 η

2236 1480 2407 1534 usque
2436 1465 2770 1535 pertingant,
2796 1473 2852 1520 et
2882 1473 2992 1519 tam
3044 1464 3097 1519 in
3145 1465 3403 1521 ﬁnalibus
3436 1476 3611 1536 qnam
3635 1469 3681 1521 in
3718 1483 3787 1521 su-
3878 1484 3879 1495 ι

2236 1556 2542 1628 perioribus
2571 1556 2778 1612 medias
2843 1557 3224 1613 distinctiones
3269 1556 3599 1627 accipiunt;
3643 1558 3789 1613 sieta-
3878 1548 3879 1583 ἶ

2238 1668 2362 1707 men
2398 1651 2570 1706 initiis
2608 1660 2664 1706 et
2721 1651 2973 1707 terminis
3030 1650 3334 1722 mediisque
3387 1651 3790 1707 distinctionibus
3878 1676 3879 1679 η

2235 1744 2474 1799 omnium
2499 1744 2567 1799 ab
2607 1742 2833 1807 invicem
2868 1742 3603 1827 imeqnaliterdistantibus,
3627 1752 3678 1796 ut
3700 1739 3791 1799 hac
3878 1776 3879 1797 ι

545 1842 884 1911 cffectusque
943 1841 1185 1911 potentia
1250 1839 1393 1895 inest
1443 1836 1835 1909 principalibus
1890 1835 2129 1901 chordis;
2165 1821 2210 1881 Β
2238 1836 2291 1891 in
2325 1837 2580 1894 omnibus
2611 1836 2804 1904 regnet
2833 1821 3140 1907 :cq'ualitas,
3178 1844 3240 1890 ut
3273 1835 3511 1905 quisque
3541 1837 3651 1890 suis
3670 1836 3791 1905 pritt-
3878 1860 3879 1871 ι

548 1935 694 2002 quod
744 1940 799 1986 et
859 1946 1022 2002 supra
1055 1930 1375 1997 memoravi,
1424 1939 1485 1984 ιιι
1535 1930 1652 1984 haec
1686 1926 1869 1983 brevis
1921 1926 2134 1980 illarum

546 2026 817 2082 connexio
843 2039 979 2097 pene
1007 2026 1271 2090 omnium,
1323 2040 1444 2095 quae
1468 2023 1581 2091 jam
1627 2031 1768 2077 tacta
1818 2021 1903 2077 vel
1958 2021 2136 2076 adhuc

554 2116 822 2188 tangenda
852 2125 1003 2183 sunt,
1060 2106 1452 2185 plenitudinem
1494 2113 1833 2170 Contineant.
1860 2109 1916 2166 in
1944 2112 2136 2165 ultim‘o

548 2208 694 2263 enim
729 2207 970 2274 tramite,
1020 2208 1111 2277 qui
1141 2214 1299 2277 proto
1329 2204 1711 2277 praelitulatur,
1739 2203 1929 2273 primis
1959 2202 2135 2257 omni—

550 2300 651 2356 bus
682 2300 948 2365 collectis,
976 2308 1030 2373 et
1054 2301 1121 2355 ab
1153 2300 1408 2367 invicem,
1435 2299 1509 2353 ita
1558 2308 1618 2353 ut
1654 2299 1707 2352 in
1744 2297 2134 2363 monochordo,

550 2393 1026 2463 proportionalitcr
1057 2390 1338 2459 seiunctis,
1391 2391 1599 2462 liquido
1629 2389 1935 2460 inspicitur,
1988 2388 2135 2443 utA.

551 2495 607 2537 et
637 2485 694 2538 D.
747 2484 888 2539 sicut
912 2485 965 2539 iu
995 2484 1389 2539 constitutione
1437 2483 1741 2554 specierum
1793 2481 2000 2535 dictum
2032 2488 2138 2548 cst,

551 2576 781 2647 primam
820 2579 1058 2648 speciem
1093 2576 1434 2639 diatessarpn
1476 2574 1540 2629 D.
1577 2582 1632 2630 et
1657 2590 1708 2628 a.
1737 2574 1967 2644 primam
2019 2588 2142 2643 spe-

550 2672 689 2727 ciem
722 2673 975 2744 diapente
1002 2690 1054 2727 a.
1083 2680 1139 2745 ct
1162 2671 1217 2726 d.
1242 2670 1475 2741 primam
1507 2669 1701 2724 iterum
1756 2669 1994 2739 speciem
2021 2667 2141 2724 diae

552 2774 820 2831 tessaron,
850 2775 903 2820 et
945 2779 1160 2819 rursum
1203 2762 1270 2819 A.
1299 2772 1353 2817 ct
1404 2778 1457 2816 a.
1504 2761 1737 2831 primam
1770 2762 2007 2832 Speciem
2031 2756 2144 2816 dia-

552 2872 743 2924 pason,
778 2856 1015 2925 itemque
1064 2856 1124 2909 Ι).
1152 2862 1206 2909 et
1234 2854 1286 2908 d.
1315 2853 1546 2923 primatu
1587 2853 1824 2922 speciem
1875 2852 2140 2921 diapason

554 2947 883 3002 concludant
908 2963 923 3012 ;
955 2955 1011 3001 ct
1036 2954 1097 3000 ut
1127 2943 1474 3000 authenticus
1499 2956 1693 3015 protus
1720 2960 1784 2999 ex
1829 2944 1946 3015 ipsa
1970 2945 2142 3014 prima

550 3040 732 3109 specie
762 3040 1041 3111 diapason,
1064 3055 1182 3109 qua:
1204 3046 1286 3094 est
1310 3052 1341 3092 a
1380 3038 1442 3092 D.
1480 3038 1532 3091 in
1560 3036 1613 3092 d.
1644 3044 1878 3103 constet,
1908 3036 2141 3092 mediam

555 3130 960 3185 distinctionem
995 3129 1202 3184 faciens
1232 3129 1285 3184 in
1308 3143 1357 3182 a.
1387 3132 1444 3183 et
1490 3128 1558 3183 ab
1586 3127 1774 3183 eadem
1797 3143 1849 3182 a.
1881 3128 2145 3183 diatessa-

2237 1929 2501 2001 cipalibus
2526 1930 2764 1995 chordis,
2797 1929 2942 1999 quod
2996 1937 3051 1984 et
3080 1944 3241 1999 supra
3297 1930 3731 1991 memoravimus,
3754 1934 3795 1979 et
3878 1942 3879 1971 ἢ

2240 2022 2551 2092 incipiatur,
2583 2029 2640 2075 et
2670 2022 2889 2075 ﬁniatur
2914 2029 2969 2077 et
2997 2020 3389 2091 distinguatur,
3422 2030 3671 2088 totusque
3697 2019 3793 2071 inde

2237 2124 2451 2170 constet
2485 2125 2541 2169 et
2566 2122 2811 2184 regatur,
2867 2120 3056 2185 utpote
3086 2109 3277 2183 protus
3325 2128 3395 2165 ex:
3433 2112 3673 2165 omnibus
3711 2112 3796 2179 pii-

2238 2208 2338 2261 mis
2358 2223 2376 2260 :
2405 2207 2653 2262 deuterus
2683 2221 2749 2261 ea:
2772 2203 3011 2261 erunibus
3061 2207 3338 2270 secundis,
3371 2205 3537 2259 tritus
3563 2222 3631 2260 ea:
3655 2208 3794 2261 ostri-
3878 2218 3879 2269 ;

2240 2297 2334 2353 bus
2367 2299 2553 2364 tertiis,
2572 2300 2847 2356 .tetrurdns
2876 2316 2943 2355 ex
2967 2302 3217 2357 omnibus
3240 2305 3478 2371 quartis.

2317 2390 2424 2447 Sed
2445 2393 2626 2447 ethoc
2655 2393 2795 2447 satis
2817 2391 3057 2448 notabile
3084 2392 3317 2460 videtur,
3357 2398 3506 2466 quod
3544 2394 3705 2466 ipsius
3727 2410 3797 2447 ω’

2242 2494 2379 2537 tura:
2408 2484 2706 2538 auctoritas
2740 2484 2831 2539 hic
2878 2484 3175 2541 manifeste
3215 2486 3472 2542 concedit
3514 2486 3796 2547 Ptolomaeo.
3878 2500 3879 2547 1

2241 2576 2661 2631 consonantiam
2687 2575 2952 2646 diapason
2979 2591 3103 2631 cum
3132 2577 3475 2633 diatessaron
3502 2579 3570 2633 ab
3596 2580 3799 2647 antiquis
3878 2575 3879 2611 ἓ

2242 2668 2598 2739 philosophis,
2629 2681 2694 2722 eo
2724 2667 2869 2737 quod
2920 2676 2977 2723 et
3024 2682 3092 2722 ex
3144 2670 3581 2741 supcrpartiente
3621 2680 3801 2725 constat
3878 2667 3879 2735 ᾗ

2242 2762 2641 2833 proportione,
2697 2762 3035 2832 repudiatam
3096 2763 3384 2819 veriSsima
3445 2765 3658 2818 ratione
3708 2776 3801 2832 pro-

2242 2854 2394 2909 banti
2426 2870 2441 2920 ;
2478 2854 2673 2923 singuli
2712 2855 2855 2909 enim
2888 2857 3213 2911 naturalium
3261 2866 3505 2927 quatuor
3549 2865 3801 2925 troportzn

2244 2944 2375 3000 licet
2404 2944 2580 3000 exhis
2627 2945 2885 3015 diapason
2934 2948 3231 3003 secundum
3280 2946 3596 3017 prdectam
3630 2946 3803 3016 specie-

2245 3052 2365 3092 rum
2416 3036 2865 3092 coadunationcm
2925 3046 3344 3105 componantur,
3394 3034 3687 3090 secundum
3712 3034 3801 3103 pta-

2247 3143 2373 3183 nam
2404 3135 2588 3183 tamen
2616 3126 2999 3196 descriptionis
3049 3124 3209 3195 hujus
3238 3126 3474 3181 formam
3508 3124 3804 3196 simplicem-

555 3238 654 3277 ron
708 3220 982 3291 superius,
1029 3221 1280 3291 diapente
1313 3226 1517 3273 autem
1546 3219 1750 3273 habens
1790 3217 2015 3274 inferius
2043 3233 2057 3285 ;
2088 3227 2145 3274 et
2170 3196 2215 3259 ο
2246 3238 2351 3293 quc
2380 3235 2668 3277 numerum
2694 3220 3020 3276 chordarum
3069 3234 3139 3276 ex
3162 3220 3352 3275 eadem
3413 3220 3671 3290 diapason
3702 3232 3801 3273 eam

552 3314 824 3384 quomodo
871 3310 1165 3384 subjugalis
1195 3311 1311 3383 ejus
1338 3326 1405 3367 ex
1456 3310 1547 3366 illa
1599 3310 1769 3381 prima
1799 3311 1977 3381 specie
2012 3300 2142 3365 ‘dia-‘

552 3422 743 3476 pasnn,
777 3420 895 3476 qua:
922 3414 1007 3461 est
1053 3405 1119 3460 ab
1166 3405 1234 3460 A.
1285 3404 1337 3459 in
1383 3419 1436 3458 a.
1480 3403 1765 3469 subsistat,
1799 3402 2033 3458 mediam
2059 3402 2142 3457 di-

551 3498 901 3553 stinctionem
930 3505 1175 3552 statuens
1200 3496 1252 3552 in
1290 3497 1355 3551 D.
1386 3505 1440 3552 et
1470 3510 1633 3566 supra
1658 3488 1905 3552 eamdem
1933 3494 1995 3550 D.
2025 3494 2142 3549 dia-

554 3600 736 3659 pente,
785 3588 922 3643 infra
964 3604 1091 3643 vero
1131 3588 1466 3643 diatessaron
1507 3597 1830 3654 assumens;
1871 3595 1924 3641 et
1955 3600 2137 3656 quem-

554 3682 843 3735 admodum
890 3681 975 3735 ha:
1013 3681 1132 3735 dum
1168 3680 1378 3750 species
1423 3679 1684 3750 diapason
1732 3687 1945 3749 protum
1976 3675 2141 3732 indif-

555 3774 794 3828 frrentcr
856 3772 1149 3827 canﬁciant
1204 3771 1416 3827 duabus
1464 3770 1655 3826 mediis
1704 3769 2142 3825 distinctionibus

555 3865 860 3931 dilatatum,
903 3872 959 3920 ct
993 3879 1153 3935 quam
1211 3865 1433 3919 omnino
1485 3862 1731 3918 mirando
1777 3860 2143 3918 moderamine

555 3966 767 4012 natura:
792 3956 970 4011 omnis
999 3956 1295 4025 primarum
1340 3954 1670 4019 chordarum
1694 3952 1942 4023 operatio
1968 3951 2140 4007 solum

554 4058 767 4119 protum
790 4047 1103 4103 constituat.

628 4140 893 4196 Similiter
923 4139 975 4194 in
1006 4138 1246 4195 secundo
1278 4136 1516 4203 tramite,
1572 4135 1663 4209 qui
1695 4136 1920 4193 deutcro
1954 4132 2141 4206 praesi-

556 4240 773 4303 guatur,
806 4229 1058 4285 secundis
1080 4230 1332 4285 omnibus
1358 4246 1372 4291 ς
1397 4238 1561 4299 atque
1606 4229 1660 4284 in
1687 4227 1871 4295 tertio,
1892 4229 1984 4299 qui
2015 4228 2143 4282 trito

554 4329 917 4392 przenotatur,
951 4310 1205 4375 omnibus
1258 4318 1433 4375 tertiis
1464 4333 1479 4385 ;
1513 4332 1615 4375 nec
1666 4332 1773 4373 non
1811 4318 1866 4372 in
1924 4325 2140 4388 quarto,

558 4416 648 4485 qui
675 4414 917 4469 tetrardo
967 4413 1358 4485 przcscribitur,
1408 4412 1661 4468 omnibus
1688 4410 1901 4482 quartis
1928 4410 2139 4477 eadem,

556 4523 661 4577 qua
692 4509 825 4575 dixi,
855 4508 1151 4579 spatiorum
1180 4506 1527 4578 proportione
1548 4505 1834 4570 ordinatis,
1862 4518 1967 4560 non
1984 4504 2140 4558 tardo

561 4598 867 4653 hcbetantis
916 4599 1080 4653 animi
1110 4600 1415 4669 mitigtnate,
1464 4598 1559 4655 sed
1612 4608 1988 4653 momentanea
2017 4608 2141 4650 seno
2172 4594 2197 4620 ³³

558 4692 732 4748 sibilis
752 4694 971 4748 obtutus
1000 4691 1442 4763 perlustrationc,
1484 4690 1638 4761 quasi
1684 4689 1823 4744 facie
1852 4690 1920 4743 ad
1949 4686 2144 4743 faciem

560 4786 911 4857 cognoscitur
941 4802 956 4841 :
990 4786 1116 4855 quia
1148 4799 1480 4855 unaquaeque
1511 4783 1743 4853 ipsarum
1768 4779 2144 4860 principalium

561 4877 893 4933 chordarum
938 4876 1109 4933 series
1137 4877 1189 4931 in
1242 4876 1331 4931 illo
1363 4884 1538 4945 tropo,
1566 4872 1659 4929 cui
1720 4872 1992 4941 adscripta
2038 4880 2143 4937 est,

560 4969 808 5025 eamdem
834 4984 997 5040 quam
1030 4968 1220 5038 prima:
1250 4968 1304 5022 itt
1362 4977 1521 5039 proto
1572 4964 1789 5037 regendi
1840 4964 2149 5036 specialiter

561 5060 932 5130 operandiquc
964 5060 1160 5115 habeat
1217 5056 1563 5130 petestatem.
1592 5055 1866 5125 Quidquid
1901 5055 2049 5111 enim
2077 5054 2145 5110 A.

563 5164 616 5212 et
647 5156 710 5211 ῐ).
743 5156 795 5211 in
829 5156 1145 5227 prolo,lroc
1179 5154 1241 5209 Β.
1282 5164 1336 5210 et
1360 5152 1423 5208 E.
1455 5153 1507 5208 in
1537 5152 1780 5218 dentem,
1809 5148 1861 5206 id
1891 5149 2053 5205 etiam
2081 5149 2143 5205 ϐε

561 5258 618 5303 et
650 5248 713 5302 F.
774 5248 829 5303 in
861 5247 1009 5315 trito,
1061 5246 1236 5317 ipsum
1266 5261 1481 5317 quoque
1522 5243 1585 5298 D.
1618 5253 1673 5298 et
1701 5243 1766 5299 (ἓ.
1812 5242 2149 5300 constituunt

562 5342 620 5399 in
652 5344 914 5400 tetrardo.
946 5342 1091 5397 Idem
1114 5351 1200 5399 est
1230 5343 1284 5399 in
1315 5340 1543 5398 cmtcris.
1576 5339 1651 5395 Et
1677 5347 1734 5393 ut
1764 5338 1867 5393 hoc
1895 5333 2148 5393 similiter

556 5450 829 5510 "corporeo
886 5439 1072 5495 videas
1126 5437 1321 5494 intuitu
1355 5475 1371 5503 ,
1431 5433 1671 5506 singulos
1720 5431 1903 5504 ﬁgura:
1945 5438 2149 5485 nostras

565 5534 830 5599 tramites,
856 5547 992 5604 quos
1017 5532 1070 5587 in
1097 5540 1330 5609 quatuor
1356 5526 1685 5584 naturalium
1715 5534 1995 5597 troporum
2029 5522 2147 5577 vice

564 5624 770 5696 positos
796 5626 947 5681 brevi
988 5620 1364 5698 principalium
1408 5621 1732 5678 chordarum
1783 5616 2150 5686 descriptione

564 5717 1019 5780 constrinximus,
1048 5718 1103 5771 in
1135 5715 1399 5789 regularis
1428 5714 1662 5771 licentia:
1688 5708 2029 5769 diffusioncm
2060 5720 2151 5764 re"

568 5802 816 5861 laxemus
840 5805 940 5860 hoc
966 5809 1143 5862 modo.
1188 5804 1401 5878 νίψῃς.
1435 5805 1498 5871 Β,
1520 5803 1681 5873 infra.

2246 3316 2589 3372 diatessaron
2628 3323 2837 3370 tantum
2888 3313 3133 3368 existunt
3174 3314 3554 3367 consonantia.
3587 3312 3803 3382 lgiturin

2244 3417 2370 3463 octo
2408 3407 2630 3462 discreti
2659 3405 2857 3477 singuli
2908 3405 3109 3459 habent
3156 3412 3271 3459 tres
3320 3404 3650 3474 principales
3676 3404 3803 3457 choro

2243 3500 2359 3560 das.
2404 3500 2458 3555 in
2488 3508 2722 3570 quatuor
2770 3506 2952 3552 autem
2993 3497 3385 3561 recontiuuati,
3416 3506 3690 3566 quatuor;
3718 3493 3804 3547 sic-

2244 3609 2350 3664 que
2381 3594 2461 3661 ﬁt,
2487 3603 2545 3648 ut
2569 3595 2676 3649 duo
2713 3592 2782 3647 ab
2809 3591 3040 3647 invicem
3094 3588 3375 3659 disiuncti,
3405 3598 3462 3645 et
3488 3586 3803 3659 singulariter

2247 3687 2475 3757 inspecti
2530 3701 2625 3741 sex
2664 3683 2992 3757 principales
3039 3682 3275 3738 chordas
3318 3682 3650 3745 contineant,
3696 3694 3803 3731 rou-

2238 3776 2415 3846 juncti
2444 3792 2576 3831 vero
2598 3784 2654 3831 et
2678 3776 2733 3830 in
2780 3789 2947 3829 unum
2982 3782 3197 3845 tropum
3226 3774 3435 3829 redacti
3467 3771 3675 3827 nonnisi
3693 3785 3801 3840 (pn-

2246 3878 2371 3925 tuOr
2392 3870 2645 3926 habeant.

2317 3961 2431 4018 lloc
2452 3962 2616 4017 etiam
2641 3975 2779 4033 pene
2805 3976 2915 4031 prae
2949 3960 3202 4016 omnibus
3247 3952 3302 4015 et
3329 3975 3496 4031 super
3540 3958 3705 4013 omnia
3728 3956 3799 4010 hic

2245 4051 2599 4107 memorabile
2627 4060 2731 4119 est,
2773 4050 2900 4122 quia
2939 4051 3055 4106 haec
3075 4050 3462 4122 principalium
3507 4048 3799 4105 chordarum

2244 4143 2580 4211 distributio,-
2619 4157 2740 4213 quaa
2798 4144 2859 4198 ﬁt
2902 4157 3003 4211 per
3031 4142 3186 4197 initia
3233 4151 3290 4198 et
3330 4141 3472 4197 ﬁnes
3522 4140 3801 4208 medim

2244 4237 2622 4294 distinctiones
2656 4236 2992 4308 singulorum
3024 4244 3151 4292 octo
3179 4234 3647 4306 troporum,illud,
3666 4229 3799 4298 cujus

2244 4330 2300 4388 in
2364 4331 2739 4402 superioribus
2796 4328 3125 4384 mentionem
3184 4328 3477 4383 habuimus
3511 4367 3527 4389 .
3581 4336 3634 4382 et
3676 4322 3797 4395 (ιιοδ

2245 4424 2446 4496 sacpius
2520 4421 2929 4478 retractandum
3005 4430 3167 4491 atque
3241 4419 3629 4474 ruminandum
3696 4426 3795 4470 esse

2248 4515 2506 4579 diximus,
2545 4510 2832 4569 manifeste
2862 4511 3101 4569 declarat
3133 4529 3148 4567 :
3192 4511 3248 4567 id
3287 4520 3395 4577 est,
3447 4509 3705 4582 quomodo
3738 4505 3789 4559 Β.

2247 4614 2304 4661 et
2334 4606 2389 4661 d.
2416 4604 2683 4661 biformes
2740 4603 2876 4678 ﬁant
2906 4618 2972 4659 ac
3020 4602 3281 4674 duplices.
3334 4603 3483 4658 Sane
3535 4614 3638 4657 tres
3676 4598 3789 4653 Io-ﬁ

2246 4697 2603 4755 biformitatis
2654 4706 2821 4768 atque
2867 4694 3207 4768 duplicitatis
3234 4707 3425 4750 eorum
3469 4688 3793 4766 pate-terti:

2246 4789 2627 4847 ostenduntur.

2999 4866 3113 4934 XV.

2465 4974 2617 5031 Unde
2649 4973 2897 5045 biformes
2917 4984 2965 5029 et
2994 4971 3228 5043 duplices
3251 4973 3357 5027 sint
3386 4972 3451 5028 D.
3490 4980 3538 5026 et
3564 4971 3616 5024 it.

2319 5066 2559 5135 Primus,
2594 5066 2737 5137 quod
2769 5066 2821 5121 in
2848 5065 3046 5121 ordine
3086 5066 3202 5120 sive
3231 5076 3462 5120 numero
3508 5060 3787 5119 chorda!!!

2252 5156 2633 5228 principalium
2689 5156 3156 5212 tetrachordorum
3196 5160 3254 5209 et
3307 5154 3512 5209 ultima:
3554 5158 3787 5220 suntm.

2249 5248 2399 5303 vium
2428 5263 2496 5303 ac
2530 5247 2889 5318 superiorum,-
2943 5255 3001 5300 et
3049 5246 3238 5315 prima:
3268 5243 3517 5298 ﬁnalium
3542 5258 3603 5300 ac
3643 5238 3785 5296 exed—

2252 5338 2830 5406 lentium.Sccundus,
2867 5339 3013 5410 quod
3062 5340 3113 5394 in
3152 5339 3511 5410 dispositione
3554 5336 3785 5406 tropon!

2250 5437 2455 5492 ezcdem
2483 5451 2594 5491 uno
2620 5450 2687 5491 ac
2710 5436 2900 5492 endem
2926 5434 3104 5507 spatio
3128 5446 3187 5492 et
3217 5436 3585 5493 authenticos!
3612 5434 3781 5505 μω

2250 5526 2662 5600 etsubjugalem
2716 5528 3013 5585 tetrardum
3062 5527 3367 5583 includunt.
3417 5525 3643 5589 Tertius,
3672 5510 3783 5593 qui

2246 5622 2307 5678 in
2339 5621 2641 5678 diuerentia
2694 5620 3000 5690 modorum,
3034 5619 3087 5676 id
3113 5629 3216 5685 est,
3273 5619 3603 5691 agnitionem
3636 5623 3781 5682 tn!"

2252 5728 2374 5771 rum
2421 5713 2624 5769 eadem
2650 5720 2706 5768 et
2727 5712 2965 5785 primum
2992 5712 3216 5767 modum
3260 5709 3547 5766 instituunt
3566 5714 3621 5761 et
3650 5712 3782 5772 qur

2257 5817 2373 5864 tum
2412 5818 2427 5861 :
2481 5807 2573 5881 qui
2617 5807 2813 5864 tertius
2852 5803 3187 5877 duplicitatis
3232 5803 3423 5861 modus
3470 5798 3675 5858 interim
3716 5788 3783 5846 lii

3877 0 3879 49 l

3878 504 3879 549 t

3878 580 3879 617 ι
