3886 6308
170 277 280 333 1161

1608 253 1885 312 MUSICA.

3236 251 3372 309 “62

163 391 254 450 erit
297 384 499 443 caeteris
550 380 758 437 duobus
811 378 1131 443 obscurior,
1181 377 1353 432 donec
1403 374 1471 431 de
1519 344 1771 431 modisA
1798 366 1972 421 forma
1998 372 2174 437 possit
2221 367 2561 437 agnosci,ab
2611 368 2850 440 antiquis
2898 370 3098 425 tradita
3151 373 3372 429 musicis

162 496 325 539 vocum
357 484 577 533 tractare
601 472 952 545 cmperimus.
984 470 1088 526 Pro
1109 470 1196 526 his
1228 484 1356 542 ergo
1379 467 1551 524 tribus
1574 482 1692 524 mo-

163 573 234 627 dis
257 582 489 639 supremo
514 564 756 635 largitori
777 579 842 620 eo
871 563 1102 635 majores
1135 576 1166 615 a
1206 560 1364 615 nobis
1396 560 1693 616 referenda:

161 672 264 720 sunt
286 668 474 732 grates,
502 671 609 729 quo
638 659 918 725 hucusque
971 652 1228 725 incogniti
1271 652 1522 708 omnibus
1551 652 1694 707 anti-

160 756 259 827 quis
280 763 326 809 et
345 750 608 808 modernis
636 749 932 813 latuerunt,
957 747 1294 816 latentesquc
1340 745 1580 800 maxima
1610 744 1691 799 eis

159 842 341 900 errandi
391 854 560 896 causa
605 840 847 895 fuerunt.
912 836 1047 892 Nam
1101 837 1203 892 etsi
1249 836 1574 907 generaliter
1620 850 1689 889 ex

159 933 420 1006 ignorantia
447 931 530 987 illa
557 940 790 1001 quatuor
823 944 1023 991 rerum,
1055 927 1108 984 in
1155 928 1354 999 quibus
1404 928 1541 983 artis
1568 944 1690 983 mu-

161 1026 266 1082 sicze
284 1039 478 1080 summa
525 1018 801 1089 consistit,
834 1020 1066 1077 diversis
1104 1021 1262 1085 locis,
1285 1028 1346 1074 ut
1371 1020 1692 1091 praedictum

157 1125 239 1180 est,
266 1113 581 1169 deviaverint
609 1130 627 1179 ;
677 1114 731 1167 in
763 1113 867 1168 hoc
888 1121 1068 1167 tamen
1100 1111 1243 1177 loco,
1304 1111 1358 1167 id
1388 1120 1491 1178 est,
1521 1111 1577 1165 in
1608 1110 1690 1181 ip-

155 1221 306 1261 sarum
353 1204 416 1259 D.
470 1213 524 1259 et
574 1204 628 1259 d.
682 1204 1016 1259 biformitate
1069 1202 1412 1274 agnoscenda
1465 1200 1689 1272 speciali

154 1295 348 1365 quadam
371 1295 608 1351 caecitate
635 1294 899 1365 percussi,
938 1304 993 1350 et
1042 1295 1197 1363 quasi
1230 1294 1475 1349 unanimi
1520 1292 1691 1349 oli'en-

154 1388 281 1442 sione
301 1374 512 1456 repulsi,
538 1399 728 1439 omnes
772 1384 989 1440 adducti
1040 1393 1172 1440 sunt
1219 1384 1274 1439 in
1304 1398 1569 1441 errorem.
1611 1384 1693 1439 ln-

146 1477 294 1543 gterius
336 1474 496 1546 igitur
554 1474 857 1529 mirabilem
887 1458 1126 1545 ipsarum
1159 1475 1221 1529 D.
1251 1482 1308 1529 et
1332 1474 1387 1530 d.
1438 1483 1692 1529 naturam

150 1565 468 1635 speculantes,
504 1565 802 1619 secundum
855 1565 930 1630 id,
978 1564 1123 1637 quod
1170 1565 1224 1620 in
1254 1564 1497 1636 quolibet
1522 1565 1693 1620 bil‘or-

147 1657 319 1713 mitatis
368 1666 422 1713 et
463 1656 801 1727 duplicitatis
844 1671 960 1711 sua:
1005 1657 1167 1713 modo
1222 1657 1428 1714 faciunt
1461 1667 1692 1727 utraque

1794 456 2084 527 descriptio
2114 460 2462 528 supponenda
2497 469 2599 516 est.
2624 480 2644 513 ι
2666 461 2733 516 Et
2751 470 2874 531 post
2903 461 3018 516 hanc
3048 461 3370 532 quibusdam

1792 548 2129 620 interpositis
2161 569 2174 600 :
2208 569 2226 603 ι
2262 560 2426 620 atque
2448 552 2537 607 hic
2556 561 2657 615 est,
2688 554 2883 622 inquit,
2907 561 3132 609 octavus
3159 554 3374 622 modus,

1792 654 1959 708 quem
2004 640 2331 697 Ptolomaeus
2361 644 2810 711 superannexuit.
2831 664 2849 696 ι
2879 644 3111 700 Causam
3158 661 3375 716 quoque

1792 732 1955 800 hujus
2000 735 2320 791 annexionis
2376 737 2609 806 aperuit,
2676 738 2886 795 scilicet
2942 740 3083 811 quod
3135 744 3374 813 antiquis

1792 839 1903 879 non
1945 824 2052 880 nisi
2105 835 2313 896 septem
2351 829 2541 884 modos
2585 831 3040 900 quemadmodum
3080 840 3135 885 et
3166 840 3375 901 septem

1790 918 2004 989 species
2020 919 2277 990 diapason
2304 925 2599 979 secundum
2622 934 2825 994 septem
2842 925 3154 980 discrimina
3179 940 3374 981 vocum

1791 1008 2205 1079 recipientibus,
2232 1014 2548 1069 eorumdem
2605 1015 2883 1069 modorum
2933 1014 3284 1085 dispositione
3305 1018 3374 1071 ab

1793 1099 1948 1155 eisin
1980 1102 2584 1172 proslambanomenos,
2628 1107 2773 1175 quod
2823 1116 2907 1161 eSt
2958 1105 3025 1160 A.
3060 1107 3290 1177 incepta,
3322 1117 3378 1163 et

1794 1190 1968 1245 usuali
2020 1202 2271 1248 tonorum
2334 1202 2431 1249 aut
2480 1196 2895 1252 semitoniorum
2962 1197 3271 1251 intensiouc
3322 1198 3375 1251 in

1793 1294 2056 1354 paranete
2079 1286 2470 1357 byperboleon,
2499 1290 2641 1357 quod
2676 1297 2759 1343 est
2788 1305 2840 1359 g.
2891 1288 3158 1358 gradatim
3182 1288 3379 1359 perdu-

1797 1386 1886 1432 cta
1914 1376 2095 1447 ibique
2120 1378 2289 1443 (inita,
2314 1379 2568 1448 quoniam
2601 1380 2716 1435 haec
2745 1379 2951 1448 tropica
2982 1379 3269 1447 dispositio
3306 1395 3373 1433 ex

1791 1468 2131 1539 simplicibus
2155 1471 2568 1539 quatuordecim
2592 1469 2809 1525 chordis
2830 1470 3095 1536 consistit,
3117 1480 3171 1523 et
3198 1471 3377 1526 adhuc

1794 1559 1863 1615 de
1898 1560 1982 1615 bis
2013 1559 2273 1629 diapason
2303 1575 2559 1631 suprema
2585 1561 2791 1617 chorda
2826 1570 2951 1615 nete
2989 1560 3374 1632 byperboleon,

1798 1668 1919 1720 qua:
1947 1663 2034 1708 est
2057 1654 2084 1721 2
2104 1653 2297 1719 defuit,
2323 1662 2380 1708 ut
2401 1654 2483 1709 bis
2508 1654 2763 1724 diapason
2791 1662 2960 1707 totum
2988 1653 3040 1707 in
3065 1654 3167 1708 huc
3189 1655 3379 1709 ordine

147 1764 284 1804 unum
316 1790 331 1815 ,
370 1764 473 1807 non
528 1749 973 1819 inconvenienter
1022 1764 1115 1805 eas
1161 1749 1366 1821 lapides
1406 1749 1689 1822 angulares

1796 1743 2185 1809 iusumeretur,
2212 1754 2433 1800 octavus
2463 1746 2656 1799 modus
2681 1761 2710 1799 a
2738 1744 3031 1798 Ptolomaeo
3059 1742 3301 1812 adjectus
3324 1753 3379 1799 et

144 1840 387 1895 diximus:
424 1840 722 1895 secundum
779 1839 829 1893 id
881 1854 1031 1904 vero,
1068 1840 1213 1909 quod
1264 1854 1452 1896 omnes
1492 1840 1686 1895 musici

144 1929 349 1998 graviter
394 1928 445 1983 in
475 1929 562 1984 eis
609 1927 972 1992 olTenderunt,
1019 1944 1125 1984 non
1168 1929 1439 1984 immerito
1484 1928 1690 1999 lapides

145 2018 436 2081 odensionis
480 2033 541 2080 et
603 2021 844 2077 scandali
910 2030 1092 2093 petras
1133 2021 1474 2078 nominamus
1503 2036 1518 2087 ;
1546 2022 1687 2091 quod

142 2120 190 2165 ut
239 2112 599 2170 indubitanter
648 2111 959 2180 probemus,
1015 2126 1178 2182 quam
1232 2110 1447 2167 fortiter
1502 2109 1555 2163 in
1606 2109 1690 2163 bis

139 2205 376 2259 maximus
399 2206 750 2276 antiquorum
776 2205 1014 2269 Boetius,
1066 2220 1131 2259 ac
1169 2204 1551 2258 modernorum
1588 2218 1688 2273 po-

140 2295 306 2351 tissimi
346 2296 473 2353 Otto
521 2308 577 2353 et
626 2296 802 2354 Guido
842 2297 1165 2353 offenderint
1197 2334 1214 2363 ,
1264 2296 1319 2351 in
1372 2295 1687 2350 memoriam

138 2384 446 2445 reducamus.

831 2500 971 2555 XVI.

135 2585 349 2652 Qualiter
364 2591 587 2648 Boetius
632 2603 681 2647 et
711 2592 888 2647 ueteri
910 2591 1097 2645 musici
1126 2590 1180 2643 iu
1222 2589 1290 2644 Ι).
1311 2598 1359 2642 et
1382 2588 1437 2641 ά.
1483 2604 1689 2641 errare.

225 2662 339 2727 rint,
365 2675 410 2718 et
435 2664 581 2734 quod
600 2662 795 2733 duplex
821 2661 890 2715 Α.
922 2661 1213 2715 necessario
1250 2672 1573 2714 assumatur.

193 2748 392 2808 Boetius
419 2752 472 2808 in
505 2753 863 2823 dispositione
887 2761 1014 2807 octo
1062 2750 1362 2821 figuraliter
1387 2749 1682 2819 descripta,

130 2840 203 2893 ubi
226 2850 393 2912 tropos
419 2845 613 2915 primis
640 2859 829 2900 eorum
862 2842 1188 2907 nominibus,
1216 2850 1427 2910 protum
1458 2841 1689 2895 autheu-

133 2929 273 2984 ticum
304 2935 538 3001 dorium,
568 2934 852 2991 deuterum
881 2933 1190 3004 phrygium,
1217 2931 1433 2987 tertium
1460 2930 1684 3002 lydium,

135 3027 404 3081 tetrardum
462 3027 845 3099 mixolydium,
908 3025 1225 3098 subjugales
1278 3023 1631 3093 hypodorium
1671 3063 1684 3090 ,

133 3112 560 3189 'twophrygium,
628 3118 984 3189 hypolidium,
1050 3114 1548 3190 bypomixolydium
1596 3132 1688 3173 vo-

126 3218 238 3261 cans
260 3207 311 3262 in
348 3218 560 3264 tantum
606 3211 864 3276 deviavit,
927 3218 987 3265 ut
1024 3226 1148 3266 cum
1198 3212 1506 3282 subiugales
1562 3212 1688 3267 inde

128 3296 367 3366 dicantur,
398 3302 545 3371 quod
601 3301 872 3373 subjugati
903 3310 958 3358 et
1010 3304 1211 3358 subditi
1263 3306 1378 3360 sive
1424 3306 1686 3375 suppositi

125 3386 221 3441 sint
245 3392 591 3456 authentieis,
627 3394 727 3463 ipsi
758 3394 1091 3466 subjugalem
1122 3397 1368 3462 tetrardi,
1396 3412 1557 3466 quem
1591 3413 1690 3453 nos

122 3485 348 3534 octavum
389 3482 650 3548 dicimus,
686 3484 998 3539 authentico
1036 3500 1137 3539 suo
1161 3485 1454 3557 mixolydio
1502 3502 1690 3555 super-

124 3571 372 3639 posuerit,
402 3574 549 3629 unde
576 3575 1171 3646 etbypermixolydium
1202 3591 1327 3631 eum
1357 3577 1684 3632 nominavit:

125 3658 222 3725 ubi,
248 3678 313 3718 ne
348 3665 556 3732 dicam,
584 3681 748 3735 quam
787 3667 1166 3737 incongruum,
1206 3668 1301 3723 sed
1327 3683 1488 3738 quam
1535 3685 1689 3739 pror-

120 3764 203 3807 sus
222 3757 446 3826 nullum,
488 3760 545 3815 id
566 3771 673 3827 est,
710 3761 1009 3833 subiugatis
1065 3764 1263 3818 habeat
1289 3764 1489 3829 locum,
1522 3765 1690 3835 ipsius

124 3855 313 3903 natura:
352 3850 519 3907 docet
548 3855 867 3921 auctoritas,
908 3870 1028 3925 quae
1070 3856 1360 3927 unicuique
1406 3867 1584 3928 tropo,
1629 3867 1689 3914 ut

119 3932 429 3995 suilicienter
444 3940 564 4009 jam
595 3943 853 4008 diximus,
895 3943 1056 4000 talem
1086 3944 1266 4000 locum
1298 3946 1509 4013 tribuit,
1538 3956 1600 4001 ut
1629 3948 1683 4001 in

120 4024 219 4078 suis
255 4030 650 4101 principalibus
698 4036 920 4091 chordis
959 4044 1016 4090 et
1062 4036 1275 4091 initium
1315 4048 1372 4092 et
1423 4039 1585 4093 linem
1634 4047 1690 4093 et

122 4118 339 4174 mediam
397 4123 807 4179 distinctionem
859 4128 1111 4197 accipiat,
1172 4136 1227 4183 et
1258 4144 1379 4201 quae
1428 4130 1688 4200 tropicam

118 4203 521 4274 dispositionem
552 4223 789 4283 quatuor
817 4217 1194 4286 principalium
1224 4218 1687 4273 tetrachordorum

120 4301 410 4368 terminum,
445 4305 544 4375 qui
593 4315 679 4361 est
724 4308 780 4361 in
811 4308 1095 4364 excellenti
1148 4324 1199 4379 g.
1230 4317 1378 4365 vetat
1408 4318 1688 4364 trattscen-

114 4388 229 4483 dere
257 4411 271 4446 :
299 4397 447 4451 unde
488 4400 551 4454 ι).
576 4407 634 4454 et
661 4400 715 4454 d.
776 4412 885 4454 tam
937 4400 993 4454 in
1026 4415 1255 4455 numero
1299 4416 1460 4469 quam
1490 4399 1683 4455 effectu
1719 4427 1766 4483 υ

117 4482 425 4544 chordarum
463 4491 709 4561 duplices
736 4490 1105 4561 biformesque
1133 4500 1400 4557 statuens,
1424 4492 1687 4562 tropicam

112 4572 510 4645 dispositionem
552 4589 721 4635 totam
779 4580 921 4635 infra
967 4580 1377 4651 quatuordecim
1432 4582 1685 4646 chordas,

113 4663 161 4718 id
185 4680 283 4734 est,
312 4683 530 4742 septem
553 4674 868 4728 discrimina
892 4674 977 4730 bis
1007 4674 1180 4744 posita
1218 4675 1427 4744 peragit
1455 4690 1470 4738 ;
1502 4673 1691 4743 sicque

111 4771 315 4818 acutam
346 4780 403 4819 a.
454 4766 613 4835 quasi
662 4764 990 4835 superﬂuam
1030 4780 1312 4820 remanere
1358 4765 1584 4836 patitur,
1633 4765 1687 4820 in

110 4864 259 4917 quam
326 4856 638 4928 subjugalis
691 4857 784 4912 ille
838 4858 1134 4914 secundum
1180 4857 1427 4912 Boetium
1480 4857 1687 4911 ﬁnitur.

109 4942 275 5009 Quare
298 4951 605 5004 sec-nmium
632 4949 899 5013 Boetium,
928 4958 983 5003 et
1023 4964 1128 5004 non
1182 4949 1476 5004 secundum
1507 4948 1691 5003 Ptolo-

108 5048 316 5105 mseum,
362 5041 450 5094 vel
489 5042 783 5096 secundum
834 5055 1023 5095 oumes
1071 5039 1479 5108 antiquissimos
1528 5040 1693 5094 Musi-

106 5139 283 5183 eorum
309 5131 568 5186 dicamus
594 5133 616 5185 ?
646 5132 801 5199 Quod
844 5132 988 5185 enim
1035 5133 1222 5186 eadem
1258 5133 1476 5200 tropica:
1513 5132 1694 5202 dispo-

108 5220 314 5277 sitionis
366 5224 544 5295 ﬁgura
577 5226 691 5280 suis
722 5224 1054 5292 temporibus
1080 5225 1147 5278 ab
1183 5223 1420 5293 antiquis
1451 5224 1692 5278 derivata

105 5310 169 5364 sit
193 5312 446 5381 Musicis,
474 5327 529 5370 et
550 5318 694 5386 quod
740 5316 1069 5370 Ptolomreus
1091 5329 1280 5370 eorum
1334 5314 1696 5370 nobilissimus
1726 5320 1729 5323 ’

104 5407 355 5460 eumdem
411 5407 470 5461 in
502 5421 756 5476 supremo
782 5405 1052 5462 addiderit
1093 5404 1451 5476 subiugalem,
1500 5406 1696 5475 ipsein

104 5494 307 5550 musica
340 5511 448 5552 sua
467 5499 735 5563 meminit,
764 5506 885 5568 post
923 5506 1197 5568 peractam
1224 5506 1496 5566 troporum
1522 5497 1698 5567 dispo-

104 5582 361 5641 sitionem
390 5588 473 5642 ita
502 5589 690 5645 dicens
719 5606 732 5641 :
773 5607 791 5639 ι
821 5588 1061 5655 Quorum
1091 5603 1195 5643 non
1223 5595 1283 5641 ut
1330 5586 1696 5657 intelligentize

105 5674 274 5734 solum
305 5680 459 5736 ratio
490 5682 1008 5750 comprehendatur,
1051 5696 1239 5740 verum
1288 5680 1459 5736 oculis
1485 5695 1699 5750 quoque

444 5793 715 5855 PnnoL.
774 5794 894 5856 CL.

1808 1841 1953 1892 inter
1972 1853 2025 1893 a.
2050 1847 2108 1893 et
2138 1838 2163 1902 ἓ
2194 1838 2403 1893 locatus
2428 1846 2531 1893 est.
2564 1836 2621 1893 In
2650 1853 2753 1907 qua
2785 1836 3054 1891 sententia
3084 1836 3137 1890 id
3176 1838 3380 1893 sentire

1792 1927 2046 1984 videntur
2068 1930 2299 1999 antiqui,
2326 1940 2511 1998 tropos
2537 1938 2760 2000 propter
2791 1929 2896 1982 hoc
2928 1930 3209 1999 augendos
3234 1943 3374 1992 esse,

1786 2033 1860 2073 ne
1898 2020 1951 2074 in
2004 2035 2194 2075 eorum
2252 2019 2605 2090 dispositione
2661 2019 2728 2074 de
2780 2036 2992 2076 summa
3046 2019 3376 2075 chordarum

1791 2111 1921 2179 quid
1986 2112 2262 2182 supersit;

1792 2201 2025 2254 chordas
2046 2208 2334 2271 propterea
2354 2200 2516 2255 etiam
2555 2201 3062 2269 superabundantes
3095 2201 3375 2270 ponendas

1790 2306 1935 2353 esse,
1966 2306 2036 2347 ne
2070 2292 2245 2347 solum
2290 2292 2359 2347 de
2407 2291 2643 2345 naturali
2674 2291 3054 2362 dispositione,
3082 2294 3177 2348 sed
3224 2300 3280 2347 et
3308 2294 3375 2346 de

1793 2388 2025 2457 regulari
2051 2387 2340 2443 dilfusione
2378 2387 2703 2456 licentiaque
2750 2395 3049 2457 troporum,
3080 2388 3133 2442 in
3178 2386 3374 2455 quibus

1792 2485 1904 2532 tota
1943 2478 2027 2531 vis
2078 2479 2375 2533 harmoniae
2422 2478 2526 2533 sita
2589 2487 2695 2543 est,
2742 2478 2871 2547 quid
2922 2478 3084 2533 desit.
3136 2477 3377 2533 Dicimus

1788 2571 1958 2637 enim,
1988 2573 2130 2638 quod
2152 2581 2205 2627 et
2250 2571 2573 2628 certissimis
2602 2571 2921 2642 Gregoriani
2972 2580 3166 2628 cantus
3194 2588 3377 2627 exem-

1789 2659 1894 2728 plis
1919 2661 2231 2729 probamus,
2254 2661 2511 2730 quoniam
2533 2675 2725 2715 omnes
2754 2661 2895 2730 tr0pi
2946 2677 3109 2730 supra
3135 2671 3192 2716 et
3231 2663 3371 2716 intra

1790 2751 2072 2807 naturales
2102 2753 2372 2823 diapason
2403 2754 2487 2808 sui
2518 2745 2781 2808 termi’nos
2828 2750 3123 2821 aliquando
3174 2752 3229 2807 in
3290 2768 3377 2807 so-

1791 2857 1919 2896 nam
1944 2843 2201 2909 vicinum,
2238 2844 2529 2914 aliquando
2559 2846 2613 2899 in
2652 2843 2872 2898 tertium
2918 2842 3147 2900 licenter
3172 2860 3232 2901 se
3269 2845 3376 2898 dif-

1790 2930 2042 3000 fimdunt,
2077 2950 2199 3004 qua:
2222 2935 2463 3001 licentia,
2506 2945 2567 2991 ut
2612 2934 2863 2990 omnibus
2896 2935 3180 3002 aequaliter
3225 2934 3376 2989 attri-

1789 3023 2009 3092 buntur,
2056 3042 2109 3080 a.
2161 3035 2319 3082 acuta
2362 3028 2590 3084 omnino
2641 3038 2727 3083 est
2768 3028 3100 3087 necessaria.
3149 3028 3227 3082 Ex
3272 3031 3379 3083 hoc

1791 3117 1958 3172 etiam
1985 3119 2176 3175 eadem
2210 3135 2260 3174 a.
2313 3119 2629 3175 nullatenus
2675 3122 2743 3177 de
2785 3137 2997 3179 summa
3047 3121 3376 3176 chordarum

1790 3209 1972 3277 perire
2017 3212 2241 3279 poterit,
2292 3212 2417 3281 quia
2470 3212 2807 3283 quadrupla,
2848 3230 2970 3285 qua:
3027 3212 3377 3270 mensurandi

1792 3302 2147 3358 monoehordi
2179 3312 2263 3358 est
2302 3303 2541 3365 initium,
2588 3303 2822 3372 primum
2869 3304 2923 3359 in
2971 3319 3095 3360 eum
3136 3302 3377 3372 spatium

1794 3392 2074 3447 terminat.
2100 3393 2273 3459 Quam
2309 3394 2526 3461 penitus
2563 3395 2727 3449 etiam
2760 3395 2885 3451 inde
2911 3395 2983 3452 sit
3023 3395 3375 3460 inevitabilis,

1792 3483 2019 3551 quodin
2048 3482 2288 3553 generali
2337 3494 2615 3538 structura
2666 3486 3022 3539 monoehordi
3077 3486 3212 3540 nihil
3252 3500 3377 3555 pro-

1792 3573 2096 3643 purtiouale
2124 3574 2242 3628 sine
2269 3574 2384 3643 ipsa
2439 3583 2614 3644 potest
2643 3575 2874 3646 regulari
2899 3576 3091 3631 ordine
3118 3577 3376 3641 inveniri,

1791 3666 1876 3719 vel
1937 3666 2265 3737 simplicium
2316 3665 2495 3721 nullus
2525 3668 2761 3737 ignorat.
2814 3668 2926 3726 Hac
2982 3670 3149 3741 igitur
3177 3671 3377 3741 triplici

1794 3760 2007 3814 ratione
2048 3768 2173 3814 nete
2230 3758 2598 3829 byperboleon
2657 3762 2978 3826 adstruitur,
3029 3777 3129 3817 nec
3175 3762 3379 3818 idcirco

1794 3850 2064 3915 aboletur,
2099 3850 2146 3906 si
2180 3848 2453 3919 superﬂua
2485 3852 2735 3907 videatur
2761 3852 2815 3906 in
2840 3855 3072 3908 naturali
3100 3864 3377 3924 troporum

1793 3943 2174 4013 dispositione,
2225 3953 2412 4014 utpote
2445 3959 2608 4013 quam
2655 3945 2861 4014 absque
2892 3946 2994 4000 bac
3044 3946 3282 4015 plenitcr
3310 3962 3378 4000 ex

1793 4036 1876 4090 bis
1902 4036 2187 4103 diapason,
2234 4037 2286 4091 id
2343 4045 2450 4103 est,
2488 4036 2763 4091 sexdecim
2814 4036 3035 4091 chordis
3076 4037 3213 4090 infra
3261 4050 3379 4105 spa-

1794 4129 1928 4181 tium
1986 4128 2398 4195 quatuordecim
2446 4127 2772 4183 chordarum
2834 4129 3093 4192 existere,
3142 4127 3274 4197 jam,
3320 4137 3380 4182 ut

1792 4217 2052 4284 arbitror,
2082 4219 2430 4273 manifestum
2452 4228 2557 4271 est.

2500 4307 2659 4361 Χνιι.

1900 4398 2141 4465 Qualiter
2169 4399 2404 4454 madet-ni
2425 4399 2708 4452 erraverint
2730 4398 2784 4451 in
2821 4398 3015 4453 eisdem
3040 4400 3269 4455 chordis.

1861 4493 2137 4549 Hactenus
2184 4494 2251 4547 de
2281 4490 2600 4548 oll‘ensionis
2653 4491 2774 4549 loco
2802 4492 3100 4548 secundum
3139 4501 3376 4549 veteres.

1789 4586 1912 4643 iam
1939 4586 2224 4641 videamus
2280 4586 2347 4641 de
2378 4586 2494 4656 ipso
2530 4586 2825 4642 secundum
2853 4585 2994 4651 illos,
3027 4601 3165 4657 quos
3186 4600 3381 4656 propo-

1792 4678 1999 4734 suimus
2024 4679 2339 4742 modernos,
2375 4679 2561 4733 ethoc
2586 4693 2652 4733 eo
2688 4678 3009 4745 districtius,
3064 4693 3168 4749 qua
3216 4679 3381 4734 latius

1792 4768 1859 4823 de
1906 4768 2254 4837 antiquorum
2302 4768 2556 4824 seandalo
2607 4767 2782 4838 plana:
2814 4769 3187 4840 intelligentiae
3216 4783 3381 4824 causa

1794 4863 2166 4918 tractavimus.
2220 4861 2347 4918 O:to
2404 4862 2456 4917 in
2482 4864 2797 4919 encbiriade
2836 4878 2933 4919 sua
2961 4863 3092 4919 satis
3116 4864 3381 4927 declarat,

1793 4955 1919 5024 quia
1974 4954 2122 5010 solus
2172 4955 2423 5008 eumdem
2484 4956 2791 5010 communis
2854 4953 3161 5009 oll'endiculi
3205 4954 3380 5007 locmn

1794 5045 2059 5099 naturalis
2110 5044 2311 5115 ingenii
2369 5045 2705 5101 sublimitate
2772 5044 3233 5108 deprehenderat;
3285 5043 3379 5097 sed

1793 5134 1922 5190 dum
1974 5135 2137 5191 nimis
2184 5146 2380 5191 cautus
2419 5148 2474 5192 et
2502 5138 2656 5206 quasi
2693 5136 2909 5191 caeteris
2934 5134 3383 5204 circumspectior

1794 5225 1941 5280 circa
1970 5225 2120 5279 illum
2151 5226 2350 5294 extitit,
2386 5228 2598 5282 caeteris
2617 5224 2835 5296 gravius
2857 5225 2909 5278 in
2936 5225 3111 5294 ipsum
3136 5221 3379 5278 oﬂ‘endit.

1799 5314 1959 5371 Solus
1988 5316 2132 5373 euim
2182 5318 2440 5373 biformes
2468 5318 2816 5387 duplicesque
2838 5316 2901 5368 D.
2931 5324 2987 5369 et
3015 5315 3068 5370 d.
3095 5315 3381 5378 intellexit,

1798 5416 1854 5462 et
1899 5408 2027 5462 dum
2070 5410 2171 5464 hoc
2204 5409 2456 5464 distincte
2482 5413 2773 5476 aperteque
2798 5405 3050 5461 omnibus
3074 5405 3379 5477 intelligen-

1800 5498 1925 5553 dum
1974 5500 2222 5570 proferre
2265 5501 2488 5564 studuit,
2545 5498 2764 5552 modum
2802 5496 2855 5551 in
2887 5498 3269 5569 distinguendo
3288 5514 3384 5553 ex-

1799 5592 1983 5647 cessit.
2026 5590 2162 5649 Cum
2205 5592 2348 5647 enim
2380 5591 2441 5645 D.
2485 5606 2589 5645 una
2621 5587 2918 5659 eademque
2951 5590 3136 5644 ultima
3162 5599 3233 5645 stt
3260 5604 3384 5659 gra-

1786 5684 1948 5741 vium
1973 5693 2028 5741 et
2051 5685 2225 5755 prima
2262 5684 2524 5752 tinalium,
2550 5692 2603 5739 et
2633 5698 2756 5739 cum
2783 5685 3082 5754 eademnque
3112 5684 3286 5755 prima
3313 5682 3384 5738 sit

2856 5797 2934 5856 37

2334 2127 2457 2166 cum
2517 2126 2615 2166 nos
2663 2126 2792 2167 vere
2834 2113 3158 2177 sentiamus,
3208 2113 3378 2182 magis
