3886 6308
113 320 224 381 M65

1518 307 1791 385 uusncﬁs.

3176 352 3311 409 “66

160 439 227 493 ln~
249 438 343 493 hac
388 435 542 507 igitur
578 435 941 509 descriptione
980 446 1246 509 quantum
1276 439 1345 495 ad
1381 440 1455 505 id,
1481 450 1624 512 quod
1654 446 1700 500 Α
1727 457 1846 497 rum
1893 443 2082 498 notitia
2114 460 2323 503 summa
2357 452 2577 509 musicae
2608 456 2741 513 artis
2779 461 3047 530 consistit,
3073 471 3182 519 tres
3210 483 3307 521 ex-

108 528 414 588 tetrachordis
458 530 697 600 gravium
736 541 793 587 et
821 532 1162 603 superiorum
1192 542 1441 603 quartam
1467 550 1625 591 suam

106 624 282 687 ademit,
315 632 365 677 et
391 623 560 692 quoad
611 623 981 694 duplicitatem
1012 626 1075 681 D.
1114 636 1169 683 et
1199 627 1253 682 d.
1286 643 1392 683 non
1418 628 1629 684 intelle-

104 712 252 769 xit.Si
294 714 431 768 enim
494 714 865 782 intellexisset,
912 717 1186 788 utrimque
1216 720 1449 788 primum
1500 736 1624 776 cum

101 808 309 870 secundo,
337 815 385 860 et
408 809 689 877 septimum
716 823 840 863 cum
864 820 1060 867 octavo
1083 813 1287 882 pariter
1309 822 1626 870 aunotasset

101 896 179 952 hoc
201 897 338 953 modo
368 914 382 948 :

492 989 597 1044 VII.
674 991 711 1045 Ι.
934 992 1042 1047 νη.
1122 993 1160 1047 l.

584 1081 641 1134 D.
1025 1087 1077 1138 tl.

457 1170 579 1225 Vill.
655 1173 714 1226 ΙΙ.
934 1175 1067 1229 VIII.
1144 1176 1205 1231 11.

150 1260 201 1315 Et
224 1262 347 1329 quod
382 1264 591 1318 caeteris
644 1266 893 1321 omnibus
940 1268 1144 1337 troppis
1189 1266 1619 1324 indifferenulms

94 1365 280 1422 quatuor
308 1354 626 1425 principales
659 1357 893 1413 chordas
937 1359 1197 1421 tribuens,
1239 1360 1338 1415 soli
1384 1362 1619 1417 tetrardo

95 1443 262 1497 nonnisi
316 1444 444 1499 duas
493 1448 762 1512 concedit,
803 1450 1151 1519 antiquormn
1201 1451 1353 1507 devia
1401 1462 1618 1509 secutus

92 1545 167 1588 est.
185 1534 423 1601 Quantum
445 1537 511 1592 ad
537 1536 587 1591 id
610 1552 762 1602 vero,
784 1541 931 1609 quod
960 1541 1011 1595 in
1033 1541 1224 1596 eadem
1249 1542 1615 1611 descriptione

91 1634 254 1693 septem
279 1641 461 1685 vocum
514 1628 829 1685 discrimina
865 1631 1159 1686 secundum
1203 1632 1616 1703 antiquissimos

94 1717 197 1770 adeo
219 1732 309 1778 non
337 1719 582 1787 intendit,
613 1721 743 1790 quin
772 1729 1021 1777 octavum
1044 1724 1260 1778 modum
1293 1724 1537 1795 recipiat,
1561 1733 1617 1782 et

1730 532 2087 601 planavimus,
2127 547 2397 606 quartam,
2429 542 2481 598 id
2522 554 2603 601 est
2638 550 2825 606 modos
2862 569 3048 609 vocum
3083 555 3306 625 subjun.

1730 636 1857 691 gere
1907 624 2220 682 debeamus.
2273 628 2329 684 ln
2382 646 2507 701 qua,
2566 637 2705 692 sicut
2752 640 2804 694 in
2858 644 3128 711 omnibus,
3182 649 3307 720 quia

1727 712 1981 768 charitati
2040 724 2143 771 tua:
2190 718 2547 780 obsceundari
2577 726 2731 796 libet,
2782 734 3015 803 primum
3046 738 3174 807 quid
3200 712 3310 795 sint

1728 803 1872 857 modi
1923 820 2139 873 vocum,
2186 820 2243 865 et
2283 829 2449 882 quare
2485 819 2665 875 verius
2697 825 2999 891 agnitiones
3027 837 3309 899 troporum

1724 894 1991 961 dicantur,
2031 914 2385 970 exponamus,
2440 917 2501 963 ut
2529 925 2594 966 eo
2624 914 2837 971 facilius
2888 918 3160 978 intellectu
3212 940 3305 980 ca-

1722 985 1959 1055 piantur,
1993 1005 2326 1060 qurccunque
2356 999 2422 1055 de
2454 1001 2585 1070 ipsis
2615 1006 2914 1063 dixerimus

2450 1090 2568 1147 XX.

2134 1171 2209 1225 De
2236 1187 2463 1245 quatuor
2494 1185 2662 1236 modis
2694 1203 2875 1241 cocum

1792 1254 1932 1312 Modi
1953 1272 2147 1315 vocum
2180 1276 2305 1320 sunt
2333 1272 2695 1339 proprietates
2738 1279 3038 1347 specierum
3072 1287 3301 1345 cantile-

1722 1360 1824 1412 nae,
1865 1348 1918 1403 id
1939 1358 2045 1417 est,
2070 1360 2369 1423 troporum.
2412 1361 2517 1430 lpsi
2543 1366 2686 1420 enim
2719 1379 2952 1440 quatuor
2976 1376 3137 1446 trepi,
3166 1394 3303 1449 quos

1720 1437 1996 1493 naturales
2040 1450 2094 1495 et
2150 1443 2521 1507 indiﬂ‘erentes
2571 1437 2834 1525 dicimus,
2892 1437 3126 1531 quatuor
3175 1437 3303 1524 sunt

1719 1528 1925 1597 species
1959 1534 2265 1604 cantilenam,
2316 1550 2462 1597 tanta
2517 1562 2839 1607 neumarum
2884 1554 3203 1625 disparitate
3232 1563 3301 1617 ab

1719 1620 1949 1679 invicem
1978 1622 2223 1698 diversze,
2258 1642 2315 1689 ut
2341 1635 2483 1693 sicut
2508 1644 2830 1701 venerabilis
2850 1647 3023 1704 Guido
3050 1661 3296 1721 testatur,

1720 1715 1868 1772 nulla
1914 1734 2103 1778 earum
2130 1725 2284 1781 alteri
2314 1728 2366 1783 in
2398 1744 2491 1784 sua
2523 1734 2650 1789 sede
2679 1734 2857 1793 locum
2887 1741 3106 1811 tribuat,
3162 1761 3297 1801 neu-

88 1809 195 1873 qnod
224 1823 332 1865 eum
374 1811 641 1881 recipiens
667 1812 809 1869 inter
830 1814 896 1867 Α,
928 1823 986 1870 ει
1029 1830 1083 1870 ε,
1109 1806 1406 1872 secundum
1436 1817 1616 1874 Ριοιο.
1647 1807 1691 1861 Β
1718 1822 1969 1879 mamque
1996 1813 2221 1873 alterius
2244 1829 2338 1873 aut
2365 1837 2638 1893 nunquam
2663 1829 2887 1898 recipiat
2912 1845 3001 1887 aut
3027 1847 3296 1907 receptam

86 1914 238 1952 nucum
284 1901 677 1958 autenticosuo
724 1905 1058 1974 superiorem
1099 1921 1206 1961 non
1236 1908 1408 1977 ponit,
1441 1909 1606 1980 ipsos,

87 1996 177 2053 post
197 2003 315 2057 quos
345 1989 572 2058 abierat,
614 1992 868 2051 seductos
908 2011 1029 2051 esse
1073 1999 1311 2056 sentiens
1350 2001 1611 2072 quodam-

86 2078 206 2132 modo
227 2080 471 2149 substitit,
510 2097 616 2137 nec
651 2084 835 2138 ontnia
866 2086 1200 2142 seductionis
1227 2104 1415 2145 eorum
1446 2090 1610 2145 vesti-

84 2166 146 2233 gia
165 2171 463 2235 pererrando
486 2171 728 2245 collegit.
753 2174 961 2231 Rursus
985 2187 1247 2247 quantum
1277 2180 1344 2234 ad
1373 2180 1606 2249 id,quod

82 2258 214 2313 eidem
238 2271 414 2317 octavo
445 2264 608 2320 modo
639 2266 778 2321 inter
816 2266 882 2323 ϐ.
914 2277 969 2324 et
1015 2286 1067 2341 g.
1099 2270 1153 2325 id
1182 2278 1286 2337 est,
1348 2271 1400 2326 in
1430 2273 1605 2343 spatio

80 2348 321 2407 authentici
348 2355 451 2421 sui,
476 2365 531 2412 et
556 2371 661 2412 non
678 2358 856 2427 potius
879 2358 1024 2414 inter
1040 2360 1102 2415 D.
1121 2372 1175 2415 et
1204 2363 1256 2416 d.
1287 2363 1469 2418 sedem
1492 2364 1603 2419 lar-

78 2440 203 2508 gitur,
230 2457 390 2501 errata
422 2462 527 2503 non
559 2434 825 2506 direxisse
850 2454 1213 2522 cognoscitur.
1258 2456 1403 2511 idem
1434 2458 1599 2514 etiam

77 2529 176 2585 alias
208 2533 278 2589 bis
316 2536 364 2591 in
413 2538 534 2607 ipso
566 2541 842 2595 communi
891 2540 1115 2599 oﬂ'endit
1143 2546 1422 2614 seandalo,
1457 2549 1599 2617 quod

75 2624 168 2690 quia
195 2626 249 2681 de
272 2630 433 2686 modis
462 2646 660 2687 vocum
705 2634 820 2688 sive
880 2635 1156 2706 agnitione
1203 2647 1483 2708 troporum
1515 2640 1595 2695 lo-

78 2728 207 2781 qnens
245 2718 424 2777 fecisse
471 2725 1097 2793 deprehenditur.'Post
1136 2729 1225 2783 illa
1279 2747 1400 2801 quae
1440 2734 1595 2789 nobis

72 2802 279 2865 Dominus
302 2811 419 2868 inde
448 2814 598 2884 loqui
622 2818 974 2885 concesserit,
1003 2822 1424 2890 consequentius
1447 2834 1503 2879 et
1528 2826 1595 2881 ad

77 2894 412 2970 intelligendum
448 2905 665 2961 facilius
700 2907 931 2963 dicetur.

122 2988 260 3043 υτιιι.
296 2992 637 3064 Quaecunque
670 3011 699 3050 a
748 3006 799 3051 te
848 2998 990 3053 dicta
1021 3010 1165 3068 sunt,
1197 3016 1320 3057 cum
1349 3017 1416 3058 ex
1454 3004 1591 3063 luci-

69 3075 237 3135 dissimo
258 3085 577 3139 narrationis
616 3086 830 3154 ordine,
880 3096 990 3143 tum
1034 3104 1100 3144 ex
1145 3091 1591 3150 manifestissimo

68 3166 206 3236 ﬁgurae
238 3180 330 3229 tuae
373 3174 582 3242 judicio
617 3178 747 3233 mihi
801 3179 1085 3249 pervidere
1135 3181 1343 3249 videar,
1394 3195 1592 3255 praeter

63 3256 140 3313 hoc
159 3263 326 3333 solum,
364 3277 547 3323 utrum
588 3285 779 3326 omnes
820 3272 986 3326 totius
1032 3275 1466 3331 monochordalis
1494 3277 1591 3332 d‘e-

64 3352 317 3421 scriptionis
344 3362 559 3415 chordae
608 3362 718 3416 sint
745 3362 1092 3432 principales,
1125 3380 1193 3417 an
1240 3366 1509 3435 quaedam,
1538 3376 1592 3423 et

62 3442 94 3492 si
124 3460 296 3517 ontnes,
325 3455 462 3522 quod
503 3454 686 3507 verius
724 3453 955 3520 videtur,
985 3465 1161 3511 utrum
1193 3455 1371 3520 simul,
1415 3472 1483 3511 an
1514 3458 1590 3512 vi-

64 3548 83 3583 c
102 3536 201 3588 ssitn
228 3542 540 3612 principales
568 3543 719 3598 tiant.

727 3679 866 3734 XIX.

62 3756 183 3842 (inquit.
204 3781 362 3823 omnes
386 3770 621 3834 chordae.
654 3788 769 3825 cum
804 3772 906 3825 sint
934 3771 1271 3840 principales,
1326 3776 1585 3842 quomodo

107 3832 415 3912 sibi'iuvicem
462 3832 848 3912 principantur,
892 3832 944 3895 εἰ
986 3832 1176 3895 iterum
1222 3844 1322 3896 sibi
1337 3832 1585 3899 'iuvicem

106 3902 435 3964 subiiciantur.

108 4011 256 4070 WILH.
294 4022 346 4075 Si
383 4023 711 4080 universalis
737 4026 1091 4083 monochordi
1120 4036 1391 4085 structura
1424 4031 1475 4084 in
1509 4040 1584 4087 te-

54 4105 282 4164 trachorda
305 4117 612 4170 secundum
651 4132 919 4172 mensura:
947 4122 1189 4187 modum,
1220 4128 1279 4174 ut
1313 4122 1365 4175 in
1408 4123 1583 4191 capite

52 4192 171 4261 hujus
194 4203 479 4263 collationis
514 4210 883 4275 tractavimus,
925 4212 1178 4267 distincta
1222 4212 1411 4277 fuerit,
1443 4229 1580 4285 pene

52 4288 157 4343 trulla
183 4295 489 4356 chordarum
524 4302 845 4373 principalis
872 4318 991 4359 esse
1023 4306 1242 4374 poterit.
1282 4306 1337 4360 Si
1366 4321 1494 4360 vero
1527 4308 1580 4361 in

52 4380 313 4455 ltrincipalia
341 4394 686 4449 tetrachorda
725 4396 1047 4452 naturaliter
1078 4397 1368 4464 dividatur,
1391 4414 1581 4454 omnes

1719 1902 2091 1962 transformet.
2125 1908 2365 1976 Quatuor
2414 1929 2544 1987 ergo
2599 1928 2874 1989 troporum
2912 1927 3127 1997 singuli,
3151 1902 3298 2003 quos

1712 1992 1933 2051 abusive
1971 2007 2125 2054 tonos
2155 2016 2433 2072 vocamus,
2465 2010 2715 2078 proprias
2746 2013 2949 2070 habent
2972 2033 3294 2077 neumarmn

1711 2085 2016 2153 qualitates,
2050 2105 2116 2144 ex
2142 2093 2336 2160 quibus
2366 2112 2484 2151 mox
2516 2099 2568 2153 in
2594 2101 2746 2156 initio
2773 2104 2857 2158 vel
2886 2107 3048 2164 etiam
3091 2111 3145 2164 in
3182 2128 3296 2167 mcu

1709 2173 1799 2228 dio
1827 2176 2084 2249 cujusque
2109 2177 2303 2239 c'antus
2322 2201 2349 2239 a
2375 2190 2595 2247 musicis
2615 2196 2953 2264 agnoscitur,
2975 2200 3130 2271 cujus
3154 2205 3291 2273 trepi

1706 2266 1797 2333 sit,
1827 2271 1968 2337 quod
1994 2282 2262 2329 cantatur.
2284 2276 2413 2345 Quae
2429 2296 2747 2340 neumarum
2765 2286 2991 2345 diversa:
3008 2294 3295 2362 qualitates

1706 2370 1736 2409 a
1768 2362 2121 2417 memorando
2168 2364 2430 2431 Guidone,
2466 2371 2556 2439 qui
2609 2372 2753 2429 solus
2782 2375 2849 2431 de
2898 2378 2985 2434 his
3027 2380 3289 2452 loquitur,

1706 2447 1848 2502 modi
1880 2465 2071 2506 vocum
2103 2449 2473 2527 nominantur,
2500 2477 2638 2532 quos
2677 2480 2777 2521 nos
2822 2479 3044 2539 propter
3061 2470 3175 2540 jam
3204 2475 3289 2529 di-

1703 2547 1847 2594 ctam
1871 2544 2135 2600 rationem
2169 2550 2349 2605 verius
2386 2553 2691 2623 agnitiones
2718 2565 2994 2627 troporum
3018 2568 3289 2621 vocandas

1702 2646 1823 2685 esse
1852 2632 2180 2692 arbitramur
2212 2656 2225 2691 :
2260 2640 2353 2695 sed
2388 2658 2485 2713 pro
2516 2644 2694 2700 debita
2725 2651 3144 2716 praecedentium
3184 2654 3289 2710 Pa-

1702 2730 1842 2776 trum
1859 2729 2215 2785 veneratione
2240 2732 2429 2788 usuale
2457 2750 2653 2791 nomen
2679 2740 2999 2806 retinentes.
3024 2745 3091 2798 de
3113 2746 3287 2802 modis

1700 2812 1829 2882 ipsis
1855 2831 2067 2885 vocum,
2097 2836 2217 2890 qum
2265 2823 2353 2877 ubi
2400 2824 2511 2879 vult
2540 2828 2757 2896 spirans
2790 2829 3025 2901 Spiritus
3050 2835 3285 2905 inspira-

1696 2904 1861 2969 verit,
1902 2908 1992 2961 tali
2024 2909 2067 2963 si
2108 2925 2391 2980 possumus
2423 2924 2655 2970 tractatu
2686 2933 3042 2989 exequamur,
3068 2926 3285 2995 qualem

1697 3000 1750 3047 tu
1784 2995 1835 3048 in
1860 2996 2017 3068 hujus
2046 3000 2239 3072 dialogi
2271 3003 2536 3075 principio
2594 3009 2912 3078 postulasti;
2968 3014 3173 3071 scilicet
3203 3026 3283 3082 ut,

1696 3084 1738 3138 si
1766 3087 1892 3154 quid
1922 3089 1986 3143 de
2010 3091 2096 3145 his
2123 3095 2462 3152 venerandus
2487 3096 2665 3155 Guido
2691 3104 2871 3157 minus
2901 3105 3118 3172 dixerit,
3150 3110 3285 3180 adji-

1696 3178 1900 3245 ciatur;
1937 3180 1981 3235 si
2016 3183 2145 3251 quid
2176 3183 2488 3251 obscurum,
2520 3201 2861 3260 exponatur;
2914 3196 2960 3249 si
3012 3198 3142 3266 quid
3174 3178 3281 3254 non

1694 3279 1869 3332 caute,
1897 3287 2002 3325 non
2026 3274 2081 3327 in
2105 3278 2485 3333 ostentationis
2511 3285 2820 3339 temeritate
2841 3286 2934 3341 sed
2957 3286 3011 3341 in
3034 3290 3282 3346 caritatis

1692 3359 1998 3415 ohedientia
2033 3364 2311 3420 humiliter
2340 3370 2647 3438 corrigatur

1761 3449 1928 3519 Igitur
1979 3455 2273 3510 secundum
2326 3474 2611 3515 numerum
2665 3478 2898 3533 quatuor
2950 3469 3277 3525 naturalium

1692 3549 1969 3611 troporum
1995 3557 2229 3614 quatuor
2276 3550 2421 3604 modi
2448 3566 2638 3607 vocum
2663 3565 2809 3622 sunt,
2847 3572 2911 3612 ex
2940 3559 3133 3628 quibus
3162 3563 3277 3616 sin-

1690 3632 1827 3701 gulis
1856 3636 2172 3691 eorumdem
2209 3646 2487 3708 troporum
2537 3643 2758 3713 singuli,
2808 3656 2866 3701 ut
2908 3649 3111 3705 dictum
3166 3662 3270 3719 est,

1689 3738 2076 3797 agnoscuntur,
2102 3747 2238 3801 quos
2272 3734 2522 3790 dominus
2558 3736 2734 3794 Guido
2760 3741 2839 3796 sic
2870 3744 3111 3813 exponit.
3148 3744 3273 3800 Pri-

1687 3835 1806 3873 mus
1844 3823 2036 3877 modns
2063 3839 2254 3879 vocum
2298 3837 2403 3893 est,
2447 3845 2568 3885 cum
2594 3848 2697 3887 vox
2729 3843 2856 3888 tono
2881 3836 3187 3905 deponitur,
3215 3851 3273 3893 et

1687 3921 1814 3967 tono
1846 3916 2133 3971 semitonio
2160 3928 2216 3973 et
2242 3920 2449 3975 duobus
2482 3924 2619 3979 tonis
2651 3925 2972 3992 intenditur,
3012 3938 3070 3982 ιιι
3113 3929 3179 3983 Α.
3216 3938 3272 3984 et

1686 4005 1746 4060 D.
1774 4004 2054 4065 Secundus
2081 4013 2273 4067 modus
2299 4023 2401 4079 est,
2438 4029 2561 4070 cum
2606 4033 2709 4071 vox
2751 4020 2960 4075 duobus
3006 4023 3146 4077 tonis
3188 4037 3272 4076 re-

1684 4098 1870 4163 missa,
1924 4100 2213 4157 semitonio
2244 4114 2298 4158 et
2326 4104 2533 4161 duobus
2585 4109 2725 4164 tonis
2756 4109 3074 4176 intenditur,
3118 4121 3177 4166 ut
3204 4113 3265 4166 Β.

1681 4199 1737 4244 et
1763 4189 1826 4244 Ε.
1867 4190 2082 4249 Tertius
2114 4197 2302 4251 modus
2350 4207 2452 4264 est,
2488 4200 2577 4268 qui
2627 4200 2915 4256 semitonio
2955 4212 3007 4256 et
3058 4204 3266 4257 duobus

1684 4282 1823 4336 tonis
1859 4284 2155 4352 descendit,
2199 4288 2408 4343 duobus
2444 4304 2571 4344 vero
2613 4290 2753 4345 tonis
2801 4293 3066 4357 ascendit,
3113 4304 3170 4346 ut
3200 4293 3260 4347 C.

1681 4381 1737 4425 et
1788 4372 1849 4426 F.
1907 4374 2143 4440 Quartus
2189 4393 2321 4432 vero
2367 4378 2655 4447 deponitur
2692 4389 2838 4446 tono,
2883 4383 3055 4452 surgit
3084 4392 3262 4437 autem

49 4484 167 4528 crum
206 4480 538 4553 principales,
602 4486 845 4556 exceptis
870 4497 906 4542 Γ
946 4496 999 4541 ει
1031 4486 1078 4557 ε,
1115 4502 1236 4556 qua,
1310 4488 1579 4556 principa,
1606 4508 1655 4567 υ
1682 4479 1781 4567 per
1815 4465 1949 4567 duos
1981 4475 2135 4521 tonos
2167 4470 2619 4567 etsemitonium,
2666 4482 2756 4567 ιιι-
2780 4471 2865 4541 (D.
2907 4473 2982 4544 et)
3035 4472 3264 4567 G.7Post

49 4558 141 4618 limu
166 4575 546 4632 tetrachordum
570 4579 829 4633 terminos
852 4579 1141 4645 excedunt;
1168 4578 1306 4643 alia}.
1328 4578 1569 4649 inquam.

50 4668 190 4714 manes
218 4677 333 4721 sunt
379 4669 728 4740 principales,
762 4686 860 4726 nec
905 4680 1082 4725 tamen
1112 4670 1292 4735 simul,
1334 4671 1430 4725 sed
1458 4688 1575 4725 mu-

49 4752 107 4798 [ua
143 4764 288 4811 sorte.
338 4759 394 4815 Si
446 4761 600 4830 cujus
647 4763 791 4817 enim
848 4762 987 4833 tropi
1043 4761 1209 4816 melos
1255 4761 1573 4829 assumitur,

50 4846 251 4904 quaindiu
281 4849 450 4920 ipsum
480 4863 757 4919 cantatur,
787 4853 1112 4924 principales
1139 4854 1254 4924 ejus
1275 4853 1492 4909 chorda:
1520 4854 1571 4907 in

49 4936 125 4986 toto
147 4944 600 5012 monochordojus
630 4956 686 5002 et
726 4946 963 5017 regimen
994 4954 1155 5016 atque
1189 4946 1444 5001 ducatum
1468 4945 1570 5001 sibi

49 5026 332 5090 rendicantes
366 5038 580 5093 caeteris
608 5038 860 5093 omnibus
888 5037 1041 5107 quasi
1074 5038 1357 5093 caritative
1394 5037 1570 5092 servi-

49 5114 112 5167 iHli
134 5120 365 5192 subjectis
389 5130 719 5184 unanimiter
739 5129 1117 5200 principantur
1142 5148 1155 5183 :
1184 5129 1325 5197 quod
1351 5128 1480 5183 item
1504 5127 1570 5185 de

50 5208 172 5265 nodis
198 5231 379 5273 vocum
420 5231 717 5276 tractantes
744 5221 954 5289 planius
982 5221 1354 5289 explanemus.

88 5299 233 5361 OTBL.
290 5310 505 5377 Quanto
555 5313 704 5381 plura
760 5315 811 5367 in
863 5314 1006 5368 hunc
1062 5320 1347 5367 tractatum
1401 5310 1568 5366 dilata

50 5405 147 5460 unt,
178 5406 315 5457 tanto
365 5405 544 5459 minus
575 5406 674 5475 ipsi
705 5405 906 5475 aliquid
938 5404 1059 5459 volo
1095 5404 1434 5472 interponas;
1473 5401 1569 5456 sed

50 5488 236 5547 u‘otinus
273 5512 373 5551 non
413 5499 825 5570 incompctcnti,
858 5508 915 5553 ut
953 5498 1083 5552 mihi
1114 5498 1349 5563 videtur,
1377 5495 1567 5550 ordine

50 5582 239 5647 ucipias.

84 5666 240 5730 WtLu.
276 5678 726 5753 Consequentem,
755 5684 951 5749 fateor,
971 5679 1270 5738 observasti
1296 5677 1561 5743 ordinem,

50 5762 201 5823 cilicet
228 5782 283 5827 ut
322 5787 605 5847 postquam
634 5795 699 5835 ex
746 5778 848 5833 illis
873 5784 1107 5848 quatuor
1132 5774 1314 5841 rebus,
1345 5771 1400 5827 ῖη
1433 5786 1565 5843 φιλ·

1682 4556 1795 4610 haec
1831 4558 2162 4630 subjungens
2189 4560 2264 4614 ait
2295 4578 2309 4615 z
2335 4572 2390 4617 et
2432 4572 2578 4629 nota,
2615 4563 2758 4633 quod
2802 4579 2860 4620 se
2890 4580 2988 4635 per
3018 4566 3263 4620 ordinem

1679 4662 2007 4720 sequuntur;
2041 4654 2245 4722 primus
2274 4655 2325 4709 in
2353 4654 2420 4709 A.
2460 4656 2736 4710 secundus
2769 4657 2821 4710 in
2868 4657 2927 4711 Β.
2978 4659 3168 4712 tertius
3210 4659 3261 4711 in

1677 4745 1737 4799 C.
1784 4746 2017 4817 itemque
2047 4748 2254 4817 primus
2289 4749 2338 4803 in
2375 4748 2437 4802 D.
2476 4749 2749 4804 secundus
2785 4748 2838 4803 in
2870 4748 2929 4803 E.
2977 4751 3168 4804 tertius
3204 4749 3259 4803 in

1677 4837 1738 4893 F.
1768 4850 1991 4909 quartus
2019 4841 2070 4894 in
2100 4840 2165 4896 G.

1746 4930 1845 4997 Qui
1873 4932 2126 5002 primitus
2154 4948 2418 4989 musmam
2442 4942 2614 4988 artem
2642 4934 2984 4996 invenerunt,
3020 4932 3103 4986 vel
3137 4940 3260 5002 post

1674 5024 2003 5094 compositas
2046 5024 2278 5080 chordas
2321 5026 2537 5080 diverso
2578 5026 2736 5078 modo
2772 5024 3017 5077 inventas
3063 5037 3126 5075 ea
3175 5021 3257 5073 usi

1673 5125 1820 5183 sunt,
1874 5117 2199 5187 principium
2245 5115 2597 5171 monochordi
2649 5114 2703 5167 in
2752 5113 2949 5183 hypate
2990 5113 3250 5181 hypaton,

1672 5226 1790 5279 qua:
1824 5209 1947 5263 inde
1986 5223 2200 5278 quoque
2228 5207 2543 5278 principalis
2570 5203 2949 5275 principalium
2988 5202 3257 5271 interpre-

1673 5310 1837 5365 tatur,
1878 5309 2179 5354 statuentes
2222 5298 2627 5367 quatuordecim
2673 5305 2881 5349 tantum
2919 5293 3151 5348 chordas
3199 5292 3251 5345 in

1671 5392 2023 5449 conﬁciendis
2092 5391 2378 5446 cantilenis
2422 5389 2725 5444 habuerunt
2774 5404 2788 5440 :
2830 5395 3015 5455 postea
3065 5384 3250 5439 Ptolo-

1670 5503 1838 5542 mmus
1879 5501 1975 5541 rex
2004 5484 2223 5555 Egypti
2253 5497 2439 5537 vocem
2487 5481 3055 5551 proslambanomenos
3088 5478 3153 5531 A.
3197 5477 3252 5532 id

1669 5588 1753 5635 est
1780 5579 2102 5648 adquisitam
2133 5583 2226 5630 aut
2249 5573 2427 5644 potius
2452 5571 2852 5643 prosmelodon,
2880 5569 2932 5625 id
2958 5580 3040 5625 est
3064 5578 3249 5638 aptum

1670 5672 1810 5729 melo
1847 5672 1897 5726 in
1927 5668 2192 5742 principio
2222 5664 2490 5735 apposuit.
2528 5662 2622 5717 liae
2648 5671 2773 5719 sunt
2810 5661 3116 5733 quindecim
3158 5675 3249 5714 re-

1669 5768 1883 5841 gulares
1910 5764 2125 5821 chorda:
2163 5759 2535 5827 monucltordi,
2560 5772 2789 5828 quorum
2824 5754 3041 5812 nomina
3072 5761 3127 5807 et
3166 5752 3251 5807 itt-
