3834 6304
578 306 721 361 "67

1634 304 1686 357 S.
1722 302 2099 358 GUILILLMI
2126 301 2420 357 ABBATIS
2456 300 2781 360 IIIBSAUG.

3647 323 3728 381 tta
3800 308 3801 361 ἓ

579 420 1008 491 terpretatioaes
1055 432 1199 473 nunc
1250 416 1564 489 singillatim
1633 416 1813 471 dicere
1871 418 2164 485 praeterivi,
2200 424 2238 476 Α
2275 423 2539 480 tcssaron,
2574 417 2842 472 interdum
2874 416 3036 472 etiam
3073 418 3245 488 ipsum
3274 420 3513 492 diapason
3546 427 3588 481 in
3609 429 3729 504 Grego.

573 513 705 582 quia
761 510 957 565 multos
1013 509 1129 562 Inec
1177 510 1460 579 scripsisse
1500 508 1695 563 inveni.
1742 509 1981 565 Moderni
2036 524 2167 564 vero

578 603 757 657 adhuc
790 602 841 654 in
874 600 1137 669 principio
1167 616 1360 654 sonum
1393 617 1557 654 unum
1586 608 1639 655 et
1673 613 1838 667 grave
1862 615 2168 670 synemmc—

574 707 678 746 non
708 690 767 744 Β.
796 699 1016 759 propter
1046 690 1334 759 quasdam,
1365 706 1502 760 quas
1530 689 1875 760 postmodum
1904 689 2165 755 dicemus,

574 783 838 837 utilitates
872 782 1219 850 adjecerunt.

645 873 702 927 ln
736 874 838 927 hoc
874 872 1136 927 differunt
1167 882 1403 942 quatuor
1447 872 1763 944 principalia
1798 874 2164 942 tetrachorda,

572 984 693 1037 qua:
721 968 855 1022 ﬁunt
884 968 1177 1022 secundum
1207 966 1451 1022 melodis:
1482 969 1718 1032 modum,
1749 968 1834 1022 vel
1864 970 2161 1024 secundum

574 1063 977 1123 institutionem
1021 1070 1326 1131 troporum,
1374 1060 1440 1116 ab
1480 1060 1585 1114 illis
1612 1070 1866 1129 quatuor,
1914 1077 2035 1131 qua:
2076 1076 2167 1116 se.

574 1155 815 1208 cundum
859 1166 1131 1207 mensura:
1177 1152 1395 1205 modum
1448 1153 1844 1217 conﬁciuntur;
1892 1152 2017 1222 quia
2079 1152 2163 1205 illa

575 1245 778 1300 habent
826 1243 1177 1299 scmitonium
1228 1244 1283 1296 in
1322 1243 1517 1308 medio,
1571 1244 1669 1298 ista
1706 1245 1757 1297 in
1798 1243 2028 1308 ultimo;
2078 1243 2164 1297 illa

570 1338 873 1407 junguntur
900 1336 952 1389 in
980 1335 1042 1387 Ι).
1066 1334 1217 1404 gravi
1247 1342 1301 1388 et
1338 1334 1392 1388 d.
1430 1344 1613 1399 acuta,
1640 1335 1739 1389 ista
1767 1335 1818 1388 in
1847 1350 1899 1389 e.
1924 1345 1977 1389 et
2007 1335 2078 1399 E;
2114 1335 2166 1388 in

572 1426 681 1481 illis
711 1433 958 1494 superest
988 1436 1148 1479 tonus
1181 1425 1234 1478 in
1265 1434 1494 1496 utraque
1527 1425 1788 1494 diapason
1817 1425 2087 1496 superius,
2113 1426 2164 1480 in

574 1517 698 1571 istis
730 1515 979 1571 inferius.

644 1607 797 1661 Initia
826 1618 1003 1662 autem
1038 1616 1315 1677 troporum
1353 1606 1425 1663 ibi
1451 1622 1569 1663 esse
1594 1617 1908 1675 noscuntur,
1938 1607 2027 1662 ubi
2064 1608 2147 1662 dif
2152 1638 2169 1649 ο

575 1698 817 1754 ferentiae
839 1714 1050 1767 eorum,
1076 1699 1127 1753 id
1159 1707 1240 1754 est
1268 1700 1580 1753 swcnlorum
1612 1717 1787 1762 amen,
1818 1699 2158 1763 inchoantur;

2274 504 2433 559 riano
2473 518 2635 561 cantu
2682 508 3029 574 reperimus:
3077 508 3331 582 ideoque,
3380 514 3426 567 si
3466 518 3583 584 quod
3612 522 3655 578 de
3682 527 3732 584 his
3800 536 3801 539 ‘

2267 595 2611 651 intervallum
2636 598 2869 665 abjicere
2903 600 3219 666 debeamus,
3248 606 3524 661 nescimus.

2340 688 2471 754 Quia
2525 704 2657 762 ergo
2700 691 2932 748 domnus
2982 693 3159 751 Bemo
3220 712 3412 751 novem
3469 711 3731 767 consonantia

2268 780 2531 849 exemplis
2559 780 2888 849 elucidavit,
2934 800 3035 840 nos
3074 786 3143 839 ab
3194 801 3259 841 eo
3296 791 3633 857 prmtermissas
3659 815 3734 855 ere.

2269 884 2518 938 quemur.
2552 870 2905 927 Unisonantia
2944 884 3047 938 est,
3082 877 3170 929 ubi
3202 892 3303 930 vox
3347 894 3448 931 non
3476 882 3730 949 variatunsrd

2271 963 2451 1018 multa:
2500 977 2710 1018 neuma:
2761 964 2979 1020 crebris
3023 967 3403 1023 iterationibus
3454 970 3502 1024 in
3544 990 3624 1029 uno
3657 995 3733 1033 sono

2270 1054 2636 1116 continuatur,
2678 1064 2735 1107 ut
2769 1056 2823 1108 in
2861 1058 3086 1113 exordio
3133 1058 3292 1127 hujus
3324 1062 3594 1132 antipbona
3619 1071 3733 1136 proba.

2273 1154 2399 1198 tur:
2431 1145 2560 1198 Ant.
2607 1142 2742 1199 Ecce
2780 1148 2943 1201 veniet
2973 1148 3330 1206 desideratus.
3381 1154 3583 1224 itemque
3615 1160 3649 1212 in
3677 1162 3733 1217 hac

2272 1246 2385 1291 ant.
2418 1236 2650 1305 idipsum
2680 1238 3008 1293 lucidissime
3038 1252 3187 1310 patet
3213 1260 3227 1296 :
3259 1242 3596 1302 Convertimim'
3622 1254 3665 1303 ad
3690 1270 3735 1307 mc

2269 1324 2325 1379 in
2369 1335 2475 1379 toto
2513 1326 2668 1380 corde
2713 1336 2904 1381 vestro.
2953 1329 3229 1401 Diapente.
3258 1348 3382 1389 cum
3417 1338 3646 1394 semitonio
3675 1356 3734 1413 est,

2269 1430 2393 1471 cum
2423 1432 2523 1471 vox
2547 1428 2779 1486 quatuor
2829 1420 2975 1476 tonis
3011 1431 3066 1476 et
3092 1420 3307 1478 duobus
3354 1428 3736 1487 semitoniisinten-

2270 1506 2417 1561 ditur
2443 1507 2526 1561 vel
2550 1508 2862 1574 remittitur,
2894 1519 2953 1564 ut
2975 1512 3025 1564 in
3053 1513 3142 1569 illo
3170 1515 3203 1582 ᾗ
3245 1515 3316 1569 da
3352 1518 3473 1571 mihi
3508 1520 3737 1575 intellectum.

2271 1600 2446 1669 quivis
2474 1600 2706 1669 probare
2739 1602 2968 1670 poterit,
2999 1607 3091 1674 qui
3122 1605 3272 1661 illum
3302 1620 3422 1676 post
3460 1609 3593 1665 ﬁnem
3608 1616 3732 1681 prioris

2269 1707 2368 1761 per
2405 1693 2545 1748 istud
2590 1695 2930 1750 intervallum
2962 1707 3111 1753 recte
3147 1700 3449 1770 inceperit:
3480 1704 3527 1757 in
3557 1720 3741 1760 versum-

576 1792 752 1862 quivis
797 1794 943 1847 enim
973 1793 1407 1849 authenticorum
1460 1809 1618 1862 supra
1665 1790 1879 1846 ﬁnalem
1925 1808 2077 1847 suum
2115 1792 2167 1846 in
2204 1774 2246 1828 Β
2274 1793 2379 1838 lem
2404 1784 2626 1839 Domine
2649 1785 2787 1839 Deus
2810 1796 2865 1840 tu
2891 1791 3197 1858 cognovisti,
3225 1792 3277 1845 in
3303 1793 3599 1860 depositione
3615 1797 3743 1852 ullinue

572 1885 760 1951 quinto
785 1884 921 1949 loco,
946 1884 1124 1948 idest,
1152 1884 1204 1938 in
1229 1885 1442 1954 propria
1470 1884 1650 1954 specie
1678 1883 1928 1953 diapente
1957 1884 2166 1953 incipit,

570 1984 767 2045 praeter
802 1975 975 2030 solum
1007 1976 1311 2039 denternm,
1344 1976 1433 2046 qui
1468 1986 1687 2046 propter
1708 1976 2165 2046 imperfectionem

571 2065 866 2132 semitonii,
905 2066 1013 2120 imo
1049 2073 1272 2135 propter
1314 2074 1513 2121 metam
1562 2075 1617 2120 et
1674 2067 1856 2120 sedem
1890 2076 2165 2137 troporum

570 2172 632 2210 se
661 2155 919 2211 transfert
964 2157 1031 2211 ab
1072 2156 1304 2211 secunda
1351 2157 1431 2211 sui
1470 2157 1754 2228 principali
1798 2160 2000 2213 chorda
2030 2160 2082 2213 in
2113 2175 2162 2214 c.

554 2238 757 2316 'protus
806 2261 1039 2315 namque
1089 2246 1140 2299 in
1193 2254 1340 2301 mese
1390 2246 1592 2317 incipit.
1626 2248 1881 2303 denterus
1920 2249 1972 2303 in
2013 2248 2072 2305 C.
2105 2260 2165 2305 ut

558 2339 773 2393 dictum
812 2348 915 2402 est,
948 2354 1044 2408 per
1077 2340 1610 2401 transmutationem.
1648 2340 1701 2394 in
1734 2356 1837 2409 qua
1869 2341 2031 2397 tritus
2070 2359 2165 2413 per

568 2439 821 2484 naturam
843 2430 1072 2495 orditur,
1100 2429 1371 2484 tetrardus
1407 2444 1536 2485 vero
1575 2430 1627 2485 ἀ.
1668 2431 1974 2487 inchoatur.
2002 2432 2165 2503 Plaga

569 2534 749 2577 autem
794 2508 899 2576 non
945 2537 1106 2591 supra
1140 2521 1353 2576 ﬁnalem
1387 2523 1438 2576 in
1472 2523 1753 2591 diapente,
1789 2534 1848 2577 ut
1878 2525 2119 2595 magistri
2147 2566 2161 2590 ,

569 2617 662 2669 sed
707 2614 1101 2684 aliquantulum
1149 2613 1411 2681 inferius,
1468 2615 1688 2669 ubilibet
1732 2615 1840 2671 illis
1880 2617 2159 2681 convenit;

566 2705 778 2760 initium
802 2706 1032 2770 habent;
1067 2704 1207 2759 sicut
1235 2705 1388 2774 plaga
1421 2706 1561 2775 proti
1588 2706 1641 2759 in
1678 2704 1738 2759 F.
1768 2705 1922 2778 plage
1952 2706 2157 2760 deuteri

565 2799 646 2854 vel
680 2798 790 2853 triti
817 2798 973 2851 simul
1019 2799 1071 2852 in
1104 2811 1279 2863 mese,
1310 2797 1465 2868 plaga
1506 2798 1730 2852 tetrardi
1766 2796 1819 2852 in
1850 2813 1898 2853 c.
1940 2797 2159 2851 initian-

565 2899 670 2943 tur.
723 2886 937 2942 Primus
986 2900 1117 2955 ergo
1161 2895 1319 2941 tonus
1365 2886 1450 2939 vel
1503 2898 1727 2956 quartus
1762 2885 1847 2941 vel
1891 2897 2075 2941 sextus
2105 2887 2157 2941 in

552 2970 737 3041 ‘mese,
759 2976 904 3031 solus
929 2975 1197 3029 secundus
1220 2976 1269 3029 in
1298 2974 1359 3029 F.
1391 2975 1583 3029 tertius
1612 2975 1831 3043 quintus
1856 2984 1909 3029 et
1933 2984 2158 3031 octavus

564 3068 617 3120 in
659 3064 722 3122 C.
763 3067 912 3122 solus
940 3067 1202 3135 septimus
1253 3066 1305 3119 in
1357 3066 1409 3120 d.
1448 3064 1660 3119 initium
1712 3064 1930 3118 habent.
1979 3064 2151 3119 littus-

2274 1890 2483 1929 ucuma:
2505 1875 2772 1944 justitiam
2802 1894 3001 1945 meam,
3034 1889 3090 1934 et
3126 1882 3179 1936 in
3212 1883 3506 1940 elevatione
3530 1890 3665 1955 prima:
3681 1908 3744 1943 non

2271 1969 2540 2033 abscondi,
2595 1967 2853 2039 diapason
2908 1971 3252 2031 intervallum
3315 1992 3436 2033 esse
3496 1981 3742 2049 dignoscitur.

2272 2058 2497 2129 Oportet
2526 2076 2658 2129 ergo
2688 2062 2786 2117 has
2816 2068 3206 2121 consonantias
3238 2068 3342 2123 rite
3370 2071 3536 2125 animo
3555 2082 3670 2141 atque
3686 2090 3743 2125 au~

2268 2150 2421 2205 ribus
2446 2165 2566 2207 esse
2590 2161 2777 2219 notas;
2811 2152 3012 2209 frustra
3038 2157 3182 2210 enim
3220 2159 3335 2213 haec
3359 2170 3471 2215 arte
3489 2171 3615 2231 atque
3630 2164 3744 2217 scicn-

2271 2241 2344 2295 tia
2380 2241 2707 2312 colliguntur
2767 2244 2867 2300 nisi
2902 2243 3103 2301 fuerint
3140 2263 3242 2303 usu
3277 2259 3439 2320 atque
3464 2254 3746 2309 exercitatione

2271 2332 2576 2387 notissima.

2978 2405 3141 2462 XXII.

2808 2494 2886 2549 De
2929 2500 3308 2554 cortsonantiis.

2339 2581 2443 2639 Sex
2466 2594 2591 2639 sunt
2622 2588 3009 2654 consonantiae,
3036 2598 3147 2646 tres
3183 2591 3456 2663 simplices
3480 2603 3527 2649 et
3551 2604 3633 2648 tres
3650 2610 3749 2648 ωωο

2264 2679 2472 2747 positae.
2501 2678 2794 2749 Simplices
2842 2690 2968 2736 sont
3006 2682 3372 2749 diatessaron,
3400 2685 3638 2755 diapente,
3670 2688 3748 2741 dia-

2263 2782 2464 2836 pason;
2494 2770 2809 2838 compositae
2829 2772 3086 2842 diapason
3123 2789 3249 2829 cum
3275 2775 3601 2843 diatessaron,
3623 2780 3751 2847 diapa-

2262 2872 2358 2912 5on
2382 2873 2505 2913 cum
2537 2860 2814 2929 diapente,
2846 2861 2928 2916 bis
2952 2863 3236 2931 diapason.

2964 2952 3151 3007 XXIII.

2692 3045 2841 3102 Unde
2866 3059 3097 3103 constent
3126 3052 3421 3107 intervalla.

561 3157 788 3226 quisque
816 3133 1215 3226 autem'tropus
1248 3158 1301 3211 in
1341 3154 1557 3225 propria
1596 3152 1740 3207 ﬁnali
1778 3150 1983 3206 chorda
2024 3168 2126 3205 una

2336 3136 2681 3193 Diatessaron
2714 3150 2925 3195 constat
2954 3157 3022 3196 ex
3050 3143 3262 3199 duobus
3288 3147 3425 3201 tonis
3456 3154 3503 3201 et
3524 3146 3752 3209 semitonio,

562 3264 682 3302 eum
714 3248 867 3319 plaga
900 3263 995 3302 sua
1028 3248 1229 3313 ﬁnitur,
1270 3258 1459 3317 utpote
1494 3255 1684 3315 protus
1721 3246 1774 3299 in
1806 3244 1868 3298 ι).
1899 3243 2156 3299 denterus

561 3339 614 3393 in
669 3338 712 3393 E
783 3341 942 3394 tritus
989 3340 1042 3394 in
1095 3339 1159 3393 ι’.
1216 3340 1487 3393 tetrardus
1537 3338 1588 3393 in
1637 3339 1702 3393 Ο.
1746 3340 1886 3393 unde
1921 3349 1975 3394 et
2013 3339 2154 3393 istud

560 3432 966 3487 totrachordum
1003 3431 1245 3486 ﬁnalium
1288 3431 1505 3486 dicitur.
1548 3430 1871 3485 Diﬁ'erenlia!
1902 3431 1953 3485 in
1986 3432 2154 3500 tropis

556 3522 809 3577 bifariam
836 3520 994 3589 ﬁunt,
1025 3523 1202 3593 primo
1233 3522 1360 3592 quia
1394 3522 1445 3575 in
1479 3522 1710 3576 naturali
1738 3522 2051 3577 diversitate
2085 3523 2153 3577 ab

548 3610 790 3671 invicem
825 3615 1079 3670 diﬁ’erunt
1119 3618 1171 3670 in
1216 3624 1521 3680 structura,
1560 3616 1615 3670 in
1660 3618 2067 3680 consonantiis,
2099 3615 2152 3669 in

555 3705 861 3773 speciebus,
909 3706 961 3760 in
1012 3705 1397 3776 principalibus
1449 3705 1698 3772 chordis,
1750 3706 1802 3759 in
1848 3705 2152 3760 distinctio-

553 3794 734 3859 nibus,
768 3796 821 3849 in
857 3796 1029 3849 modis
1064 3809 1281 3860 vocum,
1313 3796 1364 3850 in
1406 3797 1573 3850 initiis
1609 3806 1666 3851 et
1704 3795 1904 3850 ﬁnibus
1936 3797 2068 3862 suis,
2097 3804 2153 3851 et

552 3884 679 3952 quia
725 3884 863 3938 alter
901 3884 1053 3940 alteri
1099 3884 1274 3941 locum
1307 3887 1358 3940 in
1385 3903 1479 3941 sua
1525 3886 1651 3941 sede
1697 3903 1802 3941 non
1841 3888 2065 3954 tribuit,
2093 3898 2152 3943 et

551 3974 691 4029 alter
731 3974 953 4030 alterius
981 3991 1229 4031 neumam
1254 3988 1347 4030 aut
1374 3978 1723 4032 transformat
1751 3987 1845 4032 aut
1876 3995 2147 4048 nunquam

553 4064 767 4134 recipit,
799 4066 1011 4137 aliaque
1055 4068 1304 4137 perplura
1343 4069 1673 4140 hujusmodi.
1719 4070 1968 4125 Secundo
2018 4071 2147 4140 quia

540 4150 743 4211 cantus
799 4158 1133 4227 singulorum
1200 4169 1477 4230 troporum
1544 4177 1649 4217 non
1711 4179 1876 4217 unum
1931 4178 2147 4232 semper

547 4245 799 4317 idemque
832 4249 994 4304 habet
1041 4250 1285 4317 initium;
1323 4254 1416 4307 sed
1448 4254 1537 4321 qui
1583 4255 1635 4307 in
1673 4253 1818 4308 ﬁnali
1856 4255 2145 4325 cujuslibet

554 4335 771 4391 illorum
794 4340 997 4394 chorda
1024 4341 1231 4413 incipit,
1257 4345 1447 4414 prima:
1475 4344 1794 4401 differentia:
1824 4347 2000 4402 locum
2044 4349 2141 4403 ob-

549 4426 710 4491 tinet;
743 4428 834 4496 qui
861 4444 989 4483 vero
1019 4431 1156 4487 infra
1181 4433 1397 4489 ﬁnalem
1430 4435 1482 4489 in
1508 4437 1684 4492 vicino
1708 4437 1790 4492 vel
1821 4439 1981 4494 tertio
2004 4453 2138 4493 sono

2257 3226 2294 3281 d
2314 3238 2509 3297 apente
2534 3244 2601 3283 ex
2637 3230 2813 3287 tribus
2849 3234 2989 3288 tonis
3016 3243 3070 3288 et
3100 3237 3391 3291 semitonio
3416 3278 3431 3304 ,
3473 3238 3679 3309 diapason
3706 3252 3753 3289 et

2256 3319 2491 3387 quinque
2517 3321 2658 3375 tonis
2687 3330 2744 3376 et
2769 3322 2978 3379 duobus
3004 3327 3329 3383 semitoniis.

2960 3417 3152 3474 XXIV.

2364 3507 2505 3573 Quot
2524 3510 2626 3563 sint
2659 3512 2855 3574 species
2898 3517 3201 3569 earumdem
3247 3521 3678 3574 consonantiam.

2325 3596 2672 3652 Dialessnron
2704 3610 2815 3654 tres
2837 3603 3046 3669 species
3072 3604 3234 3659 habet
3258 3645 3273 3670 ,
3299 3606 3537 3678 diapente
3559 3621 3753 3677 quatuor,

2253 3686 2511 3759 diapason
2555 3698 2787 3760 septem.
2835 3690 3017 3747 Prima
3056 3697 3271 3765 species
3311 3688 3617 3753 diatessaron
3643 3698 3755 3752 habet

2251 3778 2598 3831 semitonium
2647 3780 2701 3832 in
2758 3781 2953 3841 medio,
3011 3793 3071 3837 ut
3097 3786 3166 3839 ab
3194 3788 3262 3839 A.
3294 3787 3349 3841 in
3395 3788 3454 3842 D.
3486 3787 3682 3843 Secunda
3716 3786 3753 3836 in

2250 3868 2448 3936 primo,
2476 3878 2533 3923 ιιι
2562 3886 2591 3923 a
2618 3869 2678 3924 Β.
2712 3870 2765 3924 in
2797 3871 2858 3924 E.
2894 3872 3075 3928 Tertia
3114 3874 3165 3928 in
3208 3876 3401 3933 ultimo
3433 3879 3566 3943 loco,
3597 3890 3679 3931 uta
3712 3875 3757 3929 C.

2251 3958 2303 4012 in
2330 3958 2391 4012 F.
2417 3958 2598 4014 Prima
2632 3962 2839 4031 species
2866 3964 3119 4033 diapente
3148 3967 3310 4023 habet
3343 3970 3646 4024 semitonium
3667 3976 3756 4036 post

2250 4057 2459 4116 tonum,
2489 4060 2675 4120 postea
2715 4053 2981 4122 ditonum,
3022 4064 3080 4111 ut
3126 4074 3157 4110 a
3206 4059 3269 4113 D.
3304 4060 3358 4115 in
3395 4076 3445 4113 a.
3491 4060 3683 4116 Secunda
3719 4058 3757 4109 ‘nt

2247 4143 2423 4211 primo
2454 4147 2800 4201 semitoninm
2820 4189 2835 4213 ,
2869 4159 3054 4218 postea
3086 4152 3372 4219 tritonum,
3402 4165 3459 4210 ut
3482 4155 3542 4210 ab
3574 4153 3626 4208 Ε.
3650 4153 3685 4205 in

2247 4234 2428 4290 Tertia
2458 4238 2510 4291 in
2536 4237 2722 4292 ultimo
2748 4249 2869 4309 post
2899 4241 3183 4310 tritonum,
3211 4254 3268 4297 ut
3295 4246 3365 4300 ab
3385 4245 3444 4300 F.
3479 4247 3524 4299 in
3548 4262 3587 4300 c.
3607 4234 3755 4311 Quart:

2246 4335 2368 4394 post
2394 4326 2637 4382 ditonum
2670 4333 3042 4402 semitonium,
3087 4335 3284 4391 dehinc
3336 4345 3524 4404 totum,
3561 4349 3608 4391 ut
3635 4336 3681 4387 ab
3706 4332 3755 4385 ϐ.

2248 4417 2300 4470 in
2328 4416 2382 4471 d.
3504 4450 3507 4451 '

543 4512 775 4578 orditur,
799 4516 1047 4570 secundae
1066 4516 1159 4595 vel
1187 4519 1360 4574 tertiae
1383 4520 1696 4577 diﬂ‘erentia:
1721 4539 1922 4580 nomen
1949 4525 2129 4580 habet.

2314 4507 2459 4564 Ordo
2500 4511 2797 4580 specierum
2845 4514 3105 4586 diapason
3151 4522 3446 4576 secundum
3499 4520 3754 4591 positionum

544 4600 721 4671 Supra
769 4602 985 4660 ﬁnalem
1039 4618 1220 4663 autem
1273 4611 1326 4664 in
1368 4612 1524 4667 tertia
1568 4624 1763 4684 quarta
1811 4616 1894 4671 vel
1942 4618 2129 4687 quinta

542 4707 691 4757 voce,
721 4705 927 4764 quartae
948 4699 1149 4769 quinta:
1174 4710 1231 4755 et
1249 4711 1415 4757 sextae
1440 4704 1752 4762 dilferenttte
1774 4709 1998 4778 patebit.

1269 4793 1407 4849 XXI.

928 4885 1065 4950 Quot
1093 4887 1197 4941 sint
1222 4888 1496 4943 intervaila
1532 4908 1733 4945 cocum.

607 4970 894 5027 Intervalla
926 4992 1140 5045 vocum,
1177 4980 1373 5049 quibus
1403 4985 1581 5039 omnis
1610 4995 1803 5040 cantus
1834 4986 2123 5057 digeritur,
2186 5030 2189 5035 .

535 5061 765 5120 domnus
791 5065 967 5123 Guido
1004 5085 1100 5124 sex
1130 5081 1339 5127 tantum
1383 5088 1503 5129 esse
1530 5086 1759 5131 testatur
1782 5095 1795 5133 :
1821 5080 1873 5133 id
1903 5090 2006 5145 est,
2038 5096 2122 5136 se-

529 5156 842 5225 mitonium,
868 5170 1076 5229 tonum,
1104 5164 1369 5232 ditonum,
1399 5168 1759 5238 diatessaron,
1786 5173 2055 5243 diapente,
2091 5191 2121 5229 a

530 5248 797 5321 principio
836 5254 1053 5322 quidem
1102 5258 1527 5324 unisonantiam,
1561 5278 1590 5315 a
1625 5262 1728 5317 ﬁne
1774 5275 1954 5320 autem
2005 5268 2121 5321 dia-

530 5350 692 5409 pente
723 5357 848 5396 cum
890 5346 1179 5402 semitonio
1220 5361 1276 5405 et
1321 5353 1572 5422 diapente
1607 5370 1729 5410 cum
1773 5366 1900 5411 tono
1942 5361 2117 5413 absci-

528 5432 683 5500 dens,
711 5435 1028 5505 dieenSque,
1060 5455 1163 5494 non
1207 5442 1399 5499 debere
1430 5461 1521 5501 ea;
1548 5462 1669 5502 cum
1703 5450 1913 5505 cmteris
1940 5467 2112 5505 anno-

528 5524 651 5613 tari,
680 5528 835 5594 quasi
872 5543 995 5598 quae
1024 5546 1321 5603 numquam
1356 5537 1409 5590 in
1449 5537 1681 5609 regulari
1706 5549 1867 5595 cantu
1898 5541 2109 5598 valeant

523 5616 838 5683 approbari.
886 5617 995 5675 Nos
1046 5636 1173 5677 vero
1204 5642 1309 5680 non
1347 5628 1519 5682 solum
1562 5631 1678 5687 lucc
1708 5647 1899 5687 novem
1937 5632 2110 5689 inter-

525 5702 693 5771 valla,
721 5707 814 5761 sed
836 5717 891 5764 et
924 5711 1174 5783 diapente
1195 5732 1317 5772 cum
1348 5722 1654 5790 semitonio,
1686 5724 1738 5780 id
1768 5735 1853 5782 est
1887 5726 1973 5783 bis
1997 5727 2109 5783 dia-

2240 4600 2555 4655 Iitterarum'
2576 4602 2629 4656 in
2659 4606 3029 4663 monochordo
3058 4610 3277 4667 habitus
3306 4622 3411 4681 est,
3435 4612 3485 4667 id
3511 4622 3603 4677 cst,
3626 4610 3755 4680 prima

2238 4693 2449 4763 species
2475 4695 2543 4748 ab
2572 4696 2613 4749 A
2651 4697 2704 4751 in
2738 4712 2790 4763 a,
2812 4700 3049 4754 secunda
3079 4715 3108 4754 a
3144 4701 3208 4755 B.
3246 4702 3300 4756 in
3339 4704 3391 4758 b.
3427 4703 3570 4759 tertia
3597 4716 3621 4753 a
3643 4698 3686 4753 C.
3716 4696 3754 4747 in

2235 4799 2285 4839 c.
2323 4794 2376 4839 et
2402 4786 2480 4840 sic
2513 4794 2740 4842 Centone.
2883 4844 2889 4850 ,

2306 4874 2559 4945 Exempla
2590 4878 2995 4937 intervallorum
3020 4883 3104 4937 vel
3129 4888 3587 4942 consonantiarum
3610 4885 3650 4938 in
3663 4896 3759 4932 ver-

2230 4964 2381 5022 sibus
2408 4966 2758 5024 illustrissimi
2788 4972 2890 5027 viri
2921 4974 3220 5030 Hermanni
3252 4979 3535 5047 patebunt:

2371 5069 2471 5121 Ter
2503 5073 2593 5121 tria
2614 5071 2893 5134 junctorntn
2917 5085 3032 5129 sunt
3058 5080 3317 5130 intervalla
3338 5093 3566 5131 sonorum.

2224 5175 2280 5230 Id
2316 5183 2419 5242 est,
2460 5178 2674 5246 qualem
2710 5195 2961 5236 neumam
3010 5194 3173 5239 sonat
3215 5186 3573 5249 semitonium,
3598 5191 3753 5237 tomis,
3800 5186 3801 5205 ³

2224 5268 2602 5336 semiditonus,
2622 5271 2862 5336 ditonus,
2879 5274 3242 5340 diatessaron,
3267 5277 3529 5349 diapente,
3548 5274 3753 5341 diapente
3800 5326 3801 5343 ξ

2223 5374 2346 5414 cum
2371 5363 2657 5416 semitonio
2678 5403 2692 5428 ,
2722 5364 2976 5433 diapente
3001 5381 3127 5420 cum
3161 5375 3313 5423 tono.
3800 5368 3801 5429 ἲ

2932 5454 3098 5509 XXV.

2393 5543 2596 5607 Quibus
2623 5547 3044 5616 proportionibus
3080 5562 3314 5605 constent
3345 5546 3615 5606 interrnlla.

2294 5635 2632 5693 Diatessaron
2671 5652 2887 5696 constat
2922 5659 2989 5698 ex
3030 5648 3372 5715 sesquitertia
3420 5638 3722 5716 proportione

2220 5725 2467 5798 diapente
2497 5743 2565 5783 ex
2597 5732 2981 5803 sesquialtcra,
3014 5738 3279 5808 diapason
3313 5752 3377 5793 ex
3406 5736 3559 5807 dupla
3582 5774 3596 5799 ,
3625 5736 3751 5783 tonus
