3834 6304
96 434 210 493 ,1169

97 547 444 618 ςρείιυὶοςιεινει,
474 535 741 595 semitonii
773 544 954 604 partes
978 543 1244 604 apotomae
1279 535 1550 588 dicuntur.

745 624 930 680 XXVI.

151 728 208 783 In
233 733 344 797 quot
379 719 597 774 chordas
633 717 881 839 as‘cendat
922 716 999 771 uel
1032 708 1311 769 descendat
1340 715 1556 786 quisque

714 802 981 839 ranarum.

714 802 981 855 raporum.

150 887 354 956 Quilibet
380 880 681 935 autenticns
706 889 891 948 tropus
921 894 949 931 a
976 878 1117 932 ﬁnali
1148 892 1245 932 suo
1279 878 1330 931 in
1361 877 1623 931 decimam

95 981 307 1037 chordam
337 974 576 1034 licenter,
602 980 656 1025 et
677 985 781 1024 non
806 970 1051 1035 ulterius,
1086 978 1281 1041 printer
1303 969 1621 1032 tetrardum,

95 1072 165 1141 qui
193 1064 389 1122 nonnisi
430 1062 481 1116 in
515 1076 713 1115 nonum
749 1060 1114 1131 phthongum,
1167 1060 1442 1124 ascendit;
1486 1056 1623 1111 infla

97 1159 271 1215 ﬁctilem
314 1169 437 1211 vero
483 1160 730 1207 autentus
756 1152 986 1222 quisque
1013 1151 1066 1206 in
1097 1151 1334 1207 vicinum
1381 1149 1465 1203 vel
1512 1157 1623 1203 ter-

96 1252 217 1311 tium,
243 1259 519 1313 numquam
551 1243 604 1297 in
636 1252 907 1313 quartum,
932 1242 1228 1306 descendit,
1260 1241 1362 1295 nisi
1385 1241 1455 1296 sit
1479 1255 1626 1294 com-

96 1337 238 1391 munis
261 1343 459 1398 cantus,
491 1331 583 1402 qui
610 1342 692 1387 est
721 1341 905 1401 tropus
938 1331 1265 1386 indiﬂ'erens.
1291 1329 1469 1400 Plagze
1494 1344 1623 1385 vero

94 1441 115 1476 τι
143 1423 264 1478 ﬁnali
295 1423 422 1475 ultra
454 1421 705 1489 diapente
734 1421 785 1475 in
820 1430 1049 1485 sextam,
1082 1436 1206 1475 raro
1229 1435 1357 1474 vero
1379 1419 1431 1473 in
1459 1419 1626 1488 septi-

95 1533 208 1573 mam
237 1531 405 1571 vocem
432 1516 730 1581 scandunt;
772 1513 909 1567 infra
942 1515 1153 1568 ﬁnalem
1192 1523 1371 1568 autem
1401 1512 1467 1566 ad
1503 1510 1622 1565 dia-

92 1620 292 1664 tessaron
320 1622 455 1677 saepe
485 1608 669 1660 tonum
694 1614 994 1660 assumunt.

726 1716 935 1770 XXVII.

326 1806 487 1876 Cujus
525 1805 663 1875 tropi
702 1806 804 1859 sint
833 1805 1073 1875 qua’libet
1103 1806 1333 1861 chorda.

1502 418 1778 475 BIUSICA.

1654 533 1701 587 Α
1727 531 1794 583 ab
1833 540 1887 584 Γ.
1917 545 1967 582 ιη
2012 528 2075 581 Ε.
2112 542 2235 596 quia
2284 526 2511 596 regulari
2565 537 2691 581 tono
2738 525 2965 592 orditur,
3022 532 3077 576 et
3127 523 3309 577 minus

3168 405 3306 461 1170

1727 619 1967 690 perfecte
2020 618 2073 671 in
2142 616 2429 671 semitonio
2495 617 2847 680 terminatur,
2903 613 3101 669 nullam
3167 613 3305 683 tropi

1728 711 1908 766 sedem
1934 726 2001 765 ex
2024 708 2111 763 illa
2137 706 2461 778 percipiunt,
2506 706 2732 776 ideoque
2772 706 3010 776 legitima
3052 720 3154 759 non
3199 715 3306 761 est.

1728 799 1975 854 Secunda
2000 808 2055 854 et
2077 813 2105 851 a
2130 795 2366 867 gegulari
2392 804 2520 850 tono
2546 794 2732 864 incipit
2756 803 2808 848 et
2829 795 2881 848 in
2906 794 3134 864 regulari
3156 803 3305 858 tono,

1729 891 1779 945 id
1810 900 1891 946 est
1918 906 2065 945 mese
2094 891 2302 956 ﬁnitur,
2359 887 2588 957 ideoque
2629 886 2955 941 nobilissima
2988 895 3043 941 et
3069 887 3307 956 perfecta

1724 991 1832 1045 cst,
1855 991 1909 1037 et
1935 982 1985 1035 in
2018 981 2171 1035 initio
2192 980 2308 1049 ejus
2345 988 2399 1033 ct
2424 979 2475 1032 in
2521 978 2627 1031 ﬁne
2655 978 2790 1046 tropi
2822 979 2974 1047 quaSi
3002 978 3055 1031 in
3086 980 3307 1046 quibus-

1726 1073 1848 1125 dam
1906 1072 2123 1125 sedibus
2173 1072 2540 1139 rcquiescunt.
2608 1066 2787 1123 Tertia
2829 1083 2860 1121 a
2906 1068 3136 1136 regulari
3180 1077 3306 1123 tono

1724 1163 1962 1231 quidem,
1990 1162 2041 1216 id
2063 1162 2217 1216 estin
2248 1161 2313 1217 G.
2340 1161 2548 1231 incipit,
2588 1160 2680 1215 sed
2732 1160 2909 1213 minus
2956 1158 3208 1228 perfectze
3253 1161 3307 1214 in

1726 1254 2036 1318 semitonio,
2080 1253 2131 1307 id
2160 1263 2240 1308 est
2266 1254 2317 1307 in
2347 1268 2396 1308 e.
2432 1254 2648 1309 desinit.
2685 1253 2911 1322 ideoque
2948 1250 3181 1321 legitima
3227 1260 3311 1307 est

1725 1346 1777 1401 in
1805 1346 1954 1399 initio
1982 1360 2101 1411 suo,
2133 1345 2256 1399 ﬁnis
2283 1359 2411 1398 vero
2443 1359 2548 1398 non
2576 1343 2856 1411 recipitur.
2902 1342 3103 1408 Quarta
3152 1356 3178 1394 a
3226 1356 3310 1395 re-

1724 1427 1893 1507 gulari
1932 1448 2078 1500 tono,
2111 1436 2161 1491 id
2202 1448 2284 1491 est
2318 1438 2369 1490 in
2398 1452 2449 1491 c.
2479 1436 2741 1505 incipiens
2784 1435 2903 1489 ideo
2927 1450 3031 1488 non
3071 1430 3308 1502 perfecta

1718 1536 1827 1592 est,
1858 1528 1983 1596 quia
2021 1528 2343 1582 terminatur
2368 1528 2420 1581 in
2447 1528 2497 1589 ἒ,
2536 1527 2627 1582 sed
2670 1527 2793 1596 quia
2834 1539 3223 1597 synemmenon
3254 1525 3307 1577 in

1722 1619 2087 1675 monocbordo
2109 1620 2265 1675 sedes
2288 1628 2563 1688 troporum
2587 1633 2705 1673 esse
2735 1632 2839 1671 non
2871 1617 3087 1687 poterit,
3121 1616 3308 1685 quinta

1722 1712 1774 1765 in
1801 1712 1977 1766 medio
2004 1712 2177 1781 posita
2226 1720 2449 1781 propter
2493 1710 2672 1765 minus
2712 1710 2962 1779 regulare
3005 1722 3312 1779 synemme—

1724 1817 1828 1855 non
1858 1802 2072 1872 penitus
2122 1817 2226 1855 non
2268 1800 2548 1868 recipitur.
2604 1800 2768 1855 Vides
2817 1800 3002 1871 igitur,
3045 1799 3309 1869 legitimas

144 1890 453 1963 Singulorum
526 1890 990 1945 tetrachordorum
1047 1891 1234 1960 primae
1298 1890 1621 1963 principales
1652 1892 1698 1954 Β
1727 1900 2003 1961 troporum
2032 1891 2188 1947 sedes
2218 1891 2271 1946 in
2302 1891 2405 1947 ilhs
2431 1891 2562 1946 locis
2588 1906 2731 1956 esse,
2776 1890 2831 1945 in
2873 1888 3072 1960 quibus
3106 1889 3311 1944 dictum

91 1985 338 2041 chordaisu
362 1991 397 2036 II
421 1982 558 2049 proti
587 1991 643 2036 et
666 1984 781 2051 ejus
811 1982 1001 2052 plagae,
1035 1972 1326 2039 scilicetA.
1353 1984 1418 2038 D.
1462 2001 1513 2039 a.
1564 1983 1620 2038 (1.

90 2077 254 2133 deuteri
283 2076 519 2131 secundae
548 2074 609 2127 Β.
638 2074 696 2128 Ε.
728 2074 770 2133 1:1
802 2090 851 2129 e.
909 2076 1020 2129 triti
1053 2076 1226 2131 tertia:
1263 2077 1323 2132 C.
1376 2077 1438 2132 F.
1480 2092 1530 2133 c.
1579 2077 1617 2133 f.

91 2168 271 2225 tetrardi
305 2178 524 2236 quartae,
555 2166 618 2221 D.
640 2168 705 2221 (ἓ.
739 2166 791 2221 d.
825 2183 877 2238 g.
928 2168 1153 2238 quilibet
1201 2170 1365 2240 igitur
1404 2170 1619 2225 illorum

90 2276 218 2316 unam
245 2259 398 2314 habet
439 2258 493 2313 in
533 2258 809 2331 gravibus,
852 2274 1017 2314 unam
1060 2259 1114 2316 in
1156 2259 1424 2328 ﬁnalibus;
1457 2277 1620 2316 unam

90 2354 129 2405 in
153 2351 501 2421 superioribus,
539 2365 700 2404 unam
726 2351 777 2404 in
805 2351 1193 2407 excellentibus

140 2438 291 2492 Primo
349 2436 471 2506 quia
534 2444 812 2506 troporum
877 2438 1248 2508 unusquisque
1318 2438 1615 2494 secundum

89 2542 253 2586 naturae
286 2546 388 2587 sua:
433 2530 818 2600 proprietatem
871 2529 923 2584 in
978 2530 1363 2601 principalibus
1401 2530 1621 2586 chordis

86 2623 173 2677 suis
195 2623 449 2695 :equaliter
479 2622 775 2677 intenditur
808 2632 864 2676 et
894 2622 1212 2689 remittitur,
1252 2631 1311 2676 ut
1356 2623 1409 2677 in
1442 2632 1617 2692 proto,

87 2729 235 2769 omnes
260 2716 455 2783 primae,
495 2713 549 2767 id
586 2722 670 2771 est
703 2715 769 2769 Α.
820 2713 883 2768 D.
917 2728 969 2767 a.
999 2714 1052 2768 (1.
1090 2721 1215 2768 tono
1245 2713 1617 2780 remittuntur,

87 2806 324 2874 etprima
373 2804 551 2875 specie
614 2804 866 2875 diapente
928 2802 1300 2858 intenduntur.
1361 2803 1624 2858 Similiter

89 2900 292 2954 deuterus
340 2899 388 2952 in
440 2897 697 2954 omnibus
738 2896 1125 2968 principalibus
1166 2896 1281 2950 suis
1326 2896 1524 2960 nervis,
1566 2894 1621 2950 id

86 2997 150 3041 cst
171 2988 214 3040 in
236 2988 468 3042 secundis
503 2986 713 3043 scilicet
740 2987 799 3041 Β.
834 2987 895 3041 Ε.
922 2970 964 3081 Et
991 3001 1040 3041 e.
1070 2985 1257 3041 ditono
1307 2987 1617 3054 deponitur,

86 3087 127 3132 et
159 3082 363 3134 secunda
404 3080 741 3135 diatessaron
784 3077 964 3147 specie
995 3078 1313 3133 intenditur.
1356 3077 1541 3132 Tritus
1566 3078 1619 3131 in

88 3170 290 3227 omnibus
319 3172 506 3240 tertiis,
545 3173 597 3227 id
629 3182 714 3227 est
744 3172 797 3226 in
831 3170 892 3225 C.
920 3171 984 3225 F.
1015 3187 1067 3226 c.
1095 3171 1133 3224 f.
1159 3171 1346 3224 ditono
1388 3169 1622 3224 intendi-

1724 1993 1829 2039 εει.

2416 2073 2606 2129 XXIX.

1725 2167 1791 2223 In
1816 2169 2003 2239 quibus
2036 2169 2383 2223 tetrachordis
2405 2167 2814 2236 uniuscujusque
2838 2165 2979 2234 tropi
2997 2164 3308 2233 principales

2272 2241 2481 2293 chorda:
2505 2247 2757 2291 constent.

1793 2330 1972 2385 Prima
2030 2329 2344 2401 principalis
2390 2329 2590 2383 chorda
2638 2338 2721 2384 est
2760 2330 2811 2383 in
2866 2328 3105 2399 quolibet
3156 2338 3310 2399 tropo

1723 2422 1986 2488 ﬁnalium,
2037 2423 2276 2478 secunda
2323 2422 2685 2490 superiorum,
2714 2421 2871 2476 tertia
2902 2421 3305 2485 excellentium,

1722 2525 1916 2585 quarta
1971 2516 2237 2585 gravium,
2279 2524 2465 2583 utputa
2507 2515 2648 2584 proti
2697 2514 2759 2569 D.
2814 2514 2869 2568 (1.
2915 2524 2971 2568 et
3022 2523 3306 2584 propterea

1722 2606 2040 2678 gravissima
2097 2615 2176 2661 est
2227 2606 2442 2669 ultima,
2490 2606 2617 2673 quia
2677 2605 2985 2660 autenticus
3024 2605 3175 2673 prius
3213 2618 3312 2673 per

1722 2700 1819 2754 has
1841 2700 2072 2754 chordas
2099 2699 2255 2753 debet
2296 2699 2561 2763 construi,
2590 2713 2750 2767 quam
2794 2698 2951 2769 plaga
2994 2695 3142 2766 ejus;
3188 2709 3309 2763 quas

1722 2792 1859 2846 sicut
1912 2791 2215 2846 autentieus
2268 2805 2521 2855 sursum,
2577 2789 2656 2845 sic
2699 2790 2813 2859 ipsa
2865 2789 3029 2843 debet
3064 2784 3310 2842 construi

1725 2883 1996 2939 deorsum.
2051 2882 2381 2952 Separemus
2423 2881 2756 2936 autenticum
2802 2889 3019 2950 protum
3078 2894 3106 2933 a
3156 2876 3309 2947 plaga

1723 2989 1816 3028 sua
1854 2975 1986 3029 :hic
2010 2974 2200 3044 incipit
2228 2974 2279 3028 in
2306 2974 2371 3027 D.
2393 2981 2449 3027 et
2471 2973 2655 3027 ﬁnitur
2699 2973 2755 3026 in
2797 2972 2852 3026 (1.
2900 2980 2955 3027 et
3004 2972 3166 3026 habet
3211 2970 3310 3023 bas

1722 3065 2048 3135 principales
2070 3074 2180 3119 tres
2206 3064 2441 3121 chordas
2470 3066 2532 3119 D.
2567 3079 2616 3118 a.
2647 3064 2700 3119 (1.
2730 3079 2945 3119 sursum
2976 3082 2987 3117 :
3015 3062 3309 3134 subjugalis

1724 3170 1853 3209 vero
1902 3155 2169 3225 incipiens
2214 3154 2267 3209 in
2307 3155 2372 3209 A.
2412 3166 2468 3211 et
2509 3155 2702 3210 ﬁniens
2728 3156 2779 3209 in
2809 3172 2858 3209 a.
2894 3156 3055 3211 habet
3095 3165 3151 3211 et
3196 3158 3311 3227 ipsa

87 3271 173 3325 tur,
209 3272 256 3316 et
287 3264 436 3319 tertia
466 3265 649 3334 specie
678 3262 1014 3321 diatessaron
1055 3262 1360 3331 deponitur.
1402 3261 1620 3315 Tetrar-
1647 3252 1689 3309 C
1722 3246 1821 3301 has
1852 3255 1961 3301 "'93
2013 3260 2064 3301 ³·
2110 3247 2169 3300 Βο
2203 3246 2268 3300 Α·
2309 3248 2585 3311 deorsum,
2621 3261 2741 3315 qua?
2769 3245 2929 3299 είιηυΙ
2972 3245 3173 3315 lum-"ie
3214 3262 3312 3303 εει

86 3352 162 3404 dus
195 3352 238 3406 in
265 3354 504 3409 omnibus
548 3352 779 3425 quartis.
808 3352 859 3406 id
891 3359 978 3407 est
1006 3352 1057 3406 in
1089 3350 1150 3404 Π.
1180 3349 1245 3407 G.
1279 3350 1334 3405 d.
1382 3367 1432 3423 g.
1490 3360 1621 3405 tono

87 3444 354 3511 intenditur,
399 3456 451 3502 et
516 3456 712 3516 quarta
772 3446 1025 3515 diapente
1081 3445 1261 3515 specie
1312 3446 1617 3515 deponitur.

84 3530 286 3589 Secundo
306 3536 440 3605 quod
466 3536 519 3591 in
544 3536 879 3603 singulorum
916 3543 1194 3605 troporum
1226 3536 1396 3606 prima
1419 3535 1622 3605 princi-

84 3620 165 3686 pali
191 3625 520 3691 gravissimus
545 3626 861 3691 descensus,
895 3625 947 3679 in
981 3640 1073 3681 s:c
1096 3626 1216 3679 Inda
1239 3624 1480 3680 nielodia:
1509 3626 1625 3680 cxi-

84 3716 167 3775 tus,
193 3711 238 3765 in
269 3714 412 3768 tertia
461 3713 791 3784 principium
830 3712 1275 3781 dit'ferentiarum,
1326 3714 1380 3768 in
1428 3723 1619 3784 quarta

84 3818 281 3860 summus
323 3822 599 3863 ascensus.
643 3807 827 3863 Tertio
874 3808 1016 3878 quod
1062 3809 1114 3863 in
1162 3808 1364 3863 eisdem
1402 3807 1623 3864 chordis

84 3905 309 3966 troporum
363 3914 572 3957 neuma:
638 3901 1044 3971 distinguuntur
1111 3909 1165 3955 et
1228 3902 1617 3970 producuntur.

81 3986 197 4051 Quar
217 4004 247 4043 ο
268 3991 397 4058 quo]
425 3990 681 4047 secundae
709 4001 762 4048 et
804 4000 1012 4062 quartae
1041 3992 1365 4063 principales
1400 3994 1618 4047 chorda:

82 4079 361 4137 concludunt
391 4084 720 4151 autenticos,
767 4084 957 4155 prima:
983 4098 1114 4141 vero
1143 4093 1195 4140 el
1224 4084 1396 4140 tertiae
1435 4084 1620 4152 subju-

82 4182 127 4235 gll
143 4184 211 4227 ος.

702 4266 937 4322 XXVIII.

490 4362 566 4418 De
605 4360 815 4413 sedibus
850 4369 1137 4428 troporum.

131 4447 274 4505 Sedes
321 4453 398 4508 vel
437 4465 597 4508 metae
630 4464 904 4524 troporum
950 4464 1096 4519 octo,
1142 4454 1392 4524 legitimae
1438 4463 1617 4509 autem

77 4540 251 4595 nonnisi
285 4541 335 4596 in
362 4550 596 4612 quatuor
628 4542 759 4598 locis
785 4558 907 4599 esse
931 4552 1249 4607 noscuntur,
1286 4542 1338 4597 id
1364 4551 1449 4597 est
1473 4543 1525 4596 in
1551 4543 1613 4597 Ο.

1726 3340 1881 3395 ﬁunt.
1931 3342 2196 3398 Similiter
2230 3342 2297 3397 de
2322 3342 2535 3397 caeteris
2558 3341 2750 3397 facias.

2431 3454 2601 3509 XXX.

1730 3546 1884 3613 Quod
1922 3548 2131 3602 chorda:
2166 3564 2462 3602 communes
2498 3549 2599 3600 sint
2633 3545 2916 3628 .autenticis
2957 3554 3005 3598 et
3033 3543 3222 3614 plagis,
3262 3554 3309 3599 et

2311 3634 2430 3687 (ματ
2465 3633 2710 3687 propriis.

1795 3709 2067 3765 Autcntici
2121 3710 2258 3765 duas
2306 3724 2621 3764 communes
2674 3723 2797 3762 cum
2845 3706 3213 3778 subjugalibus
3254 3706 3311 3762 in

1727 3797 2017 3864 ﬁnalibus,
2074 3805 2129 3854 et
2182 3799 2235 3853 in
2283 3796 2652 3869 superioribus
2705 3797 3029 3867 principales
3079 3797 3311 3852 chordas

1724 3887 1942 3954 habent,
1976 3900 2032 3943 ct
2057 3891 2331 3960 propriam
2366 3904 2533 3943 unam
2578 3890 2632 3943 in
2666 3889 3057 3945 excellentibus
3088 3904 3102 3942 :
3139 3890 3312 3960 plagae

1726 3995 1853 4033 νει-υ
1887 3996 2047 4034 unam
2097 3982 2297 4036 habent
2345 3980 2620 4050 propriam
2669 3980 2723 4034 in
2769 3980 3047 4051 gravibus,
3090 3988 3146 4033 et
3175 3980 3310 4035 duas

1724 4069 1909 4124 itidem
1933 4084 2248 4125 communes
2287 4086 2411 4124 cum
2453 4069 2743 4125 autenticis
2773 4069 2910 4133 suis,
2957 4070 3009 4123 in
3059 4069 3307 4123 ﬁnalibus

1722 4160 1974 4215 videlicet
1998 4170 2053 4215 et
2081 4162 2134 4215 iu
2157 4161 2546 4232 superioribus,
2587 4161 2726 4215 sicut
2757 4169 2951 4231 protus
2985 4176 3015 4214 a
3057 4160 3122 4213 D.
3170 4159 3225 4213 in
3252 4161 3305 4215 (1.

1720 4254 2093 4310 conscendens
2129 4253 2358 4323 primam
2407 4262 2462 4309 et
2503 4253 2738 4308 mediam
2782 4253 2947 4307 habet
2992 4266 3309 4307 communes

1721 4361 1845 4400 cum
1876 4345 2056 4416 plaga,
2088 4344 2304 4399 tertiam
2328 4344 2493 4398 habet
2513 4343 2808 4412 propriam.
2866 4341 3029 4412 Plaga
3067 4355 3198 4396 vero
3240 4342 3307 4395 ab

1721 4436 1784 4488 A.
1810 4435 1862 4487 in
1889 4450 1942 4488 a.
1976 4434 2202 4489 tendens
2226 4433 2455 4504 primam
2487 4432 2553 4486 A.
2589 4432 2753 4487 habet
2775 4433 3071 4501 propriam,
3115 4445 3309 4486 secun-

1722 4530 1845 4583 dam
1896 4529 1959 4582 D.
2007 4540 2062 4583 et
2118 4529 2330 4583 tertiam
2380 4543 2430 4582 a.
2482 4542 2605 4581 cum
2649 4529 2924 4582 autentieo
2968 4538 3306 4582 communes.

78 4626 117 4677 in
143 4626 197 4681 G.
235 4630 281 4683 in
329 4606 393 4685 α.-
426 4633 478 4686 in
523 4647 572 4687 c.
622 4630 915 4689 Videamus
949 4633 1130 4703 igitur,
1169 4606 1299 4701 quot
1327 4641 1485 4687 metae
1531 4631 1613 4687 vel

1728 4620 1858 4675 Hinc
1884 4629 1986 4682 est,
2022 4622 2163 4690 quod
2191 4619 2439 4689 superius
2474 4618 2675 4674 dictum
2724 4627 2826 4681 est,
2866 4617 2992 4687 quia
3030 4631 3150 4686 qua:
3173 4616 3308 4670 sim-

77 4716 312 4777 intervalla
347 4733 611 4777 metarum
659 4723 711 4777 in
758 4723 1124 4777 menochordo
1153 4721 1271 4777 ﬁeri
1294 4723 1523 4792 possint,
1560 4729 1614 4777 et

74 4818 150 4858 cur
170 4808 214 4861 in
242 4809 469 4879 praal'atis
512 4811 646 4865 locis
689 4812 860 4881 magis
893 4811 1144 4881 legitima:
1186 4824 1305 4864 esse
1336 4810 1611 4876 dicantur,

77 4910 204 4963 quam
233 4901 280 4954 in
306 4901 444 4969 aliis,
483 4902 626 4957 sicut
655 4902 903 4971 superius
926 4902 1129 4956 dictum
1158 4909 1261 4956 est.
1304 4900 1614 4957 Secundum

78 4990 275 5046 melodite
290 4995 513 5049 modum
538 4993 623 5047 vel
659 4994 1053 5048 institutionem
1080 5002 1357 5064 troporum
1387 5001 1618 5063 quatuor

77 5085 375 5138 tetrachorda
425 5087 476 5141 in
521 5086 886 5140 monochordo
924 5086 1229 5149 ﬁrmantur,
1277 5087 1330 5141 id
1375 5095 1459 5141 est
1501 5101 1621 5156 gra~

75 5173 269 5229 viumA.
300 5177 356 5230 Β,
387 5177 449 5232 C.
483 5178 545 5232 Ι).
583 5178 821 5232 ﬁnalium
871 5177 932 5231 D.
968 5178 1026 5231 E.
1067 5177 1126 5233 F.
1166 5178 1231 5233 G.
1282 5177 1618 5248 superiorum

75 5277 114 5316 a.
151 5266 197 5320 b.
224 5284 269 5323 c.
300 5271 352 5324 (1.
385 5270 761 5326 excellentium
796 5272 847 5324 (1.
876 5285 925 5324 e.
954 5270 993 5324 l'.
1024 5287 1075 5341 g.
1105 5272 1493 5340 cujuscumque
1519 5271 1603 5324 ho-

76 5372 171 5413 rum
194 5363 647 5418 tetrachordorum
684 5371 867 5418 louum
906 5377 973 5416 ex
1001 5369 1230 5431 utraque
1279 5372 1432 5431 parte
1465 5361 1611 5415 addi.

75 5445 213 5517 deris,
246 5455 413 5507 oritur
439 5455 531 5508 tibi
577 5454 756 5523 aliqua
808 5461 949 5507 meta
1002 5463 1300 5522 treporum,
1355 5459 1542 5521 utpote
1587 5466 1619 5505 a

72 5540 291 5602 gravibus
334 5545 504 5614 prima
554 5554 697 5600 meta
742 5554 826 5601 est
871 5562 900 5599 a
948 5556 1010 5601 Γ.
1059 5545 1112 5598 in
1170 5545 1246 5609 E;
1301 5559 1332 5597 a
1374 5543 1665 5598 ﬁnalibus‘

74 5634 274 5688 secunda
298 5652 325 5689 a
355 5638 419 5693 C.
450 5639 503 5691 in
532 5654 561 5691 a
586 5657 599 5691 :
623 5654 653 5711 a
684 5638 1053 5709 superioribus
1096 5638 1255 5693 tertia
1283 5652 1312 5690 a
1354 5636 1421 5693 G.
1466 5638 1518 5690 in
1551 5653 1619 5691 e:

73 5720 129 5771 ab
153 5726 520 5783 excellentibus
542 5738 732 5800 quarta
762 5746 792 5784 a
822 5747 871 5786 c.
900 5731 951 5786 in
981 5734 1028 5796 ξ.
1058 5731 1245 5799 quinta
1285 5746 1381 5800 per
1406 5742 1623 5800 synem-

75 5823 241 5869 ίιιειιοιι
272 5820 412 5874 nasci
452 5822 647 5890 poterit
686 5822 752 5877 ab
792 5823 950 5901 Fain
976 5824 1027 5880 d.
1069 5823 1249 5883 Prima
1282 5822 1447 5894 igitur
1478 5830 1619 5875 meta

1719 4710 1886 4780 plices
1931 4718 2079 4775 sunt,
2110 4708 2413 4780 simplicem
2470 4718 2682 4777 tropum
2736 4716 2791 4763 et
2848 4709 3065 4761 modum
3115 4719 3307 4760 vocum

1719 4804 2049 4875 percipiunt,
2084 4817 2204 4873 qua:
2242 4801 2419 4871 dupla:
2459 4801 2756 4871 duplicem;
2801 4800 2928 4870 quia
2961 4799 3079 4854 dua:
3122 4798 3308 4853 media:

1722 4898 2051 4952 autenticum
2118 4905 2176 4951 et
2235 4896 2444 4967 plagam
2509 4898 2870 4952 communiter
2934 4893 3304 4955 concludunt,

1723 4992 1897 5061 prima
1927 5005 2055 5044 vero
2092 4990 2159 5043 A.
2202 4989 2504 5058 simplicem
2545 4989 2777 5060 plagam,
2807 4995 2994 5056 quarta
3022 5001 3071 5038 a.
3098 4980 3306 5050 simpli-

1724 5100 1843 5139 cem
1882 5082 2214 5138 autenticutn
2244 5082 2592 5139 determinat.

2422 5175 2615 5229 XXXI.

1799 5271 1933 5337 Qua:
1966 5270 2180 5324 chorda:
2222 5269 2534 5329 autenticos,
2570 5280 2687 5332 qua:
2712 5261 2920 5331 plagam
2942 5258 3230 5312 includunt.

1798 5364 2045 5418 Secunda
2097 5363 2263 5431 igitur
2311 5368 2365 5413 et
2418 5364 2613 5424 quarta
2658 5349 3037 5423 principalium
3082 5347 3305 5402 chorda-

1726 5471 1845 5510 rum
1889 5454 2215 5509 concludunt
2257 5450 2612 5506 autenticum.
2663 5444 2929 5511 tertiaque
2971 5439 3143 5494 media
3186 5447 3301 5500 est;

1725 5546 1924 5616 prima,
1974 5553 2030 5598 et
2082 5542 2235 5596 tertia
2290 5539 2533 5608 plagam,
2585 5544 2639 5588 et
2695 5533 2932 5588 secunda
2982 5530 3153 5587 media
3197 5538 3299 5592 est,

1727 5646 1913 5706 utpote
1944 5644 2156 5706 protum
2205 5631 2266 5685 D.
2323 5639 2377 5685 et
2431 5632 2484 5683 d.
2535 5626 2886 5691 concludunt,
2929 5625 3081 5693 cujus
3132 5621 3301 5676 media

1727 5727 2002 5781 distinctio
2025 5732 2109 5779 est
2151 5739 2202 5777 a.
2243 5722 2451 5792 plagam
2497 5720 2613 5790 ejus
2652 5719 2718 5773 A.
2770 5726 2823 5775 et
2866 5733 2918 5772 a.
2957 5713 3301 5778 concludunt,

1726 5820 1898 5876 media
1939 5820 2021 5875 est
2058 5818 2123 5872 Ι).
