3886 6308
514 449 653 516 tiri

1198 571 1411 626 XXXII.

1093 661 1170 717 De
1198 673 1313 717 octo
1350 664 1529 732 tropis.

596 750 730 807 Octo
753 751 896 806 modi
928 761 1203 823 troporum
1238 764 1389 821 sunt,
1428 770 1550 809 cum
1597 754 1886 824 separatim
1916 760 2096 805 osten-

525 843 691 911 ditur,
734 844 950 914 qualem
998 846 1374 917 symphoniam
1420 846 1613 916 singuli
1650 854 1773 900 octo
1820 853 2096 913 troporum

520 935 769 1005 proprias
803 951 1027 991 neumas
1053 937 1364 992 conﬁciant.

1191 1027 1427 1099 XJCXHI.

992 1120 1068 1177 De
1101 1120 1311 1175 circulis
1347 1132 1641 1191 troporum.

593 1207 790 1263 Ciriuli
817 1218 1099 1280 troporum
1119 1221 1266 1278 sunt,
1304 1229 1425 1269 cum
1464 1223 1655 1267 cantus
1684 1208 2017 1280 singulorum
2044 1206 2099 1262 in

520 1295 757 1365 regulari
807 1315 906 1357 suo
950 1316 1111 1357 cursu
1142 1303 1359 1368 ductus,
1390 1311 1444 1357 et
1476 1304 1728 1358 reductus
1773 1302 1839 1355 ad
1886 1298 2098 1353 ﬁnalem

522 1400 678 1441 suum
711 1391 905 1460 sa-pius
935 1394 1187 1448 recurrit.

1189 1484 1428 1540 XXXIV.

898 1571 1169 1636 Quomodo
1202 1574 1358 1645 Tropi
1386 1584 1505 1629 sunt
1527 1574 1742 1629 similes.

593 1656 650 1711 lit
686 1658 784 1714 hoc
813 1676 951 1731 pene
975 1665 1305 1731 consimiles;
1331 1665 1616 1732 habentur,
1646 1665 2097 1735 qnoJautenticns

527 1751 801 1806 tetrardus
832 1761 888 1807 et
935 1754 1228 1825 sulijugalis
1280 1755 1398 1824 ejus
1447 1771 1543 1825 per
1582 1757 1827 1811 eamdem
1870 1755 2103 1823 speciem

526 1838 863 1897 diatessaron
924 1844 1207 1900 melodiam
1259 1861 1410 1900 suam
1476 1854 1839 1914 componunt;
1896 1846 1949 1899 in
2006 1845 2107 1898 hoc

1592 461 1651 518 S.
1683 460 2057 517 συιιιεωιι
2104 458 2397 514 ΑΒΒᾸΤΙΞ
2433 454 2753 515 IIIRSAUG.

2123 580 2171 638 Α
2200 571 2336 625 ciem
2368 570 2663 639 (diapente)
2686 567 2988 637 deponitur.
3022 565 3259 633 Quartus
3280 576 3450 621 autent
3479 566 3753 640 subjugdis

3635 454 3753 510 IiT.’

2204 675 2591 730 synemmenon
2620 675 2725 713 non
2756 659 3078 730 contingens
3115 663 3362 716 naturale
3402 677 3432 715 a
3451 660 3522 717 G.
3550 663 3603 713 in
3623 661 3662 713 (Ξ
3688 663 3754 713 in-

2205 754 2286 809 fra
2319 753 2533 809 ﬁnalem
2564 753 2728 809 habet
2763 754 3039 824 diapente,
3071 756 3282 809 videtur
3317 754 3589 823 aliquibus
3611 756 3755 806 musi-

2203 845 2285 901 cis
2316 846 2367 899 in
2404 845 2684 915 superiore
2728 855 2889 899 cantu
2946 845 3273 915 regulariter
3328 844 3631 913 composito
3669 858 3755 895 non

2212 951 2336 1004 opus
2363 950 2512 999 esse;
2548 934 2769 988 minime
2801 934 3232 996 considerantes,
3265 948 3426 1003 quam
3456 947 3557 1001 per
3599 946 3759 984 neces—

2204 1026 2362 1079 saria:
2406 1024 2517 1078 sint
2542 1023 2801 1081 utilitates
2829 1021 2993 1077 etiam
3026 1023 3078 1077 in
3127 1021 3401 1088 inferiore,
3437 1036 3551 1076 non
3573 1020 3686 1073 dico
3704 1020 3755 1070 ad

2203 1116 2375 1171 dulcis
2397 1114 2679 1169 cantilena:
2702 1120 2951 1168 Ornatum
2973 1156 2987 1179 ,
3016 1130 3206 1171 verum
3238 1112 3399 1167 etiam
3438 1110 3508 1163 ad
3545 1110 3759 1163 omnium

2203 1204 2485 1276 plagarum
2536 1202 2816 1259 naturales
2836 1244 2853 1270 ,
2899 1204 3355 1271 inevitabilesque
3375 1200 3759 1269 dispositiones,

2204 1313 2324 1366 qua:
2364 1296 2536 1366 magis
2578 1296 2629 1350 vi
2681 1312 2844 1367 quam
2872 1296 3114 1366 potentia
3162 1306 3371 1352 natum:
3399 1296 3539 1350 infra
3575 1294 3761 1349 ﬁnalem

2206 1402 2361 1442 suum
2391 1401 2496 1441 non
2543 1385 2714 1440 solum
2749 1386 3022 1456 diapente,
3049 1386 3142 1441 sed
3170 1395 3227 1440 et
3262 1389 3535 1457 propriam
3558 1387 3762 1454 speciem

2209 1476 2458 1545 diapente
2478 1484 2758 1547 expetunt,
2788 1485 3016 1545 excepto
3045 1475 3309 1546 subjugali
3341 1483 3563 1544 quarto.

2869 1586 3131 1642 XXXVII.

2320 1677 2470 1743 Quod
2505 1695 2596 1747 per
2652 1677 2991 1731 elevationem
3040 1689 3087 1730 et
3127 1679 3506 1745 depositione»!
3554 1679 3686 1731 rari:

2722 1758 3095 1801 construantur
3119 1751 3276 1817 tropi.

2284 1837 2554 1907 Diapason
2597 1837 2736 1908 proti
2769 1853 2798 1891 a
2825 1837 2886 1892 D.
2918 1837 2969 1890 in
3002 1852 3055 1890 a.
3078 1837 3356 1906 diapente,
3394 1838 3469 1891 ab
3527 1854 3581 1892 a.
3633 1840 3684 1894 in
3722 1838 3767 1892 δ.

524 1945 655 1986 vero
696 1933 851 1991 valde
890 1935 1201 2000 dissimiles,
1254 1939 1396 2005 quod
1441 1939 1493 1991 in
1528 1935 1860 1990 naturalibus
1912 1949 2103 1989 vocum
2139 1920 2181 1978 Β
2221 1930 2605 1995 diatessaron;
2636 1944 2667 1984 e
2707 1944 3026 1985 convcrsoa
3078 1929 3131 1983 d.
3156 1930 3209 1983 in
3234 1928 3298 1984 G.
3333 1930 3614 2000 diapente,
3652 1946 3680 1984 a
3715 1930 3767 1986 Ε.

524 2041 745 2082 suarum
781 2030 958 2085 modis
992 2031 1152 2102 longe
1184 2032 1428 2087 diversas
1473 2030 1853 2086 distinctiones
1880 2027 2107 2082 faciunt.

526 2116 854 2174 Sicntenim
897 2123 1083 2191 prima:
1110 2123 1311 2193 speciei
1348 2124 1687 2178 diatessaron
1737 2120 1781 2175 si
1835 2119 2111 2174 addideris

523 2215 712 2262 tonum
783 2212 1066 2280 superius,
1121 2214 1299 2285 oritur
1346 2213 1518 2283 prima
1568 2211 1777 2280 species
1835 2209 2109 2278 diapente,

520 2312 642 2367 quae
666 2310 752 2354 est
780 2302 944 2370 proli,
969 2302 1055 2356 vel
1083 2303 1129 2358 si
1158 2305 1465 2358 conversint
1492 2304 1667 2359 eidem
1698 2300 1884 2370 prima:
1910 2300 2109 2370 speciei

521 2390 857 2447 diatessaron
883 2394 1160 2450 addideris
1187 2404 1377 2450 tonum
1424 2395 1670 2460 inferius,
1693 2397 1868 2450 oritur
1915 2401 2109 2465 quarta

520 2481 721 2555 (tertia)
763 2485 975 2555 species
1017 2486 1288 2557 diapente,
1317 2502 1437 2557 qua:
1475 2497 1560 2542 est
1608 2488 1865 2541 tetrardi.
1896 2486 1985 2541 Sic
2013 2486 2113 2540 mi-

523 2589 643 2627 rum
678 2575 732 2629 in
758 2576 975 2632 modum
1014 2580 1292 2634 contrario
1329 2578 1518 2634 ordine
1561 2579 1887 2633 naturalium
1919 2592 2108 2633 vocum

524 2680 749 2722 suarum
785 2669 973 2739 primae
1003 2671 1203 2741 speciei
1236 2671 1577 2727 diatessaron
1622 2672 1668 2727 si
1715 2670 1989 2726 addideris
2026 2679 2109 2724 to-

529 2774 660 2813 num
688 2775 753 2814 ex
780 2771 1012 2830 utroque
1038 2762 1231 2829 latere,
1270 2764 1497 2820 inferior
1528 2772 1686 2820 tonus
1712 2764 1970 2819 remissus
2003 2762 2113 2831 pri-

522 2866 670 2905 mum
704 2852 923 2907 modum
968 2870 1161 2910 vocum
1204 2855 1345 2925 proti
1396 2871 1493 2925 per
1543 2856 1819 2926 propriam
1874 2854 2109 2925 speciem

522 2940 777 3011 diapente
833 2943 1082 3011 intendi,
1136 2954 1373 3015 tonoqne
1414 2945 1544 3000 facit
1588 2946 1839 3001 remitti.
1864 2944 2112 3013 superior

523 3038 707 3084 autem
744 3041 903 3089 tonus
922 3034 1166 3090 intensus
1215 3044 1466 3105 quartum
1498 3036 1714 3091 modum
1746 3049 1960 3100 vocum,
1991 3049 2111 3103 qua:

525 3128 611 3175 est
642 3124 874 3178 tetrardi
909 3134 1034 3180 tono
1090 3140 1316 3197 surgere
1341 3136 1397 3181 et
1429 3126 1649 3197 propria
1699 3126 1913 3196 specie,
1945 3126 1998 3179 id
2027 3132 2113 3179 est

526 3222 720 3279 quarta
750 3214 1002 3285 diapente
1026 3217 1223 3287 deponi
1248 3220 1412 3288 cogit.
1438 3219 1776 3289 Cuicumque
1813 3219 1956 3274 enim
1988 3232 2111 3287 spe-

531 3308 630 3363 ciei
682 3310 1020 3366 diatessaron
1058 3320 1242 3369 tonum
1288 3315 1561 3371 addideris
1600 3329 1765 3384 supra
1802 3315 1886 3369 vel
1941 3312 2105 3379 infra,

526 3402 703 3457 oritur
738 3403 833 3458 tibi
864 3404 1073 3473 species
1102 3415 1243 3475 prott
1276 3421 1358 3461 vei
1398 3407 1643 3461 tetrarai.
1686 3406 2103 3475 Quamcumque

523 3494 762 3564 speciem
818 3495 1067 3567 diapente
1105 3498 1247 3568 proti
1283 3498 1368 3553 vel
1409 3499 1658 3564 tetrardi,
1716 3497 1985 3569 siquidem
2034 3497 2105 3552 ibi

529 3587 710 3659 aliqua
737 3591 947 3660 species
970 3592 1085 3646 ﬁeri
1125 3600 1326 3662 potest,
1374 3594 1518 3661 quod
1547 3593 1799 3647 deuterus
1842 3606 1906 3645 ac
1948 3590 2109 3644 tritus

527 3680 584 3734 in
611 3682 787 3737 modis
807 3698 1000 3738 vocum
1031 3684 1235 3740 habent
1284 3686 1337 3739 in
1383 3685 1721 3740 diatessaron
1743 3726 1758 3749 ,
1793 3684 1897 3740 hoc
1923 3692 2111 3753 protus

529 3780 585 3825 et
615 3774 886 3829 tetrardus
914 3774 1117 3830 habent
1154 3776 1207 3830 in
1243 3777 1580 3831 diatessaron
1602 3814 1619 3839 ,
1671 3775 1774 3829 hoc
1822 3782 2009 3843 protus
2055 3781 2111 3825 et

530 3866 806 3921 tetrardus
844 3866 1044 3922 habent
1082 3868 1138 3923 in
1173 3868 1450 3939 diapente,
1477 3869 1530 3923 hi
1561 3869 1615 3923 in
1646 3866 2000 3930 intendendo,
2032 3863 2107 3918 illi

539 3957 595 4011 in
626 3957 977 4014 remittendo.

1213 4051 1429 4107 XXXV.

951 4141 1029 4196 De
1052 4141 1405 4212 refragatione
1432 4153 1722 4210 troporum.

605 4234 922 4305 Refragatio
948 4234 1157 4290 deuteri
1191 4236 1272 4289 vel
1313 4236 1423 4289 triti
1454 4235 1632 4305 primo
1658 4236 1717 4287 ﬁt
1742 4235 1792 4287 in
1826 4231 1999 4285 modis
2021 4247 2112 4285 vo-

530 4340 679 4393 cum,
709 4325 836 4395 quia
869 4324 1012 4395 quod
1045 4335 1235 4393 protus
1254 4334 1311 4380 et
1349 4325 1624 4380 tetrardus
1648 4325 1849 4379 habent
1900 4323 1953 4376 in
1996 4322 2111 4376 dia-

529 4423 713 4483 pente,
757 4415 850 4470 isti
891 4417 1093 4472 habent
1134 4416 1188 4469 in
1237 4416 1593 4471 diatessaron.
1654 4414 1924 4474 Secundo,
1969 4414 2113 4483 quod

532 4502 787 4558 bifariam
829 4519 926 4575 per
962 4505 1214 4575 diapente
1240 4516 1298 4560 et
1335 4506 1670 4561 diatessaron
1699 4504 1955 4561 constitui
2006 4519 2111 4558 non

2213 2028 2266 2082 in
2299 2028 2357 2081 D.
2387 2027 2720 2082 diatessaron
2753 2024 3020 2088 _bifarium
3062 2034 3385 2079 construunt
3427 2042 3445 2078 :
3483 2025 3622 2081 idem
3661 2042 3765 2095 quo

2212 2102 2317 2188 que
2346 2118 2526 2173 facere
2555 2116 2761 2187 poteris
2798 2118 2863 2171 de
2900 2115 3186 2187 diapason,
3233 2121 3401 2187 plaga:
3463 2115 3679 2185 eius,et
3720 2118 3771 2169 de

2210 2209 2470 2279 diapason
2506 2208 2805 2263 authentici
2835 2208 3063 2263 deuteri.
3098 2208 3525 2278 Diapasonivero
3550 2208 3772 2278 subjuga-

2211 2302 2277 2356 lis
2304 2302 2510 2357 deuteri
2560 2317 2589 2354 a
2641 2300 2700 2354 Β.
2729 2302 2779 2355 in
2806 2301 2859 2355 b.
2890 2316 2987 2370 per
3012 2301 3263 2371 diapente
3313 2302 3410 2372 (et)
3453 2303 3771 2356 diatessaron

2210 2392 2445 2447 secunda
2480 2392 2597 2447 vice
2620 2390 2858 2445 construi
2894 2406 2997 2445 non
3032 2400 3212 2459 potest
3242 2400 3467 2461 prepter
3500 2392 3613 2445 duo
3639 2391 3772 2446 senti-

2213 2484 2358 2537 tonia
2390 2482 2674 2537 dumtaxat
2722 2482 2783 2536 B.
2830 2482 2893 2535 F.
2928 2480 3068 2536 infra
3096 2497 3216 2552 quae
3243 2483 3473 2536 tritonus
3503 2497 3615 2536 non
3640 2481 3775 2535 habe-

2213 2587 2319 2643 tur,
2346 2579 2471 2649 quia
2498 2577 2750 2647 diapente
2772 2576 3064 2651 semitonio
3097 2591 3205 2629 uno
3227 2586 3282 2629 et
3311 2575 3485 2629 tribus
3514 2575 3657 2628 tonis
3674 2588 3777 2626 coo-

2214 2674 2413 2728 ﬁcitur.
2452 2671 2715 2727 Similiter
2742 2669 3088 2724 authenticus
3131 2668 3293 2721 tritus
3321 2668 3370 2720 in
3408 2683 3514 2721 suo
3540 2668 3777 2737 diapason

2210 2762 2585 2833 bifariamfper
2615 2763 2871 2832 diapente
2917 2769 2972 2815 et
3025 2760 3365 2815 diatessaron
3394 2758 3780 2813 nonconstrui-

2213 2864 2323 2920 tur,
2352 2855 2476 2925 quia
2515 2853 2654 2907 infra
2687 2854 2792 2909 duo
2817 2852 3105 2908 setnitonia
3132 2850 3367 2905 tritonus
3396 2851 3572 2906 deest.
3609 2850 3663 2905 Si
3693 2866 3777 2904 au-

2214 2954 2321 2999 tem
2359 2943 2526 2999 semel
2554 2944 2758 2999 dixeris
2787 2959 2817 2998 a
2852 2943 2914 2998 F.
2953 2944 3008 2997 in
3042 2958 3095 3007 e,
3143 2941 3419 3010 diapente,
3442 2950 3499 2995 et
3526 2957 3558 2994 a
3587 2958 3637 2995 c.
3674 2942 3721 2994 in
3748 2940 3777 2993 ί

2213 3037 2576 3101 diatessaron,
2629 3034 2900 3105 quomodo
2952 3035 3056 3088 hoc
3087 3034 3396 3088 conversint
3426 3033 3667 3088 secunda
3690 3033 3783 3085 rice

2213 3127 2378 3183 facias
2424 3143 2529 3182 non
2572 3128 2760 3183 habes.
2808 3127 2971 3197 Plaga
3028 3141 3158 3182 vero
3197 3124 3314 3193 ejus
3352 3136 3408 3182 et
3446 3126 3777 3181 authenticos

2218 3223 2491 3278 tetrardus
2525 3238 2648 3276 cum
2688 3221 2840 3292 plaga
2899 3236 2994 3274 sua
3054 3219 3220 3275 semel
3274 3236 3373 3288 per
3422 3220 3781 3279 intentionem.

2212 3318 2451 3372 secundo
2474 3330 2572 3386 per
2598 3315 2998 3380 remissionem,
3038 3313 3180 3368 sicut
3210 3324 3401 3383 protus
3430 3321 3490 3368 et
3520 3312 3676 3384 plaga
3698 3328 3777 3367 sua

2211 3410 2458 3465 bifariam
2486 3416 2897 3465 Construuntur.

2212 3552 2215 3555 .
2283 3502 2528 3569 Quatuor
2552 3498 2880 3571 principales
2908 3498 3128 3553 chorda:
3160 3496 3299 3567 proti
3321 3496 3389 3550 Δ.
3421 3496 3490 3550 D.
3519 3511 3571 3550 a.
3595 3496 3651 3549 d.
3673 3495 3777 3564 quia

2214 3593 2500 3662 aequaliter
2523 3605 2716 3647 omnes
2765 3600 2896 3645 tono
2924 3588 3301 3649 remittuntur,
3332 3596 3387 3642 et
3416 3587 3595 3656 prima
3628 3586 3784 3655 specie

2214 3686 2467 3756 diapente
2498 3685 2873 3746 intenduntur,
2918 3679 3077 3749 primi
3123 3679 3270 3733 modi
3319 3678 3640 3747 qualitatem
3687 3676 3786 3729 red-

2216 3776 2370 3832 dunt.
2398 3774 2737 3845 Principales
2767 3771 2985 3827 chorda:
3035 3769 3243 3826 deuteri
3273 3769 3337 3825 Β.
3366 3770 3426 3824 Ε.
3456 3756 3524 3836 h.
3544 3784 3597 3824 e.
3623 3769 3785 3822 ditem

2215 3867 2481 3932 remissae,
2523 3873 2580 3919 et
2616 3861 2851 3919 secunda
2884 3861 3066 3929 specie
3097 3860 3440 3915 diatessaron
3470 3860 3696 3913 intensa
3716 3870 3785 3911 se-

2216 3960 2376 4015 cundi
2452 3958 2596 4012 modi
2677 3955 3040 4011 differentiam
3116 3953 3385 4023 pandunt.
3466 3951 3785 4022 Principales

2212 4049 2432 4105 chordae
2466 4048 2577 4102 triti
2608 4046 2673 4103 C.
2711 4045 2773 4100 F.
2819 4061 2871 4101 c.
2920 4044 2960 4099 f.
3016 4045 3179 4099 tertia
3229 4042 3413 4112 specie
3460 4042 3781 4097 diatessaron

2214 4142 2460 4196 remissa:
2508 4148 2564 4194 et
2612 4139 2799 4192 ditono
2854 4136 3147 4207 mqnaliter
3200 4136 3428 4189 intensa:
3480 4134 3623 4189 tertii
3658 4132 3785 4189 modi

2214 4233 2534 4302 qualitatem
2593 4231 2865 4300 aperiunt.
2921 4227 3261 4297 Principales
3309 4227 3534 4283 chorda:
3581 4225 3784 4280 tetrardi

2214 4324 2279 4379 D.
2305 4324 2370 4379 G.
2404 4324 2456 4377 d.
2487 4339 2539 4392 g.
2572 4332 2699 4377 tono
2744 4336 2937 4377 omnes
2997 4321 3224 4375 intensa:
3290 4328 3347 4373 et
3389 4330 3584 4391 quarta
3629 4320 3785 4389 specie

2216 4416 2466 4485 diapente
2491 4414 2729 4468 remissae
2760 4413 2937 4482 quarti
2967 4412 3112 4467 modi
3136 4408 3513 4467 differentiam
3544 4413 3781 4481 pandunt.

2272 4506 2427 4583 ‘Ecce
2470 4490 2716 4559 diversas
2747 4512 2981 4572 quatuor
3016 4504 3303 4559 modorum
3324 4505 3624 4576 qualitates
3668 4520 3781 4573 qna-

533 4604 761 4664 possunt
792 4596 844 4649 in
874 4597 1150 4666 diapason,
1177 4598 1632 4667 quemadmodum
1670 4596 1879 4661 czeteri,
1921 4596 2109 4650 deute-
2143 4621 2189 4678 ι)
2218 4606 2341 4652 tuor
2367 4596 2691 4666 principales
2722 4597 2943 4651 chordae
2994 4605 3273 4665 troporum
3325 4599 3664 4667 apertissime
3688 4614 3779 4649 nu-

535 4700 633 4739 rus
655 4685 708 4739 in
742 4685 923 4756 plaga,
962 4687 1120 4741 tritus
1144 4688 1197 4742 in
1226 4689 1522 4743 autentico.
1562 4688 1768 4752 Tertio,
1808 4687 1951 4758 quod
1980 4687 2109 4742 dcu-

534 4784 685 4830 terus
729 4776 1082 4846 principalem
1104 4779 1186 4832 sui
1217 4779 1474 4834 chordam
1504 4788 1725 4848 propter
1753 4779 1906 4834 sedes
1933 4788 2111 4848 tropo-

535 4883 657 4922 rum
680 4868 821 4924 infra
848 4885 913 4925 ac
939 4885 1101 4940 supra
1126 4871 1408 4926 rarissime
1436 4872 1721 4941 contingit.

1208 4984 1445 5039 XXXVI.

658 5076 898 5143 Qualiter
922 5087 1025 5131 tres
1054 5076 1175 5141 subj
1184 5096 1193 5125 ε
1214 5075 1355 5147 gales
1381 5078 1575 5147 species
1602 5078 1841 5147 diapente
1871 5077 2014 5146 infra

1083 5146 1297 5216 ﬁnalem
1323 5146 1569 5201 habeant.

605 5239 759 5307 Quod
789 5238 1099 5311 subiugales
1130 5248 1241 5295 tres
1268 5240 1438 5310 magis
1462 5240 1515 5294 vi
1547 5254 1707 5310 quam
1741 5240 1982 5311 potentia
2010 5254 2110 5293 na-

532 5340 667 5384 tura:
692 5330 966 5401 propriam
1001 5330 1237 5401 speciem
1274 5329 1525 5401 diapente
1569 5330 1713 5386 intra
1753 5330 1966 5386 ﬁnalem
2017 5344 2113 5385 cx-

533 5431 747 5491 petunt,
780 5423 905 5478 inde
933 5424 1015 5488 ﬁt,
1042 5425 1186 5493 quod
1225 5423 1452 5479 inferius
1476 5438 1864 5495 synemmenon
1911 5439 1942 5477 a
1992 5438 2109 5477 mo-

535 5515 720 5570 dernis
767 5517 1070 5582 inventum,
1101 5517 1279 5572 minus
1332 5519 1607 5588 regulare,
1655 5517 1884 5587 ideoque
1935 5515 2112 5571 minus

535 5615 622 5660 est
651 5607 921 5662 naturale.
951 5608 1169 5665 Primus
1214 5608 1506 5681 subjugalis
1545 5626 1641 5678 per
1671 5610 1735 5665 Ι).
1771 5611 1833 5666 C.
1854 5609 1919 5664 Β.
1941 5611 2009 5665 Α.
2048 5609 2107 5666 V.

534 5713 627 5768 per
655 5700 927 5768 prepriam
958 5703 1159 5770 specim
1196 5703 1445 5772 diapente
1485 5703 1782 5758 descendit.
1831 5701 2109 5757 Secundus

536 5803 633 5856 per
655 5788 718 5841 E.
752 5789 816 5841 ι).
848 5788 910 5842 C.
954 5790 1016 5843 B.
1058 5792 1123 5845 A.
1165 5810 1258 5862 per
1294 5809 1448 5847 suum
1489 5795 1740 5863 diapente
1793 5793 2104 5848 remittitur.

544 5879 760 5933 Tertius
806 5893 933 5932 vero
964 5896 1058 5949 per
1087 5882 1147 5935 F.
1183 5884 1243 5935 Ε.
1270 5884 1331 5937 D.
1365 5885 1423 5939 C.
1457 5885 1512 5936 ll.
1560 5902 1649 5953 per
1674 5886 1948 5956 propriam
1983 5900 2107 5955 spe-

2216 4688 2497 4743 nifcstant.
2550 4687 2676 4743 Ideo
2738 4696 2922 4742 autem
2976 4686 3060 4741 ha:
3109 4686 3459 4743 diversitates
3510 4689 3562 4741 in
3598 4696 3781 4755 septem

2215 4778 2623 4835 discriminibus
2674 4776 2792 4832 ﬁeri
2842 4776 3122 4842 dicuntur,
3155 4778 3284 4847 quia
3325 4778 3380 4831 in
3437 4776 3780 4831 monochordo

2214 4882 2452 4945 septenas
2483 4887 2643 4928 voces
2672 4871 2728 4925 in
2756 4870 2951 4935 acutis,
2986 4870 3039 4924 id
3084 4878 3188 4933 est,
3232 4885 3263 4923 a
3315 4884 3467 4924 mese
3516 4884 3683 4936 usque
3726 4868 3778 4916 ad

2216 4963 2378 5018 ﬁnem
2405 4978 2514 5018 non
2537 4961 2659 5017 alia:
2687 4969 2835 5025 sunt,
2866 4960 2965 5014 sed
3008 4959 3234 5023 eaedem,
3270 4974 3391 5027 qua:
3421 4957 3777 5033 itt_gravibtts;

2216 5053 2360 5107 unde
2422 5052 2620 5122 singuli
2690 5060 2974 5121 troporum
3043 5063 3417 5120 quascumque
3481 5046 3779 5118 principales

2212 5144 2444 5200 chordas
2472 5143 2676 5197 habent
2706 5143 2760 5197 in
2785 5142 3043 5214 gravibus
3069 5141 3289 5197 easdem
3313 5140 3517 5196 habent
3538 5138 3776 5197 inacutis;

2212 5238 2353 5292 sicut
2411 5245 2599 5307 protus
2652 5236 2706 5290 in
2767 5234 3028 5305 gravibus
3063 5236 3128 5288 A.
3182 5242 3238 5287 et
3275 5233 3338 5288 D.
3368 5242 3425 5288 et
3451 5232 3697 5286 similiter
3734 5231 3777 5280 ia

2212 5329 2387 5384 aeutis
2446 5347 2499 5382 a.
2540 5339 2596 5384 et
2624 5329 2677 5384 d.
2708 5327 3037 5397 principales
3065 5325 3299 5382 chordas
3333 5326 3515 5381 habet.
3540 5322 3627 5379 Sic
3654 5321 3775 5375 etde

2210 5419 2440 5475 caeteris.

2855 5507 3139 5564 XXXVIII.

2711 5603 2789 5658 De
2834 5605 3004 5658 modis
3041 5619 3244 5659 vocum.

2282 5699 2497 5754 Primus
2540 5699 2733 5755 modus
2780 5712 2973 5753 vocum
3003 5696 3081 5762 ﬁt,
3132 5696 3458 5767 ubicumque
3505 5709 3601 5751 vox
3658 5702 3771 5747 toan

2214 5791 2414 5862 poterit
2443 5791 2669 5857 remitti,
2691 5799 2747 5845 et
2785 5790 2957 5859 prima
2988 5788 3171 5859 specie
3194 5789 3444 5859 diapente
3468 5786 3687 5845 intendi.
3721 5794 3769 5835 ot

2215 5885 2270 5939 in
2303 5883 2365 5936 Α.
2418 5883 2476 5936 D.
2529 5900 2580 5936 a.
2616 5885 2667 5938 tl.
2726 5874 3117 5952 principalibus
3157 5882 3374 5936 chordis
3422 5880 3557 5936 nroti
3604 5886 3765 5947 pote“
