3886 6308
177 417 296 474 H73

1657 430 1705 486 Μ
1714 432 1905 491 USICA
1918 473 1934 489 .

3267 454 3398 508 1171

178 542 397 598 agnOSCI,
441 527 664 625 Ideoque
726 528 867 625 idem
914 531 1112 625 modus
1153 544 1312 605 proto
1352 530 1802 604 indiﬂerenter’A
1828 562 1995 616 quum
2044 549 2098 605 in
2144 559 2377 621 quatuor
2422 568 2575 625 mque
2622 555 2803 615 divine
2846 564 3145 617 intervaua.
3194 581 3396 620 norum

170 625 396 686 aptatur,
424 618 875 686 quemadmodnm
912 622 1027 679 haec
1064 626 1373 684 authentica
1426 632 1721 701 antiphona

174 708 348 776 probat
372 724 386 762 :
415 707 689 777 Prop/actm
712 712 1144 780 prwdicavemnl.
1170 716 1475 785 Secundum
1505 724 1724 778 modum

174 816 262 855 vox
278 801 453 857 ditono
486 802 729 870 remissa,
760 808 1261 879 etsecundospecie
1283 811 1615 869 diatessaron
1640 815 1722 870 in-

170 900 302 945 tensa
324 892 631 961 pandit,qni
651 895 706 947 lit
723 893 773 947 in
789 893 848 947 Β.
872 895 928 948 E.
949 895 1009 967 η.
1028 912 1078 953 e.
1094 899 1477 969 principalibus
1500 904 1720 960 chordis

168 982 376 1046 deuteri,
408 983 492 1037 cui
525 991 582 1037 et
606 983 745 1038 idem
781 985 973 1042 modus
1005 988 1331 1057 attitulatur,
1364 993 1506 1048 hunc
1534 994 1719 1065 plaga-

167 1074 223 1129 lis
249 1074 354 1129 haec
385 1075 676 1144 antipbona
732 1078 923 1146 pandit
953 1096 966 1132 :
1001 1076 1182 1135 Gloria
1220 1084 1333 1138 lucc
1378 1096 1472 1140 est.
1505 1087 1719 1144 Tertius

167 1166 337 1219 modus
356 1167 511 1219 tertia
537 1169 721 1235 specie
738 1169 1079 1227 diatessaron
1112 1175 1427 1245 remittitur,
1451 1188 1504 1233 et
1532 1180 1717 1235 ditono

161 1252 453 1322 intenditur,
486 1256 627 1310 sicut
653 1257 761 1310 triti
798 1259 1124 1331 principales
1163 1265 1382 1321 chordze
1415 1267 1476 1322 (ἴ.
1504 1266 1564 1320 F.
1590 1283 1641 1323 c.
1672 1268 1712 1323 l'.

164 1342 440 1408 declarant,
464 1347 618 1413 cujus
639 1357 694 1402 et
726 1348 868 1404 idem
914 1352 1111 1407 modus
1148 1363 1259 1423 est;
1287 1356 1591 1427 hujnsmodi
1634 1359 1718 1413 in-

159 1437 333 1490 dicium
362 1450 443 1493 est
474 1439 527 1493 in
557 1441 658 1495 hac
697 1442 892 1514 plagali
935 1446 1229 1516 antiphona
1261 1468 1274 1503 :
1301 1449 1570 1505 Modicum
1590 1493 1605 1518 ,
1664 1461 1715 1507 et

157 1546 244 1583 non
271 1531 515 1585 ridebitis.
543 1532 806 1599 Quartum
830 1550 1045 1592 mounm
1069 1554 1262 1595 vocum
1289 1550 1414 1598 tono
1442 1544 1710 1600 intensum

156 1625 200 1671 ct
246 1629 429 1687 quarta
488 1622 669 1690 specie
712 1624 964 1693 diapente
1017 1629 1302 1685 remissum
1363 1633 1711 1689 tetrachordo

154 1718 395 1776 aptamus,
429 1712 557 1780 quia
586 1714 753 1783 ipsius
774 1717 1102 1788 principales
1125 1721 1338 1777 chordae
1370 1724 1431 1777 D.
1457 1723 1524 1779 G.
1559 1726 1613 1780 d.
1647 1742 1702 1796 g.

150 1801 277 1855 illum
301 1803 714 1875 conﬁciunt,qui
744 1810 933 1865 modus
963 1812 1067 1867 hoc
1097 1815 1333 1884 speciale
1364 1816 1508 1891 inter
1536 1828 1703 1873 caete-

152 1908 226 1948 ros
250 1892 464 1960 obtinet,
488 1898 633 1966 quod
675 1914 783 1954 non
809 1900 981 1957 solum
1012 1903 1114 1959 hac
1140 1906 1452 1965 autltentica
1492 1910 1702 1981 antiph.
1733 1899 1782 1960 Β

150 1982 199 2036 Si
218 2001 319 2038 vere
338 1987 554 2055 fratres,
583 1989 678 2044 sed
707 2001 762 2044 et
793 1992 893 2048 bac
918 1995 1111 2064 plagali
1146 1998 1444 2068 antiphona
1486 2018 1501 2055 :
1544 2001 1704 2057 Multi

151 2076 355 2144 veniunt,
409 2087 591 2147 potest
637 2082 912 2152 dignosci;
964 2088 1171 2157 primo,
1206 2090 1333 2159 quia
1364 2106 1486 2147 cum
1516 2108 1704 2148 onmes

146 2170 336 2224 cliordce
361 2170 501 2226 infra
523 2182 782 2229 statutum
809 2178 1099 2234 terminum
1124 2181 1433 2250 quindecim
1472 2185 1706 2241 chorda-

148 2275 247 2313 rum
297 2276 517 2318 suorum
563 2275 814 2320 octavam
874 2278 1149 2338 repetant,
1198 2270 1253 2325 b.
1290 2288 1503 2344 quoque
1544 2276 1703 2332 molle

143 2365 277 2404 suum
308 2352 502 2421 repetit
529 2352 591 2406 Β.
616 2354 878 2423 secundo,
940 2358 1067 2428 quia
1116 2362 1486 2432 unusquisque
1518 2372 1701 2432 tropus

144 2440 243 2495 sine
261 2440 495 2496 inferiori
546 2459 932 2515 synemmenon
982 2449 1258 2519 propriam
1313 2451 1545 2521 speciem
1588 2453 1702 2507 dia-

144 2542 280 2600 ponte
303 2534 435 2589 inira
467 2535 689 2591 finalem
713 2552 868 2592 suum
896 2555 1001 2593 non
1032 2549 1212 2611 potest
1249 2543 1469 2611 habere,
1501 2554 1699 2615 praeter

143 2626 430 2681 tctrardum.
453 2621 459 2627 ’

779 2700 1021 2758 XXXIX.

198 2785 455 2852 Quomodo
513 2794 934 2863 proportionibus
985 2805 1213 2865 quatuor
1262 2800 1625 2853 consonantia:

767 2874 1022 2918 constent.

192 2948 527 3009 Diatessaron
573 2964 790 3010 constat
833 2970 898 3011 ex
933 2957 1278 3027 sesquitertia
1319 2960 1689 3030 proportione,

133 3037 255 3095 sicut
278 3051 357 3097 est
391 3054 633 3114 quatuor
659 3045 725 3100 ad
756 3046 882 3112 tria,
913 3047 1004 3102 ubi
1044 3048 1218 3119 major
1243 3066 1504 3106 numerus
1528 3053 1693 3107 habet

134 3130 178 3183 in
199 3147 251 3188 se
274 3136 535 3192 minorem
569 3153 857 3193 numerum
891 3146 1063 3195 totum
1096 3150 1153 3196 et
1177 3142 1400 3212 insuper
1426 3142 1544 3213 ejus
1582 3151 1690 3196 ter-

1826 639 2037 709 singula
2060 641 2284 712 singulis
2316 644 2640 715 deputentur
2677 651 2865 721 tropis,
2898 652 3244 725 ipsorumque
3272 672 3398 726 pro-

1822 730 1954 799 priis
1983 732 2354 789 inscribantur
2382 736 2723 806 nominibus;
2757 740 3000 796 inﬁmum
3032 759 3270 813 namque
3317 746 3399 800 in-

1823 827 2105 883 tervallum
2163 830 2378 887 tibimet
2431 833 2744 904 contiguum
2811 838 3116 893 nominetur
3176 848 3397 908 protus,

1822 920 1949 976 huic
2000 922 2239 977 vicinum
2292 924 2571 991 deuterus,
2604 926 2962 997 penultimum
3004 930 3180 992 tritus,
3208 946 3397 1000 supre-

1820 1025 1966 1064 mum
2011 1012 2305 1077 tetrardus,
2354 1024 2409 1067 et
2440 1029 2545 1068 non
2594 1014 2769 1070 solum
2810 1016 3056 1084 tetrardi,
3099 1021 3193 1073 sed
3230 1019 3393 1072 etiam

1819 1103 2224 1172 dispositionem
2272 1106 2539 1177 regularis
2580 1108 2821 1162 continet
2865 1108 3234 1164 monochordi.
3288 1108 3396 1166 No-

1818 1195 1963 1250 mina
2014 1211 2142 1252 vero
2184 1198 2408 1266 singulis
2469 1199 2767 1255 intervallis
2819 1201 3158 1257 inscribenda
3206 1204 3395 1269 prima!

1815 1288 1925 1342 sint
1955 1288 2170 1358 syllabae
2201 1289 2534 1360 singulorum
2565 1300 2799 1361 quatuor
2833 1301 3112 1361 troporum
3139 1291 3250 1346 PR.
3283 1291 3392 1345 DE.

1816 1376 1928 1432 TR.
1960 1378 2068 1431 TE.
2097 1378 2220 1434 Ilatc
2244 1392 2424 1435 autem
2455 1393 2918 1453 monogramtnata
2960 1384 3034 1438 ita
3072 1384 3247 1440 tenaci
3281 1398 3393 1438 tne-

1815 1470 2001 1526 morite
2019 1471 2185 1527 debes
2205 1474 2607 1539 commendare,
2631 1484 2685 1529 ut
2703 1491 2828 1530 cum
2856 1476 3057 1544 aliquid
3079 1475 3392 1531 nominave-

1814 1559 1909 1626 ris,
1924 1561 2105 1616 statim
2130 1560 2284 1631 cujus
2305 1564 2441 1633 tropi
2468 1563 2540 1618 sit
2569 1563 2696 1620 illud
2726 1565 3065 1620 intervallum
3099 1565 3388 1635 intelligas.

1883 1671 2079 1728 Positis
2136 1674 2340 1745 itaque,
2386 1686 2447 1729 ut
2500 1676 2757 1743 diximus,
2802 1678 3039 1747 quinque
3093 1677 3391 1733 intervallis

1811 1760 2079 1817 linearum
2126 1764 2288 1819 ductu
2317 1764 2607 1831 distinctis,
2641 1766 2694 1820 in
2722 1767 2909 1822 ultima
2950 1770 3222 1836 utrimque
3249 1768 3387 1821 linea

1812 1858 2106 1911 Secundum
2170 1872 2479 1913 mensuram
2533 1858 2799 1915 Guidonis
2842 1869 3038 1931 puncta
3089 1876 3121 1915 e
3173 1860 3389 1915 diverso

1808 1958 2120 2017 ponantur;
2174 1950 2240 2003 ad
2268 1965 2389 2020 quae
2433 1950 2594 2005 citius
2624 1951 2945 2006 invenienda
2983 1953 3150 2022 ipsius
3181 1952 3385 2008 domini

1808 2040 2072 2095 Guidonis
2109 2041 2287 2109 placet
2316 2051 2374 2095 ut
2411 2042 2659 2097 celeriori
2708 2059 2961 2099 mensura
2990 2045 3182 2109 utaris,
3219 2059 3385 2114 quam

1808 2140 1861 2188 et
1899 2132 1989 2187 hic
2038 2134 2382 2189 subscribere
2427 2148 2532 2189 non
2578 2136 2770 2206 piguit,
2823 2147 2884 2190 ut
2925 2150 3043 2191 eam
3091 2136 3289 2191 habeat
3328 2137 3384 2192 in

1805 2232 2041 2293 promtu,
2074 2224 2164 2294 qui
2192 2225 2342 2295 prius
2379 2240 2486 2280 non
2517 2224 2705 2279 habuit
2729 2226 2781 2279 in
2810 2240 2931 2280 usu.
2965 2225 3100 2281 Cum
3142 2227 3380 2295 primum

1804 2327 1835 2366 a
1863 2324 1919 2368 Γ.
1945 2326 2117 2383 usque
2158 2316 2227 2369 ad
2269 2314 2432 2370 linem
2458 2328 2653 2370 novem
2677 2329 2872 2386 passus
2898 2314 2953 2370 id
2985 2324 3067 2371 est
3090 2315 3383 2386 particulas

1804 2403 2014 2471 facias,
2065 2403 2274 2475 primus
2304 2420 2501 2476 passus
2549 2406 2859 2462 terminabit
2906 2407 2961 2461 in
3002 2408 3068 2462 Α.
3113 2407 3383 2463 secundus

1802 2504 1982 2564 vacat,
2028 2497 2221 2552 tertius
2262 2496 2316 2551 in
2360 2497 2424 2551 D.
2471 2507 2698 2567 quartus
2735 2508 2916 2565 vacat,
2961 2500 3183 2569 quintus
3226 2499 3278 2553 in
3322 2514 3377 2553 a.

1799 2596 1987 2643 sextus
2018 2588 2071 2641 in
2104 2588 2157 2643 d.
2181 2589 2442 2659 septimus
2468 2591 2521 2644 in
2553 2590 2604 2661 ζ.
2638 2590 2828 2660 reliqui
2851 2598 3066 2644 vacant.
3090 2590 3219 2644 Item
3245 2590 3371 2643 dum

1798 2678 1868 2732 ab
1905 2678 1973 2733 Α.
2005 2680 2070 2734 ad
2100 2679 2261 2735 linem
2291 2682 2514 2737 novenis
2542 2682 2783 2753 partiris,
2815 2682 3023 2753 primus
3054 2696 3245 2751 passus
3270 2689 3380 2736 ter-

1799 2768 2025 2824 minabit
2067 2770 2121 2825 in
2153 2770 2217 2826 Β.
2246 2773 2516 2828 secundus
2541 2782 2718 2838 vacat,
2743 2774 2934 2829 tertius
2967 2774 3020 2827 in
3056 2773 3118 2827 E.
3149 2781 3377 2842 quartus

1795 2908 1975 2966 vacat,
2008 2901 2228 2969 quintus
2264 2901 2317 2955 in
2348 2885 2391 2970 ᾗ
2439 2909 2623 2956 sextus
2645 2902 2696 2956 in
2736 2917 2788 2957 e.
2815 2901 3078 2971 septimus
3104 2903 3157 2963 in
3287 2915 3375 2956 re-

1793 3028 1925 3099 liqui
1953 3038 2166 3085 vacant.
2208 3030 2341 3085 Item
2372 3045 2493 3086 cum
2528 3045 2558 3085 a
2588 3042 2645 3086 Γ.
2688 3029 2755 3085 ad
2785 3029 2950 3085 linem
2984 3030 3266 3099 quaternis
3291 3027 3375 3083 di-

1794 3121 1954 3186 vidis,
1979 3122 2185 3191 primus
2203 3137 2395 3192 passus
2420 3122 2733 3176 terminabit
2762 3122 2816 3176 in
2847 3121 2903 3177 C.
2933 3120 3203 3177 secundus
3224 3120 3276 3174 in
3303 3118 3371 3175 G.

133 3226 242 3281 ““m
270 3240 496 3297 νετίθηδν
536 3231 587 3285 id
613 3239 699 3286 εει
722 3232 1008 3301 ¹¹¹¹ίι³ίθ¹¹³ν
1048 3234 1140 3303 (ιυί
1173 3211 1522 3303 δίηιιίυυηέιί
1552 3235 1687 3291 παπ
1717 3272 1759 3328 c
1795 3212 2421 3328 ξξῖἮ¹³ῗ.ἷ¹ἶ..¹ἶ’.Ἦῖίῖῗῖἷῖδ
2453 3212 2587 3328 9331‘:
2620 3212 2758 3328 ἒξζ
2792 3213 3019 3328 νῗῖῗίῗ
3038 3211 3376 3328 ’ῖῗῗῗῖεῗῖῗῗῖἷ

132 3327 312 3386 septem
346 3336 359 3373 :
390 3335 492 3391 per
535 3330 742 3392 septem
790 3323 953 3392 igitur
994 3324 1420 3381 monochordum
1456 3327 1689 3382 metiens

134 3407 328 3465 habebis
378 3411 433 3465 in
488 3412 668 3467 medio
709 3426 777 3467 ex
833 3422 1062 3482 utraque
1120 3423 1276 3484 parte
1325 3415 1686 3470 certissimam

129 3499 433 3557 diatessaron
459 3505 901 3559 consonantiam.
941 3506 1200 3577 Diapente
1225 3516 1448 3563 constat
1477 3523 1543 3562 ex
1570 3523 1685 3564 ses-

126 3586 364 3654 quialtera
406 3595 785 3663 proportione,
828 3595 971 3650 sicut
1017 3603 1103 3652 est
1144 3597 1251 3657 tria
1295 3598 1363 3653 ad
1407 3599 1548 3664 duo,
1595 3599 1686 3655 ubi

128 3679 275 3749 major
307 3700 566 3740 numerus
593 3687 860 3741 minorem
903 3687 1066 3742 habet
1103 3687 1156 3742 in
1198 3703 1278 3754 se,
1312 3699 1368 3745 et
1393 3690 1511 3759 ejus
1545 3691 1683 3748 alte—

127 3786 227 3827 ram
248 3784 475 3845 partem,
512 3791 648 3846 quos
690 3778 854 3833 simul
902 3779 1237 3851 conjungens
1265 3780 1492 3838 habebis
1521 3784 1687 3853 quin-

123 3876 216 3930 que
255 3881 268 3918 :
303 3882 395 3937 per
450 3869 694 3939 quinque
762 3869 907 3924 enim
968 3871 1391 3926 monochordum
1456 3874 1687 3931 metiens

125 3957 353 4024 diapente
401 3961 821 4017 consonantiam
869 3962 1128 4032 reperies.
1163 3962 1429 4033 Diapason
1473 3975 1686 4021 constat

122 4059 180 4100 et
204 4049 352 4120 dupla
391 4052 773 4122 proportione,
814 4052 957 4108 sicut
985 4038 1334 4120 quatuor'ad
1371 4056 1506 4121 duo;
1549 4070 1686 4125 quos

123 4139 162 4190 si
182 4138 432 4209 iunxeris,
464 4143 601 4197 ﬁunt
629 4157 755 4209 sex;
792 4158 889 4211 per
935 4157 1031 4197 sex
1062 4142 1230 4211 igitur
1262 4143 1521 4214 diapason
1553 4160 1683 4200 con-

124 4236 406 4289 sonantiam
436 4237 609 4291 debes
634 4236 838 4291 metiri.
870 4235 1140 4304 Diapason
1183 4250 1306 4290 cum
1335 4237 1681 4293 diatessaron

124 4332 312 4378 constat
346 4340 410 4380 ex
436 4325 596 4394 dupla
625 4325 1138 4395 superbipartiente,
1170 4326 1315 4380 sicut
1342 4334 1425 4380 est
1464 4338 1589 4381 octo
1616 4327 1685 4381 ad

126 4414 235 4477 tria,
259 4417 454 4471 habent
484 4417 629 4471 enim
660 4427 786 4471 octo
824 4418 878 4471 in
910 4431 970 4473 se
996 4418 1295 4473 ternarium
1331 4417 1434 4485 his,
1458 4427 1513 4473 et
1561 4419 1686 4474 hinc

122 4514 325 4561 vocatur
366 4507 585 4579 dnplus,
612 4517 668 4563 et
696 4508 856 4565 binas
895 4512 1113 4579 tertias,
1141 4511 1232 4583 qui
1264 4511 1438 4581 juncti
1483 4511 1687 4567 faciunt

1796 3302 1920 3357 liter
1943 3313 2177 3373 quatuor
2210 3319 2404 3373 passus
2452 3304 2578 3358 dum
2620 3303 2776 3370 facis,
2816 3305 3021 3373 primus
3060 3303 3375 3357 terminabit

1792 3391 1845 3446 in
1878 3391 1940 3445 F.
1981 3393 2252 3464 secundus
2286 3393 2340 3447 in
2389 3409 2438 3448 c.
2476 3394 2669 3448 tertius
2700 3395 2752 3448 in
2783 3396 2829 3457 ἓ.
2864 3403 3089 3464 quartus
3121 3394 3259 3448 linit.
3290 3392 3373 3447 Ab

1789 3482 1853 3537 F.
1886 3490 2064 3538 autem
2090 3463 2486 3553 qu'aternorum
2527 3498 2782 3553 passuum
2815 3486 3024 3554 primus
3062 3484 3373 3539 terminabit

1789 3572 1845 3628 in
1876 3573 1928 3627 b.
1970 3573 2263 3628 rotundum
2320 3572 2372 3627 id
2397 3582 2482 3628 est
2505 3587 2915 3645 synemmenou,
2950 3575 3219 3628 secundus
3247 3572 3364 3627 inf.

1792 3663 1992 3733 reliqui
2012 3670 2236 3737 vvacant.
2267 3663 2313 3717 A
2338 3662 2393 3717 b.
2424 3663 2550 3718 item
2577 3664 2803 3718 rotunda
2836 3663 2904 3718 ad
2934 3663 3100 3719 linem
3138 3662 3368 3717 duorum

1789 3769 2043 3824 passuum
2076 3754 2224 3824 prior
2247 3753 2559 3808 terminabit
2589 3753 2641 3807 in
2672 3753 2719 3823 Β.
2763 3754 3033 3810 secundus
3062 3753 3202 3810 ﬁnit.
3238 3753 3283 3806 Α
3305 3753 3361 3808 d.

1788 3862 1919 3903 vero
1959 3847 2027 3902 ad
2075 3846 2238 3902 linem
2286 3846 2512 3901 duorum
2562 3860 2817 3916 passuum
2862 3847 3010 3917 prior
3060 3844 3370 3902 terminabit

1788 3939 1840 3993 in
1865 3938 1915 4009 3.
1942 3938 2212 3994 secundus
2236 3936 2350 3992 linit

1859 4051 2167 4109 Secundum
2188 4052 2331 4107 hanc
2350 4066 2478 4124 ergo
2500 4051 2893 4107 dimensionem
2917 4050 2970 4105 in
2992 4049 3150 4106 lineis
3182 4050 3366 4103 termi-

1787 4146 1999 4202 nalibus
2051 4146 2266 4216 punctis
2310 4146 2607 4217 impressis,
2666 4154 2723 4201 et
2772 4145 2841 4200 ad
2891 4143 3100 4213 singula
3160 4151 3363 4211 puncta

1786 4234 1988 4291 litteris
2008 4235 2201 4302 aliixis,
2229 4244 2396 4290 totam
2427 4245 2756 4291 structuram
2781 4234 3037 4290 facillime
3066 4232 3366 4289 ordinabis.

1788 4325 1896 4380 Sed
1932 4327 2060 4396 quia
2102 4326 2437 4396 aliquantula
2488 4326 2856 4396 perplexionis
2910 4324 3034 4381 inde
3075 4333 3369 4396 generatur

1789 4418 2102 4485 diﬂicultas,
2127 4419 2269 4489 quod
2300 4419 2560 4489 cujusque
2586 4418 2727 4488 tropi
2766 4432 3024 4473 mensura
3055 4418 3167 4473 suis
3200 4418 3367 4473 certis

1789 4510 1841 4565 in
1874 4511 2006 4566 locis
2038 4512 2199 4567 habet
2243 4525 2654 4580 synemmenon,
2690 4509 2803 4579 ipsa
2835 4523 3183 4580 synemmena
3210 4518 3266 4563 et
3287 4510 3367 4564 eis

122 4591 181 4647 XI
210 4613 224 4649 :
258 4612 350 4667 per
380 4598 450 4654 XI
490 4599 656 4671 igitur
706 4602 1123 4659 consonantiam
1172 4603 1320 4658 illam
1361 4602 1527 4658 debes
1566 4618 1683 4658 me-
1717 4618 1762 4671 ι)
1790 4602 2036 4673 proxima
2055 4600 2344 4656 semitonia
2374 4614 2469 4669 per
2496 4598 2631 4653 duas
2674 4598 2909 4669 syllabas
2942 4598 3028 4654 SY
3057 4608 3111 4654 et
3135 4599 3239 4655 SE.
3265 4599 3371 4654 hoc

124 4685 221 4743 tiri.
251 4690 516 4761 Diapason
546 4711 666 4751 cum
696 4695 949 4765 diapente
984 4706 1201 4753 constat
1233 4712 1300 4751 ex
1336 4695 1513 4766 tripla,
1548 4696 1689 4750 sicut

124 4788 198 4835 est
231 4784 325 4838 tria
364 4786 431 4839 ad
478 4803 666 4849 unum,
716 4788 806 4859 qui
840 4786 1000 4843 simul
1027 4788 1200 4859 juncti
1248 4787 1385 4841 ﬁunt
1419 4795 1683 4855 quatuor;

121 4884 209 4936 per
266 4886 501 4945 quatuor
551 4878 713 4949 igitur
759 4879 926 4935 debes
976 4880 1219 4935 eamdem
1277 4878 1684 4933 consonantiam

123 4978 447 5024 mensurare.
484 4970 836 5040 Bisdiapason
878 4979 1093 5026 constat
1128 4986 1195 5026 ex
1221 4969 1520 5040 quadrupla
1563 4985 1688 5039 pro-

121 5058 372 5126 portione,
404 5062 545 5116 sicut
570 5071 652 5117 est
678 5072 913 5133 quatuor
940 5063 1009 5117 ad
1036 5078 1200 5117 unum
1232 5081 1245 5117 :
1279 5063 1331 5117 hi
1364 5062 1683 5132 ergojuncti

121 5145 308 5205 iaciunt
336 5152 610 5222 quinque;
643 5169 739 5224 per
786 5156 1025 5225 quinque
1051 5169 1181 5226 ergo
1210 5154 1373 5210 debes
1397 5145 1515 5210 eam
1557 5171 1686 5211 enn-

119 5242 407 5296 sonantiam
446 5245 682 5299 mentiri.
842 5314 932 5371 XL

515 5407 589 5461 De
624 5424 870 5461 mensura
905 5409 1262 5463 monochordi.

182 5490 429 5564 Figuram
483 5506 758 5561 nostram,
802 5498 889 5554 cui
940 5500 1217 5555 theorema
1272 5510 1547 5569 troporum
1597 5512 1666 5553 ve

122 5582 348 5641 cribrum
382 5590 731 5645 monochordi
765 5604 872 5643 non
913 5574 1323 5654 inconveniens,
1354 5598 1413 5645 ut
1449 5589 1681 5644 arbitra-

123 5687 251 5741 mur,
282 5693 471 5735 nomen
503 5681 716 5747 damus,
756 5682 1003 5753 quisquis
1038 5682 1290 5739 celeriter
1320 5691 1374 5737 et
1395 5681 1683 5737 continua-

126 5763 214 5817 tiut
255 5780 570 5835 construere
599 5776 757 5843 velis,
791 5776 969 5846 spatio
1010 5776 1308 5832 secundum
1340 5774 1681 5830 altitudinem

128 5862 465 5922 monochordi
484 5867 680 5926 litteris
707 5884 943 5940 congrue
972 5870 1021 5924 in
1042 5869 1227 5940 primis
1254 5883 1532 5935 concesso,
1559 5868 1686 5924 reli-

1789 4694 1948 4748 modo
1978 4693 2383 4764 distinguimus.
2430 4688 3009 4761 Monogrammatibus,
3054 4690 3252 4762 quibus
3274 4705 3370 4761 ap-

1786 4787 1965 4856 posita
1988 4793 2073 4840 est
2102 4783 2209 4840 SY.
2242 4801 2619 4858 syncmmena,
2660 4783 2858 4853 quibus
2891 4797 3021 4837 vero
3061 4782 3164 4837 SE.
3190 4782 3368 4837 vicina

1786 4876 2196 4929 semitoniorum
2228 4874 2345 4931 loca
2389 4885 2660 4931 notamus.
2694 4872 2861 4941 Igitur
2884 4872 2936 4927 in
2967 4869 3014 4942 ἓ.
3045 4881 3100 4925 et
3145 4872 3198 4926 in
3232 4887 3367 4941 putt-

1788 4976 1936 5021 ctum
1969 4965 2071 5021 sibi
2103 4966 2410 5036 oppositum
2440 4967 2643 5023 directa
2679 4966 2860 5037 regula
2894 4973 3113 5020 notatur
3144 4962 3370 5119 summ;-

1789 5102 1867 5119 ...η
1900 5094 2038 5119 ..-ηαξ
2098 5093 2199 5119 εηε
2275 5095 2537 5119 humu..-
2588 5094 2791 5119 -ι,...ι,...ε
2828 5108 2945 5119 λη...
2992 5098 3149 5119 ...υ-ιιι
3209 5088 3261 5119 ιη

1789 5102 1869 5145 tas
1899 5094 2063 5163 proli,
2098 5093 2150 5147 in
2177 5097 2223 5160 ε.
2275 5095 2540 5149 terminus
2585 5094 2794 5150 deuteri
2825 5108 2946 5150 cum
2992 5098 3171 5160 prato,
3208 5088 3261 5143 in

1787 5222 2103 5276 extremitas
2146 5221 2286 5288 triti,
2334 5221 2384 5275 in
2419 5220 2445 5293 Β
2479 5220 2707 5275 rotunda
2752 5219 2861 5274 DE.
2914 5216 3023 5272 PR.
3060 5217 3113 5271 in
3160 5215 3210 5277 ξ.
3243 5214 3367 5269 linis

1788 5312 1896 5367 TE.
1928 5312 2039 5367 TR.
2065 5312 2175 5367 PR.
2205 5312 2262 5367 In
2291 5328 2343 5383 g.
2369 5311 2704 5368 conveniunt
2728 5323 2920 5365 omnes
2947 5308 3152 5378 pariter
3179 5307 3364 5363 excel-

1791 5414 1983 5459 lentes.
2040 5403 2147 5459 TE.
2185 5404 2299 5459 TR.
2331 5404 2439 5458 DE.
2473 5402 2582 5457 PR.
2619 5402 2673 5456 in
2702 5401 2738 5457 f.
2788 5400 2899 5456 TE.
2950 5401 3057 5456 DE.
3085 5399 3195 5454 PR.
3225 5400 3281 5454 ἰ]
3311 5415 3361 5455 e.

1786 5497 1895 5552 TE.
1927 5496 2039 5551 TR.
2064 5496 2167 5551 SE.
2193 5496 2303 5550 PR.
2329 5495 2381 5549 in
2407 5495 2459 5549 d.
2490 5501 2999 5548 consonantonmes
3025 5491 3360 5561 superiores,

1787 5588 1895 5642 TE.
1934 5586 2047 5641 TR.
2084 5586 2187 5640 SE.
2213 5583 2321 5637 DE.
2358 5582 2466 5637 PR.
2503 5583 2558 5637 in
2584 5598 2633 5637 c.
2670 5582 2778 5637 TE.
2818 5582 2926 5638 ΒΥ.
2962 5582 3074 5636 TR.
3103 5582 3207 5636 DE.
3247 5580 3362 5635 PR.

1789 5681 1839 5733 in
1872 5696 1924 5733 u.
1958 5678 2062 5733 SE.
2095 5676 2201 5731 TE.
2231 5674 2344 5730 TR.
2374 5674 2426 5727 in
2462 5672 2515 5727 b.
2549 5675 2800 5729 rotunda.
2833 5674 2937 5729 SY.
2973 5672 3079 5728 TE.
3113 5672 3218 5728 DE.
3252 5669 3360 5725 PR.

1789 5771 1840 5824 in
1868 5788 1919 5824 a.
1955 5769 2061 5824 TE.
2097 5767 2209 5822 TR.
2238 5766 2345 5821 PR.
2393 5768 2520 5823 item
2568 5771 2622 5825 in
2663 5766 2730 5822 (ἓ.
2757 5766 3048 5822 concinunt
3084 5777 3272 5819 omnes
3302 5762 3358 5816 li-

1798 5866 1970 5926 nalcs.
2020 5865 2071 5920 in
2105 5864 2164 5918 F.
2196 5863 2306 5918 TE.
2345 5860 2449 5916 DE.
2482 5861 2589 5916 PR.
2631 5864 2683 5918 in
2726 5862 2788 5919 E.
2814 5860 2921 5920 TE.
2948 5859 3057 5913 'l‘R.
3089 5856 3196 5912 PR.
3240 5856 3362 5933 item
