3886 6308
512 430 652 484 H75

1387 429 1445 483 S.
1482 428 1856 485 GUILI.ELMI
1894 426 2185 489 ABBATIS
2213 424 2541 490 HIRSAUG.
2580 433 2858 493 MUSICA.

3622 432 3718 495 Ιιῖθ

506 544 561 597 in
607 541 670 595 Β.
713 556 903 596 omnes
935 541 1315 598 condonantur
1352 557 1565 612 graves,
1604 543 1657 597 in
1701 542 1766 599 (ἶ.
1815 543 1921 598 ΤΕ.
1971 542 2080 599 DE.
2114 532 2159 588 Α
2191 544 2369 617 perire
2395 534 2619 617 poteris.
2643 548 2710 604 Et
2737 560 2797 605 ut
2822 564 2890 606 eo
2919 564 3090 621 magis
3132 558 3241 605 tota
3280 549 3599 605 dilucidetur
3618 563 3721 607 stn-

505 647 629 686 cum
668 630 939 701 principio
984 632 1152 701 proti,
1195 634 1247 687 in
1280 630 1340 685 Β.
1397 630 1501 685 SE.
1538 629 1647 684 TE.
1681 628 1794 685 TR.
1830 633 1976 687 inter
2019 632 2082 688 Β.

503 732 560 779 et
586 723 652 776 A.
684 721 912 776 inferius
941 738 1357 793 synemnienou,
1398 738 1521 776 cum
1552 722 1708 777 initio
1737 726 1944 780 deuteri
1980 739 1995 778 :
2029 725 2082 780 in

500 818 569 870 A-
604 815 713 870 TE.
749 829 875 869 cunt
915 813 1225 885 inceptione
1258 815 1409 870 triti:
1442 815 1492 869 iu
1538 827 1595 870 Γ.
1642 814 1749 869 ΤΕ.
1803 832 1927 870 cum
1974 824 2083 871 tota

501 907 807 965 initiabitur
829 912 1125 961 structura.
1546 972 1547 975 η

574 1004 766 1058 Adhuc
796 1004 993 1059 desunt
1019 999 1305 1057 semitonia
1337 997 1448 1052 triti
1474 1006 1529 1052 et
1557 998 1767 1054 deuteri
1789 1014 1911 1054 cum
1937 1016 2083 1071 sym-

501 1108 663 1147 meno
684 1095 825 1163 proti
850 1102 906 1148 et
940 1093 1171 1149 deuteri.
1219 1090 1516 1145 Semitonia
1558 1090 1670 1143 triti
1694 1092 2025 1161 quaesiturus
2052 1110 2079 1147 a

498 1185 797 1253 penultimo
851 1194 1056 1256 puncto
1103 1184 1245 1240 illius
1300 1183 1479 1248 lineae,
1524 1197 1646 1251 quae
1698 1184 1981 1239 deuterum
2029 1194 2084 1239 et

511 1278 701 1331 tritum
739 1278 916 1333 media
948 1278 1177 1341 dirimit,
1218 1276 1270 1331 id
1318 1284 1403 1330 est
1427 1275 1497 1330 ab
1538 1275 1603 1329 A.
1636 1274 1767 1336 triti,
1799 1276 1865 1329 ad
1899 1277 2083 1330 termi-

499 1384 630 1423 num
665 1370 900 1424 dexterae
956 1370 1196 1439 magadae
1235 1367 1460 1422 novenis
1498 1365 1679 1419 divide
1715 1367 1983 1435 partibus,
2030 1376 2085 1421 et

499 1460 672 1527 prima
705 1461 1021 1515 terminabit
1052 1461 1105 1514 in
1135 1458 1449 1523 semitonio,
1491 1456 1731 1511 secnnda
1754 1469 1936 1523 vacat,
1975 1466 2083 1511 ter-

502 1548 574 1602 tia
610 1547 661 1601 in
694 1550 1001 1612 semitonio,
1035 1560 1227 1617 quarta
1258 1557 1435 1610 vacat,
1463 1544 1652 1614 quinta
1684 1544 1739 1599 in
1763 1548 2078 1615 semitonio,

500 1648 651 1691 sexta
685 1637 738 1690 in
762 1638 1070 1704 semitonio,
1108 1637 1329 1706 reliquae
1360 1647 1575 1691 vacant.
1608 1634 1909 1690 Semitonia
1950 1652 2080 1692 vero

500 1726 706 1780 deuteri
728 1726 1069 1792 inventurus,
1095 1728 1163 1782 ab
1186 1728 1375 1782 eodem
1403 1736 1607 1798 puncto
1633 1725 1889 1783 similiter
1908 1744 2080 1800 usque

2189 645 2367 703 ctura,
2398 637 2506 693 illis
2535 647 2770 709 quatuor
2795 640 3187 710 principalibus
3225 640 3384 705 locis,
3442 640 3498 693 id
3521 642 3653 694 estin
3673 642 3720 699 li.

2191 729 2243 783 in
2275 728 2340 784 G.
2374 730 2427 783 in
2475 729 2531 784 d.
2565 731 2616 784 in
2662 746 2715 801 g.
2749 732 2946 801 quibus
2975 745 3165 787 omnes
3208 731 3426 801 pariter
3453 739 3722 789 concurrunt

2186 820 2355 889 tropi,
2386 821 2511 890 quia
2544 821 2597 875 in
2638 822 2770 891 ipsis
2803 837 2993 877 omnes
3016 820 3184 877 etiam
3218 821 3557 892 principales
3579 838 3718 877 come-

2187 909 2341 963 niunt
2378 909 2615 975 chordas,
2665 911 2874 966 scilicet
2906 925 3119 982 graves,
3172 910 3386 974 ﬁnales,
3442 912 3717 981 superiores,

2183 1003 2535 1068 excellentes,
2566 1002 2717 1057 minii
2746 1002 2944 1057 coloris
2995 1001 3328 1056 inducantur
3366 1000 3548 1064 lim,
3582 1003 3719 1071 bisqm

2184 1094 2411 1164 singulis
2448 1094 2661 1165 singula
2704 1093 2894 1149 eadem
2924 1094 3272 1148 ascribantur
3302 1094 3549 1157 nomina,
3581 1109 3722 1165 graves

2185 1186 2239 1240 in
2280 1186 2342 1240 D.
2373 1187 2564 1242 finales
2596 1187 2648 1241 in
2684 1186 2751 1242 Ο.
2786 1193 2841 1242 et
2865 1186 2947 1240 sic
2992 1184 3185 1254 reliqui
3213 1200 3315 1255 per
3338 1185 3600 1239 ordinem.
3621 1186 3720 1255 Ergo

2186 1288 2405 1348 peracta
2447 1288 2721 1334 structura
2769 1277 2967 1333 litterae
3003 1277 3247 1347 duplices
3292 1286 3428 1330 nete
3455 1276 3720 1331 excellentes

2185 1372 2492 1436 deleantur,
2520 1380 2581 1424 ut
2611 1371 2782 1441 ﬁgura
2811 1383 2910 1439 per
2938 1382 2997 1424 se
3027 1368 3350 1438 integritate
3370 1367 3462 1421 sui
3494 1368 3718 1421 consistat

2258 1464 2363 1518 Sed
2412 1463 2668 1533 quoniam
2730 1461 2796 1515 ad
2848 1459 3199 1516 excitandum
3248 1458 3418 1513 valde
3470 1458 3606 1512 utilis
3646 1468 3720 1519 est,

2183 1558 2346 1612 etiam
2381 1555 2495 1626 ipsa
2538 1550 2972 1609 diﬁ'erentiarum
3003 1551 3121 1606 loca
3164 1550 3476 1605 intimanda
3504 1550 3718 1604 videntur.

2182 1653 2240 1707 In
2268 1649 2457 1705 ordine
2478 1648 2621 1720 proti
2652 1655 2708 1704 et
2743 1646 2856 1700 triti
2889 1643 3334 1699 autbenticorum
3363 1640 3656 1697 diﬂ'erentia
3683 1640 3720 1692 in

2183 1744 2399 1815 quinto,
2445 1739 2809 1812 subjugalium
2840 1738 3079 1808 ipsorum
3123 1736 3179 1789 in
3212 1733 3384 1789 tertio
3416 1749 3448 1786 a
3488 1733 3616 1787 ﬁnali
3638 1731 3721 1786 lano

499 1816 566 1869 ad
614 1816 900 1885 magadam
948 1817 1167 1873 decenis
1201 1819 1407 1887 partire
1458 1818 1728 1887 passibus,
1777 1830 1829 1875 et
1875 1825 2150 1906 primus_
2185 1850 2364 1906 ponun

2190 1842 2481 1906 ponuntur,
2520 1834 2577 1888 in
2599 1828 2794 1887 ordine
2838 1826 3046 1884 deuteri
3073 1837 3130 1881 et
3166 1826 3435 1890 tetrardi;
3478 1823 3718 1879 authentici

497 1917 679 1973 vacat,
724 1910 995 1964 secundus
1040 1910 1158 1963 linit
1201 1912 1255 1964 in
1300 1912 1613 1980 semitonio,
1667 1918 1865 1975 tertius
1898 1930 2079 1989 vacat,
2110 1898 2156 1957 Β
2185 1898 2394 1984 δθυιθιιί
2434 1898 2754 1981 differentia:
2780 1922 2835 1976 in
2858 1927 3032 1984 sexto,
3058 1919 3294 1973 tetrardi
3321 1919 3377 1971 in
3410 1918 3609 1987 quinto,
3632 1915 3720 1968 Sub-

497 2009 724 2067 (ιυίιτιυε
760 2000 813 2054 in
855 2001 1167 2069 SGmilOlliO.
1199 2004 1421 2071 quintus
1448 2013 1631 2075 vacat.
1672 2022 1862 2069 sextus
1899 2017 1954 2071 in
1997 2032 2082 2073 se—
2182 2018 2401 2090 jugales
2437 2032 2625 2074 eorum
2666 2017 2721 2072 in
2757 2022 2952 2085 quarto
2984 2027 3016 2065 a
3052 2008 3200 2065 ﬁnali
3234 2009 3364 2065 loco
3394 2009 3640 2065 locantur.
3667 2005 3720 2059 En

496 2092 724 2147 mitonio
744 2102 799 2147 et
836 2093 890 2148 in
925 2110 1280 2165 synemmeno
1317 2101 1483 2169 proli,
1524 2107 1787 2175 septimus
1815 2110 1868 2166 in
1911 2112 2082 2168 semi-

498 2183 664 2247 tonio,
715 2186 908 2256 reliqui
956 2199 1168 2246 vncant.
1220 2191 1619 2265 Synemmeuon
1664 2204 1893 2270 deuteri,
1936 2206 2080 2276 quod

2190 2114 2359 2170 babes
2379 2126 2688 2169 mensuram
2717 2109 2945 2165 metrice
2975 2114 3027 2162 et
3050 2103 3342 2173 prosaice;
3373 2104 3471 2157 sed
3502 2099 3718 2154 metricam

2188 2213 2412 2275 propter
2436 2202 2727 2267 acutiores,
2763 2200 3067 2271 prosaicam
3103 2204 3335 2269 propter
3363 2191 3532 2247 nostri
3572 2187 3721 2244 similes

496 2274 670 2329 solum
704 2288 897 2346 restat,
930 2284 1287 2351 sesquialtera
1338 2296 1693 2362 proportione
1740 2274 1967 2352 facilius
1996 2313 2083 2352 re-
2186 2274 2551 2366 imperitiores
2578 2292 2935 2363 compositam
2962 2300 3085 2347 esse
3117 2286 3341 2343 neveris
3372 2284 3543 2355 U55)-

2072 2407 2208 2462 XLI.

1488 2492 1740 2550 Mensura
1761 2498 2068 2552 thorematis
2096 2510 2363 2569 troporum
2394 2510 2506 2553 arte
2536 2500 2772 2553 metrica.

1275 2579 1526 2638 Mensura
1560 2601 1757 2640 novum
1785 2588 1876 2657 qui
1909 2589 1992 2645 vis
2015 2591 2261 2647 tborema
2289 2601 2592 2663 tr0porum,

1267 2670 1452 2728 Primo
1479 2678 1737 2747 magadas
1765 2679 1817 2733 iu
1844 2680 2011 2735 latum
2044 2683 2226 2739 divide
2253 2683 2421 2749 lines;

1281 2761 1505 2820 Scilicet
1528 2768 1593 2821 A.
1623 2766 1686 2822 Β.
1712 2770 1776 2825 C.
1816 2771 2058 2828 Vacuum
2090 2775 2327 2831 concede
2353 2789 2612 2845 superne,

1270 2856 1339 2909 Et
1367 2858 1634 2928 reliquum
1658 2863 1851 2933 spatiis
1879 2866 2101 2935 paribus
2130 2869 2336 2939 partire
2357 2870 2663 2938 quaternis.

1274 2948 1518 3011 Quatuor
1548 2956 1843 3026 ergotrOpi
1871 2958 2094 3013 totidem
2120 2960 2311 3030 spatiis
2333 2962 2594 3017 doniinati

1273 3036 1512 3108 Quisque
1532 3056 1689 3097 suum
1716 3054 1899 3115 captet
1925 3052 2252 3121 proprioque
2287 3052 2602 3109 charactere
2636 3063 2839 3125 etgnet,

1274 3129 1336 3181 μὶ.
1377 3128 1438 3183 Β.
1481 3134 1737 3205 contigue
1760 3139 1943 3195 sedem
1978 3142 2173 3215 largire
2206 3147 2477 3211 tetrardo;

1275 3217 1410 3308 llinc
1435 3223 1611 3289 tritus,
1640 3226 1766 3283 hinc
1801 3230 2044 3300 deutrus,
2078 3246 2363 3307 teneatque
2388 3238 2681 3293 novissima
2732 3245 2939 3308 protus.

1286 3307 1437 3366 Tunc
1464 3314 1606 3369 inter
1631 3320 1885 3388 magadas
1908 3337 2129 3379 mensus
2158 3325 2458 3383 Guidonice
2486 3343 2657 3398 ponas

1280 3399 1506 3471 Puncta,
1536 3418 1669 3476 quot
1702 3408 1818 3480 ipse
1843 3414 1998 3469 velit.
2021 3414 2129 3471 Nec
2160 3424 2456 3489 hypernete
2482 3420 2577 3475 tibi
2606 3420 2760 3477 desit.

1283 3491 1454 3564 Hujus
1486 3497 1784 3569 byperuete
1809 3518 2141 3575 synemenon
2167 3518 2221 3563 et
2242 3510 2309 3564 Α.
2339 3512 2520 3581 gravis
2546 3513 2702 3567 adde.

1281 3584 1479 3656 Sicque
1507 3589 1593 3646 bis
1627 3594 1839 3649 undena
1878 3606 2191 3655 statuentur
2218 3602 2273 3657 in
2300 3603 2493 3658 ordine
2512 3612 2736 3673 puncta.

1279 3690 1513 3751 Ultimus
1545 3698 1630 3755 bis
1657 3716 1811 3770 teque
1841 3703 2000 3761 limes
2030 3718 2324 3778 punctetur
2346 3711 2626 3782 utrinque.

1279 3783 1436 3841 Basis
1460 3796 1515 3841 et
1547 3789 1636 3845 bic
1662 3794 1828 3861 proti,
1854 3808 2141 3853 coraustus
2160 3807 2215 3853 et
2236 3799 2362 3855 inde
2383 3803 2635 3857 tetrardi.

1273 3876 1348 3931 Ac
1373 3892 1631 3937 mensura
1666 3886 1849 3941 statim
1879 3899 2170 3958 peragatur
2195 3892 2572 3960 continuatim,

1270 3963 1435 4034 Cujus
1462 3967 1568 4025 erit
1598 3971 1780 4028 facilis
1804 3981 2157 4046 perpetratio,
2198 3982 2243 4036 si
2270 3997 2480 4039 memor
2505 3985 2636 4048 eris,

1266 4057 1447 4116 Prima
1476 4076 1609 4119 voce
1639 4072 1822 4136 tropos
1847 4066 1959 4123 PR.
1985 4071 2090 4126 DE.
2123 4072 2237 4127 TR.
2265 4072 2376 4132 TE.
2404 4075 2669 4141 titulatos,

1273 4149 1340 4204 Et
1366 4157 1941 4225 monogrammaticam
1979 4170 2162 4221 teneas
2186 4165 2327 4221 lianc
2352 4178 2533 4223 mente
2568 4168 2796 4239 ﬁguram
2824 4187 2838 4224 :

1267 4240 1397 4308 Quae
1426 4244 1647 4302 totidem
1681 4251 1874 4320 spatiis
1892 4264 2167 4321 constans,
2193 4265 2327 4327 quot
2351 4268 2553 4329 puncta
2574 4259 2841 4318 Guidonis

1264 4332 1531 4403 Diximus,
1564 4353 1594 4393 a
1624 4338 1651 4408 3
1687 4355 1747 4397 se
1776 4344 1950 4399 tendit
1973 4346 2040 4401 ad
2067 4347 2251 4403 intima
2284 4363 2536 4419 gammze,

1268 4425 1326 4479 ln
1357 4431 1550 4498 spatiis
1574 4432 1768 4488 borum
1789 4438 2036 4493 'retiueus
2057 4455 2466 4513 monogramma
2498 4453 2799 4517 troporum,

1264 4516 1431 4610 Einea
1470 4538 1607 4593 quos
1639 4535 1843 4597 tangat,
1866 4543 1989 4584 cum
2022 4532 2203 4601 regula
2234 4545 2432 4603 puncta
2459 4516 2735 4610 peragrat.

1268 4605 1375 4663 Sed
1408 4617 1964 4682 monogramrnatibus
1986 4618 2189 4689 liquido
2216 4605 2511 4693 synemena
2544 4605 2819 4692 notamus.

1260 4696 1356 4789 Est
1386 4702 1583 4770 quibus
1610 4706 1914 4776 appositum
1940 4707 2057 4776 SY;
2090 4712 2345 4784 lymmata
2370 4731 2501 4773 vero
2523 4721 2721 4789 quibus
2757 4722 2860 4777 SE.

1267 4788 1506 4864 Quaeque
1534 4794 1711 4851 vicina
1738 4807 1909 4856 tenes.

908 4876 969 4926 Γ.
1256 4881 1325 4933 Α.
1682 4886 1720 4942 S

827 4963 841 5035 ι
874 4964 981 5020 ΤΕ.
1019 4966 1169 5113 ΙΤΕΕ.
1198 4970 1309 5026 TR.
1345 4973 1354 5043 ι
1388 4974 1520 5047 Syn.
1551 4979 1662 5035 TE.

1132 5096 1146 5111 ο
1460 5066 1522 5120 F.

2098 4894 2140 4949 Β

1694 4981 1803 5036 DE.
1838 4984 1847 5053 1
1882 4984 1973 5039 Se.
2004 4936 2261 5046 ΤΕΪΤΕ.
2295 4992 2308 5062 1
2340 4991 2448 5049 TE.

1881 5073 1949 5130 ϐ.
1976 5075 2212 5133 Finales.

2520 4902 2584 4958 C.
2943 4907 3006 4962 Ι).
3066 4906 3293 4967 Graves.

2482 4995 2589 5049 DE.
2621 4994 2732 5051 re.
2768 4998 2777 5068 1
2811 4997 2920 5054 TE.
2953 4998 3070 5054 TR.
3104 5002 3214 5057 DE.
3244 5001 3356 5058 pa.
3390 5005 3406 5074 1

2572 5099 2625 5138 δ.
3010 5089 3071 5144 S.

825 5148 837 5220 1
869 5150 985 5256 ΤΕἶ
1006 5149 1118 5206 TR.
1142 5151 1234 5208 PR
1256 5154 1437 5212 -ΤΕ
1466 5159 1573 5216 DE.
1596 5161 1706 5220 PR.
1740 5164 1750 5235 1
1784 5122 2317 5226 ΤΕῘΤΕΪΒΕῘΤΕ.
2350 5175 2361 5242 1

2205 5171 2317 5226 ea.
2350 5175 2361 5242 1
2395 5171 2502 5228 TE.
2528 5122 2640 5229 Τῖῖ.
2673 5174 2786 5232 PR.
2820 5177 2831 5248 1
2865 5177 2962 5251 Sy.
3132 5182 3239 5238 DE.
3264 5184 3423 5256 μελε

974 5243 1022 5315 η

1413 5266 1442 5306 ο

819 5333 831 5405 1
863 5332 953 5393 Se.
979 5336 1087 5393 TE.
1119 5337 1232 5394 TR.
1266 5340 1277 5413 1
1311 5339 1414 5397 TE.
1451 5341 1543 5415 Sy.
1573 5346 1685 5402 TR.
1716 5348 1826 5404 DE.
1849 5349 1958 5405 PR.
1991 5351 2001 5421 1
2035 5351 2142 5407 TE.

1071 5530 1099 5583 ί

1098 5536 1112 5586 .
1399 5552 1453 5607 g.
1484 5536 1843 5598 Excelleutes.

784 5615 797 5688 1
829 5617 938 5674 TE.
971 5619 1079 5676 DE.
1110 5623 1222 5680 re.
1254 5626 1265 5698 1
1298 5626 1385 5685 TE

860 5770 979 5853 ﬁnit
1033 5776 1205 5833 codex
1254 5778 1561 5853 Blasianus,

478 5848 584 5904 qua
610 5835 698 5890 hic
724 5837 786 5892 tit
810 5843 1040 5897 mentio.

1393 5590 1852 5688 ΪΤΒξίἇΕΪῖιῖ.
1891 5634 1902 5707 1
1935 5635 2043 5692 TE.
2079 5590 2194 5692 m1
2226 5637 2337 5694 Pa.

2190 5676 2194 5689 .
2226 5637 2337 5694 PR.
2371 5640 2383 5711 1
2415 5641 2522 5697 DE.
2548 5642 2661 5698 Pu.
2696 5645 2708 5717 1
2739 5590 2895 5718 TITI.
2959 5648 3066 5704 DE.
3094 5598 3207 5704 ru.
3244 5597 3392 5723 19a
3424 5649 3436 5720 1

2147 5262 2200 5316 d.
2237 5261 2579 5334 Superiores.

2175 5286 2200 5315 ι.
2237 5286 2579 5334 ουρθτιοτεε.
2944 5286 3000 5327 8.

2175 5353 2291 5409 TR.
2320 5356 2410 5411 Se.
2446 5358 2557 5412 DE.
2592 5358 2704 5414 ea.
2741 5362 2751 5433 1
2785 5361 2893 5441 TE.
2925 5363 3039 5418 TR.
3074 5363 3167 5422 Se.
3203 5366 3315 5423 Pu.
3351 5368 3364 5441 1

2483 5449 2512 5489 ι
2799 5437 2843 5525 h
3060 5469 3084 5497 c
3301 5462 3327 5501 ιι

2485 5550 2535 5605 b.
2802 5542 2865 5625 k1.
3061 5568 3109 5610 ο.
3303 5556 3329 5598 τι

3060 5469 3084 5497 c

3061 5568 3084 5596 ο

1606 5789 1886 5859 sequentia
1932 5792 2080 5848 addit
2112 5794 2527 5852 Vindobonensis
2581 5813 2892 5857 mensuram
2936 5802 3195 5861 nimirum
3239 5803 3536 5867 metricam,
3565 5796 3621 5852 de
