3886 6308
112 420 217 475 H77

761 405 1219 465 HERIMANNUS
1246 405 1592 463 METENSIS
1622 406 1753 462 EPIS

1752 407 1835 462 ΞΟ.
1877 437 1948 447 --
1984 405 2257 462 ΝΟΤΙΤΙΑ
2300 405 2685 464 ῐιιδτοιιιρλ.

3180 406 3312 462 H78

1318 521 1411 576 Sic
1436 529 1617 575 autem
1650 519 1905 589 l-ymmata
1930 535 2140 589 qumres
2173 535 2187 572 :

824 612 1037 678 Deutri,
1058 613 1172 668 sive
1202 612 1339 671 triti.
1379 627 1500 681 quae
1523 611 1679 666 linem
1702 611 1949 681 subjacet
1973 610 2087 675 uni,

826 706 1077 761 Imminet
1098 714 1264 774 atque
1294 704 1409 769 alii,
1436 720 1541 774 qua
1566 713 1691 759 sunt
1720 704 1994 758 mediante
2022 700 2295 771 dirempti.

839 796 1100 850 Primitus
1129 797 1272 851 hanc
1302 795 1370 850 ab
1398 812 1484 861 eo,
1509 797 1649 866 quod
1683 796 1845 850 habet
1876 794 2168 865 penultima
2200 804 2418 866 puncto.

833 887 1035 942 Passus
1064 888 1118 942 in
1140 888 1308 942 denos
1339 888 1385 942 si
1412 887 1627 950 dividis,
1661 888 1787 942 inde
1810 902 2049 941 n0venos
2076 906 2089 940 :

830 980 909 1055 Ex
936 980 1091 1035 denis
1121 980 1209 1036 isti
1232 970 1439 1035 saliunt
1469 980 1522 1035 in
1550 979 1806 1051 lymmata
1836 980 2038 1043 deutri,

828 1070 1107 1144 Septimus
1128 1080 1184 1127 et
1215 1081 1422 1136 sextus,
1455 1080 1682 1142 quartus
1703 1071 1861 1127 simul
1892 1080 2055 1142 atque
2080 1071 2349 1126 secundus
2380 1113 2393 1127 .

829 1165 1036 1219 Contra
1058 1179 1220 1234 quem
1248 1172 1463 1218 sextum
1488 1161 1627 1232 proti
1670 1176 2002 1233 synemenon
2027 1162 2355 1217 habendum.

833 1256 903 1310 At
934 1271 1032 1311 sua
1059 1264 1256 1311 cuncta
1290 1255 1420 1310 trito
1440 1254 1505 1309 de
1539 1253 1701 1309 nonis
1724 1253 1811 1308 hic
1840 1254 2149 1309 notatordo
2178 1271 2192 1307 :

829 1350 1046 1405 Tertius
1067 1357 1124 1405 et
1147 1349 1378 1420 prinms,
1411 1347 1655 1418 quintus,
1684 1356 1807 1417 post
1833 1347 1978 1402 hunc
1998 1361 2217 1417 quoque
2244 1354 2449 1401 sextus.

828 1441 924 1497 llis
946 1443 1017 1496 ita
1043 1441 1318 1512 dispositis
1344 1441 1574 1495 necdum
1610 1453 1942 1511 synemenon
1972 1439 2197 1494 habebis

837 1534 1023 1589 Dentri
1056 1533 1434 1605 symphonice,
1458 1533 1601 1601 quod
1627 1545 1681 1587 ct
1704 1532 1871 1588 addes
1902 1532 2106 1603 absque
2128 1532 2335 1587 labore.

658 1625 885 1695 Explicit
933 1625 1140 1680 Marsica
1187 1625 1324 1679 beati
1373 1623 1552 1679 Putris
1597 1623 1910 1679 Willehelmi
1954 1622 2411 1694 Ilirsnugiensium
2462 1623 2687 1677 abbatis.

109 1757 3327 1803 HM

1384 1924 1549 1965 ANNO
1589 1923 1815 1965 ΒΟΜῘΝῙ
1862 1925 2019 1965 ΜΧΟ.

968 2105 2416 2248 HERIMANNUS

1321 2367 1667 2424 METENSIS
1706 2367 2107 2425 EPISCOPUS.

476 2617 988 2711 NOTITIA
1030 2615 1681 2709 HISTORICA

1757 2621 1883 2708 IN
1957 2622 2833 2715 HERIMANNUM.

1229 2806 1373 2878 (Gal.
1403 2808 1620 2874 Cltrist.,
1647 2823 1771 2863 nov.
1800 2818 1838 2863 t.
1865 2809 1999 2877 XIII,
2025 2827 2080 2881 p.
2115 2811 2268 2884 752.)

169 3082 311 3142 Claris
358 3085 625 3142 natalibus
669 3084 723 3141 in
757 3083 994 3140 Saxonia
1051 3092 1211 3139 natus
1264 3081 1647 3149 llerimannus,
1677 3084 1724 3141 A

116 3175 359 3248 discipulus
420 3178 696 3234 Hannonis
774 3177 1215 3247 archiepiscopus
1270 3175 1642 3241 Coloniensis,

118 3268 380 3328 Leodiensis
408 3272 751 3344 prmpositus,
781 3269 1023 3325 unanimi
1054 3268 1183 3324 cieri
1210 3284 1275 3322 ac
1303 3268 1484 3338 populi
1517 3284 1647 3323 cou-

118 3377 242 3417 sensu
278 3366 548 3434 praefectus
577 3373 637 3419 et
680 3362 735 3417 iu
784 3361 1094 3431 episcopum
1143 3368 1496 3415 consecratus
1546 3359 1648 3414 fuit

119 3466 230 3505 anno
256 3456 391 3512 l075.
426 3457 587 3514 Gravi
641 3453 826 3510 dolore
868 3450 1154 3523 perculsus
1199 3450 1548 3505 investituras
1577 3450 1646 3504 ab

120 3542 389 3608 imperatore
413 3546 704 3616 accepisse,
719 3557 844 3598 mox
869 3556 898 3595 a
921 3553 1132 3596 summo
1154 3538 1409 3609 pontifice
1433 3538 1646 3594 veniam

118 3634 256 3699 pedit.
286 3635 390 3692 Non
440 3636 608 3691 multo
664 3643 788 3705 post
831 3630 1210 3702 Gerslengcnsi
1244 3628 1536 3689 conventui
1582 3629 1649 3683 dc

120 3725 323 3782 sedandis
341 3729 643 3785 Germaniae
674 3727 851 3783 turbis
876 3726 1084 3787 habito,
1114 3737 1221 3777 una
1250 3737 1370 3777 cum
1401 3720 1648 3792 pluribus

117 3815 310 3880 perlatis
336 3828 387 3873 et
405 3819 755 3890 optimatibus
791 3816 1053 3873 interfuit.
1087 3814 1371 3871 Waionem
1400 3813 1648 3869 abbatem

120 3901 163 3956 S.
188 3906 390 3976 Arnulﬁ,
412 3928 569 3982 quem
596 3909 875 3966 Manasses
898 3909 1181 3963 Remensis
1210 3906 1650 3976 archiepiscopus

119 3994 267 4055 iidem
298 4006 615 4059 monasterio
637 4003 696 4058 S.
720 4002 952 4073 Remigii
995 3998 1334 4071 praefecerat,
1364 3999 1537 4055 Melas
1565 4015 1652 4056 re-

119 4084 325 4145 deuntem
366 4093 432 4151 ad
483 4093 732 4165 Gregorii
786 4092 872 4149 Vll
921 4106 1072 4163 papae
1123 4088 1648 4147 commendationem

118 4172 307 4249 benigne
326 4185 623 4254 excepit,et
650 4184 703 4239 in
725 4184 841 4254 ejus
864 4183 1095 4254 gratiam
1118 4181 1357 4237 restituit
1381 4182 1649 4238 nundinas

119 4264 159 4318 in
181 4270 486 4331 solemnitate
514 4277 873 4334 dedicationis
898 4276 952 4331 in
984 4284 1301 4347 perpetuum
1344 4273 1645 4335 habendas.

118 4353 220 4413 Dein
246 4377 362 4421 vero
380 4365 527 4424 locus
554 4369 604 4424 ei
631 4383 738 4424 non
762 4368 932 4424 defuit
952 4365 1324 4436 expostulandi
1346 4374 1401 4420 et
1429 4365 1646 4434 quidem

118 4462 266 4510 aniOre
295 4457 358 4513 de
403 4460 651 4527 Walone,
687 4471 747 4517 ut
785 4462 926 4517 infra
958 4461 1223 4519 dicemus.
1263 4458 1491 4515 Romam
1523 4472 1645 4512 cum
1684 4444 1725 4498 Β

118 4537 404 4607 Theodorico
440 4553 624 4610 Sancti
666 4554 889 4611 Huberti
929 4556 1124 4610 abbate
1182 4553 1457 4623 profectus
1505 4566 1647 4605 anno

118 4632 243 4693 1074.
276 4641 541 4702 Paschalia
577 4647 713 4704 festa
741 4648 879 4704 Pisis
904 4652 1045 4720 eg't;
1080 4648 1221 4704 unde
1268 4650 1371 4705 iter
1396 4664 1645 4721 pergens.

117 4723 306 4787 Romam
334 4740 586 4807 accessit,
614 4756 680 4796 ac
708 4742 975 4811 prmcibus
999 4740 1186 4797 effusis
1221 4741 1287 4797 ad
1335 4751 1646 4799 sanctorum

118 4824 429 4884 “POSIolorum
458 4831 714 4898 tumulos,
739 4847 936 4902 papam
965 4830 1284 4903 Gregorium
1313 4831 1401 4888 Vll
1426 4832 1645 4897 invisit;

117 4921 139 4958 τι
169 4927 260 4980 quo
288 4933 383 4973 non
410 4921 511 4977 sibi
540 4932 749 4980 tantum
780 4923 1062 4980 cbaritatis
1101 4925 1431 4994 testimonia,
1458 4939 1650 4981 verum

118 5011 161 5053 et
180 5008 416 5081 episcopis
440 5014 728 5072 Leodicnsi
758 5031 824 5072 ac
853 5015 1293 5087 Babenbergensi
1334 5016 1653 5078 'l‘heodvino

119 5103 161 5147 et
184 5096 503 5169 llerimanno.
534 5124 720 5167 sacros
764 5124 1002 5166 canones
1042 5109 1275 5167 violasse
1302 5110 1648 5177 insimulatis,

117 5179 420 5271 bcnignitatis
465 5199 696 5271 insignia
760 5201 1015 5257 obtinuit.
1076 5201 1190 5257 Sub
1250 5218 1452 5257 annum
1512 5201 1649 5257 1076

116 5268 347 5336 funestum
372 5300 435 5341 ac
453 5286 765 5345 diuturnum
785 5291 1022 5346 schisma
1044 5302 1291 5347 exortum
1306 5302 1407 5358 est,
1429 5302 1652 5349 auctore

120 5360 163 5415 in
188 5370 355 5434 primis
400 5376 632 5437 Henrico
666 5381 725 5437 VI
774 5382 1082 5439 Germania:
1130 5400 1276 5456 rege,
1305 5386 1397 5455 qui
1427 5384 1651 5441 nefariis

118 5459 290 5519 actibus
338 5483 554 5541 regnum
605 5475 914 5533 infestabat.
981 5477 1118 5534 liuic
1168 5479 1367 5549 saepius
1417 5480 1652 5551 benigne

118 5556 435 5646 pequidquam
488 5568 760 5627 admonito
816 5570 1111 5642 Gregorius
1154 5571 1237 5627 Vll
1312 5575 1488 5629 denuo
1557 5592 1652 5646 per

119 5632 286 5733 [983103
310 5652 401 5707 sub
425 5655 580 5713 linem
604 5662 730 5716 anni
752 5632 1109 5733 prmccdentis
1128 5664 1320 5731 edixit,
1336 5674 1393 5718 ut
1413 5632 1649 5720 secunda
1679 5654 1723 5714 C

120 5726 511 5827 Quadragesimre
551 5752 884 5810 hebdomade
930 5754 997 5808 ad
1024 5754 1312 5811 concilium
1346 5755 1529 5810 Romae
1564 5757 1647 5811 in-

119 5814 289 5883 dictum
321 5835 382 5891 de
408 5840 733 5912 criminibus,
781 5862 1009 5919 quorum
1038 5858 1376 5920 argueretur,
1424 5863 1641 5904 causam

1751 3084 1994 3139 dicturus
2025 3083 2264 3141 adesset.
2296 3084 2449 3154 Quod
2494 3086 2538 3141 si
2568 3084 2776 3143 faceret
2807 3080 3157 3159 neglexisset,
3207 3106 3265 3147 se
3304 3109 3335 3148 a

1745 3176 2127 3233 comumnione
2158 3178 2417 3235 Ecclesiae
2454 3178 2757 3249 seiunctum
2791 3182 2854 3236 iri
2905 3198 3004 3252 pro
3045 3194 3198 3242 certo
3244 3186 3341 3241 ha-

1746 3266 1921 3322 beret.
1948 3265 2061 3323 Hoc
2087 3270 2277 3324 nuntio
2297 3285 2389 3325 rex
2414 3286 2575 3342 supra
2598 3273 2816 3327 modum
2844 3273 3103 3339 offensus,
3139 3276 3341 3346 legatos

1747 3373 1779 3412 a
1808 3368 2103 3428 conspectu
2160 3375 2258 3415 suo
2306 3362 2525 3432 repulit,
2571 3371 2628 3416 et
2655 3361 2972 3419 Wormatize
3004 3376 3333 3421 conventum

1747 3450 1800 3505 in
1843 3451 2306 3522 Scptnagcsimam
2353 3454 2585 3520 induxit,
2619 3456 2671 3510 in
2702 3472 2808 3526 quo
2832 3456 3129 3528 Gregorius
3160 3459 3338 3527 ponti-

1750 3541 1915 3597 ficatu
1978 3542 2237 3613 depulsus
2286 3555 2389 3611 est,
2442 3556 2630 3601 contra
2672 3548 2910 3616 plurium
2954 3549 3338 3619 episcoporum

1748 3632 2101 3697 sententiam,
2128 3643 2184 3689 et
2224 3636 2543 3690 nominatim
2584 3636 2905 3703 Hermanni,
2950 3638 3128 3709 palam
3174 3640 3339 3710 profi-

1750 3722 1913 3779 tentis
1948 3723 2172 3779 vetitnm
2201 3741 2322 3780 esse
2363 3725 2569 3797 legibus
2598 3728 2877 3784 canonicis
2903 3730 3217 3800 episcopum
3250 3729 3342 3785 ab-

1748 3825 1954 3872 sentem
2016 3817 2425 3874 condemuarc:
2480 3819 2574 3876 sed
2629 3830 2810 3876 tamen
2864 3822 3054 3891 majori
3113 3837 3343 3879 numero

1749 3909 2050 3965 concedere
2077 3911 2337 3980 oportuit.
2361 3910 2809 3984 Persuasnspapa
2834 3917 3032 3970 multos
3059 3916 3343 3986 episcopos

1750 4020 1857 4059 non
1889 4004 1991 4059 nisi
2021 4004 2072 4059 vi
2112 4015 2168 4060 et
2217 4016 2364 4062 metu
2411 4008 2728 4077 assensiSSe,
2777 4008 2949 4065 Udoni
3002 4009 3338 4071 Trevirensi,

1752 4096 2093 4153 Tlieodorico
2128 4098 2471 4155 -Virdunensi
2527 4109 2691 4171 atque
2753 4099 3084 4155 llerimanno
3130 4100 3341 4156 litteras

1750 4188 1951 4253 emisit,
1986 4189 2105 4244 illos
2130 4189 2429 4245 adhortans
2460 4199 2517 4245 ut
2548 4203 2750 4246 sancta:
2792 4193 2904 4246 sedi
2959 4193 3119 4247 fidem
3147 4205 3339 4245 serva-

1752 4288 1895 4345 rent,
1943 4279 2269 4349 culpamque
2312 4296 2558 4349 congrna
2614 4280 2985 4336 satisfactione
3044 4279 3339 4335 diluercnt.

1751 4368 2015 4439 Equidem
2053 4370 2105 4424 in
2148 4380 2330 4426 errato
2356 4371 2719 4428 l-lerimannus
2749 4388 2852 4427 nun
2881 4372 2972 4427 diu
3014 4386 3336 4442 persevera-

1755 4466 1857 4530 vit,
1885 4464 2276 4521 absolutionem
2302 4482 2332 4521 a
2360 4466 2660 4522 Jarantone
2688 4467 2887 4522 abbate
2917 4465 3091 4522 sancti
3117 4464 3343 4535 Benigni

1757 4558 2094 4613 Dirionensis
2134 4559 2188 4612 in
2222 4559 2399 4629 vigilia
2432 4558 2636 4615 Natalis
2681 4559 2892 4615 Domini
2923 4558 3168 4629 ejusdem
3215 4557 3345 4612 anni

1757 4650 1893 4705 1076
1933 4659 2273 4705 consecutus.
2318 4651 2521 4707 Eodem
2564 4667 2727 4716 anno,
2763 4666 2952 4707 mense
2983 4651 3230 4721 Augusto
3278 4649 3351 4703 ab

1755 4741 1946 4797 eodem
1996 4742 2252 4812 pontifice
2299 4744 2509 4799 litteras
2560 4745 2790 4815 accepit,
2824 4744 3021 4814 quibus
3076 4758 3215 4813 papa
3253 4735 3348 4794 ait

1758 4851 1969 4902 omnes,
2027 4836 2119 4907 qui
2176 4852 2302 4890 cum
2357 4851 2483 4907 rege
2538 4836 3032 4901 communicarent,
3086 4847 3350 4890 censuras

1754 4931 2010 4995 subiisse,
2060 4932 2344 5000 ipsumque
2386 4927 2894 4984 excommunicandi
2934 4928 3024 4995 jus
3066 4926 3342 4980 habuisse.

1754 5020 2255 5090 Insequenti'auno
2299 5018 2542 5088 ejusdem
2597 5019 2869 5089 pontificis
2926 5018 3076 5088 jussu
3134 5016 3350 5071 sedavit

1756 5111 1905 5167 litem
1937 5119 2143 5165 motam
2180 5110 2324 5165 inter
2366 5110 2682 5181 episcopum
2730 5108 3085 5163 Leodienscm
3126 5115 3181 5161 et
3210 5104 3344 5160 Vul-

1756 5205 1953 5277 padum
1985 5205 2234 5260 abbatem
2280 5203 2341 5258 S.
2396 5203 2692 5268 Laurentii,
2731 5203 2821 5272 qui
2858 5215 2959 5254 suo
3011 5197 3349 5253 monasterio

1757 5312 1919 5352 causa
1963 5296 2162 5351 indicta
2196 5295 2383 5366 pulsus
2425 5295 2620 5350 fuerat.
2670 5293 2926 5348 Attamen
2981 5288 3347 5344 lierimannus

1755 5390 1825 5444 ob
1847 5388 2123 5459 singulare
2148 5404 2276 5459 erga
2308 5399 2556 5444 sanctam
2584 5387 2767 5441 sedem
2796 5383 3060 5449 studium,
3090 5379 3348 5437 offensio-

1756 5495 1880 5534 ueni
1912 5478 2264 5547 imperatoris
2300 5477 2487 5543 subiit,
2520 5486 2575 5531 et
2616 5476 2670 5529 in
2716 5473 3032 5544 Moguntino
3073 5480 3345 5526 conventu

1755 5571 2096 5627 renuntiatus
2135 5581 2220 5627 est
2268 5572 2439 5627 hostis
2475 5570 2711 5641 imperii.
2761 5566 3163 5625 Persecutionis
3211 5579 3344 5633 ergo

1759 5670 1991 5726 vitanda:
2019 5669 2413 5725 Virdunensem
2440 5665 2747 5735 episcopum
2772 5659 3163 5717 Theodericum
3186 5658 3341 5718 adiit.

1761 5777 1789 5813 a
1818 5777 1943 5831 quo.
1987 5760 2396 5818 commendatus
2446 5773 2476 5813 a
2530 5771 2689 5827 papa,
2738 5769 2902 5827 quam
2958 5749 3345 5808 humanissime

1756 5860 2009 5920 acceptus
2039 5858 2138 5906 est.
2173 5849 2378 5905 Dehinc
2408 5846 2778 5920 oppigneratis
2808 5840 3127 5916 quibusdam
3171 5839 3343 5896 eccle-
