  <div class='ocr_page' id='page_1' title='image "/cluster/home/n/w/nwhite01/storage/ocr_20150623/150/hvd.32044015473788/593.png"; bbox 0 0 3834 6304; ppageno 0'>
   <div class='ocr_carea' id='block_1_1' title="bbox 504 384 638 440">
    <p class='ocr_par' dir='ltr' id='par_1_1' title="bbox 504 384 638 440">
     <span class='ocr_line' id='line_1_1' title="bbox 504 384 638 440; baseline 0 0"><span class='ocrx_word' id='word_1_1' title='bbox 504 384 638 440; x_wconf 73' lang='lat'><strong>“79</strong></span> 
     </span>
    </p>
   </div>
   <div class='ocr_carea' id='block_1_2' title="bbox 1645 380 2735 441">
    <p class='ocr_par' dir='ltr' id='par_1_2' title="bbox 1645 380 2735 441">
     <span class='ocr_line' id='line_1_2' title="bbox 1645 380 2735 441; baseline 0.003 -3"><span class='ocrx_word' id='word_1_2' title='bbox 1645 380 2022 438; x_wconf 56' lang='lat' dir='ltr'><strong>HEBIMARNI</strong></span> <span class='ocrx_word' id='word_1_3' title='bbox 2064 383 2404 440; x_wconf 74' lang='lat' dir='ltr'><strong>METENSIS</strong></span> <span class='ocrx_word' id='word_1_4' title='bbox 2443 385 2653 441; x_wconf 78' lang='lat' dir='ltr'><strong>EPISC.</strong></span> <span class='ocrx_word' id='word_1_5' title='bbox 2732 392 2735 393; x_wconf 63' lang='grc'><strong><em>⁷</em></strong></span> 
     </span>
    </p>
   </div>
   <div class='ocr_carea' id='block_1_3' title="bbox 3585 394 3682 451">
    <p class='ocr_par' dir='ltr' id='par_1_3' title="bbox 3585 394 3682 451">
     <span class='ocr_line' id='line_1_3' title="bbox 3585 394 3682 451; baseline 0.062 -6"><span class='ocrx_word' id='word_1_6' title='bbox 3585 394 3682 451; x_wconf 76' lang='grc'><strong>1180</strong></span> 
     </span>
    </p>
   </div>
   <div class='ocr_carea' id='block_1_4' title="bbox 503 482 3680 572">
    <p class='ocr_par' dir='ltr' id='par_1_4' title="bbox 503 482 3680 572">
     <span class='ocr_line' id='line_1_4' title="bbox 503 482 3680 572; baseline 0.003 -21"><span class='ocrx_word' id='word_1_7' title='bbox 503 498 596 551; x_wconf 68' lang='grc' dir='ltr'><strong>εἰπε</strong></span> <span class='ocrx_word' id='word_1_8' title='bbox 628 511 740 550; x_wconf 75' lang='lat' dir='ltr'><strong>sua:</strong></span> <span class='ocrx_word' id='word_1_9' title='bbox 770 493 1002 563; x_wconf 76' lang='lat' dir='ltr'><strong>przediis,</strong></span> <span class='ocrx_word' id='word_1_10' title='bbox 1042 492 1301 548; x_wconf 87' lang='lat' dir='ltr'><strong>Leodium</strong></span> <span class='ocrx_word' id='word_1_11' title='bbox 1346 492 1563 561; x_wconf 77' lang='lat' dir='ltr'><strong>refugit,</strong></span> <span class='ocrx_word' id='word_1_12' title='bbox 1620 495 1709 547; x_wconf 94' lang='lat' dir='ltr'><strong>ubi</strong></span> <span class='ocrx_word' id='word_1_13' title='bbox 1764 495 2076 549; x_wconf 78' lang='lat' dir='ltr'><strong>monasterii</strong></span> <span class='ocrx_word' id='word_1_14' title='bbox 2107 482 2151 539; x_wconf 80' lang='grc' dir='ltr'>Α</span> <span class='ocrx_word' id='word_1_15' title='bbox 2182 504 2589 572; x_wconf 87' lang='lat' dir='ltr'><strong>subsequendus</strong></span> <span class='ocrx_word' id='word_1_16' title='bbox 2620 511 2782 560; x_wconf 84' lang='lat' dir='ltr'><strong>esset.</strong></span> <span class='ocrx_word' id='word_1_17' title='bbox 2814 502 3000 559; x_wconf 87' lang='lat' dir='ltr'><strong>Visum</strong></span> <span class='ocrx_word' id='word_1_18' title='bbox 3039 503 3108 559; x_wconf 91' lang='lat' dir='ltr'><strong>ad</strong></span> <span class='ocrx_word' id='word_1_19' title='bbox 3142 503 3316 561; x_wconf 88' lang='lat' dir='ltr'><strong>sancti</strong></span> <span class='ocrx_word' id='word_1_20' title='bbox 3360 503 3540 561; x_wconf 82' lang='lat' dir='ltr'><strong>Felicis</strong></span> <span class='ocrx_word' id='word_1_21' title='bbox 3561 486 3680 564; x_wconf 65' lang='lat' dir='ltr'><strong>abte.</strong></span> 
     </span>
    </p>
   </div>
   <div class='ocr_carea' id='block_1_5' title="bbox 502 584 2077 652">
    <p class='ocr_par' dir='ltr' id='par_1_5' title="bbox 502 584 2077 652">
     <span class='ocr_line' id='line_1_5' title="bbox 502 584 2077 652; baseline -0.001 -12"><span class='ocrx_word' id='word_1_22' title='bbox 502 585 559 640; x_wconf 93' lang='lat' dir='ltr'><strong>S.</strong></span> <span class='ocrx_word' id='word_1_23' title='bbox 589 584 858 639; x_wconf 89' lang='lat' dir='ltr'><strong>Trudouis</strong></span> <span class='ocrx_word' id='word_1_24' title='bbox 887 584 1197 652; x_wconf 77' lang='lat' dir='ltr'><strong>sumptibus</strong></span> <span class='ocrx_word' id='word_1_25' title='bbox 1246 584 1524 638; x_wconf 86' lang='lat' dir='ltr'><strong>victitavit.</strong></span> <span class='ocrx_word' id='word_1_26' title='bbox 1567 584 1752 639; x_wconf 82' lang='lat' dir='ltr'><strong>Eidem</strong></span> <span class='ocrx_word' id='word_1_27' title='bbox 1802 593 2077 639; x_wconf 91' lang='lat' dir='ltr'><strong>monaste-</strong></span> 
     </span>
    </p>
   </div>
   <div class='ocr_carea' id='block_1_6' title="bbox 500 675 2076 745">
    <p class='ocr_par' dir='ltr' id='par_1_6' title="bbox 500 675 2076 745">
     <span class='ocr_line' id='line_1_6' title="bbox 500 675 2076 745; baseline 0.001 -14"><span class='ocrx_word' id='word_1_28' title='bbox 500 678 602 739; x_wconf 89' lang='lat' dir='ltr'><strong>rio,</strong></span> <span class='ocrx_word' id='word_1_29' title='bbox 628 685 812 745; x_wconf 86' lang='lat' dir='ltr'><strong>utpote</strong></span> <span class='ocrx_word' id='word_1_30' title='bbox 838 675 1102 730; x_wconf 80' lang='lat' dir='ltr'><strong>directam</strong></span> <span class='ocrx_word' id='word_1_31' title='bbox 1134 676 1338 730; x_wconf 80' lang='lat' dir='ltr'><strong>habens</strong></span> <span class='ocrx_word' id='word_1_32' title='bbox 1356 676 1808 745; x_wconf 70' lang='lat' dir='ltr'><strong>jurisdictionem,</strong></span> <span class='ocrx_word' id='word_1_33' title='bbox 1842 676 2076 732; x_wconf 88' lang='lat' dir='ltr'><strong>llcnrico</strong></span> 
     </span>
    </p>
   </div>
   <div class='ocr_carea' id='block_1_7' title="bbox 496 764 2072 843">
    <p class='ocr_par' dir='ltr' id='par_1_7' title="bbox 496 764 2072 843">
     <span class='ocr_line' id='line_1_7' title="bbox 496 764 2072 843; baseline 0.001 -23"><span class='ocrx_word' id='word_1_34' title='bbox 496 768 757 836; x_wconf 86' lang='lat' dir='ltr'><strong>episcopo</strong></span> <span class='ocrx_word' id='word_1_35' title='bbox 802 764 1085 820; x_wconf 85' lang='lat' dir='ltr'><strong>Leodieusi</strong></span> <span class='ocrx_word' id='word_1_36' title='bbox 1136 766 1450 843; x_wconf 81' lang='lat' dir='ltr'><strong>comitatus,</strong></span> <span class='ocrx_word' id='word_1_37' title='bbox 1483 767 1790 822; x_wconf 81' lang='lat' dir='ltr'><strong>Lauzonem</strong></span> <span class='ocrx_word' id='word_1_38' title='bbox 1825 768 2072 822; x_wconf 87' lang='lat' dir='ltr'><strong>abbatem</strong></span> 
     </span>
    </p>
   </div>
   <div class='ocr_carea' id='block_1_8' title="bbox 498 853 2075 927">
    <p class='ocr_par' dir='ltr' id='par_1_8' title="bbox 498 853 2075 927">
     <span class='ocr_line' id='line_1_8' title="bbox 498 853 2075 927; baseline 0.004 -19"><span class='ocrx_word' id='word_1_39' title='bbox 498 854 559 908; x_wconf 84' lang='lat' dir='ltr'><strong>S.</strong></span> <span class='ocrx_word' id='word_1_40' title='bbox 599 853 863 910; x_wconf 78' lang='lat' dir='ltr'><strong>Vincentii</strong></span> <span class='ocrx_word' id='word_1_41' title='bbox 894 855 1149 911; x_wconf 79' lang='lat' dir='ltr'><strong>Metcnsis</strong></span> <span class='ocrx_word' id='word_1_42' title='bbox 1184 858 1444 927; x_wconf 74' lang='lat' dir='ltr'><strong>praefecit,</strong></span> <span class='ocrx_word' id='word_1_43' title='bbox 1478 873 1565 912; x_wconf 86' lang='lat' dir='ltr'><strong>au.</strong></span> <span class='ocrx_word' id='word_1_44' title='bbox 1601 859 1757 913; x_wconf 77' lang='lat'><strong>1085.</strong></span> <span class='ocrx_word' id='word_1_45' title='bbox 1800 860 2075 926; x_wconf 87' lang='lat' dir='ltr'><strong>Quamob-</strong></span> 
     </span>
    </p>
   </div>
   <div class='ocr_carea' id='block_1_9' title="bbox 494 946 2075 1019">
    <p class='ocr_par' dir='ltr' id='par_1_9' title="bbox 494 946 2075 1019">
     <span class='ocr_line' id='line_1_9' title="bbox 494 946 2075 1019; baseline 0.005 -21"><span class='ocrx_word' id='word_1_46' title='bbox 494 960 606 1002; x_wconf 87' lang='lat' dir='ltr'><strong>rem</strong></span> <span class='ocrx_word' id='word_1_47' title='bbox 632 946 683 1000; x_wconf 93' lang='lat' dir='ltr'><strong>in</strong></span> <span class='ocrx_word' id='word_1_48' title='bbox 714 946 983 1003; x_wconf 89' lang='lat' dir='ltr'><strong>Chronico</strong></span> <span class='ocrx_word' id='word_1_49' title='bbox 1012 948 1071 1002; x_wconf 88' lang='lat' dir='ltr'><strong>S.</strong></span> <span class='ocrx_word' id='word_1_50' title='bbox 1104 948 1371 1003; x_wconf 88' lang='lat' dir='ltr'><strong>Trudonis</strong></span> <span class='ocrx_word' id='word_1_51' title='bbox 1422 950 1733 1004; x_wconf 81' lang='lat' dir='ltr'><strong>monasterii</strong></span> <span class='ocrx_word' id='word_1_52' title='bbox 1783 960 2075 1019; x_wconf 89' lang='lat' dir='ltr'><strong>proventus</strong></span> 
     </span>
    </p>
   </div>
   <div class='ocr_carea' id='block_1_10' title="bbox 494 1036 2073 1113">
    <p class='ocr_par' dir='ltr' id='par_1_10' title="bbox 494 1036 2073 1113">
     <span class='ocr_line' id='line_1_10' title="bbox 494 1036 2073 1113; baseline 0.006 -24"><span class='ocrx_word' id='word_1_53' title='bbox 494 1036 560 1090; x_wconf 87' lang='lat' dir='ltr'><strong>ad</strong></span> <span class='ocrx_word' id='word_1_54' title='bbox 587 1052 742 1091; x_wconf 92' lang='lat' dir='ltr'><strong>usum</strong></span> <span class='ocrx_word' id='word_1_55' title='bbox 770 1054 925 1093; x_wconf 89' lang='lat' dir='ltr'><strong>suum</strong></span> <span class='ocrx_word' id='word_1_56' title='bbox 952 1042 1285 1095; x_wconf 80' lang='lat' dir='ltr'><strong>convertisse</strong></span> <span class='ocrx_word' id='word_1_57' title='bbox 1307 1054 1360 1095; x_wconf 90' lang='lat' dir='ltr'><strong>et</strong></span> <span class='ocrx_word' id='word_1_58' title='bbox 1386 1042 1615 1098; x_wconf 67' lang='lat' dir='ltr'><strong>abbatim</strong></span> <span class='ocrx_word' id='word_1_59' title='bbox 1654 1043 1931 1113; x_wconf 86' lang='lat' dir='ltr'><strong>privilegia</strong></span> <span class='ocrx_word' id='word_1_60' title='bbox 1958 1044 2073 1098; x_wconf 83' lang='lat' dir='ltr'><strong>viu-</strong></span> 
     </span>
    </p>
   </div>
   <div class='ocr_carea' id='block_1_11' title="bbox 491 1127 2072 1206">
    <p class='ocr_par' dir='ltr' id='par_1_11' title="bbox 491 1127 2072 1206">
     <span class='ocr_line' id='line_1_11' title="bbox 491 1127 2072 1206; baseline 0.008 -25"><span class='ocrx_word' id='word_1_61' title='bbox 491 1127 634 1184; x_wconf 90' lang='lat' dir='ltr'><strong>lasse</strong></span> <span class='ocrx_word' id='word_1_62' title='bbox 679 1132 941 1198; x_wconf 72' lang='lat' dir='ltr'><strong>arguitur.</strong></span> <span class='ocrx_word' id='word_1_63' title='bbox 996 1131 1202 1186; x_wconf 59' lang='lat' dir='ltr'><strong>Praeter</strong></span> <span class='ocrx_word' id='word_1_64' title='bbox 1253 1133 1483 1188; x_wconf 69' lang='lat' dir='ltr'><strong>Cmsaris</strong></span> <span class='ocrx_word' id='word_1_65' title='bbox 1534 1135 1877 1201; x_wconf 74' lang='lat' dir='ltr'><strong>vexationes,</strong></span> <span class='ocrx_word' id='word_1_66' title='bbox 1936 1151 2072 1206; x_wconf 87' lang='lat' dir='ltr'><strong>pene</strong></span> 
     </span>
    </p>
   </div>
   <div class='ocr_carea' id='block_1_12' title="bbox 490 1220 2109 1293">
    <p class='ocr_par' dir='ltr' id='par_1_12' title="bbox 490 1220 2109 1293">
     <span class='ocr_line' id='line_1_12' title="bbox 490 1220 2109 1293; baseline 0.006 -19"><span class='ocrx_word' id='word_1_67' title='bbox 490 1222 765 1277; x_wconf 90' lang='lat' dir='ltr'><strong>continuis</strong></span> <span class='ocrx_word' id='word_1_68' title='bbox 790 1224 1096 1293; x_wconf 77' lang='lat' dir='ltr'><strong>exagitatus</strong></span> <span class='ocrx_word' id='word_1_69' title='bbox 1121 1225 1370 1279; x_wconf 82' lang='lat' dir='ltr'><strong>estbellis</strong></span> <span class='ocrx_word' id='word_1_70' title='bbox 1402 1245 1428 1278; x_wconf 87' lang='lat' dir='ltr'><strong>a</strong></span> <span class='ocrx_word' id='word_1_71' title='bbox 1446 1226 1779 1283; x_wconf 87' lang='lat' dir='ltr'><strong>Theodorico</strong></span> <span class='ocrx_word' id='word_1_72' title='bbox 1808 1231 1943 1285; x_wconf 89' lang='lat' dir='ltr'><strong>duce</strong></span> <span class='ocrx_word' id='word_1_73' title='bbox 1966 1232 2072 1284; x_wconf 82' lang='lat' dir='ltr'><strong>Lo-</strong></span> <span class='ocrx_word' id='word_1_74' title='bbox 2100 1220 2109 1223; x_wconf 68' lang='grc'><strong>’</strong></span> 
     </span>
    </p>
   </div>
   <div class='ocr_carea' id='block_1_13' title="bbox 490 1311 2072 1389">
    <p class='ocr_par' dir='ltr' id='par_1_13' title="bbox 490 1311 2072 1389">
     <span class='ocr_line' id='line_1_13' title="bbox 490 1311 2072 1389; baseline 0.007 -25"><span class='ocrx_word' id='word_1_75' title='bbox 490 1311 798 1383; x_wconf 80' lang='lat' dir='ltr'><strong>tbaringiae,</strong></span> <span class='ocrx_word' id='word_1_76' title='bbox 827 1314 915 1382; x_wconf 89' lang='lat' dir='ltr'><strong>qui</strong></span> <span class='ocrx_word' id='word_1_77' title='bbox 938 1324 1115 1367; x_wconf 85' lang='lat' dir='ltr'><strong>castra</strong></span> <span class='ocrx_word' id='word_1_78' title='bbox 1142 1315 1366 1383; x_wconf 85' lang='lat' dir='ltr'><strong>Spiualii</strong></span> <span class='ocrx_word' id='word_1_79' title='bbox 1386 1325 1451 1373; x_wconf 87' lang='lat' dir='ltr'><strong>et</strong></span> <span class='ocrx_word' id='word_1_80' title='bbox 1474 1316 1751 1383; x_wconf 90' lang='lat' dir='ltr'><strong>Danubrii,</strong></span> <span class='ocrx_word' id='word_1_81' title='bbox 1784 1318 2072 1389; x_wconf 83' lang='lat' dir='ltr'><strong>pluresque</strong></span> 
     </span>
    </p>
   </div>
   <div class='ocr_carea' id='block_1_14' title="bbox 487 1402 2069 1478">
    <p class='ocr_par' dir='ltr' id='par_1_14' title="bbox 487 1402 2069 1478">
     <span class='ocr_line' id='line_1_14' title="bbox 487 1402 2069 1478; baseline 0.009 -24"><span class='ocrx_word' id='word_1_82' title='bbox 487 1402 747 1457; x_wconf 84' lang='lat' dir='ltr'><strong>ecclesias</strong></span> <span class='ocrx_word' id='word_1_83' title='bbox 787 1418 852 1459; x_wconf 86' lang='lat' dir='ltr'><strong>ac</strong></span> <span class='ocrx_word' id='word_1_84' title='bbox 888 1407 1214 1460; x_wconf 85' lang='lat' dir='ltr'><strong>monasteria</strong></span> <span class='ocrx_word' id='word_1_85' title='bbox 1245 1406 1487 1478; x_wconf 84' lang='lat' dir='ltr'><strong>diripuit.</strong></span> <span class='ocrx_word' id='word_1_86' title='bbox 1517 1408 1660 1464; x_wconf 90' lang='lat' dir='ltr'><strong>lntcr</strong></span> <span class='ocrx_word' id='word_1_87' title='bbox 1682 1410 1795 1465; x_wconf 51' lang='lat' dir='ltr'><strong>haec</strong></span> <span class='ocrx_word' id='word_1_88' title='bbox 1824 1412 2069 1468; x_wconf 88' lang='lat' dir='ltr'><strong>habitum</strong></span> 
     </span>
    </p>
   </div>
   <div class='ocr_carea' id='block_1_15' title="bbox 488 1491 2068 1567">
    <p class='ocr_par' dir='ltr' id='par_1_15' title="bbox 488 1491 2068 1567">
     <span class='ocr_line' id='line_1_15' title="bbox 488 1491 2068 1567; baseline 0.009 -22"><span class='ocrx_word' id='word_1_89' title='bbox 488 1491 673 1548; x_wconf 75' lang='lat' dir='ltr'><strong>Beluae</strong></span> <span class='ocrx_word' id='word_1_90' title='bbox 700 1495 985 1549; x_wconf 90' lang='lat' dir='ltr'><strong>concilium</strong></span> <span class='ocrx_word' id='word_1_91' title='bbox 1025 1498 1277 1566; x_wconf 88' lang='lat' dir='ltr'><strong>generale</strong></span> <span class='ocrx_word' id='word_1_92' title='bbox 1306 1515 1393 1552; x_wconf 91' lang='lat' dir='ltr'><strong>an.</strong></span> <span class='ocrx_word' id='word_1_93' title='bbox 1429 1499 1567 1554; x_wconf 81' lang='grc'><strong>1080</strong></span> <span class='ocrx_word' id='word_1_94' title='bbox 1597 1500 1762 1557; x_wconf 81' lang='lat' dir='ltr'><strong>Nonis</strong></span> <span class='ocrx_word' id='word_1_95' title='bbox 1788 1501 1983 1567; x_wconf 83' lang='lat' dir='ltr'><strong>Martii,</strong></span> <span class='ocrx_word' id='word_1_96' title='bbox 2015 1504 2068 1559; x_wconf 93' lang='lat' dir='ltr'><strong>in</strong></span> 
     </span>
    </p>
   </div>
   <div class='ocr_carea' id='block_1_16' title="bbox 485 1586 2072 1663">
    <p class='ocr_par' dir='ltr' id='par_1_16' title="bbox 485 1586 2072 1663">
     <span class='ocr_line' id='line_1_16' title="bbox 485 1586 2072 1663; baseline 0.01 -27"><span class='ocrx_word' id='word_1_97' title='bbox 485 1600 593 1653; x_wconf 89' lang='lat' dir='ltr'><strong>quo</strong></span> <span class='ocrx_word' id='word_1_98' title='bbox 624 1586 948 1663; x_wconf 71' lang='lat' dir='ltr'><strong>imperatori</strong></span> <span class='ocrx_word' id='word_1_99' title='bbox 991 1588 1337 1645; x_wconf 83' lang='lat' dir='ltr'><strong>Germaniam</strong></span> <span class='ocrx_word' id='word_1_100' title='bbox 1368 1592 1510 1647; x_wconf 89' lang='lat' dir='ltr'><strong>bello</strong></span> <span class='ocrx_word' id='word_1_101' title='bbox 1540 1595 1816 1663; x_wconf 80' lang='lat' dir='ltr'><strong>armisque</strong></span> <span class='ocrx_word' id='word_1_102' title='bbox 1842 1597 2072 1652; x_wconf 80' lang='lat' dir='ltr'><strong>miscere</strong></span> 
     </span>
    </p>
   </div>
   <div class='ocr_carea' id='block_1_17' title="bbox 484 1662 2071 1754">
    <p class='ocr_par' dir='ltr' id='par_1_17' title="bbox 484 1662 2071 1754">
     <span class='ocr_line' id='line_1_17' title="bbox 484 1662 2071 1754; baseline 0.009 -25"><span class='ocrx_word' id='word_1_103' title='bbox 484 1662 751 1749; x_wconf 80' lang='lat' dir='ltr'><strong>pergenti,</strong></span> <span class='ocrx_word' id='word_1_104' title='bbox 784 1689 838 1734; x_wconf 92' lang='lat' dir='ltr'><strong>et</strong></span> <span class='ocrx_word' id='word_1_105' title='bbox 861 1681 911 1733; x_wconf 94' lang='lat' dir='ltr'><strong>in</strong></span> <span class='ocrx_word' id='word_1_106' title='bbox 942 1682 1238 1750; x_wconf 80' lang='lat' dir='ltr'><strong>pertinacia</strong></span> <span class='ocrx_word' id='word_1_107' title='bbox 1263 1685 1594 1754; x_wconf 78' lang='lat' dir='ltr'><strong>persistenti,</strong></span> <span class='ocrx_word' id='word_1_108' title='bbox 1619 1687 1908 1743; x_wconf 86' lang='lat' dir='ltr'><strong>anathema</strong></span> <span class='ocrx_word' id='word_1_109' title='bbox 1934 1689 2071 1743; x_wconf 83' lang='lat' dir='ltr'><strong>dixit</strong></span> 
     </span>
    </p>
   </div>
   <div class='ocr_carea' id='block_1_18' title="bbox 482 1770 2068 1849">
    <p class='ocr_par' dir='ltr' id='par_1_18' title="bbox 482 1770 2068 1849">
     <span class='ocr_line' id='line_1_18' title="bbox 482 1770 2068 1849; baseline 0.011 -32"><span class='ocrx_word' id='word_1_110' title='bbox 482 1784 616 1838; x_wconf 82' lang='lat' dir='ltr'><strong>papa</strong></span> <span class='ocrx_word' id='word_1_111' title='bbox 642 1770 952 1841; x_wconf 81' lang='lat' dir='ltr'><strong>Gregorius,</strong></span> <span class='ocrx_word' id='word_1_112' title='bbox 983 1783 1038 1827; x_wconf 84' lang='lat' dir='ltr'><strong>et</strong></span> <span class='ocrx_word' id='word_1_113' title='bbox 1066 1774 1352 1829; x_wconf 64' lang='lat' dir='ltr'><strong>Rodull‘um</strong></span> <span class='ocrx_word' id='word_1_114' title='bbox 1388 1778 1436 1830; x_wconf 88' lang='lat' dir='ltr'><strong>in</strong></span> <span class='ocrx_word' id='word_1_115' title='bbox 1470 1778 1612 1847; x_wconf 84' lang='lat' dir='ltr'><strong>regia</strong></span> <span class='ocrx_word' id='word_1_116' title='bbox 1650 1780 1911 1849; x_wconf 87' lang='lat' dir='ltr'><strong>dignitate</strong></span> <span class='ocrx_word' id='word_1_117' title='bbox 1941 1780 2068 1835; x_wconf 89' lang='lat' dir='ltr'><strong>sub-</strong></span> 
     </span>
    </p>
   </div>
   <div class='ocr_carea' id='block_1_19' title="bbox 481 1863 2061 1936">
    <p class='ocr_par' dir='ltr' id='par_1_19' title="bbox 481 1863 2061 1936">
     <span class='ocr_line' id='line_1_19' title="bbox 481 1863 2061 1936; baseline 0.008 -22"><span class='ocrx_word' id='word_1_118' title='bbox 481 1863 728 1915; x_wconf 87' lang='lat' dir='ltr'><strong>stitutum</strong></span> <span class='ocrx_word' id='word_1_119' title='bbox 762 1864 1123 1931; x_wconf 90' lang='lat' dir='ltr'><strong>conﬁrmavit,</strong></span> <span class='ocrx_word' id='word_1_120' title='bbox 1154 1868 1430 1936; x_wconf 85' lang='lat' dir='ltr'><strong>professus</strong></span> <span class='ocrx_word' id='word_1_121' title='bbox 1459 1883 1517 1924; x_wconf 90' lang='lat' dir='ltr'><strong>se</strong></span> <span class='ocrx_word' id='word_1_122' title='bbox 1559 1870 1781 1925; x_wconf 86' lang='lat' dir='ltr'><strong>invitum</strong></span> <span class='ocrx_word' id='word_1_123' title='bbox 1833 1887 1932 1926; x_wconf 90' lang='lat' dir='ltr'><strong>nec</strong></span> <span class='ocrx_word' id='word_1_124' title='bbox 1963 1873 2061 1928; x_wconf 89' lang='lat' dir='ltr'><strong>nisi</strong></span> 
     </span>
    </p>
   </div>
   <div class='ocr_carea' id='block_1_20' title="bbox 479 1955 2060 2024">
    <p class='ocr_par' dir='ltr' id='par_1_20' title="bbox 479 1955 2060 2024">
     <span class='ocr_line' id='line_1_20' title="bbox 479 1955 2060 2024; baseline 0.01 -21"><span class='ocrx_word' id='word_1_125' title='bbox 479 1964 601 2022; x_wconf 82' lang='lat' dir='ltr'><strong>post</strong></span> <span class='ocrx_word' id='word_1_126' title='bbox 633 1961 833 2007; x_wconf 89' lang='lat' dir='ltr'><strong>tentata</strong></span> <span class='ocrx_word' id='word_1_127' title='bbox 861 1955 1131 2010; x_wconf 87' lang='lat' dir='ltr'><strong>incassum</strong></span> <span class='ocrx_word' id='word_1_128' title='bbox 1157 1958 1259 2011; x_wconf 91' lang='lat' dir='ltr'><strong>alia</strong></span> <span class='ocrx_word' id='word_1_129' title='bbox 1292 1959 1549 2024; x_wconf 83' lang='lat' dir='ltr'><strong>remelia,</strong></span> <span class='ocrx_word' id='word_1_130' title='bbox 1580 1961 1645 2015; x_wconf 91' lang='lat' dir='ltr'><strong>ad</strong></span> <span class='ocrx_word' id='word_1_131' title='bbox 1678 1962 1790 2016; x_wconf 74' lang='lat' dir='ltr'><strong>inec</strong></span> <span class='ocrx_word' id='word_1_132' title='bbox 1816 1971 2060 2019; x_wconf 89' lang='lat' dir='ltr'><strong>extrema</strong></span> 
     </span>
    </p>
   </div>
   <div class='ocr_carea' id='block_1_21' title="bbox 481 2044 2064 2118">
    <p class='ocr_par' dir='ltr' id='par_1_21' title="bbox 481 2044 2064 2118">
     <span class='ocr_line' id='line_1_21' title="bbox 481 2044 2064 2118; baseline 0.01 -24"><span class='ocrx_word' id='word_1_133' title='bbox 481 2044 844 2099; x_wconf 74' lang='lat' dir='ltr'><strong>descendisse.</strong></span> <span class='ocrx_word' id='word_1_134' title='bbox 884 2045 959 2099; x_wconf 89' lang='lat' dir='ltr'><strong>Ea</strong></span> <span class='ocrx_word' id='word_1_135' title='bbox 995 2061 1052 2100; x_wconf 92' lang='lat' dir='ltr'><strong>re</strong></span> <span class='ocrx_word' id='word_1_136' title='bbox 1086 2048 1317 2117; x_wconf 89' lang='lat' dir='ltr'><strong>amplius</strong></span> <span class='ocrx_word' id='word_1_137' title='bbox 1352 2048 1606 2105; x_wconf 77' lang='lat' dir='ltr'><strong>efferatus</strong></span> <span class='ocrx_word' id='word_1_138' title='bbox 1640 2050 1925 2118; x_wconf 90' lang='lat' dir='ltr'><strong>llenricus,</strong></span> <span class='ocrx_word' id='word_1_139' title='bbox 1967 2070 2064 2110; x_wconf 92' lang='lat' dir='ltr'><strong>co-</strong></span> 
     </span>
    </p>
   </div>
   <div class='ocr_carea' id='block_1_22' title="bbox 478 2136 2064 2215">
    <p class='ocr_par' dir='ltr' id='par_1_22' title="bbox 478 2136 2064 2215">
     <span class='ocr_line' id='line_1_22' title="bbox 478 2136 2064 2215; baseline 0.009 -29"><span class='ocrx_word' id='word_1_140' title='bbox 478 2143 603 2188; x_wconf 80' lang='lat' dir='ltr'><strong>acto</strong></span> <span class='ocrx_word' id='word_1_141' title='bbox 653 2136 794 2205; x_wconf 89' lang='lat' dir='ltr'><strong>apud</strong></span> <span class='ocrx_word' id='word_1_142' title='bbox 847 2136 1125 2192; x_wconf 84' lang='lat' dir='ltr'><strong>Brixinam</strong></span> <span class='ocrx_word' id='word_1_143' title='bbox 1183 2138 1503 2196; x_wconf 87' lang='lat' dir='ltr'><strong>Noricorum</strong></span> <span class='ocrx_word' id='word_1_144' title='bbox 1578 2143 1767 2198; x_wconf 89' lang='lat' dir='ltr'><strong>urbem</strong></span> <span class='ocrx_word' id='word_1_145' title='bbox 1844 2144 2064 2215; x_wconf 82' lang='lat' dir='ltr'><strong>triginta</strong></span> 
     </span>
    </p>
   </div>
   <div class='ocr_carea' id='block_1_23' title="bbox 477 2224 2060 2307">
    <p class='ocr_par' dir='ltr' id='par_1_23' title="bbox 477 2224 2060 2307">
     <span class='ocr_line' id='line_1_23' title="bbox 477 2224 2060 2307; baseline 0.008 -29"><span class='ocrx_word' id='word_1_146' title='bbox 477 2224 1221 2299; x_wconf 72' lang='lat' dir='ltr'><strong>factiosorum‘episcoporum</strong></span> <span class='ocrx_word' id='word_1_147' title='bbox 1241 2242 1529 2299; x_wconf 89' lang='lat' dir='ltr'><strong>conventu,</strong></span> <span class='ocrx_word' id='word_1_148' title='bbox 1547 2235 1843 2306; x_wconf 83' lang='lat' dir='ltr'><strong>legitimum</strong></span> <span class='ocrx_word' id='word_1_149' title='bbox 1872 2252 2060 2307; x_wconf 87' lang='lat' dir='ltr'><strong>papam</strong></span> 
     </span>
    </p>
   </div>
   <div class='ocr_carea' id='block_1_24' title="bbox 476 2317 2062 2401">
    <p class='ocr_par' dir='ltr' id='par_1_24' title="bbox 476 2317 2062 2401">
     <span class='ocr_line' id='line_1_24' title="bbox 476 2317 2062 2401; baseline 0.009 -32"><span class='ocrx_word' id='word_1_150' title='bbox 476 2317 765 2383; x_wconf 83' lang='lat' dir='ltr'><strong>abjuravit,</strong></span> <span class='ocrx_word' id='word_1_151' title='bbox 810 2320 1343 2391; x_wconf 86' lang='lat' dir='ltr'><strong>eique-Guibertum,</strong></span> <span class='ocrx_word' id='word_1_152' title='bbox 1376 2324 1647 2379; x_wconf 71' lang='lat' dir='ltr'><strong>Ravennae</strong></span> <span class='ocrx_word' id='word_1_153' title='bbox 1695 2328 2062 2401; x_wconf 87' lang='lat' dir='ltr'><strong>archiepisco-</strong></span> 
     </span>
    </p>
   </div>
   <div class='ocr_carea' id='block_1_25' title="bbox 476 2411 2064 2488">
    <p class='ocr_par' dir='ltr' id='par_1_25' title="bbox 476 2411 2064 2488">
     <span class='ocr_line' id='line_1_25' title="bbox 476 2411 2064 2488; baseline 0.011 -30"><span class='ocrx_word' id='word_1_154' title='bbox 476 2421 627 2478; x_wconf 88' lang='lat' dir='ltr'><strong>pum,</strong></span> <span class='ocrx_word' id='word_1_155' title='bbox 680 2411 988 2482; x_wconf 89' lang='lat' dir='ltr'><strong>antipapam</strong></span> <span class='ocrx_word' id='word_1_156' title='bbox 1036 2414 1136 2468; x_wconf 90' lang='lat' dir='ltr'><strong>sub</strong></span> <span class='ocrx_word' id='word_1_157' title='bbox 1185 2416 1401 2470; x_wconf 92' lang='lat' dir='ltr'><strong>nomine</strong></span> <span class='ocrx_word' id='word_1_158' title='bbox 1451 2416 1744 2472; x_wconf 78' lang='lat' dir='ltr'><strong>Clementis</strong></span> <span class='ocrx_word' id='word_1_159' title='bbox 1789 2419 2064 2488; x_wconf 69' lang='lat' dir='ltr'><strong>opposuit.</strong></span> 
     </span>
    </p>
   </div>
   <div class='ocr_carea' id='block_1_26' title="bbox 476 2498 2062 2580">
    <p class='ocr_par' dir='ltr' id='par_1_26' title="bbox 476 2498 2062 2580">
     <span class='ocr_line' id='line_1_26' title="bbox 476 2498 2062 2580; baseline 0.007 -25"><span class='ocrx_word' id='word_1_160' title='bbox 476 2498 650 2557; x_wconf 76' lang='lat' dir='ltr'><strong>Porro</strong></span> <span class='ocrx_word' id='word_1_161' title='bbox 681 2502 1043 2561; x_wconf 86' lang='lat' dir='ltr'><strong>Herimaunus</strong></span> <span class='ocrx_word' id='word_1_162' title='bbox 1083 2522 1113 2560; x_wconf 89' lang='lat' dir='ltr'><strong>a</strong></span> <span class='ocrx_word' id='word_1_163' title='bbox 1154 2508 1398 2577; x_wconf 89' lang='lat' dir='ltr'><strong>partibus</strong></span> <span class='ocrx_word' id='word_1_164' title='bbox 1439 2524 1589 2580; x_wconf 68' lang='lat' dir='ltr'><strong>papa:</strong></span> <span class='ocrx_word' id='word_1_165' title='bbox 1620 2513 1919 2568; x_wconf 88' lang='lat' dir='ltr'><strong>constabat.</strong></span> <span class='ocrx_word' id='word_1_166' title='bbox 1947 2512 2062 2580; x_wconf 85' lang='lat' dir='ltr'><strong>Qua</strong></span> 
     </span>
    </p>
   </div>
   <div class='ocr_carea' id='block_1_27' title="bbox 478 2598 2065 2675">
    <p class='ocr_par' dir='ltr' id='par_1_27' title="bbox 478 2598 2065 2675">
     <span class='ocr_line' id='line_1_27' title="bbox 478 2598 2065 2675; baseline 0.011 -29"><span class='ocrx_word' id='word_1_167' title='bbox 478 2610 538 2647; x_wconf 90' lang='lat' dir='ltr'><strong>re</strong></span> <span class='ocrx_word' id='word_1_168' title='bbox 571 2598 926 2653; x_wconf 80' lang='lat' dir='ltr'><strong>exacerbatus</strong></span> <span class='ocrx_word' id='word_1_169' title='bbox 972 2600 1266 2670; x_wconf 83' lang='lat' dir='ltr'><strong>imperator</strong></span> <span class='ocrx_word' id='word_1_170' title='bbox 1293 2617 1415 2657; x_wconf 89' lang='lat' dir='ltr'><strong>emn</strong></span> <span class='ocrx_word' id='word_1_171' title='bbox 1454 2605 1582 2659; x_wconf 90' lang='lat' dir='ltr'><strong>sede</strong></span> <span class='ocrx_word' id='word_1_172' title='bbox 1629 2622 1723 2660; x_wconf 90' lang='lat' dir='ltr'><strong>sua</strong></span> <span class='ocrx_word' id='word_1_173' title='bbox 1753 2605 1965 2675; x_wconf 73' lang='lat' dir='ltr'><strong>dejecit,</strong></span> <span class='ocrx_word' id='word_1_174' title='bbox 2001 2624 2065 2664; x_wconf 89' lang='lat' dir='ltr'><strong>ac</strong></span> 
     </span>
    </p>
   </div>
   <div class='ocr_carea' id='block_1_28' title="bbox 477 2684 2061 2762">
    <p class='ocr_par' dir='ltr' id='par_1_28' title="bbox 477 2684 2061 2762">
     <span class='ocr_line' id='line_1_28' title="bbox 477 2684 2061 2762; baseline 0.009 -22"><span class='ocrx_word' id='word_1_175' title='bbox 477 2684 763 2743; x_wconf 86' lang='lat' dir='ltr'><strong>Walonem</strong></span> <span class='ocrx_word' id='word_1_176' title='bbox 807 2690 919 2761; x_wconf 89' lang='lat' dir='ltr'><strong>jam</strong></span> <span class='ocrx_word' id='word_1_177' title='bbox 968 2693 1327 2762; x_wconf 64' lang='lat' dir='ltr'><strong>praelibatum,</strong></span> <span class='ocrx_word' id='word_1_178' title='bbox 1358 2695 1648 2751; x_wconf 83' lang='lat' dir='ltr'><strong>S.Arnulﬁ</strong></span> <span class='ocrx_word' id='word_1_179' title='bbox 1701 2700 1972 2761; x_wconf 89' lang='lat' dir='ltr'><strong>abbatem,</strong></span> <span class='ocrx_word' id='word_1_180' title='bbox 2010 2701 2061 2754; x_wconf 89' lang='lat' dir='ltr'><strong>itt</strong></span> 
     </span>
    </p>
   </div>
   <div class='ocr_carea' id='block_1_29' title="bbox 475 2777 2062 2859">
    <p class='ocr_par' dir='ltr' id='par_1_29' title="bbox 475 2777 2062 2859">
     <span class='ocr_line' id='line_1_29' title="bbox 475 2777 2062 2859; baseline 0.009 -26"><span class='ocrx_word' id='word_1_181' title='bbox 475 2777 594 2846; x_wconf 82' lang='lat' dir='ltr'><strong>ejus</strong></span> <span class='ocrx_word' id='word_1_182' title='bbox 631 2782 804 2836; x_wconf 88' lang='lat' dir='ltr'><strong>locum</strong></span> <span class='ocrx_word' id='word_1_183' title='bbox 838 2783 1076 2839; x_wconf 87' lang='lat' dir='ltr'><strong>iutrusit.</strong></span> <span class='ocrx_word' id='word_1_184' title='bbox 1109 2785 1300 2841; x_wconf 90' lang='lat' dir='ltr'><strong>Sedcm</strong></span> <span class='ocrx_word' id='word_1_185' title='bbox 1333 2792 1636 2859; x_wconf 82' lang='lat' dir='ltr'><strong>occupabat</strong></span> <span class='ocrx_word' id='word_1_186' title='bbox 1686 2790 1838 2846; x_wconf 85' lang='lat' dir='ltr'><strong>Walo</strong></span> <span class='ocrx_word' id='word_1_187' title='bbox 1883 2794 2062 2849; x_wconf 88' lang='lat' dir='ltr'><strong>adhuc</strong></span> 
     </span>
    </p>
   </div>
   <div class='ocr_carea' id='block_1_30' title="bbox 476 2872 2059 2954">
    <p class='ocr_par' dir='ltr' id='par_1_30' title="bbox 476 2872 2059 2954">
     <span class='ocr_line' id='line_1_30' title="bbox 476 2872 2059 2954; baseline 0.012 -32"><span class='ocrx_word' id='word_1_188' title='bbox 476 2886 622 2925; x_wconf 87' lang='lat' dir='ltr'><strong>anno</strong></span> <span class='ocrx_word' id='word_1_189' title='bbox 657 2872 791 2927; x_wconf 71' lang='lat'><strong>1085</strong></span> <span class='ocrx_word' id='word_1_190' title='bbox 818 2888 883 2927; x_wconf 91' lang='lat' dir='ltr'><strong>ac</strong></span> <span class='ocrx_word' id='word_1_191' title='bbox 907 2880 1172 2944; x_wconf 86' lang='lat' dir='ltr'><strong>sequenti.</strong></span> <span class='ocrx_word' id='word_1_192' title='bbox 1195 2878 1265 2932; x_wconf 86' lang='lat' dir='ltr'><strong>At</strong></span> <span class='ocrx_word' id='word_1_193' title='bbox 1294 2880 1481 2949; x_wconf 83' lang='lat' dir='ltr'><strong>videns</strong></span> <span class='ocrx_word' id='word_1_194' title='bbox 1507 2897 1565 2937; x_wconf 87' lang='lat' dir='ltr'><strong>se</strong></span> <span class='ocrx_word' id='word_1_195' title='bbox 1600 2882 1731 2937; x_wconf 90' lang='lat' dir='ltr'><strong>nihil</strong></span> <span class='ocrx_word' id='word_1_196' title='bbox 1772 2884 2059 2954; x_wconf 88' lang='lat' dir='ltr'><strong>prolicere,</strong></span> 
     </span>
    </p>
   </div>
   <div class='ocr_carea' id='block_1_31' title="bbox 484 2967 2064 3037">
    <p class='ocr_par' dir='ltr' id='par_1_31' title="bbox 484 2967 2064 3037">
     <span class='ocr_line' id='line_1_31' title="bbox 484 2967 2064 3037; baseline 0.01 -23"><span class='ocrx_word' id='word_1_197' title='bbox 484 2968 707 3031; x_wconf 87' lang='lat' dir='ltr'><strong>tumque</strong></span> <span class='ocrx_word' id='word_1_198' title='bbox 738 2973 1008 3034; x_wconf 69' lang='lat' dir='ltr'><strong>usurpata:</strong></span> <span class='ocrx_word' id='word_1_199' title='bbox 1046 2967 1189 3022; x_wconf 88' lang='lat' dir='ltr'><strong>sedis</strong></span> <span class='ocrx_word' id='word_1_200' title='bbox 1227 2969 1540 3037; x_wconf 67' lang='lat' dir='ltr'><strong>paenitentia</strong></span> <span class='ocrx_word' id='word_1_201' title='bbox 1598 2972 1806 3028; x_wconf 90' lang='lat' dir='ltr'><strong>ductus.</strong></span> <span class='ocrx_word' id='word_1_202' title='bbox 1856 2974 1921 3028; x_wconf 90' lang='lat' dir='ltr'><strong>ad</strong></span> <span class='ocrx_word' id='word_1_203' title='bbox 1959 2974 2064 3029; x_wconf 88' lang='lat' dir='ltr'><strong>lle-</strong></span> 
     </span>
    </p>
   </div>
   <div class='ocr_carea' id='block_1_32' title="bbox 479 3054 2059 3132">
    <p class='ocr_par' dir='ltr' id='par_1_32' title="bbox 479 3054 2059 3132">
     <span class='ocr_line' id='line_1_32' title="bbox 479 3054 2059 3132; baseline 0.009 -25"><span class='ocrx_word' id='word_1_204' title='bbox 479 3054 785 3109; x_wconf 84' lang='lat' dir='ltr'><strong>ritnannum</strong></span> <span class='ocrx_word' id='word_1_205' title='bbox 838 3059 1099 3122; x_wconf 87' lang='lat' dir='ltr'><strong>accessit,</strong></span> <span class='ocrx_word' id='word_1_206' title='bbox 1170 3063 1464 3132; x_wconf 85' lang='lat' dir='ltr'><strong>perpetrati</strong></span> <span class='ocrx_word' id='word_1_207' title='bbox 1522 3062 1787 3119; x_wconf 74' lang='lat' dir='ltr'><strong>facinoris</strong></span> <span class='ocrx_word' id='word_1_208' title='bbox 1848 3067 2059 3122; x_wconf 86' lang='lat' dir='ltr'><strong>veniam</strong></span> 
     </span>
    </p>
   </div>
   <div class='ocr_carea' id='block_1_33' title="bbox 478 3145 2058 3219">
    <p class='ocr_par' dir='ltr' id='par_1_33' title="bbox 478 3145 2058 3219">
     <span class='ocr_line' id='line_1_33' title="bbox 478 3145 2058 3219; baseline 0.01 -21"><span class='ocrx_word' id='word_1_209' title='bbox 478 3145 657 3215; x_wconf 79' lang='lat' dir='ltr'><strong>petiit,</strong></span> <span class='ocrx_word' id='word_1_210' title='bbox 687 3156 744 3201; x_wconf 91' lang='lat' dir='ltr'><strong>et</strong></span> <span class='ocrx_word' id='word_1_211' title='bbox 800 3149 991 3219; x_wconf 90' lang='lat' dir='ltr'><strong>piaculi</strong></span> <span class='ocrx_word' id='word_1_212' title='bbox 1040 3166 1202 3208; x_wconf 88' lang='lat' dir='ltr'><strong>causa</strong></span> <span class='ocrx_word' id='word_1_213' title='bbox 1236 3154 1288 3207; x_wconf 92' lang='lat' dir='ltr'><strong>in</strong></span> <span class='ocrx_word' id='word_1_214' title='bbox 1342 3154 1642 3212; x_wconf 78' lang='lat' dir='ltr'><strong>Gorziense</strong></span> <span class='ocrx_word' id='word_1_215' title='bbox 1672 3160 2058 3214; x_wconf 85' lang='lat' dir='ltr'><strong>monasterium</strong></span> 
     </span>
    </p>
   </div>
   <div class='ocr_carea' id='block_1_34' title="bbox 473 3240 2058 3318">
    <p class='ocr_par' dir='ltr' id='par_1_34' title="bbox 473 3240 2058 3318">
     <span class='ocr_line' id='line_1_34' title="bbox 473 3240 2058 3318; baseline 0.009 -27"><span class='ocrx_word' id='word_1_216' title='bbox 473 3240 719 3305; x_wconf 73' lang='lat' dir='ltr'><strong>secessit,</strong></span> <span class='ocrx_word' id='word_1_217' title='bbox 769 3240 939 3297; x_wconf 89' lang='lat' dir='ltr'><strong>factus</strong></span> <span class='ocrx_word' id='word_1_218' title='bbox 995 3244 1190 3300; x_wconf 90' lang='lat' dir='ltr'><strong>ibidem</strong></span> <span class='ocrx_word' id='word_1_219' title='bbox 1228 3257 1414 3302; x_wconf 87' lang='lat' dir='ltr'><strong>custos</strong></span> <span class='ocrx_word' id='word_1_220' title='bbox 1465 3264 1777 3318; x_wconf 90' lang='lat' dir='ltr'><strong>puerorum.</strong></span> <span class='ocrx_word' id='word_1_221' title='bbox 1832 3251 2058 3306; x_wconf 71' lang='lat' dir='ltr'><strong>Domum</strong></span> 
     </span>
    </p>
   </div>
   <div class='ocr_carea' id='block_1_35' title="bbox 478 3332 2061 3413">
    <p class='ocr_par' dir='ltr' id='par_1_35' title="bbox 478 3332 2061 3413">
     <span class='ocr_line' id='line_1_35' title="bbox 478 3332 2061 3413; baseline 0.01 -30"><span class='ocrx_word' id='word_1_222' title='bbox 478 3338 641 3384; x_wconf 69' lang='lat' dir='ltr'><strong>Ianua</strong></span> <span class='ocrx_word' id='word_1_223' title='bbox 670 3332 944 3388; x_wconf 71' lang='lat' dir='ltr'><strong>modestia:</strong></span> <span class='ocrx_word' id='word_1_224' title='bbox 991 3344 1045 3389; x_wconf 90' lang='lat' dir='ltr'><strong>et</strong></span> <span class='ocrx_word' id='word_1_225' title='bbox 1089 3338 1423 3406; x_wconf 62' lang='lat' dir='ltr'><strong>paenitentiae</strong></span> <span class='ocrx_word' id='word_1_226' title='bbox 1462 3341 1709 3409; x_wconf 86' lang='lat' dir='ltr'><strong>exemplo</strong></span> <span class='ocrx_word' id='word_1_227' title='bbox 1751 3343 2061 3413; x_wconf 86' lang='lat' dir='ltr'><strong>compulsus</strong></span> 
     </span>
    </p>
   </div>
   <div class='ocr_carea' id='block_1_36' title="bbox 475 3424 2056 3506">
    <p class='ocr_par' dir='ltr' id='par_1_36' title="bbox 475 3424 2056 3506">
     <span class='ocr_line' id='line_1_36' title="bbox 475 3424 2056 3506; baseline 0.009 -30"><span class='ocrx_word' id='word_1_228' title='bbox 475 3424 542 3477; x_wconf 89' lang='lat' dir='ltr'><strong>ad</strong></span> <span class='ocrx_word' id='word_1_229' title='bbox 569 3427 1098 3485; x_wconf 82' lang='lat' dir='ltr'><strong>commiserationem</strong></span> <span class='ocrx_word' id='word_1_230' title='bbox 1139 3431 1525 3500; x_wconf 88' lang='lat' dir='ltr'><strong>llerimannus,</strong></span> <span class='ocrx_word' id='word_1_231' title='bbox 1564 3449 1688 3489; x_wconf 91' lang='lat' dir='ltr'><strong>eum</strong></span> <span class='ocrx_word' id='word_1_232' title='bbox 1719 3436 1771 3490; x_wconf 94' lang='lat' dir='ltr'><strong>in</strong></span> <span class='ocrx_word' id='word_1_233' title='bbox 1820 3437 2056 3506; x_wconf 76' lang='lat' dir='ltr'><strong>priorem</strong></span> 
     </span>
    </p>
   </div>
   <div class='ocr_carea' id='block_1_37' title="bbox 475 3516 2061 3597">
    <p class='ocr_par' dir='ltr' id='par_1_37' title="bbox 475 3516 2061 3597">
     <span class='ocr_line' id='line_1_37' title="bbox 475 3516 2061 3597; baseline 0.011 -29"><span class='ocrx_word' id='word_1_234' title='bbox 475 3516 713 3572; x_wconf 87' lang='lat' dir='ltr'><strong>restituit</strong></span> <span class='ocrx_word' id='word_1_235' title='bbox 744 3518 1026 3575; x_wconf 89' lang='lat' dir='ltr'><strong>honorem.</strong></span> <span class='ocrx_word' id='word_1_236' title='bbox 1066 3522 1181 3577; x_wconf 84' lang='lat' dir='ltr'><strong>Non</strong></span> <span class='ocrx_word' id='word_1_237' title='bbox 1209 3523 1377 3580; x_wconf 92' lang='lat' dir='ltr'><strong>multo</strong></span> <span class='ocrx_word' id='word_1_238' title='bbox 1410 3535 1532 3595; x_wconf 88' lang='lat' dir='ltr'><strong>post</strong></span> <span class='ocrx_word' id='word_1_239' title='bbox 1562 3526 1703 3581; x_wconf 91' lang='lat' dir='ltr'><strong>idem</strong></span> <span class='ocrx_word' id='word_1_240' title='bbox 1736 3529 1933 3597; x_wconf 65' lang='lat' dir='ltr'><strong>praesul</strong></span> <span class='ocrx_word' id='word_1_241' title='bbox 1962 3527 2061 3584; x_wconf 83' lang='lat' dir='ltr'><strong>ite-</strong></span> 
     </span>
    </p>
   </div>
   <div class='ocr_carea' id='block_1_38' title="bbox 474 3609 2061 3691">
    <p class='ocr_par' dir='ltr' id='par_1_38' title="bbox 474 3609 2061 3691">
     <span class='ocr_line' id='line_1_38' title="bbox 474 3609 2061 3691; baseline 0.011 -33"><span class='ocrx_word' id='word_1_242' title='bbox 474 3621 594 3661; x_wconf 90' lang='lat' dir='ltr'><strong>rum</strong></span> <span class='ocrx_word' id='word_1_243' title='bbox 625 3609 752 3664; x_wconf 91' lang='lat' dir='ltr'><strong>sede</strong></span> <span class='ocrx_word' id='word_1_244' title='bbox 779 3626 873 3664; x_wconf 88' lang='lat' dir='ltr'><strong>sua</strong></span> <span class='ocrx_word' id='word_1_245' title='bbox 907 3612 1091 3681; x_wconf 82' lang='lat' dir='ltr'><strong>pulsus</strong></span> <span class='ocrx_word' id='word_1_246' title='bbox 1138 3624 1242 3681; x_wconf 91' lang='lat' dir='ltr'><strong>est,</strong></span> <span class='ocrx_word' id='word_1_247' title='bbox 1297 3624 1351 3672; x_wconf 90' lang='lat' dir='ltr'><strong>et</strong></span> <span class='ocrx_word' id='word_1_248' title='bbox 1396 3615 1579 3672; x_wconf 86' lang='lat' dir='ltr'><strong>Bruuo</strong></span> <span class='ocrx_word' id='word_1_249' title='bbox 1626 3618 1869 3691; x_wconf 81' lang='lat' dir='ltr'><strong>quidam,</strong></span> <span class='ocrx_word' id='word_1_250' title='bbox 1919 3619 2061 3676; x_wconf 76' lang='lat' dir='ltr'><strong>ﬁlius</strong></span> 
     </span>
    </p>
   </div>
   <div class='ocr_carea' id='block_1_39' title="bbox 472 3697 2060 3772">
    <p class='ocr_par' dir='ltr' id='par_1_39' title="bbox 472 3697 2060 3772">
     <span class='ocr_line' id='line_1_39' title="bbox 472 3697 2060 3772; baseline 0.01 -20"><span class='ocrx_word' id='word_1_251' title='bbox 472 3697 679 3754; x_wconf 83' lang='lat' dir='ltr'><strong>Alberti</strong></span> <span class='ocrx_word' id='word_1_252' title='bbox 717 3704 931 3759; x_wconf 91' lang='lat' dir='ltr'><strong>comitis</strong></span> <span class='ocrx_word' id='word_1_253' title='bbox 954 3703 1255 3772; x_wconf 89' lang='lat' dir='ltr'><strong>Calvensis,</strong></span> <span class='ocrx_word' id='word_1_254' title='bbox 1283 3710 1584 3765; x_wconf 81' lang='lat' dir='ltr'><strong>monaChus</strong></span> <span class='ocrx_word' id='word_1_255' title='bbox 1614 3710 1800 3766; x_wconf 75' lang='lat' dir='ltr'><strong>Sancti</strong></span> <span class='ocrx_word' id='word_1_256' title='bbox 1847 3712 2060 3768; x_wconf 89' lang='lat' dir='ltr'><strong>&#39;l‘rudo-</strong></span> 
     </span>
    </p>
   </div>
   <div class='ocr_carea' id='block_1_40' title="bbox 471 3792 2060 3867">
    <p class='ocr_par' dir='ltr' id='par_1_40' title="bbox 471 3792 2060 3867">
     <span class='ocr_line' id='line_1_40' title="bbox 471 3792 2060 3867; baseline 0.011 -22"><span class='ocrx_word' id='word_1_257' title='bbox 471 3792 580 3855; x_wconf 86' lang='lat' dir='ltr'><strong>nis,</strong></span> <span class='ocrx_word' id='word_1_258' title='bbox 638 3792 690 3847; x_wconf 93' lang='lat' dir='ltr'><strong>in</strong></span> <span class='ocrx_word' id='word_1_259' title='bbox 722 3809 842 3848; x_wconf 89' lang='lat' dir='ltr'><strong>eam</strong></span> <span class='ocrx_word' id='word_1_260' title='bbox 884 3796 1144 3859; x_wconf 86' lang='lat' dir='ltr'><strong>intrusus.</strong></span> <span class='ocrx_word' id='word_1_261' title='bbox 1183 3798 1347 3867; x_wconf 89' lang='lat' dir='ltr'><strong>Cujus</strong></span> <span class='ocrx_word' id='word_1_262' title='bbox 1397 3801 1739 3859; x_wconf 84' lang='lat' dir='ltr'><strong>insolentiam</strong></span> <span class='ocrx_word' id='word_1_263' title='bbox 1794 3804 2060 3862; x_wconf 82' lang='lat' dir='ltr'><strong>Metenses</strong></span> 
     </span>
    </p>
   </div>
   <div class='ocr_carea' id='block_1_41' title="bbox 473 3885 2054 3963">
    <p class='ocr_par' dir='ltr' id='par_1_41' title="bbox 473 3885 2054 3963">
     <span class='ocr_line' id='line_1_41' title="bbox 473 3885 2054 3963; baseline 0.009 -24"><span class='ocrx_word' id='word_1_264' title='bbox 473 3902 578 3940; x_wconf 89' lang='lat' dir='ltr'><strong>nou</strong></span> <span class='ocrx_word' id='word_1_265' title='bbox 613 3885 867 3952; x_wconf 90' lang='lat' dir='ltr'><strong>ferentes,</strong></span> <span class='ocrx_word' id='word_1_266' title='bbox 898 3889 1038 3945; x_wconf 88' lang='lat' dir='ltr'><strong>intra</strong></span> <span class='ocrx_word' id='word_1_267' title='bbox 1086 3892 1326 3961; x_wconf 89' lang='lat' dir='ltr'><strong>puellare</strong></span> <span class='ocrx_word' id='word_1_268' title='bbox 1356 3893 1415 3948; x_wconf 92' lang='lat' dir='ltr'><strong>S.</strong></span> <span class='ocrx_word' id='word_1_269' title='bbox 1453 3894 1597 3950; x_wconf 87' lang='lat' dir='ltr'><strong>Petri</strong></span> <span class='ocrx_word' id='word_1_270' title='bbox 1646 3898 2054 3963; x_wconf 88' lang='lat' dir='ltr'><strong>monasterium,</strong></span> 
     </span>
    </p>
   </div>
   <div class='ocr_carea' id='block_1_42' title="bbox 472 3976 2061 4052">
    <p class='ocr_par' dir='ltr' id='par_1_42' title="bbox 472 3976 2061 4052">
     <span class='ocr_line' id='line_1_42' title="bbox 472 3976 2061 4052; baseline 0.011 -24"><span class='ocrx_word' id='word_1_271' title='bbox 472 3976 666 4046; x_wconf 85' lang='lat' dir='ltr'><strong>gladiis</strong></span> <span class='ocrx_word' id='word_1_272' title='bbox 713 3978 1023 4052; x_wconf 89' lang='lat' dir='ltr'><strong>lanceisque</strong></span> <span class='ocrx_word' id='word_1_273' title='bbox 1064 3984 1373 4040; x_wconf 80' lang='lat' dir='ltr'><strong>confossum</strong></span> <span class='ocrx_word' id='word_1_274' title='bbox 1422 3987 1837 4044; x_wconf 88' lang='lat' dir='ltr'><strong>interemerunt.</strong></span> <span class='ocrx_word' id='word_1_275' title='bbox 1904 3986 2061 4046; x_wconf 83' lang='lat' dir='ltr'><strong>Heri-</strong></span> 
     </span>
    </p>
   </div>
   <div class='ocr_carea' id='block_1_43' title="bbox 474 4075 2057 4153">
    <p class='ocr_par' dir='ltr' id='par_1_43' title="bbox 474 4075 2057 4153">
     <span class='ocr_line' id='line_1_43' title="bbox 474 4075 2057 4153; baseline 0.011 -30"><span class='ocrx_word' id='word_1_276' title='bbox 474 4085 704 4126; x_wconf 91' lang='lat' dir='ltr'><strong>mamms</strong></span> <span class='ocrx_word' id='word_1_277' title='bbox 734 4088 863 4129; x_wconf 90' lang='lat' dir='ltr'><strong>vero</strong></span> <span class='ocrx_word' id='word_1_278' title='bbox 897 4075 948 4128; x_wconf 91' lang='lat' dir='ltr'><strong>in</strong></span> <span class='ocrx_word' id='word_1_279' title='bbox 984 4076 1189 4130; x_wconf 88' lang='lat' dir='ltr'><strong>Italiam</strong></span> <span class='ocrx_word' id='word_1_280' title='bbox 1219 4094 1316 4149; x_wconf 90' lang='lat' dir='ltr'><strong>per</strong></span> <span class='ocrx_word' id='word_1_281' title='bbox 1343 4079 1508 4135; x_wconf 87' lang='lat' dir='ltr'><strong>hosce</strong></span> <span class='ocrx_word' id='word_1_282' title='bbox 1536 4082 1651 4137; x_wconf 91' lang='lat' dir='ltr'><strong>dies</strong></span> <span class='ocrx_word' id='word_1_283' title='bbox 1697 4084 1993 4153; x_wconf 90' lang='lat' dir='ltr'><strong>profectus,</strong></span> <span class='ocrx_word' id='word_1_284' title='bbox 2028 4103 2057 4140; x_wconf 93' lang='lat' dir='ltr'><strong>a</strong></span> 
     </span>
    </p>
   </div>
   <div class='ocr_carea' id='block_1_44' title="bbox 471 4161 2060 4235">
    <p class='ocr_par' dir='ltr' id='par_1_44' title="bbox 471 4161 2060 4235">
     <span class='ocr_line' id='line_1_44' title="bbox 471 4161 2060 4235; baseline 0.011 -22"><span class='ocrx_word' id='word_1_285' title='bbox 471 4161 835 4218; x_wconf 78' lang='lat' dir='ltr'><strong>schismaticis</strong></span> <span class='ocrx_word' id='word_1_286' title='bbox 884 4182 979 4235; x_wconf 88' lang='lat' dir='ltr'><strong>pro</strong></span> <span class='ocrx_word' id='word_1_287' title='bbox 1023 4166 1234 4223; x_wconf 89' lang='lat' dir='ltr'><strong>vindice</strong></span> <span class='ocrx_word' id='word_1_288' title='bbox 1279 4168 1538 4226; x_wconf 62' lang='lat' dir='ltr'><strong>Romana“:</strong></span> <span class='ocrx_word' id='word_1_289' title='bbox 1587 4174 1732 4229; x_wconf 80' lang='lat' dir='ltr'><strong>sedis</strong></span> <span class='ocrx_word' id='word_1_290' title='bbox 1789 4177 2060 4231; x_wconf 88' lang='lat' dir='ltr'><strong>acerrimo</strong></span> 
     </span>
    </p>
   </div>
   <div class='ocr_carea' id='block_1_45' title="bbox 469 4255 2059 4332">
    <p class='ocr_par' dir='ltr' id='par_1_45' title="bbox 469 4255 2059 4332">
     <span class='ocr_line' id='line_1_45' title="bbox 469 4255 2059 4332; baseline 0.012 -27"><span class='ocrx_word' id='word_1_291' title='bbox 469 4255 803 4322; x_wconf 83' lang='lat' dir='ltr'><strong>agnoscitur,</strong></span> <span class='ocrx_word' id='word_1_292' title='bbox 834 4257 886 4311; x_wconf 91' lang='lat' dir='ltr'><strong>in</strong></span> <span class='ocrx_word' id='word_1_293' title='bbox 914 4256 1163 4313; x_wconf 83' lang='lat' dir='ltr'><strong>Tusciam</strong></span> <span class='ocrx_word' id='word_1_294' title='bbox 1196 4262 1441 4331; x_wconf 90' lang='lat' dir='ltr'><strong>captivus</strong></span> <span class='ocrx_word' id='word_1_295' title='bbox 1486 4263 1768 4332; x_wconf 89' lang='lat' dir='ltr'><strong>abductus,</strong></span> <span class='ocrx_word' id='word_1_296' title='bbox 1804 4268 2059 4325; x_wconf 90' lang='lat' dir='ltr'><strong>diuturno</strong></span> 
     </span>
    </p>
   </div>
   <div class='ocr_carea' id='block_1_46' title="bbox 424 4354 2057 4423">
    <p class='ocr_par' dir='ltr' id='par_1_46' title="bbox 424 4354 2057 4423">
     <span class='ocr_line' id='line_1_46' title="bbox 424 4354 2057 4423; baseline 0.01 -25"><span class='ocrx_word' id='word_1_297' title='bbox 424 4382 425 4387; x_wconf 59' lang='grc' dir='ltr'><strong>η</strong></span> <span class='ocrx_word' id='word_1_298' title='bbox 469 4359 691 4401; x_wconf 85' lang='lat' dir='ltr'><strong>earcere</strong></span> <span class='ocrx_word' id='word_1_299' title='bbox 724 4360 1074 4423; x_wconf 77' lang='lat' dir='ltr'><strong>maceratur:</strong></span> <span class='ocrx_word' id='word_1_300' title='bbox 1128 4354 1271 4409; x_wconf 89' lang='lat' dir='ltr'><strong>unde</strong></span> <span class='ocrx_word' id='word_1_301' title='bbox 1316 4370 1418 4409; x_wconf 90' lang='lat' dir='ltr'><strong>nec</strong></span> <span class='ocrx_word' id='word_1_302' title='bbox 1467 4370 1717 4412; x_wconf 84' lang='lat' dir='ltr'><strong>reversus</strong></span> <span class='ocrx_word' id='word_1_303' title='bbox 1762 4366 1846 4413; x_wconf 91' lang='lat' dir='ltr'><strong>est</strong></span> <span class='ocrx_word' id='word_1_304' title='bbox 1893 4358 2057 4415; x_wconf 91' lang='lat' dir='ltr'><strong>citius</strong></span> 
     </span>
    </p>
   </div>
   <div class='ocr_carea' id='block_1_47' title="bbox 471 4440 2056 4521">
    <p class='ocr_par' dir='ltr' id='par_1_47' title="bbox 471 4440 2056 4521">
     <span class='ocr_line' id='line_1_47' title="bbox 471 4440 2056 4521; baseline 0.01 -30"><span class='ocrx_word' id='word_1_305' title='bbox 471 4452 615 4493; x_wconf 89' lang='lat' dir='ltr'><strong>anno</strong></span> <span class='ocrx_word' id='word_1_306' title='bbox 648 4440 806 4509; x_wconf 73' lang='lat'><strong>1088,</strong></span> <span class='ocrx_word' id='word_1_307' title='bbox 830 4444 975 4513; x_wconf 89' lang='lat' dir='ltr'><strong>pallii</strong></span> <span class='ocrx_word' id='word_1_308' title='bbox 994 4445 1198 4501; x_wconf 89' lang='lat' dir='ltr'><strong>honore</strong></span> <span class='ocrx_word' id='word_1_309' title='bbox 1222 4462 1286 4502; x_wconf 85' lang='lat' dir='ltr'><strong>ac</strong></span> <span class='ocrx_word' id='word_1_310' title='bbox 1310 4454 1530 4504; x_wconf 88' lang='lat' dir='ltr'><strong>munere</strong></span> <span class='ocrx_word' id='word_1_311' title='bbox 1560 4448 1716 4521; x_wconf 85' lang='lat' dir='ltr'><strong>legati</strong></span> <span class='ocrx_word' id='word_1_312' title='bbox 1738 4466 1830 4505; x_wconf 83' lang='lat' dir='ltr'><strong>seu</strong></span> <span class='ocrx_word' id='word_1_313' title='bbox 1864 4452 2056 4508; x_wconf 86' lang='lat' dir='ltr'><strong>vicarii</strong></span> 
     </span>
    </p>
   </div>
   <div class='ocr_carea' id='block_1_48' title="bbox 2180 595 3683 666">
    <p class='ocr_par' dir='ltr' id='par_1_48' title="bbox 2180 595 3683 666">
     <span class='ocr_line' id='line_1_48' title="bbox 2180 595 3683 666; baseline 0.006 -17"><span class='ocrx_word' id='word_1_314' title='bbox 2180 603 2306 661; x_wconf 81' lang='lat' dir='ltr'><strong>tem,</strong></span> <span class='ocrx_word' id='word_1_315' title='bbox 2340 597 2428 651; x_wconf 92' lang='lat' dir='ltr'><strong>ubi</strong></span> <span class='ocrx_word' id='word_1_316' title='bbox 2467 596 2523 653; x_wconf 92' lang='lat' dir='ltr'><strong>S.</strong></span> <span class='ocrx_word' id='word_1_317' title='bbox 2554 597 2801 653; x_wconf 85' lang='lat' dir='ltr'><strong>Clemens</strong></span> <span class='ocrx_word' id='word_1_318' title='bbox 2834 597 3170 666; x_wconf 88' lang='lat' dir='ltr'><strong>quiescebat,</strong></span> <span class='ocrx_word' id='word_1_319' title='bbox 3213 595 3396 651; x_wconf 86' lang='lat' dir='ltr'><strong>retulit</strong></span> <span class='ocrx_word' id='word_1_320' title='bbox 3418 597 3683 666; x_wconf 76' lang='lat' dir='ltr'><strong>adolescens,</strong></span> 
     </span>
    </p>
   </div>
   <div class='ocr_carea' id='block_1_49' title="bbox 2176 683 3679 755">
    <p class='ocr_par' dir='ltr' id='par_1_49' title="bbox 2176 683 3679 755">
     <span class='ocr_line' id='line_1_49' title="bbox 2176 683 3679 755; baseline 0.003 -17"><span class='ocrx_word' id='word_1_321' title='bbox 2176 683 2391 739; x_wconf 80' lang='lat' dir='ltr'><strong>etelitus</strong></span> <span class='ocrx_word' id='word_1_322' title='bbox 2416 685 2775 740; x_wconf 90' lang='lat' dir='ltr'><strong>commonitus</strong></span> <span class='ocrx_word' id='word_1_323' title='bbox 2802 694 2859 740; x_wconf 91' lang='lat' dir='ltr'><strong>et</strong></span> <span class='ocrx_word' id='word_1_324' title='bbox 2885 685 3021 754; x_wconf 88' lang='lat' dir='ltr'><strong>ipse,</strong></span> <span class='ocrx_word' id='word_1_325' title='bbox 3050 693 3110 739; x_wconf 87' lang='lat' dir='ltr'><strong>ut</strong></span> <span class='ocrx_word' id='word_1_326' title='bbox 3138 684 3264 739; x_wconf 70' lang='lat' dir='ltr'><strong>vita:</strong></span> <span class='ocrx_word' id='word_1_327' title='bbox 3293 699 3455 755; x_wconf 79' lang='lat' dir='ltr'><strong>genus</strong></span> <span class='ocrx_word' id='word_1_328' title='bbox 3490 696 3679 754; x_wconf 83' lang='lat' dir='ltr'><strong>mutaret,</strong></span> 
     </span>
    </p>
   </div>
   <div class='ocr_carea' id='block_1_50' title="bbox 2176 775 3680 846">
    <p class='ocr_par' dir='ltr' id='par_1_50' title="bbox 2176 775 3680 846">
     <span class='ocr_line' id='line_1_50' title="bbox 2176 775 3680 846; baseline 0.003 -17"><span class='ocrx_word' id='word_1_329' title='bbox 2176 783 2231 829; x_wconf 90' lang='lat' dir='ltr'><strong>et</strong></span> <span class='ocrx_word' id='word_1_330' title='bbox 2265 776 2559 831; x_wconf 88' lang='lat' dir='ltr'><strong>monachus</strong></span> <span class='ocrx_word' id='word_1_331' title='bbox 2591 776 2765 831; x_wconf 88' lang='lat' dir='ltr'><strong>ﬁeret.</strong></span> <span class='ocrx_word' id='word_1_332' title='bbox 2813 775 2987 831; x_wconf 90' lang='lat' dir='ltr'><strong>Unum</strong></span> <span class='ocrx_word' id='word_1_333' title='bbox 3017 777 3269 846; x_wconf 86' lang='lat' dir='ltr'><strong>episcopo</strong></span> <span class='ocrx_word' id='word_1_334' title='bbox 3311 777 3512 845; x_wconf 88' lang='lat' dir='ltr'><strong>aperuit</strong></span> <span class='ocrx_word' id='word_1_335' title='bbox 3545 777 3680 842; x_wconf 79' lang='lat' dir='ltr'><strong>abbas,</strong></span> 
     </span>
    </p>
   </div>
   <div class='ocr_carea' id='block_1_51' title="bbox 2176 866 3680 937">
    <p class='ocr_par' dir='ltr' id='par_1_51' title="bbox 2176 866 3680 937">
     <span class='ocr_line' id='line_1_51' title="bbox 2176 866 3680 937; baseline 0.003 -17"><span class='ocrx_word' id='word_1_336' title='bbox 2176 867 2427 931; x_wconf 90' lang='lat' dir='ltr'><strong>alterum,</strong></span> <span class='ocrx_word' id='word_1_337' title='bbox 2459 866 2600 937; x_wconf 88' lang='lat' dir='ltr'><strong>quod</strong></span> <span class='ocrx_word' id='word_1_338' title='bbox 2637 868 2754 937; x_wconf 89' lang='lat' dir='ltr'><strong>ejus</strong></span> <span class='ocrx_word' id='word_1_339' title='bbox 2792 867 3000 922; x_wconf 92' lang='lat' dir='ltr'><strong>obitum</strong></span> <span class='ocrx_word' id='word_1_340' title='bbox 3045 866 3344 936; x_wconf 83' lang='lat' dir='ltr'><strong>spectabat,</strong></span> <span class='ocrx_word' id='word_1_341' title='bbox 3377 866 3581 921; x_wconf 83' lang='lat' dir='ltr'><strong>reticuit.</strong></span> <span class='ocrx_word' id='word_1_342' title='bbox 3602 867 3680 924; x_wconf 79' lang='lat' dir='ltr'><strong>Non</strong></span> 
     </span>
    </p>
   </div>
   <div class='ocr_carea' id='block_1_52' title="bbox 2174 946 3680 1022">
    <p class='ocr_par' dir='ltr' id='par_1_52' title="bbox 2174 946 3680 1022">
     <span class='ocr_line' id='line_1_52' title="bbox 2174 946 3680 1022; baseline -0.002 -7"><span class='ocrx_word' id='word_1_343' title='bbox 2174 960 2356 1016; x_wconf 90' lang='lat' dir='ltr'><strong>statim</strong></span> <span class='ocrx_word' id='word_1_344' title='bbox 2385 960 2513 1014; x_wconf 81' lang='lat' dir='ltr'><strong>visis</strong></span> <span class='ocrx_word' id='word_1_345' title='bbox 2545 946 2704 1014; x_wconf 80' lang='lat' dir='ltr'><strong>ﬁdem</strong></span> <span class='ocrx_word' id='word_1_346' title='bbox 2755 956 2943 1014; x_wconf 87' lang='lat' dir='ltr'><strong>habuit</strong></span> <span class='ocrx_word' id='word_1_347' title='bbox 2982 956 3365 1022; x_wconf 82' lang='lat' dir='ltr'><strong>Herimannus,</strong></span> <span class='ocrx_word' id='word_1_348' title='bbox 3406 957 3493 1010; x_wconf 91' lang='lat' dir='ltr'><strong>sed</strong></span> <span class='ocrx_word' id='word_1_349' title='bbox 3526 960 3680 1012; x_wconf 80' lang='lat' dir='ltr'><strong>tandem</strong></span> 
     </span>
    </p>
   </div>
   <div class='ocr_carea' id='block_1_53' title="bbox 2174 1046 3681 1121">
    <p class='ocr_par' dir='ltr' id='par_1_53' title="bbox 2174 1046 3681 1121">
     <span class='ocr_line' id='line_1_53' title="bbox 2174 1046 3681 1121; baseline -0.003 -14"><span class='ocrx_word' id='word_1_350' title='bbox 2174 1052 2365 1107; x_wconf 85' lang='lat' dir='ltr'><strong>morbo</strong></span> <span class='ocrx_word' id='word_1_351' title='bbox 2396 1060 2700 1121; x_wconf 90' lang='lat' dir='ltr'><strong>correptus,</strong></span> <span class='ocrx_word' id='word_1_352' title='bbox 2733 1064 2847 1105; x_wconf 90' lang='lat' dir='ltr'><strong>rem</strong></span> <span class='ocrx_word' id='word_1_353' title='bbox 2888 1057 3181 1105; x_wconf 80' lang='lat' dir='ltr'><strong>exsecutus</strong></span> <span class='ocrx_word' id='word_1_354' title='bbox 3209 1055 3293 1103; x_wconf 86' lang='lat' dir='ltr'><strong>est</strong></span> <span class='ocrx_word' id='word_1_355' title='bbox 3330 1062 3468 1101; x_wconf 89' lang='lat' dir='ltr'><strong>anno</strong></span> <span class='ocrx_word' id='word_1_356' title='bbox 3505 1046 3681 1112; x_wconf 83' lang='lat' dir='ltr'><strong>l090,n</strong></span> 
     </span>
    </p>
   </div>
   <div class='ocr_carea' id='block_1_54' title="bbox 2173 1136 3681 1211">
    <p class='ocr_par' dir='ltr' id='par_1_54' title="bbox 2173 1136 3681 1211">
     <span class='ocr_line' id='line_1_54' title="bbox 2173 1136 3681 1211; baseline -0.003 -13"><span class='ocrx_word' id='word_1_357' title='bbox 2173 1141 2354 1197; x_wconf 86' lang='lat' dir='ltr'><strong>Nonas</strong></span> <span class='ocrx_word' id='word_1_358' title='bbox 2370 1141 2514 1206; x_wconf 85' lang='lat' dir='ltr'><strong>Maii,</strong></span> <span class='ocrx_word' id='word_1_359' title='bbox 2529 1140 2874 1211; x_wconf 86' lang='lat' dir='ltr'><strong>quantumvis</strong></span> <span class='ocrx_word' id='word_1_360' title='bbox 2895 1139 3163 1196; x_wconf 88' lang='lat' dir='ltr'><strong>inﬁrmus.</strong></span> <span class='ocrx_word' id='word_1_361' title='bbox 3188 1136 3359 1206; x_wconf 83' lang='lat' dir='ltr'><strong>Hujus</strong></span> <span class='ocrx_word' id='word_1_362' title='bbox 3381 1136 3681 1193; x_wconf 84' lang='lat' dir='ltr'><strong>translationis</strong></span> 
     </span>
    </p>
   </div>
   <div class='ocr_carea' id='block_1_55' title="bbox 2173 1228 3681 1301">
    <p class='ocr_par' dir='ltr' id='par_1_55' title="bbox 2173 1228 3681 1301">
     <span class='ocr_line' id='line_1_55' title="bbox 2173 1228 3681 1301; baseline -0.005 -12"><span class='ocrx_word' id='word_1_363' title='bbox 2173 1235 2454 1290; x_wconf 85' lang='lat' dir='ltr'><strong>historiam</strong></span> <span class='ocrx_word' id='word_1_364' title='bbox 2504 1233 2674 1289; x_wconf 81' lang='lat' dir='ltr'><strong>fusius</strong></span> <span class='ocrx_word' id='word_1_365' title='bbox 2722 1231 2907 1287; x_wconf 86' lang='lat' dir='ltr'><strong>retulit</strong></span> <span class='ocrx_word' id='word_1_366' title='bbox 2937 1230 3090 1301; x_wconf 79' lang='lat' dir='ltr'><strong>[Iugo</strong></span> <span class='ocrx_word' id='word_1_367' title='bbox 3118 1228 3529 1284; x_wconf 85' lang='lat' dir='ltr'><strong>Flaviniacensis</strong></span> <span class='ocrx_word' id='word_1_368' title='bbox 3564 1228 3681 1282; x_wconf 76' lang='lat' dir='ltr'><strong>abbas</strong></span> 
     </span>
    </p>
   </div>
   <div class='ocr_carea' id='block_1_56' title="bbox 2171 1319 3683 1394">
    <p class='ocr_par' dir='ltr' id='par_1_56' title="bbox 2171 1319 3683 1394">
     <span class='ocr_line' id='line_1_56' title="bbox 2171 1319 3683 1394; baseline -0.005 -12"><span class='ocrx_word' id='word_1_369' title='bbox 2171 1326 2226 1382; x_wconf 92' lang='lat' dir='ltr'><strong>in</strong></span> <span class='ocrx_word' id='word_1_370' title='bbox 2249 1342 2348 1382; x_wconf 91' lang='lat' dir='ltr'><strong>suo</strong></span> <span class='ocrx_word' id='word_1_371' title='bbox 2375 1326 2665 1392; x_wconf 84' lang='lat' dir='ltr'><strong>Chronico,</strong></span> <span class='ocrx_word' id='word_1_372' title='bbox 2694 1332 2856 1394; x_wconf 90' lang='lat' dir='ltr'><strong>atque</strong></span> <span class='ocrx_word' id='word_1_373' title='bbox 2882 1337 2952 1379; x_wconf 76' lang='lat' dir='ltr'><strong>ex</strong></span> <span class='ocrx_word' id='word_1_374' title='bbox 2978 1338 3045 1378; x_wconf 91' lang='lat' dir='ltr'><strong>eo</strong></span> <span class='ocrx_word' id='word_1_375' title='bbox 3073 1330 3318 1391; x_wconf 88' lang='lat' dir='ltr'><strong>tempore</strong></span> <span class='ocrx_word' id='word_1_376' title='bbox 3347 1320 3517 1375; x_wconf 86' lang='lat' dir='ltr'><strong>Sancti</strong></span> <span class='ocrx_word' id='word_1_377' title='bbox 3542 1319 3683 1374; x_wconf 86' lang='lat' dir='ltr'><strong>Felicis</strong></span> 
     </span>
    </p>
   </div>
   <div class='ocr_carea' id='block_1_57' title="bbox 2171 1410 3679 1480">
    <p class='ocr_par' dir='ltr' id='par_1_57' title="bbox 2171 1410 3679 1480">
     <span class='ocr_line' id='line_1_57' title="bbox 2171 1410 3679 1480; baseline -0.006 -8"><span class='ocrx_word' id='word_1_378' title='bbox 2171 1416 2564 1472; x_wconf 89' lang='lat' dir='ltr'><strong>monasterium</strong></span> <span class='ocrx_word' id='word_1_379' title='bbox 2597 1415 2813 1471; x_wconf 90' lang='lat' dir='ltr'><strong>nomine</strong></span> <span class='ocrx_word' id='word_1_380' title='bbox 2848 1414 2907 1469; x_wconf 90' lang='lat' dir='ltr'><strong>S.</strong></span> <span class='ocrx_word' id='word_1_381' title='bbox 2946 1412 3242 1469; x_wconf 88' lang='lat' dir='ltr'><strong>Clementis</strong></span> <span class='ocrx_word' id='word_1_382' title='bbox 3292 1410 3576 1480; x_wconf 76' lang='lat' dir='ltr'><strong>insignitum</strong></span> <span class='ocrx_word' id='word_1_383' title='bbox 3610 1420 3679 1464; x_wconf 87' lang='lat' dir='ltr'><strong>est.</strong></span> 
     </span>
    </p>
   </div>
   <div class='ocr_carea' id='block_1_58' title="bbox 2170 1501 3682 1578">
    <p class='ocr_par' dir='ltr' id='par_1_58' title="bbox 2170 1501 3682 1578">
     <span class='ocr_line' id='line_1_58' title="bbox 2170 1501 3682 1578; baseline -0.007 -12"><span class='ocrx_word' id='word_1_384' title='bbox 2170 1511 2363 1566; x_wconf 85' lang='lat' dir='ltr'><strong>Exstat</strong></span> <span class='ocrx_word' id='word_1_385' title='bbox 2392 1512 2495 1565; x_wconf 90' lang='lat' dir='ltr'><strong>hac</strong></span> <span class='ocrx_word' id='word_1_386' title='bbox 2527 1509 2596 1564; x_wconf 92' lang='lat' dir='ltr'><strong>de</strong></span> <span class='ocrx_word' id='word_1_387' title='bbox 2624 1523 2684 1563; x_wconf 91' lang='lat' dir='ltr'><strong>re</strong></span> <span class='ocrx_word' id='word_1_388' title='bbox 2714 1506 2948 1578; x_wconf 88' lang='lat' dir='ltr'><strong>diploma</strong></span> <span class='ocrx_word' id='word_1_389' title='bbox 2991 1504 3161 1575; x_wconf 90' lang='lat' dir='ltr'><strong>ipsius</strong></span> <span class='ocrx_word' id='word_1_390' title='bbox 3201 1501 3524 1567; x_wconf 81' lang='lat' dir='ltr'><strong>llerimanni,</strong></span> <span class='ocrx_word' id='word_1_391' title='bbox 3549 1501 3682 1555; x_wconf 85' lang='lat' dir='ltr'><strong>omnia</strong></span> 
     </span>
    </p>
   </div>
   <div class='ocr_carea' id='block_1_59' title="bbox 2172 1588 3685 1663">
    <p class='ocr_par' dir='ltr' id='par_1_59' title="bbox 2172 1588 3685 1663">
     <span class='ocr_line' id='line_1_59' title="bbox 2172 1588 3685 1663; baseline -0.009 -6"><span class='ocrx_word' id='word_1_392' title='bbox 2172 1602 2424 1658; x_wconf 90' lang='lat' dir='ltr'><strong>distincte</strong></span> <span class='ocrx_word' id='word_1_393' title='bbox 2453 1598 2762 1663; x_wconf 80' lang='lat' dir='ltr'><strong>referentis,</strong></span> <span class='ocrx_word' id='word_1_394' title='bbox 2807 1595 3020 1651; x_wconf 88' lang='lat' dir='ltr'><strong>scilicet</strong></span> <span class='ocrx_word' id='word_1_395' title='bbox 3059 1592 3247 1648; x_wconf 89' lang='lat' dir='ltr'><strong>multis</strong></span> <span class='ocrx_word' id='word_1_396' title='bbox 3271 1588 3545 1644; x_wconf 73' lang='lat' dir='ltr'><strong>munitorum</strong></span> <span class='ocrx_word' id='word_1_397' title='bbox 3565 1588 3685 1643; x_wconf 80' lang='lat' dir='ltr'><strong>visio-</strong></span> 
     </span>
    </p>
   </div>
   <div class='ocr_carea' id='block_1_60' title="bbox 2171 1676 3681 1748">
    <p class='ocr_par' dir='ltr' id='par_1_60' title="bbox 2171 1676 3681 1748">
     <span class='ocr_line' id='line_1_60' title="bbox 2171 1676 3681 1748; baseline -0.011 0"><span class='ocrx_word' id='word_1_398' title='bbox 2171 1692 2330 1748; x_wconf 91' lang='lat' dir='ltr'><strong>nibus</strong></span> <span class='ocrx_word' id='word_1_399' title='bbox 2356 1700 2412 1745; x_wconf 90' lang='lat' dir='ltr'><strong>et</strong></span> <span class='ocrx_word' id='word_1_400' title='bbox 2447 1687 2863 1745; x_wconf 86' lang='lat' dir='ltr'><strong>revelationibus</strong></span> <span class='ocrx_word' id='word_1_401' title='bbox 2900 1682 3002 1739; x_wconf 90' lang='lat' dir='ltr'><strong>sibi</strong></span> <span class='ocrx_word' id='word_1_402' title='bbox 3057 1680 3380 1743; x_wconf 89' lang='lat' dir='ltr'><strong>innotuisse,</strong></span> <span class='ocrx_word' id='word_1_403' title='bbox 3433 1686 3486 1731; x_wconf 90' lang='lat' dir='ltr'><strong>ut</strong></span> <span class='ocrx_word' id='word_1_404' title='bbox 3524 1694 3550 1732; x_wconf 90' lang='lat' dir='ltr'><strong>a</strong></span> <span class='ocrx_word' id='word_1_405' title='bbox 3582 1676 3681 1743; x_wconf 77' lang='lat' dir='ltr'><strong>loco,</strong></span> 
     </span>
    </p>
   </div>
   <div class='ocr_carea' id='block_1_61' title="bbox 2173 1768 3683 1857">
    <p class='ocr_par' dir='ltr' id='par_1_61' title="bbox 2173 1768 3683 1857">
     <span class='ocr_line' id='line_1_61' title="bbox 2173 1768 3683 1857; baseline -0.011 -17"><span class='ocrx_word' id='word_1_406' title='bbox 2173 1801 2281 1857; x_wconf 92' lang='lat' dir='ltr'><strong>quo</strong></span> <span class='ocrx_word' id='word_1_407' title='bbox 2304 1802 2333 1839; x_wconf 90' lang='lat' dir='ltr'><strong>a</strong></span> <span class='ocrx_word' id='word_1_408' title='bbox 2357 1784 2510 1838; x_wconf 63' lang='lat' dir='ltr'><strong>honre</strong></span> <span class='ocrx_word' id='word_1_409' title='bbox 2536 1777 2809 1835; x_wconf 74' lang='lat' dir='ltr'><strong>memoriae</strong></span> <span class='ocrx_word' id='word_1_410' title='bbox 2844 1773 3143 1832; x_wconf 85' lang='lat' dir='ltr'><strong>Deoderico</strong></span> <span class='ocrx_word' id='word_1_411' title='bbox 3174 1771 3447 1841; x_wconf 87' lang='lat' dir='ltr'><strong>episcopo,</strong></span> <span class='ocrx_word' id='word_1_412' title='bbox 3473 1768 3683 1838; x_wconf 82' lang='lat' dir='ltr'><strong>quondam</strong></span> 
     </span>
    </p>
   </div>
   <div class='ocr_carea' id='block_1_62' title="bbox 2170 1859 3685 1941">
    <p class='ocr_par' dir='ltr' id='par_1_62' title="bbox 2170 1859 3685 1941">
     <span class='ocr_line' id='line_1_62' title="bbox 2170 1859 3685 1941; baseline -0.011 -11"><span class='ocrx_word' id='word_1_413' title='bbox 2170 1876 2238 1930; x_wconf 92' lang='lat' dir='ltr'><strong>ad</strong></span> <span class='ocrx_word' id='word_1_414' title='bbox 2269 1874 2452 1929; x_wconf 89' lang='lat' dir='ltr'><strong>sedem</strong></span> <span class='ocrx_word' id='word_1_415' title='bbox 2501 1868 2775 1941; x_wconf 89' lang='lat' dir='ltr'><strong>propriam</strong></span> <span class='ocrx_word' id='word_1_416' title='bbox 2812 1865 2964 1921; x_wconf 88' lang='lat' dir='ltr'><strong>illum</strong></span> <span class='ocrx_word' id='word_1_417' title='bbox 3023 1861 3325 1919; x_wconf 80' lang='lat' dir='ltr'><strong>transferre</strong></span> <span class='ocrx_word' id='word_1_418' title='bbox 3371 1859 3580 1923; x_wconf 88' lang='lat' dir='ltr'><strong>conanti,</strong></span> <span class='ocrx_word' id='word_1_419' title='bbox 3617 1860 3685 1913; x_wconf 84' lang='lat' dir='ltr'><strong>sed</strong></span> 
     </span>
    </p>
   </div>
   <div class='ocr_carea' id='block_1_63' title="bbox 2167 1950 3684 2034">
    <p class='ocr_par' dir='ltr' id='par_1_63' title="bbox 2167 1950 3684 2034">
     <span class='ocr_line' id='line_1_63' title="bbox 2167 1950 3684 2034; baseline -0.013 -11"><span class='ocrx_word' id='word_1_420' title='bbox 2167 1967 2260 2022; x_wconf 86' lang='lat' dir='ltr'><strong>Dei</strong></span> <span class='ocrx_word' id='word_1_421' title='bbox 2285 1967 2482 2021; x_wconf 90' lang='lat' dir='ltr'><strong>virtute</strong></span> <span class='ocrx_word' id='word_1_422' title='bbox 2507 1962 2826 2034; x_wconf 89' lang='lat' dir='ltr'><strong>prohibente</strong></span> <span class='ocrx_word' id='word_1_423' title='bbox 2856 1975 2961 2016; x_wconf 93' lang='lat' dir='ltr'><strong>non</strong></span> <span class='ocrx_word' id='word_1_424' title='bbox 2990 1957 3218 2024; x_wconf 89' lang='lat' dir='ltr'><strong>valenti,</strong></span> <span class='ocrx_word' id='word_1_425' title='bbox 3241 1952 3503 2025; x_wconf 89' lang='lat' dir='ltr'><strong>repositus</strong></span> <span class='ocrx_word' id='word_1_426' title='bbox 3538 1950 3684 2014; x_wconf 83' lang='lat' dir='ltr'><strong>fuerat,</strong></span> 
     </span>
    </p>
   </div>
   <div class='ocr_carea' id='block_1_64' title="bbox 2167 2045 3688 2126">
    <p class='ocr_par' dir='ltr' id='par_1_64' title="bbox 2167 2045 3688 2126">
     <span class='ocr_line' id='line_1_64' title="bbox 2167 2045 3688 2126; baseline -0.011 -11"><span class='ocrx_word' id='word_1_427' title='bbox 2167 2058 2372 2115; x_wconf 88' lang='lat' dir='ltr'><strong>sanctis</strong></span> <span class='ocrx_word' id='word_1_428' title='bbox 2395 2056 2654 2112; x_wconf 90' lang='lat' dir='ltr'><strong>antistitis</strong></span> <span class='ocrx_word' id='word_1_429' title='bbox 2679 2071 2883 2126; x_wconf 89' lang='lat' dir='ltr'><strong>corpus</strong></span> <span class='ocrx_word' id='word_1_430' title='bbox 2909 2052 3185 2109; x_wconf 88' lang='lat' dir='ltr'><strong>levaretur</strong></span> <span class='ocrx_word' id='word_1_431' title='bbox 3215 2067 3229 2102; x_wconf 91' lang='lat'><strong>:</strong></span> <span class='ocrx_word' id='word_1_432' title='bbox 3262 2057 3318 2102; x_wconf 88' lang='lat' dir='ltr'><strong>at</strong></span> <span class='ocrx_word' id='word_1_433' title='bbox 3340 2061 3399 2101; x_wconf 89' lang='lat' dir='ltr'><strong>se</strong></span> <span class='ocrx_word' id='word_1_434' title='bbox 3422 2046 3535 2101; x_wconf 83' lang='lat' dir='ltr'><strong>visis</strong></span> <span class='ocrx_word' id='word_1_435' title='bbox 3556 2045 3688 2099; x_wconf 80' lang='lat' dir='ltr'><strong>incre-</strong></span> 
     </span>
    </p>
   </div>
   <div class='ocr_carea' id='block_1_65' title="bbox 2166 2138 3684 2215">
    <p class='ocr_par' dir='ltr' id='par_1_65' title="bbox 2166 2138 3684 2215">
     <span class='ocr_line' id='line_1_65' title="bbox 2166 2138 3684 2215; baseline -0.012 -8"><span class='ocrx_word' id='word_1_436' title='bbox 2166 2151 2348 2207; x_wconf 89' lang='lat' dir='ltr'><strong>dulum</strong></span> <span class='ocrx_word' id='word_1_437' title='bbox 2374 2165 2488 2207; x_wconf 91' lang='lat' dir='ltr'><strong>rem</strong></span> <span class='ocrx_word' id='word_1_438' title='bbox 2519 2149 2826 2215; x_wconf 88' lang='lat' dir='ltr'><strong>distulisse;</strong></span> <span class='ocrx_word' id='word_1_439' title='bbox 2870 2147 2965 2203; x_wconf 89' lang='lat' dir='ltr'><strong>sed</strong></span> <span class='ocrx_word' id='word_1_440' title='bbox 2995 2143 3214 2199; x_wconf 89' lang='lat' dir='ltr'><strong>tandem</strong></span> <span class='ocrx_word' id='word_1_441' title='bbox 3262 2139 3467 2196; x_wconf 68' lang='lat' dir='ltr'><strong>caelitus</strong></span> <span class='ocrx_word' id='word_1_442' title='bbox 3504 2138 3684 2207; x_wconf 77' lang='lat' dir='ltr'><strong>castiga-</strong></span> 
     </span>
    </p>
   </div>
   <div class='ocr_carea' id='block_1_66' title="bbox 2167 2226 3687 2306">
    <p class='ocr_par' dir='ltr' id='par_1_66' title="bbox 2167 2226 3687 2306">
     <span class='ocr_line' id='line_1_66' title="bbox 2167 2226 3687 2306; baseline -0.012 -9"><span class='ocrx_word' id='word_1_443' title='bbox 2167 2252 2280 2298; x_wconf 88' lang='lat' dir='ltr'><strong>tum</strong></span> <span class='ocrx_word' id='word_1_444' title='bbox 2303 2249 2632 2298; x_wconf 66' lang='lat' dir='ltr'><strong>excazcatum</strong></span> <span class='ocrx_word' id='word_1_445' title='bbox 2660 2240 2844 2295; x_wconf 89' lang='lat' dir='ltr'><strong>fuisse.</strong></span> <span class='ocrx_word' id='word_1_446' title='bbox 2861 2237 3049 2306; x_wconf 87' lang='lat' dir='ltr'><strong>Itaque</strong></span> <span class='ocrx_word' id='word_1_447' title='bbox 3074 2250 3125 2289; x_wconf 76' lang='lat' dir='ltr'><strong>\‘l</strong></span> <span class='ocrx_word' id='word_1_448' title='bbox 3152 2232 3294 2287; x_wconf 89' lang='lat' dir='ltr'><strong>Non.</strong></span> <span class='ocrx_word' id='word_1_449' title='bbox 3314 2228 3549 2284; x_wconf 79' lang='lat' dir='ltr'><strong>Maiicum</strong></span> <span class='ocrx_word' id='word_1_450' title='bbox 3562 2226 3687 2281; x_wconf 78' lang='lat' dir='ltr'><strong>multa</strong></span> 
     </span>
    </p>
   </div>
   <div class='ocr_carea' id='block_1_67' title="bbox 2166 2319 3688 2399">
    <p class='ocr_par' dir='ltr' id='par_1_67' title="bbox 2166 2319 3688 2399">
     <span class='ocr_line' id='line_1_67' title="bbox 2166 2319 3688 2399; baseline -0.012 -10"><span class='ocrx_word' id='word_1_451' title='bbox 2166 2335 2509 2399; x_wconf 88' lang='lat' dir='ltr'><strong>clericorum,</strong></span> <span class='ocrx_word' id='word_1_452' title='bbox 2560 2332 2974 2395; x_wconf 87' lang='lat' dir='ltr'><strong>monachorum,</strong></span> <span class='ocrx_word' id='word_1_453' title='bbox 3029 2342 3095 2382; x_wconf 92' lang='lat' dir='ltr'><strong>ac</strong></span> <span class='ocrx_word' id='word_1_454' title='bbox 3141 2324 3383 2380; x_wconf 89' lang='lat' dir='ltr'><strong>ﬁdelium</strong></span> <span class='ocrx_word' id='word_1_455' title='bbox 3423 2319 3688 2390; x_wconf 85' lang='lat' dir='ltr'><strong>frequentia,</strong></span> 
     </span>
    </p>
   </div>
   <div class='ocr_carea' id='block_1_68' title="bbox 2167 2420 3693 2498">
    <p class='ocr_par' dir='ltr' id='par_1_68' title="bbox 2167 2420 3693 2498">
     <span class='ocr_line' id='line_1_68' title="bbox 2167 2420 3693 2498; baseline -0.014 -15"><span class='ocrx_word' id='word_1_456' title='bbox 2167 2443 2364 2498; x_wconf 86' lang='lat' dir='ltr'><strong>corpus</strong></span> <span class='ocrx_word' id='word_1_457' title='bbox 2412 2425 2815 2482; x_wconf 89' lang='lat' dir='ltr'><strong>sanctissimum</strong></span> <span class='ocrx_word' id='word_1_458' title='bbox 2845 2464 2860 2489; x_wconf 92' lang='lat'><strong>,</strong></span> <span class='ocrx_word' id='word_1_459' title='bbox 2917 2420 3121 2477; x_wconf 84' lang='lat' dir='ltr'><strong>scrinio</strong></span> <span class='ocrx_word' id='word_1_460' title='bbox 3181 2431 3349 2472; x_wconf 88' lang='lat' dir='ltr'><strong>aureo</strong></span> <span class='ocrx_word' id='word_1_461' title='bbox 3396 2423 3445 2467; x_wconf 90' lang='lat' dir='ltr'><strong>et</strong></span> <span class='ocrx_word' id='word_1_462' title='bbox 3491 2420 3693 2481; x_wconf 84' lang='lat' dir='ltr'><strong>argenteo</strong></span> 
     </span>
    </p>
   </div>
   <div class='ocr_carea' id='block_1_69' title="bbox 2166 2501 3687 2588">
    <p class='ocr_par' dir='ltr' id='par_1_69' title="bbox 2166 2501 3687 2588">
     <span class='ocr_line' id='line_1_69' title="bbox 2166 2501 3687 2588; baseline -0.016 -13"><span class='ocrx_word' id='word_1_463' title='bbox 2166 2521 2425 2576; x_wconf 88' lang='lat' dir='ltr'><strong>decenter</strong></span> <span class='ocrx_word' id='word_1_464' title='bbox 2479 2517 2867 2588; x_wconf 90' lang='lat' dir='ltr'><strong>composuisse,</strong></span> <span class='ocrx_word' id='word_1_465' title='bbox 2918 2523 2972 2567; x_wconf 90' lang='lat' dir='ltr'><strong>et</strong></span> <span class='ocrx_word' id='word_1_466' title='bbox 3021 2510 3091 2567; x_wconf 86' lang='lat' dir='ltr'><strong>ad</strong></span> <span class='ocrx_word' id='word_1_467' title='bbox 3134 2504 3493 2565; x_wconf 87' lang='lat' dir='ltr'><strong>cathedralem</strong></span> <span class='ocrx_word' id='word_1_468' title='bbox 3543 2501 3687 2556; x_wconf 81' lang='lat' dir='ltr'><strong>Sancti</strong></span> 
     </span>
    </p>
   </div>
   <div class='ocr_carea' id='block_1_70' title="bbox 2165 2595 3694 2680">
    <p class='ocr_par' dir='ltr' id='par_1_70' title="bbox 2165 2595 3694 2680">
     <span class='ocr_line' id='line_1_70' title="bbox 2165 2595 3694 2680; baseline -0.014 -16"><span class='ocrx_word' id='word_1_469' title='bbox 2165 2609 2427 2680; x_wconf 85' lang='lat' dir='ltr'><strong>Stephani</strong></span> <span class='ocrx_word' id='word_1_470' title='bbox 2443 2608 2728 2663; x_wconf 89' lang='lat' dir='ltr'><strong>ecclesiam</strong></span> <span class='ocrx_word' id='word_1_471' title='bbox 2747 2603 3107 2666; x_wconf 90' lang='lat' dir='ltr'><strong>transtulisse,</strong></span> <span class='ocrx_word' id='word_1_472' title='bbox 3132 2598 3223 2654; x_wconf 90' lang='lat' dir='ltr'><strong>ubi</strong></span> <span class='ocrx_word' id='word_1_473' title='bbox 3251 2605 3407 2652; x_wconf 89' lang='lat' dir='ltr'><strong>nocte</strong></span> <span class='ocrx_word' id='word_1_474' title='bbox 3433 2595 3694 2663; x_wconf 85' lang='lat' dir='ltr'><strong>insequente</strong></span> 
     </span>
    </p>
   </div>
   <div class='ocr_carea' id='block_1_71' title="bbox 2166 2680 3695 2772">
    <p class='ocr_par' dir='ltr' id='par_1_71' title="bbox 2166 2680 3695 2772">
     <span class='ocr_line' id='line_1_71' title="bbox 2166 2680 3695 2772; baseline -0.012 -19"><span class='ocrx_word' id='word_1_475' title='bbox 2166 2699 2463 2772; x_wconf 89' lang='lat' dir='ltr'><strong>quieverit;</strong></span> <span class='ocrx_word' id='word_1_476' title='bbox 2490 2700 2722 2769; x_wconf 89' lang='lat' dir='ltr'><strong>indeque</strong></span> <span class='ocrx_word' id='word_1_477' title='bbox 2753 2697 2821 2750; x_wconf 88' lang='lat' dir='ltr'><strong>ad</strong></span> <span class='ocrx_word' id='word_1_478' title='bbox 2851 2695 3027 2749; x_wconf 91' lang='lat' dir='ltr'><strong>locum</strong></span> <span class='ocrx_word' id='word_1_479' title='bbox 3061 2689 3319 2745; x_wconf 89' lang='lat' dir='ltr'><strong>basilicas</strong></span> <span class='ocrx_word' id='word_1_480' title='bbox 3348 2687 3553 2750; x_wconf 90' lang='lat' dir='ltr'><strong>dictum,</strong></span> <span class='ocrx_word' id='word_1_481' title='bbox 3584 2680 3695 2735; x_wconf 85' lang='lat' dir='ltr'><strong>unde</strong></span> 
     </span>
    </p>
   </div>
   <div class='ocr_carea' id='block_1_72' title="bbox 2164 2776 3696 2865">
    <p class='ocr_par' dir='ltr' id='par_1_72' title="bbox 2164 2776 3696 2865">
     <span class='ocr_line' id='line_1_72' title="bbox 2164 2776 3696 2865; baseline -0.015 -17"><span class='ocrx_word' id='word_1_482' title='bbox 2164 2795 2336 2865; x_wconf 89' lang='lat' dir='ltr'><strong>pridie</strong></span> <span class='ocrx_word' id='word_1_483' title='bbox 2362 2800 2698 2860; x_wconf 87' lang='lat' dir='ltr'><strong>assumptum</strong></span> <span class='ocrx_word' id='word_1_484' title='bbox 2731 2788 2929 2852; x_wconf 87' lang='lat' dir='ltr'><strong>fuerat,</strong></span> <span class='ocrx_word' id='word_1_485' title='bbox 2960 2785 3011 2839; x_wconf 94' lang='lat' dir='ltr'><strong>id</strong></span> <span class='ocrx_word' id='word_1_486' title='bbox 3038 2792 3123 2839; x_wconf 91' lang='lat' dir='ltr'><strong>est</strong></span> <span class='ocrx_word' id='word_1_487' title='bbox 3153 2782 3219 2837; x_wconf 89' lang='lat' dir='ltr'><strong>ad</strong></span> <span class='ocrx_word' id='word_1_488' title='bbox 3254 2780 3315 2861; x_wconf 6' lang='lat' dir='ltr'><strong>Si.</strong></span> <span class='ocrx_word' id='word_1_489' title='bbox 3347 2776 3528 2834; x_wconf 87' lang='lat' dir='ltr'><strong>Felicis</strong></span> <span class='ocrx_word' id='word_1_490' title='bbox 3547 2788 3696 2829; x_wconf 83' lang='lat' dir='ltr'><strong>mona-</strong></span> 
     </span>
    </p>
   </div>
   <div class='ocr_carea' id='block_1_73' title="bbox 2165 2867 3696 2950">
    <p class='ocr_par' dir='ltr' id='par_1_73' title="bbox 2165 2867 3696 2950">
     <span class='ocr_line' id='line_1_73' title="bbox 2165 2867 3696 2950; baseline -0.014 -10"><span class='ocrx_word' id='word_1_491' title='bbox 2165 2885 2414 2950; x_wconf 89' lang='lat' dir='ltr'><strong>sterium,</strong></span> <span class='ocrx_word' id='word_1_492' title='bbox 2439 2882 2711 2949; x_wconf 88' lang='lat' dir='ltr'><strong>retulisse,</strong></span> <span class='ocrx_word' id='word_1_493' title='bbox 2742 2881 2827 2935; x_wconf 90' lang='lat' dir='ltr'><strong>cui</strong></span> <span class='ocrx_word' id='word_1_494' title='bbox 2859 2877 3027 2933; x_wconf 90' lang='lat' dir='ltr'><strong>multa</strong></span> <span class='ocrx_word' id='word_1_495' title='bbox 3057 2873 3288 2930; x_wconf 91' lang='lat' dir='ltr'><strong>contulit</strong></span> <span class='ocrx_word' id='word_1_496' title='bbox 3322 2872 3389 2925; x_wconf 91' lang='lat' dir='ltr'><strong>ad</strong></span> <span class='ocrx_word' id='word_1_497' title='bbox 3429 2867 3696 2938; x_wconf 87' lang='lat' dir='ltr'><strong>stipendium</strong></span> 
     </span>
    </p>
   </div>
   <div class='ocr_carea' id='block_1_74' title="bbox 2168 2956 3699 3043">
    <p class='ocr_par' dir='ltr' id='par_1_74' title="bbox 2168 2956 3699 3043">
     <span class='ocr_line' id='line_1_74' title="bbox 2168 2956 3699 3043; baseline -0.015 -12"><span class='ocrx_word' id='word_1_498' title='bbox 2168 2978 2583 3037; x_wconf 89' lang='lat' dir='ltr'><strong>monachorum,</strong></span> <span class='ocrx_word' id='word_1_499' title='bbox 2606 2973 2695 3043; x_wconf 92' lang='lat' dir='ltr'><strong>qui</strong></span> <span class='ocrx_word' id='word_1_500' title='bbox 2721 2971 2787 3025; x_wconf 90' lang='lat' dir='ltr'><strong>ad</strong></span> <span class='ocrx_word' id='word_1_501' title='bbox 2818 2969 2875 3025; x_wconf 91' lang='lat' dir='ltr'><strong>S.</strong></span> <span class='ocrx_word' id='word_1_502' title='bbox 2916 2964 3215 3023; x_wconf 84' lang='lat' dir='ltr'><strong>Clementis</strong></span> <span class='ocrx_word' id='word_1_503' title='bbox 3246 2963 3361 3017; x_wconf 86' lang='lat' dir='ltr'><strong>Deo</strong></span> <span class='ocrx_word' id='word_1_504' title='bbox 3393 2956 3699 3015; x_wconf 86' lang='lat' dir='ltr'><strong>ministraturi</strong></span> 
     </span>
    </p>
   </div>
   <div class='ocr_carea' id='block_1_75' title="bbox 2165 3050 3700 3129">
    <p class='ocr_par' dir='ltr' id='par_1_75' title="bbox 2165 3050 3700 3129">
     <span class='ocr_line' id='line_1_75' title="bbox 2165 3050 3700 3129; baseline -0.016 -6"><span class='ocrx_word' id='word_1_505' title='bbox 2165 3076 2373 3123; x_wconf 87' lang='lat' dir='ltr'><strong>essent.</strong></span> <span class='ocrx_word' id='word_1_506' title='bbox 2420 3066 2518 3120; x_wconf 83' lang='lat' dir='ltr'><strong>llic</strong></span> <span class='ocrx_word' id='word_1_507' title='bbox 2555 3078 2684 3118; x_wconf 80' lang='lat' dir='ltr'><strong>vero</strong></span> <span class='ocrx_word' id='word_1_508' title='bbox 2731 3062 2867 3127; x_wconf 90' lang='lat' dir='ltr'><strong>dies,</strong></span> <span class='ocrx_word' id='word_1_509' title='bbox 2919 3074 3028 3129; x_wconf 91' lang='lat' dir='ltr'><strong>quo</strong></span> <span class='ocrx_word' id='word_1_510' title='bbox 3073 3053 3361 3111; x_wconf 85' lang='lat' dir='ltr'><strong>translatio</strong></span> <span class='ocrx_word' id='word_1_511' title='bbox 3390 3050 3519 3106; x_wconf 84' lang='lat' dir='ltr'><strong>facta</strong></span> <span class='ocrx_word' id='word_1_512' title='bbox 3545 3055 3630 3114; x_wconf 86' lang='lat' dir='ltr'><strong>est,</strong></span> <span class='ocrx_word' id='word_1_513' title='bbox 3653 3055 3700 3099; x_wconf 89' lang='lat' dir='ltr'><strong>ut</strong></span> 
     </span>
    </p>
   </div>
   <div class='ocr_carea' id='block_1_76' title="bbox 2165 3144 3701 3218">
    <p class='ocr_par' dir='ltr' id='par_1_76' title="bbox 2165 3144 3701 3218">
     <span class='ocr_line' id='line_1_76' title="bbox 2165 3144 3701 3218; baseline -0.017 -3"><span class='ocrx_word' id='word_1_514' title='bbox 2165 3158 2461 3215; x_wconf 89' lang='lat' dir='ltr'><strong>solemuius</strong></span> <span class='ocrx_word' id='word_1_515' title='bbox 2499 3156 2903 3218; x_wconf 80' lang='lat' dir='ltr'><strong>observaretur,</strong></span> <span class='ocrx_word' id='word_1_516' title='bbox 2936 3149 3211 3213; x_wconf 89' lang='lat' dir='ltr'><strong>nundinas</strong></span> <span class='ocrx_word' id='word_1_517' title='bbox 3259 3144 3457 3199; x_wconf 88' lang='lat' dir='ltr'><strong>ibidem</strong></span> <span class='ocrx_word' id='word_1_518' title='bbox 3501 3154 3582 3210; x_wconf 87' lang='lat' dir='ltr'><strong>per</strong></span> <span class='ocrx_word' id='word_1_519' title='bbox 3600 3146 3701 3193; x_wconf 81' lang='lat' dir='ltr'><strong>octo</strong></span> 
     </span>
    </p>
   </div>
   <div class='ocr_carea' id='block_1_77' title="bbox 2111 3236 3701 3307">
    <p class='ocr_par' dir='ltr' id='par_1_77' title="bbox 2111 3236 3701 3307">
     <span class='ocr_line' id='line_1_77' title="bbox 2111 3236 3701 3307; baseline -0.014 0"><span class='ocrx_word' id='word_1_520' title='bbox 2111 3250 2133 3271; x_wconf 85' lang='lat'>&quot;</span> <span class='ocrx_word' id='word_1_521' title='bbox 2165 3252 2279 3307; x_wconf 87' lang='lat' dir='ltr'><strong>dies</strong></span> <span class='ocrx_word' id='word_1_522' title='bbox 2306 3249 2541 3306; x_wconf 90' lang='lat' dir='ltr'><strong>instituit</strong></span> <span class='ocrx_word' id='word_1_523' title='bbox 2570 3247 2934 3301; x_wconf 87' lang='lat' dir='ltr'><strong>llerimannus</strong></span> <span class='ocrx_word' id='word_1_524' title='bbox 2960 3260 2973 3295; x_wconf 92' lang='lat'>:</span> <span class='ocrx_word' id='word_1_525' title='bbox 3012 3240 3103 3295; x_wconf 89' lang='lat' dir='ltr'><strong>ubi</strong></span> <span class='ocrx_word' id='word_1_526' title='bbox 3130 3240 3175 3294; x_wconf 91' lang='lat' dir='ltr'><strong>si</strong></span> <span class='ocrx_word' id='word_1_527' title='bbox 3208 3236 3509 3300; x_wconf 62' lang='lat' dir='ltr'><strong>saeculares,</strong></span> <span class='ocrx_word' id='word_1_528' title='bbox 3537 3242 3585 3287; x_wconf 90' lang='lat' dir='ltr'><strong>ut</strong></span> <span class='ocrx_word' id='word_1_529' title='bbox 3611 3240 3701 3284; x_wconf 85' lang='lat' dir='ltr'><strong>tum</strong></span> 
     </span>
    </p>
   </div>
   <div class='ocr_carea' id='block_1_78' title="bbox 2163 3324 3701 3406">
    <p class='ocr_par' dir='ltr' id='par_1_78' title="bbox 2163 3324 3701 3406">
     <span class='ocr_line' id='line_1_78' title="bbox 2163 3324 3701 3406; baseline -0.014 -9"><span class='ocrx_word' id='word_1_530' title='bbox 2163 3357 2282 3397; x_wconf 88' lang='lat' dir='ltr'><strong>mos</strong></span> <span class='ocrx_word' id='word_1_531' title='bbox 2311 3351 2449 3401; x_wconf 90' lang='lat' dir='ltr'><strong>erat,</strong></span> <span class='ocrx_word' id='word_1_532' title='bbox 2485 3353 2647 3393; x_wconf 90' lang='lat' dir='ltr'><strong>cursu</strong></span> <span class='ocrx_word' id='word_1_533' title='bbox 2672 3350 2935 3406; x_wconf 90' lang='lat' dir='ltr'><strong>equorum</strong></span> <span class='ocrx_word' id='word_1_534' title='bbox 2965 3347 3087 3388; x_wconf 87' lang='lat' dir='ltr'><strong>sese</strong></span> <span class='ocrx_word' id='word_1_535' title='bbox 3105 3330 3407 3386; x_wconf 81' lang='lat' dir='ltr'><strong>exercitare</strong></span> <span class='ocrx_word' id='word_1_536' title='bbox 3432 3324 3701 3381; x_wconf 80' lang='lat' dir='ltr'><strong>voluissent.</strong></span> 
     </span>
    </p>
   </div>
   <div class='ocr_carea' id='block_1_79' title="bbox 2162 3415 3706 3499">
    <p class='ocr_par' dir='ltr' id='par_1_79' title="bbox 2162 3415 3706 3499">
     <span class='ocr_line' id='line_1_79' title="bbox 2162 3415 3706 3499; baseline -0.015 -10"><span class='ocrx_word' id='word_1_537' title='bbox 2162 3434 2354 3490; x_wconf 91' lang='lat' dir='ltr'><strong>victori</strong></span> <span class='ocrx_word' id='word_1_538' title='bbox 2374 3431 2650 3487; x_wconf 91' lang='lat' dir='ltr'><strong>dimidium</strong></span> <span class='ocrx_word' id='word_1_539' title='bbox 2677 3428 2907 3499; x_wconf 72' lang='lat' dir='ltr'><strong>prmtuii,</strong></span> <span class='ocrx_word' id='word_1_540' title='bbox 2933 3425 3211 3479; x_wconf 86' lang='lat' dir='ltr'><strong>residuum</strong></span> <span class='ocrx_word' id='word_1_541' title='bbox 3247 3420 3432 3476; x_wconf 87' lang='lat' dir='ltr'><strong>Sancti</strong></span> <span class='ocrx_word' id='word_1_542' title='bbox 3456 3415 3706 3473; x_wconf 83' lang='lat' dir='ltr'><strong>Clementis</strong></span> 
     </span>
    </p>
   </div>
   <div class='ocr_carea' id='block_1_80' title="bbox 2163 3510 3706 3592">
    <p class='ocr_par' dir='ltr' id='par_1_80' title="bbox 2163 3510 3706 3592">
     <span class='ocr_line' id='line_1_80' title="bbox 2163 3510 3706 3592; baseline -0.016 -9"><span class='ocrx_word' id='word_1_543' title='bbox 2163 3526 2406 3584; x_wconf 69' lang='lat' dir='ltr'><strong>ecclesia:</strong></span> <span class='ocrx_word' id='word_1_544' title='bbox 2434 3522 2698 3592; x_wconf 83' lang='lat' dir='ltr'><strong>assignari</strong></span> <span class='ocrx_word' id='word_1_545' title='bbox 2724 3520 2899 3592; x_wconf 89' lang='lat' dir='ltr'><strong>jubet.</strong></span> <span class='ocrx_word' id='word_1_546' title='bbox 2926 3518 3154 3573; x_wconf 89' lang='lat' dir='ltr'><strong>Constat</strong></span> <span class='ocrx_word' id='word_1_547' title='bbox 3191 3531 3261 3571; x_wconf 85' lang='lat' dir='ltr'><strong>ex</strong></span> <span class='ocrx_word' id='word_1_548' title='bbox 3290 3512 3404 3583; x_wconf 86' lang='lat' dir='ltr'><strong>ejus</strong></span> <span class='ocrx_word' id='word_1_549' title='bbox 3453 3510 3639 3570; x_wconf 84' lang='lat' dir='ltr'><strong>litteris,</strong></span> <span class='ocrx_word' id='word_1_550' title='bbox 3663 3510 3706 3559; x_wconf 88' lang='lat' dir='ltr'><strong>in</strong></span> 
     </span>
    </p>
   </div>
   <div class='ocr_carea' id='block_1_81' title="bbox 2166 3598 3805 3676">
    <p class='ocr_par' dir='ltr' id='par_1_81' title="bbox 2166 3598 3805 3676">
     <span class='ocr_line' id='line_1_81' title="bbox 2166 3598 3805 3676; baseline -0.015 -2"><span class='ocrx_word' id='word_1_551' title='bbox 2166 3619 2496 3676; x_wconf 89' lang='lat' dir='ltr'><strong>monasterio</strong></span> <span class='ocrx_word' id='word_1_552' title='bbox 2544 3617 2602 3673; x_wconf 90' lang='lat' dir='ltr'><strong>S.</strong></span> <span class='ocrx_word' id='word_1_553' title='bbox 2636 3613 2929 3669; x_wconf 89' lang='lat' dir='ltr'><strong>Clementis</strong></span> <span class='ocrx_word' id='word_1_554' title='bbox 2967 3609 3223 3674; x_wconf 86' lang='lat' dir='ltr'><strong>servatis,</strong></span> <span class='ocrx_word' id='word_1_555' title='bbox 3261 3605 3438 3661; x_wconf 86' lang='lat' dir='ltr'><strong>abbati</strong></span> <span class='ocrx_word' id='word_1_556' title='bbox 3466 3598 3709 3672; x_wconf 80' lang='lat' dir='ltr'><strong>lluganoni</strong></span> <span class='ocrx_word' id='word_1_557' title='bbox 3804 3610 3805 3667; x_wconf 49' lang='grc' dir='ltr'>γ</span> 
     </span>
    </p>
   </div>
   <div class='ocr_carea' id='block_1_82' title="bbox 2167 3692 3805 3777">
    <p class='ocr_par' dir='ltr' id='par_1_82' title="bbox 2167 3692 3805 3777">
     <span class='ocr_line' id='line_1_82' title="bbox 2167 3692 3805 3777; baseline -0.016 -10"><span class='ocrx_word' id='word_1_558' title='bbox 2167 3713 2417 3768; x_wconf 89' lang='lat' dir='ltr'><strong>traditam</strong></span> <span class='ocrx_word' id='word_1_559' title='bbox 2446 3710 2609 3765; x_wconf 88' lang='lat' dir='ltr'><strong>fuisse</strong></span> <span class='ocrx_word' id='word_1_560' title='bbox 2637 3707 2848 3777; x_wconf 81' lang='lat' dir='ltr'><strong>ab&#39;ipso</strong></span> <span class='ocrx_word' id='word_1_561' title='bbox 2879 3702 3167 3759; x_wconf 87' lang='lat' dir='ltr'><strong>ecclesiam</strong></span> <span class='ocrx_word' id='word_1_562' title='bbox 3192 3698 3251 3753; x_wconf 88' lang='lat' dir='ltr'><strong>S.</strong></span> <span class='ocrx_word' id='word_1_563' title='bbox 3286 3696 3430 3752; x_wconf 75' lang='lat' dir='ltr'><strong>Petri</strong></span> <span class='ocrx_word' id='word_1_564' title='bbox 3453 3695 3514 3748; x_wconf 86' lang='lat' dir='ltr'><strong>ad</strong></span> <span class='ocrx_word' id='word_1_565' title='bbox 3532 3692 3710 3746; x_wconf 77' lang='lat' dir='ltr'><strong>Arenas</strong></span> <span class='ocrx_word' id='word_1_566' title='bbox 3804 3752 3805 3755; x_wconf 22' lang='grc' dir='ltr'><strong>η</strong></span> 
     </span>
    </p>
   </div>
   <div class='ocr_carea' id='block_1_83' title="bbox 2163 3786 3805 3885">
    <p class='ocr_par' dir='ltr' id='par_1_83' title="bbox 2163 3786 3805 3885">
     <span class='ocr_line' id='line_1_83' title="bbox 2163 3786 3805 3885; baseline -0.018 -22"><span class='ocrx_word' id='word_1_567' title='bbox 2163 3822 2302 3878; x_wconf 91' lang='lat' dir='ltr'><strong>pene</strong></span> <span class='ocrx_word' id='word_1_568' title='bbox 2358 3805 2652 3867; x_wconf 89' lang='lat' dir='ltr'><strong>desertam,</strong></span> <span class='ocrx_word' id='word_1_569' title='bbox 2695 3800 2750 3856; x_wconf 91' lang='lat' dir='ltr'><strong>in</strong></span> <span class='ocrx_word' id='word_1_570' title='bbox 2801 3813 2907 3870; x_wconf 92' lang='lat' dir='ltr'><strong>qua</strong></span> <span class='ocrx_word' id='word_1_571' title='bbox 2958 3792 3253 3868; x_wconf 89' lang='lat' dir='ltr'><strong>pastoralia</strong></span> <span class='ocrx_word' id='word_1_572' title='bbox 3310 3790 3506 3885; x_wconf 72' lang='lat' dir='ltr'><strong>munia</strong></span> <span class='ocrx_word' id='word_1_573' title='bbox 3538 3786 3710 3885; x_wconf 77' lang='lat' dir='ltr'><strong>fratres</strong></span> <span class='ocrx_word' id='word_1_574' title='bbox 3804 3850 3805 3855; x_wconf 16' lang='grc' dir='ltr'><strong>η</strong></span> 
     </span>
    </p>
   </div>
   <div class='ocr_carea' id='block_1_84' title="bbox 2164 3880 3713 3963">
    <p class='ocr_par' dir='ltr' id='par_1_84' title="bbox 2164 3880 3713 3963">
     <span class='ocr_line' id='line_1_84' title="bbox 2164 3880 3713 3963; baseline -0.017 -9"><span class='ocrx_word' id='word_1_575' title='bbox 2164 3906 2502 3954; x_wconf 79' lang='lat' dir='ltr'><strong>exercerent.</strong></span> <span class='ocrx_word' id='word_1_576' title='bbox 2533 3895 2720 3949; x_wconf 90' lang='lat' dir='ltr'><strong>Tertio</strong></span> <span class='ocrx_word' id='word_1_577' title='bbox 2749 3899 2874 3963; x_wconf 89' lang='lat' dir='ltr'><strong>post</strong></span> <span class='ocrx_word' id='word_1_578' title='bbox 2905 3886 3318 3944; x_wconf 88' lang='lat' dir='ltr'><strong>translationem</strong></span> <span class='ocrx_word' id='word_1_579' title='bbox 3370 3882 3429 3937; x_wconf 91' lang='lat' dir='ltr'><strong>S.</strong></span> <span class='ocrx_word' id='word_1_580' title='bbox 3457 3880 3713 3936; x_wconf 87' lang='lat' dir='ltr'><strong>Clementis</strong></span> 
     </span>
    </p>
   </div>
   <div class='ocr_carea' id='block_1_85' title="bbox 2162 3969 3715 4075">
    <p class='ocr_par' dir='ltr' id='par_1_85' title="bbox 2162 3969 3715 4075">
     <span class='ocr_line' id='line_1_85' title="bbox 2162 3969 3715 4075; baseline -0.017 -28"><span class='ocrx_word' id='word_1_581' title='bbox 2162 3992 2269 4056; x_wconf 88' lang='lat' dir='ltr'><strong>die,</strong></span> <span class='ocrx_word' id='word_1_582' title='bbox 2295 3990 2407 4061; x_wconf 87' lang='lat' dir='ltr'><strong>jam</strong></span> <span class='ocrx_word' id='word_1_583' title='bbox 2433 3987 2581 4060; x_wconf 84' lang='lat' dir='ltr'><strong>gravi</strong></span> <span class='ocrx_word' id='word_1_584' title='bbox 2608 3985 2796 4041; x_wconf 91' lang='lat' dir='ltr'><strong>morbo</strong></span> <span class='ocrx_word' id='word_1_585' title='bbox 2820 3992 3124 4052; x_wconf 88' lang='lat' dir='ltr'><strong>correptus,</strong></span> <span class='ocrx_word' id='word_1_586' title='bbox 3143 3977 3355 4034; x_wconf 82' lang='lat' dir='ltr'><strong>vocatis</strong></span> <span class='ocrx_word' id='word_1_587' title='bbox 3376 3974 3440 4030; x_wconf 89' lang='lat' dir='ltr'><strong>ad</strong></span> <span class='ocrx_word' id='word_1_588' title='bbox 3458 3987 3509 4029; x_wconf 90' lang='lat' dir='ltr'><strong>se</strong></span> <span class='ocrx_word' id='word_1_589' title='bbox 3527 3969 3715 4075; x_wconf 80' lang='lat' dir='ltr'><strong>clericis</strong></span> 
     </span>
    </p>
   </div>
   <div class='ocr_carea' id='block_1_86' title="bbox 2161 4069 3716 4141">
    <p class='ocr_par' dir='ltr' id='par_1_86' title="bbox 2161 4069 3716 4141">
     <span class='ocr_line' id='line_1_86' title="bbox 2161 4069 3716 4141; baseline -0.017 -2"><span class='ocrx_word' id='word_1_590' title='bbox 2161 4093 2216 4140; x_wconf 91' lang='lat' dir='ltr'><strong>et</strong></span> <span class='ocrx_word' id='word_1_591' title='bbox 2249 4080 2608 4137; x_wconf 89' lang='lat' dir='ltr'><strong>familiaribus</strong></span> <span class='ocrx_word' id='word_1_592' title='bbox 2638 4074 3067 4133; x_wconf 86' lang='lat' dir='ltr'><strong>benedictionem</strong></span> <span class='ocrx_word' id='word_1_593' title='bbox 3098 4069 3425 4141; x_wconf 89' lang='lat' dir='ltr'><strong>impertitus,</strong></span> <span class='ocrx_word' id='word_1_594' title='bbox 3461 4069 3716 4131; x_wconf 82' lang='lat' dir='ltr'><strong>crucisque</strong></span> 
     </span>
    </p>
   </div>
   <div class='ocr_carea' id='block_1_87' title="bbox 2164 4153 3720 4256">
    <p class='ocr_par' dir='ltr' id='par_1_87' title="bbox 2164 4153 3720 4256">
     <span class='ocr_line' id='line_1_87' title="bbox 2164 4153 3720 4256; baseline -0.015 -25"><span class='ocrx_word' id='word_1_595' title='bbox 2164 4175 2319 4247; x_wconf 79' lang='lat' dir='ltr'><strong>signo</strong></span> <span class='ocrx_word' id='word_1_596' title='bbox 2348 4173 2608 4238; x_wconf 89' lang='lat' dir='ltr'><strong>munitus,</strong></span> <span class='ocrx_word' id='word_1_597' title='bbox 2643 4168 2910 4227; x_wconf 88' lang='lat' dir='ltr'><strong>invocatis</strong></span> <span class='ocrx_word' id='word_1_598' title='bbox 2956 4165 3057 4221; x_wconf 89' lang='lat' dir='ltr'><strong>SS.</strong></span> <span class='ocrx_word' id='word_1_599' title='bbox 3095 4163 3389 4227; x_wconf 85' lang='lat' dir='ltr'><strong>Trinitate,</strong></span> <span class='ocrx_word' id='word_1_600' title='bbox 3426 4158 3487 4256; x_wconf 56' lang='lat' dir='ltr'><strong>B.</strong></span> 
     </span>
    </p>
   </div>
   <div class='ocr_carea' id='block_1_88' title="bbox 2162 4246 3714 4330">
    <p class='ocr_par' dir='ltr' id='par_1_88' title="bbox 2162 4246 3714 4330">
     <span class='ocr_line' id='line_1_88' title="bbox 2162 4246 3714 4330; baseline -0.017 -5"><span class='ocrx_word' id='word_1_601' title='bbox 2162 4246 2360 4325; x_wconf 90' lang='lat' dir='ltr'><strong>nitrice</strong></span> <span class='ocrx_word' id='word_1_602' title='bbox 2388 4274 2444 4323; x_wconf 87' lang='lat' dir='ltr'><strong>et</strong></span> <span class='ocrx_word' id='word_1_603' title='bbox 2475 4264 2732 4322; x_wconf 92' lang='lat' dir='ltr'><strong>omnibus</strong></span> <span class='ocrx_word' id='word_1_604' title='bbox 2762 4261 2989 4325; x_wconf 89' lang='lat' dir='ltr'><strong>sanctis,</strong></span> <span class='ocrx_word' id='word_1_605' title='bbox 3020 4256 3266 4330; x_wconf 90' lang='lat' dir='ltr'><strong>piissime</strong></span> <span class='ocrx_word' id='word_1_606' title='bbox 3289 4250 3511 4309; x_wconf 89' lang='lat' dir='ltr'><strong>decessit</strong></span> <span class='ocrx_word' id='word_1_607' title='bbox 3544 4248 3602 4318; x_wconf 70' lang='grc' dir='ltr'><strong>(ι</strong></span> <span class='ocrx_word' id='word_1_608' title='bbox 3625 4246 3714 4301; x_wconf 71' lang='lat' dir='ltr'><strong>Mai</strong></span> 
     </span>
    </p>
   </div>
   <div class='ocr_carea' id='block_1_89' title="bbox 2163 4340 3805 4441">
    <p class='ocr_par' dir='ltr' id='par_1_89' title="bbox 2163 4340 3805 4441">
     <span class='ocr_line' id='line_1_89' title="bbox 2163 4340 3805 4441; baseline -0.016 -25"><span class='ocrx_word' id='word_1_609' title='bbox 2163 4359 2323 4431; x_wconf 77' lang='lat'><strong>1090)</strong></span> <span class='ocrx_word' id='word_1_610' title='bbox 2346 4366 2515 4432; x_wconf 89' lang='lat' dir='ltr'><strong>prout</strong></span> <span class='ocrx_word' id='word_1_611' title='bbox 2563 4356 2893 4413; x_wconf 90' lang='lat' dir='ltr'><strong>adolescenti</strong></span> <span class='ocrx_word' id='word_1_612' title='bbox 2944 4353 3156 4425; x_wconf 83' lang='lat' dir='ltr'><strong>llugoni</strong></span> <span class='ocrx_word' id='word_1_613' title='bbox 3211 4347 3501 4441; x_wconf 82' lang='lat' dir='ltr'><strong>revelatum</strong></span> <span class='ocrx_word' id='word_1_614' title='bbox 3544 4342 3719 4441; x_wconf 71' lang='lat' dir='ltr'><strong>fuerat.</strong></span> <span class='ocrx_word' id='word_1_615' title='bbox 3804 4340 3805 4359; x_wconf 84' lang='lat'>‘</span> 
     </span>
    </p>
   </div>
   <div class='ocr_carea' id='block_1_90' title="bbox 2160 4432 3805 4519">
    <p class='ocr_par' dir='ltr' id='par_1_90' title="bbox 2160 4432 3805 4519">
     <span class='ocr_line' id='line_1_90' title="bbox 2160 4432 3805 4519; baseline -0.015 -13"><span class='ocrx_word' id='word_1_616' title='bbox 2160 4451 2346 4508; x_wconf 88' lang='lat' dir='ltr'><strong>Funus</strong></span> <span class='ocrx_word' id='word_1_617' title='bbox 2367 4450 2484 4519; x_wconf 88' lang='lat' dir='ltr'><strong>ejus</strong></span> <span class='ocrx_word' id='word_1_618' title='bbox 2504 4448 2716 4505; x_wconf 91' lang='lat' dir='ltr'><strong>curavit</strong></span> <span class='ocrx_word' id='word_1_619' title='bbox 2741 4446 2966 4517; x_wconf 83' lang='lat' dir='ltr'><strong>Hugauo</strong></span> <span class='ocrx_word' id='word_1_620' title='bbox 2978 4443 3166 4508; x_wconf 88' lang='lat' dir='ltr'><strong>abbas,</strong></span> <span class='ocrx_word' id='word_1_621' title='bbox 3182 4452 3417 4509; x_wconf 89' lang='lat' dir='ltr'><strong>eumque</strong></span> <span class='ocrx_word' id='word_1_622' title='bbox 3434 4436 3483 4491; x_wconf 91' lang='lat' dir='ltr'><strong>in</strong></span> <span class='ocrx_word' id='word_1_623' title='bbox 3512 4432 3720 4489; x_wconf 75' lang='lat' dir='ltr'><strong>ecclesia</strong></span> <span class='ocrx_word' id='word_1_624' title='bbox 3804 4482 3805 4491; x_wconf 19' lang='grc' dir='ltr'>χ</span> 
     </span>
    </p>
   </div>
   <div class='ocr_carea' id='block_1_91' title="bbox 471 4524 3805 4628">
    <p class='ocr_par' dir='ltr' id='par_1_91' title="bbox 471 4524 3805 4628">
     <span class='ocr_line' id='line_1_91' title="bbox 471 4524 3805 4628; baseline 0.004 -45"><span class='ocrx_word' id='word_1_625' title='bbox 471 4532 751 4600; x_wconf 85' lang='lat' dir='ltr'><strong>apostolici</strong></span> <span class='ocrx_word' id='word_1_626' title='bbox 778 4550 807 4587; x_wconf 89' lang='lat' dir='ltr'><strong>a</strong></span> <span class='ocrx_word' id='word_1_627' title='bbox 842 4550 977 4605; x_wconf 88' lang='lat' dir='ltr'><strong>papa</strong></span> <span class='ocrx_word' id='word_1_628' title='bbox 1004 4536 1311 4592; x_wconf 89' lang='lat' dir='ltr'><strong>decoratus.</strong></span> <span class='ocrx_word' id='word_1_629' title='bbox 1344 4538 1512 4595; x_wconf 81' lang='lat' dir='ltr'><strong>Metas</strong></span> <span class='ocrx_word' id='word_1_630' title='bbox 1542 4541 1709 4595; x_wconf 89' lang='lat' dir='ltr'><strong>redux</strong></span> <span class='ocrx_word' id='word_1_631' title='bbox 1742 4543 1886 4598; x_wconf 85' lang='lat' dir='ltr'><strong>inter</strong></span> <span class='ocrx_word' id='word_1_632' title='bbox 1908 4559 2053 4614; x_wconf 66' lang='lat' dir='ltr'><strong>qum—</strong></span> <span class='ocrx_word' id='word_1_633' title='bbox 2086 4568 2135 4628; x_wconf 71' lang='grc' dir='ltr'>υ</span> <span class='ocrx_word' id='word_1_634' title='bbox 2163 4542 2218 4598; x_wconf 91' lang='lat' dir='ltr'><strong>S.</strong></span> <span class='ocrx_word' id='word_1_635' title='bbox 2254 4542 2398 4598; x_wconf 88' lang='lat' dir='ltr'><strong>Petri</strong></span> <span class='ocrx_word' id='word_1_636' title='bbox 2447 4542 2515 4595; x_wconf 90' lang='lat' dir='ltr'><strong>ad</strong></span> <span class='ocrx_word' id='word_1_637' title='bbox 2564 4540 2773 4594; x_wconf 89' lang='lat' dir='ltr'><strong>Arenas</strong></span> <span class='ocrx_word' id='word_1_638' title='bbox 2814 4536 3108 4607; x_wconf 67' lang='lat' dir='ltr'><strong>sepulturae</strong></span> <span class='ocrx_word' id='word_1_639' title='bbox 3156 4530 3454 4628; x_wconf 43' lang='lat' dir='ltr'><strong>mandavi}</strong></span> <span class='ocrx_word' id='word_1_640' title='bbox 3476 4524 3720 4628; x_wconf 42' lang='grc' dir='ltr'><strong>ΑΒξξιξεξιθ</strong></span> <span class='ocrx_word' id='word_1_641' title='bbox 3804 4568 3805 4589; x_wconf 53' lang='lat' dir='ltr'><strong>t</strong></span> 
     </span>
    </p>
   </div>
   <div class='ocr_carea' id='block_1_92' title="bbox 470 4618 2054 4691">
    <p class='ocr_par' dir='ltr' id='par_1_92' title="bbox 470 4618 2054 4691">
     <span class='ocr_line' id='line_1_92' title="bbox 470 4618 2054 4691; baseline 0.011 -18"><span class='ocrx_word' id='word_1_642' title='bbox 470 4618 605 4674; x_wconf 89' lang='lat' dir='ltr'><strong>libet</strong></span> <span class='ocrx_word' id='word_1_643' title='bbox 650 4624 887 4691; x_wconf 89' lang='lat' dir='ltr'><strong>pericula</strong></span> <span class='ocrx_word' id='word_1_644' title='bbox 919 4626 1463 4686; x_wconf 77' lang='lat' dir='ltr'><strong>lionoriﬁceutissime</strong></span> <span class='ocrx_word' id='word_1_645' title='bbox 1503 4642 1559 4689; x_wconf 93' lang='lat' dir='ltr'><strong>et</strong></span> <span class='ocrx_word' id='word_1_646' title='bbox 1603 4635 1976 4690; x_wconf 89' lang='lat' dir='ltr'><strong>amantissime</strong></span> <span class='ocrx_word' id='word_1_647' title='bbox 2022 4650 2054 4691; x_wconf 88' lang='lat' dir='ltr'><strong>a</strong></span> 
     </span>
    </p>
   </div>
   <div class='ocr_carea' id='block_1_93' title="bbox 468 4717 2051 4794">
    <p class='ocr_par' dir='ltr' id='par_1_93' title="bbox 468 4717 2051 4794">
     <span class='ocr_line' id='line_1_93' title="bbox 468 4717 2051 4794; baseline 0.011 -31"><span class='ocrx_word' id='word_1_648' title='bbox 468 4724 631 4780; x_wconf 82' lang='lat' dir='ltr'><strong>grege</strong></span> <span class='ocrx_word' id='word_1_649' title='bbox 660 4728 758 4766; x_wconf 85' lang='lat' dir='ltr'><strong>suo</strong></span> <span class='ocrx_word' id='word_1_650' title='bbox 803 4717 1089 4785; x_wconf 87' lang='lat' dir='ltr'><strong>accipitur.</strong></span> <span class='ocrx_word' id='word_1_651' title='bbox 1134 4717 1231 4774; x_wconf 86' lang='lat' dir='ltr'><strong>Ubi</strong></span> <span class='ocrx_word' id='word_1_652' title='bbox 1266 4721 1497 4790; x_wconf 88' lang='lat' dir='ltr'><strong>primum</strong></span> <span class='ocrx_word' id='word_1_653' title='bbox 1546 4724 1598 4777; x_wconf 90' lang='lat' dir='ltr'><strong>iu</strong></span> <span class='ocrx_word' id='word_1_654' title='bbox 1630 4723 1819 4779; x_wconf 89' lang='lat' dir='ltr'><strong>urbem</strong></span> <span class='ocrx_word' id='word_1_655' title='bbox 1868 4726 2051 4794; x_wconf 81' lang='lat' dir='ltr'><strong>rediit,</strong></span> 
     </span>
    </p>
   </div>
   <div class='ocr_carea' id='block_1_94' title="bbox 468 4803 2053 4885">
    <p class='ocr_par' dir='ltr' id='par_1_94' title="bbox 468 4803 2053 4885">
     <span class='ocr_line' id='line_1_94' title="bbox 468 4803 2053 4885; baseline 0.011 -30"><span class='ocrx_word' id='word_1_656' title='bbox 468 4803 680 4857; x_wconf 87' lang='lat' dir='ltr'><strong>cuidam</strong></span> <span class='ocrx_word' id='word_1_657' title='bbox 713 4807 835 4861; x_wconf 72' lang='lat' dir='ltr'><strong>vita:</strong></span> <span class='ocrx_word' id='word_1_658' title='bbox 864 4808 1164 4866; x_wconf 86' lang='lat' dir='ltr'><strong>innocentis</strong></span> <span class='ocrx_word' id='word_1_659' title='bbox 1192 4812 1544 4876; x_wconf 84' lang='lat' dir='ltr'><strong>adolescenti.</strong></span> <span class='ocrx_word' id='word_1_660' title='bbox 1574 4815 1781 4885; x_wconf 81' lang='lat' dir='ltr'><strong>Hugoni</strong></span> <span class='ocrx_word' id='word_1_661' title='bbox 1811 4818 2053 4885; x_wconf 92' lang='lat' dir='ltr'><strong>nomine,</strong></span> 
     </span>
    </p>
   </div>
   <div class='ocr_carea' id='block_1_95' title="bbox 430 4896 2052 4977">
    <p class='ocr_par' dir='ltr' id='par_1_95' title="bbox 430 4896 2052 4977">
     <span class='ocr_line' id='line_1_95' title="bbox 430 4896 2052 4977; baseline 0.009 -28"><span class='ocrx_word' id='word_1_662' title='bbox 430 4944 443 4960; x_wconf 77' lang='grc'>,.</span> <span class='ocrx_word' id='word_1_663' title='bbox 471 4896 766 4952; x_wconf 85' lang='lat' dir='ltr'><strong>revelatum</strong></span> <span class='ocrx_word' id='word_1_664' title='bbox 797 4911 877 4955; x_wconf 80' lang='lat' dir='ltr'><strong>est</strong></span> <span class='ocrx_word' id='word_1_665' title='bbox 915 4902 1303 4961; x_wconf 85' lang='lat' dir='ltr'><strong>Hcrimannum</strong></span> <span class='ocrx_word' id='word_1_666' title='bbox 1356 4917 1415 4961; x_wconf 90' lang='lat' dir='ltr'><strong>ut</strong></span> <span class='ocrx_word' id='word_1_667' title='bbox 1459 4907 1656 4971; x_wconf 90' lang='lat' dir='ltr'><strong>adiret,</strong></span> <span class='ocrx_word' id='word_1_668' title='bbox 1704 4922 1938 4977; x_wconf 87' lang='lat' dir='ltr'><strong>eumque</strong></span> <span class='ocrx_word' id='word_1_669' title='bbox 1985 4910 2052 4964; x_wconf 90' lang='lat' dir='ltr'><strong>de</strong></span> 
     </span>
    </p>
   </div>
   <div class='ocr_carea' id='block_1_96' title="bbox 470 4988 2051 5070">
    <p class='ocr_par' dir='ltr' id='par_1_96' title="bbox 470 4988 2051 5070">
     <span class='ocr_line' id='line_1_96' title="bbox 470 4988 2051 5070; baseline 0.009 -29"><span class='ocrx_word' id='word_1_670' title='bbox 470 4988 845 5049; x_wconf 83' lang='lat' dir='ltr'><strong>transferendo</strong></span> <span class='ocrx_word' id='word_1_671' title='bbox 874 4997 1046 5051; x_wconf 89' lang='lat' dir='ltr'><strong>sancti</strong></span> <span class='ocrx_word' id='word_1_672' title='bbox 1079 4998 1369 5055; x_wconf 90' lang='lat' dir='ltr'><strong>Clementis</strong></span> <span class='ocrx_word' id='word_1_673' title='bbox 1399 5015 1625 5070; x_wconf 89' lang='lat' dir='ltr'><strong>corpore</strong></span> <span class='ocrx_word' id='word_1_674' title='bbox 1653 5000 1971 5055; x_wconf 88' lang='lat' dir='ltr'><strong>admoneret</strong></span> <span class='ocrx_word' id='word_1_675' title='bbox 1993 5012 2051 5057; x_wconf 88' lang='lat' dir='ltr'><strong>et</strong></span> 
     </span>
    </p>
   </div>
   <div class='ocr_carea' id='block_1_97' title="bbox 468 5076 2045 5161">
    <p class='ocr_par' dir='ltr' id='par_1_97' title="bbox 468 5076 2045 5161">
     <span class='ocr_line' id='line_1_97' title="bbox 468 5076 2045 5161; baseline 0.007 -26"><span class='ocrx_word' id='word_1_676' title='bbox 468 5076 539 5135; x_wconf 78' lang='lat' dir='ltr'><strong>de</strong></span> <span class='ocrx_word' id='word_1_677' title='bbox 568 5080 785 5139; x_wconf 84' lang='lat' dir='ltr'><strong>instanti</strong></span> <span class='ocrx_word' id='word_1_678' title='bbox 816 5087 935 5157; x_wconf 91' lang='lat' dir='ltr'><strong>ejus</strong></span> <span class='ocrx_word' id='word_1_679' title='bbox 963 5089 1130 5159; x_wconf 91' lang='lat' dir='ltr'><strong>obitu,</strong></span> <span class='ocrx_word' id='word_1_680' title='bbox 1157 5092 1249 5161; x_wconf 88' lang='lat' dir='ltr'><strong>qui</strong></span> <span class='ocrx_word' id='word_1_681' title='bbox 1285 5093 1443 5148; x_wconf 89' lang='lat' dir='ltr'><strong>tertio</strong></span> <span class='ocrx_word' id='word_1_682' title='bbox 1485 5101 1605 5161; x_wconf 90' lang='lat' dir='ltr'><strong>post</strong></span> <span class='ocrx_word' id='word_1_683' title='bbox 1639 5091 2045 5148; x_wconf 86' lang='lat' dir='ltr'><strong>translationem</strong></span> 
     </span>
    </p>
   </div>
   <div class='ocr_carea' id='block_1_98' title="bbox 2159 4615 3721 4711">
    <p class='ocr_par' dir='ltr' id='par_1_98' title="bbox 2159 4615 3721 4711">
     <span class='ocr_line' id='line_1_98' title="bbox 2159 4615 3721 4711; baseline -0.013 -18"><span class='ocrx_word' id='word_1_684' title='bbox 2159 4646 2240 4693; x_wconf 88' lang='lat' dir='ltr'><strong>est</strong></span> <span class='ocrx_word' id='word_1_685' title='bbox 2286 4638 2337 4692; x_wconf 92' lang='lat' dir='ltr'><strong>in</strong></span> <span class='ocrx_word' id='word_1_686' title='bbox 2387 4634 2503 4704; x_wconf 89' lang='lat' dir='ltr'><strong>ejus</strong></span> <span class='ocrx_word' id='word_1_687' title='bbox 2532 4634 2782 4705; x_wconf 88' lang='lat' dir='ltr'><strong>sepulcro</strong></span> <span class='ocrx_word' id='word_1_688' title='bbox 2827 4645 2969 4686; x_wconf 90' lang='lat' dir='ltr'><strong>anno</strong></span> <span class='ocrx_word' id='word_1_689' title='bbox 3020 4626 3177 4691; x_wconf 69' lang='lat' dir='ltr'><strong>i712,</strong></span> <span class='ocrx_word' id='word_1_690' title='bbox 3228 4625 3318 4679; x_wconf 90' lang='lat' dir='ltr'><strong>die</strong></span> <span class='ocrx_word' id='word_1_691' title='bbox 3371 4622 3436 4677; x_wconf 77' lang='lat' dir='ltr'><strong>l3</strong></span> <span class='ocrx_word' id='word_1_692' title='bbox 3469 4615 3721 4711; x_wconf 76' lang='lat' dir='ltr'><strong>Octobris.</strong></span> 
     </span>
    </p>
   </div>
   <div class='ocr_carea' id='block_1_99' title="bbox 2158 4707 3725 4799">
    <p class='ocr_par' dir='ltr' id='par_1_99' title="bbox 2158 4707 3725 4799">
     <span class='ocr_line' id='line_1_99' title="bbox 2158 4707 3725 4799; baseline -0.019 -14"><span class='ocrx_word' id='word_1_693' title='bbox 2158 4730 2358 4785; x_wconf 86' lang='lat' dir='ltr'><strong>lamina</strong></span> <span class='ocrx_word' id='word_1_694' title='bbox 2384 4728 2638 4799; x_wconf 89' lang='lat' dir='ltr'><strong>plumbea</strong></span> <span class='ocrx_word' id='word_1_695' title='bbox 2668 4728 2809 4781; x_wconf 88' lang='lat' dir='ltr'><strong>hanc</strong></span> <span class='ocrx_word' id='word_1_696' title='bbox 2845 4721 3259 4793; x_wconf 91' lang='lat' dir='ltr'><strong>inscriptionem</strong></span> <span class='ocrx_word' id='word_1_697' title='bbox 3290 4715 3527 4772; x_wconf 84' lang='lat' dir='ltr'><strong>referens</strong></span> <span class='ocrx_word' id='word_1_698' title='bbox 3557 4730 3571 4765; x_wconf 90' lang='lat'><strong>:</strong></span> <span class='ocrx_word' id='word_1_699' title='bbox 3606 4707 3725 4763; x_wconf 70' lang='lat' dir='ltr'><strong>Obiit</strong></span> 
     </span>
    </p>
   </div>
   <div class='ocr_carea' id='block_1_100' title="bbox 2155 4803 3722 4883">
    <p class='ocr_par' dir='ltr' id='par_1_100' title="bbox 2155 4803 3722 4883">
     <span class='ocr_line' id='line_1_100' title="bbox 2155 4803 3722 4883; baseline -0.019 -4"><span class='ocrx_word' id='word_1_700' title='bbox 2155 4826 2219 4879; x_wconf 82' lang='lat' dir='ltr'><strong>in.</strong></span> <span class='ocrx_word' id='word_1_701' title='bbox 2259 4824 2479 4878; x_wconf 84' lang='lat' dir='ltr'><strong>Domino</strong></span> <span class='ocrx_word' id='word_1_702' title='bbox 2526 4820 2884 4876; x_wconf 78' lang='lat' dir='ltr'><strong>Herimaunus</strong></span> <span class='ocrx_word' id='word_1_703' title='bbox 2916 4815 3165 4872; x_wconf 78' lang='lat' dir='ltr'><strong>Metensis</strong></span> <span class='ocrx_word' id='word_1_704' title='bbox 3209 4812 3496 4883; x_wconf 77' lang='lat' dir='ltr'><strong>episcopus,</strong></span> <span class='ocrx_word' id='word_1_705' title='bbox 3546 4803 3722 4872; x_wconf 72' lang='lat' dir='ltr'><strong>legatus</strong></span> 
     </span>
    </p>
   </div>
   <div class='ocr_carea' id='block_1_101' title="bbox 2158 4898 3723 4989">
    <p class='ocr_par' dir='ltr' id='par_1_101' title="bbox 2158 4898 3723 4989">
     <span class='ocr_line' id='line_1_101' title="bbox 2158 4898 3723 4989; baseline -0.019 -18"><span class='ocrx_word' id='word_1_706' title='bbox 2158 4916 2459 4989; x_wconf 80' lang='lat' dir='ltr'><strong>apostolica:</strong></span> <span class='ocrx_word' id='word_1_707' title='bbox 2503 4915 2662 4980; x_wconf 82' lang='lat' dir='ltr'><strong>sedis,</strong></span> <span class='ocrx_word' id='word_1_708' title='bbox 2697 4931 2728 4967; x_wconf 91' lang='lat' dir='ltr'><strong>a</strong></span> <span class='ocrx_word' id='word_1_709' title='bbox 2773 4908 3029 4982; x_wconf 80' lang='lat' dir='ltr'><strong>Gregorio</strong></span> <span class='ocrx_word' id='word_1_710' title='bbox 3082 4905 3194 4960; x_wconf 87' lang='lat' dir='ltr'><strong>VII</strong></span> <span class='ocrx_word' id='word_1_711' title='bbox 3234 4906 3427 4959; x_wconf 83' lang='lat' dir='ltr'><strong>honore</strong></span> <span class='ocrx_word' id='word_1_712' title='bbox 3469 4898 3641 4951; x_wconf 79' lang='lat' dir='ltr'><strong>mitra:</strong></span> <span class='ocrx_word' id='word_1_713' title='bbox 3687 4902 3723 4944; x_wconf 75' lang='grc' dir='ltr'><strong>ιι</strong></span> 
     </span>
    </p>
   </div>
   <div class='ocr_carea' id='block_1_102' title="bbox 2157 4995 3223 5080">
    <p class='ocr_par' dir='ltr' id='par_1_102' title="bbox 2157 4995 3223 5080">
     <span class='ocr_line' id='line_1_102' title="bbox 2157 4995 3223 5080; baseline -0.013 -15"><span class='ocrx_word' id='word_1_714' title='bbox 2157 5009 2306 5080; x_wconf 79' lang='lat' dir='ltr'><strong>pallii</strong></span> <span class='ocrx_word' id='word_1_715' title='bbox 2336 5010 2637 5074; x_wconf 78' lang='lat' dir='ltr'><strong>decoratus,</strong></span> <span class='ocrx_word' id='word_1_716' title='bbox 2674 5022 2812 5061; x_wconf 74' lang='lat' dir='ltr'><strong>armo</strong></span> <span class='ocrx_word' id='word_1_717' title='bbox 2835 5002 3047 5058; x_wconf 85' lang='lat' dir='ltr'><strong>Domini</strong></span> <span class='ocrx_word' id='word_1_718' title='bbox 3070 4995 3223 5054; x_wconf 77' lang='grc' dir='ltr'><strong>ΜΧο</strong></span> 
     </span>
    </p>
   </div>
  </div>
