3834 6304
166 413 275 470 1181

1254 418 1339 473 DE
1380 417 1765 475 TRANSLAT.
1805 417 1862 475 S.
1896 418 2302 475 CLEMENTIS.

3238 414 3377 472 μη

633 713 785 814 DE
867 638 1861 824 TRANSLATIONE
1930 717 2039 820 s.
2151 714 2880 821 CLEMENTIS

1672 936 1788 975 SIVB

157 1079 351 1144 Charta
391 1091 501 1154 pro
530 1074 779 1137 abbatis
810 1075 874 1137 S.
909 1072 1281 1149 Clementis,
1322 1075 1465 1138 data
1500 1072 1606 1215 dée
1638 1074 2080 1215 trhalnslationis
2111 1075 2401 1155 corporis
2433 1075 2745 1156 ejusdem,
2783 1095 2954 1141 anno
2986 1079 3156 1154 1090,
3195 1081 3381 1143 tertia

1579 1172 1639 1215 te
1747 1171 1858 1215 att.

1579 1172 1639 1215 1e
1681 1171 1858 1217 Nlllll.

1036 1317 1354 1390 (Msoatsss,
1399 1318 1637 1375 Histoire
1660 1319 1751 1373 de:
1780 1323 1997 1390 éréquu
2023 1321 2090 1375 de
2125 1298 2281 1386 Mela,
2314 1336 2367 1392 p.
2396 1322 2546 1393 377.)

214 1653 263 1708 lu
314 1647 527 1706 nomine
579 1656 780 1701 saneta:
820 1655 875 1700 et
921 1645 1208 1700 individua:
1255 1643 1558 1708 Trinitatis,
1596 1659 1695 1715 ego

1722 1612 1770 1671 Α

1798 1652 2001 1709 scrinio
2031 1668 2166 1709 auro
2208 1662 2261 1709 et
2303 1665 2526 1727 argento
2570 1658 2829 1713 decenter
2877 1669 3090 1724 ornato,
3133 1662 3390 1734 imposui-

154 1747 461 1803 HERIIANNUS
500 1738 753 1794 Ecclesia:
780 1737 1033 1793 Metensis
1056 1736 1274 1792 humilis
1305 1737 1550 1791 minister
1581 1746 1694 1791 tam
1796 1762 1941 1811 mus,
1970 1756 2027 1802 ει
2072 1749 2137 1802 ω]
2181 1748 2467 1803 ecclesia...
2505 1750 2692 1805 sane”
2740 1751 3001 1823 διοριιπηί
3055 1771 3175 1825 qua,
3224 1757 3390 1826 ipsine

152 1835 468 1909 Ρτίεδθιιιῖδηδ
526 1849 686 1903 (illam
749 1830 942 1885 Γιηιινίδ
1002 1838 1309 1899 Perpetuam
1366 1829 1420 1882 Ῐη
1480 1827 1698 1883 (Πινῖειο
1796 1839 1940 1895 beati
1972 1840 2289 1894 cathedram
2336 1841 2700 1913 episcopalem
2734 1844 2953 1913 retinet,
3000 1846 3393 1902 honorabiliter

151 1934 367 1990 salutem.

207 2024 448 2085 ()uouiam
482 2021 644 2087 prlmi
689 2035 840 2075 ηαξνο
890 2018 1197 2090 terrigenae,
1252 2015 1429 2071 omnis
1476 2017 1696 2073 humani

152 2118 336 2189 generis
365 2115 545 2170 vitiata
596 2122 907 2184 posteritas,
957 2113 1349 2167 interveniente
1395 2114 1697 2185 dispendio,

151 2211 224 2265 ditt
250 2207 423 2277 nequit
447 2206 769 2269 subsistere,
794 2221 910 2274 qua:
940 2206 1170 2258 etiam...
1198 2205 1471 2262 interioris
1504 2207 1700 2263 intuitu

150 2301 384 2375 (intuitus)
403 2300 657 2365 hominis,
681 2298 967 2354 oblivionis
992 2297 1411 2354 contenebratur
1434 2300 1664 2371 caligine
1682 2344 1698 2370 ,

148 2410 299 2465 opera:
340 2394 570 2463 pretium
629 2391 901 2459 duximus,
951 2407 1070 2461 qua:
1131 2395 1332 2450 nostris
1388 2394 1703 2465 contingere

149 2486 471 2555 temporibus,
508 2493 852 2555 posterorum
890 2484 1276 2539 commendare
1304 2485 1596 2550 memoriae,
1636 2499 1703 2539 ne

149 2575 326 2629 scilicet
346 2575 386 2629 si
424 2584 576 2628 tanta
603 2583 657 2628 et
690 2582 796 2628 tam
842 2573 1113 2643 prtecipua
1144 2587 1294 2647 gesta
1332 2575 1527 2630 silentii
1562 2575 1703 2629 mul-

150 2672 363 2721 tarentur
406 2665 797 2730 taciturnitate,
843 2673 1043 2720 nostra:
1104 2667 1445 2736 postmodum
1481 2666 1703 2735 deputa-

148 2769 276 2812 retur
297 2756 573 2813 stoliditati
617 2767 672 2811 et
715 2757 999 2812 socordiae.
1050 2758 1205 2813 Auno
1237 2760 1504 2814 iucarnati
1543 2756 1703 2813 Verbi

148 2846 401 2902 millesimo
461 2847 856 2918 nonagesimo,
914 2846 1203 2902 indictione
1260 2849 1468 2904 decima
1522 2849 1702 2915 tertia,

1800 1930 2199 1985 transtulimus.
2250 1929 2418 1987 Nocte
2473 1947 2602 2002 ergo
2657 1934 2906 2002 sequenti
2954 1935 3152 1990 ibidem
3204 1953 3388 1992 coram

1798 2010 1975 2099 sancti
2004 2023 2251 2092 corporis
2274 2023 2607 2093 pignoribus,
2622 2024 2820 2095 vigiliis
2848 2036 2903 2080 et
2930 2026 3175 2083 lattdibus
3204 2028 3393 2083 festive

1798 2114 2115 2178 celebratis,
2146 2115 2198 2169 in
2237 2117 2479 2172 crastino
2513 2132 2614 2187 ego
2653 2116 3016 2175 Herimannus
3054 2130 3180 2177 ante
3220 2122 3392 2177 altare

1800 2209 1972 2263 sancti
2018 2209 2277 2279 Stephani
2328 2225 2491 2279 super
2546 2211 2690 2280 quod
2762 2212 2936 2282 ipsunt
2984 2228 3183 2283 corpus
3247 2216 3389 2270 beati

1801 2300 2093 2354 Clementis
2109 2300 2348 2370 jacebat,
2377 2301 2606 2356 consilio
2633 2311 2687 2356 et
2713 2317 2937 2357 assensu
2971 2302 3136 2357 totius
3184 2302 3392 2357 Meten-

1802 2391 1876 2445 sis
1902 2389 2155 2445 Ecclesiae
2184 2400 2291 2444 tam
2323 2390 2453 2445 cleri
2493 2407 2659 2462 quam
2694 2392 3145 2463 p0pttli,sperans
3172 2408 3269 2461 pro
3300 2392 3393 2446 tali

1792 2470 2067 2537 beneﬁcio
2100 2481 2151 2536 itt
2193 2482 2595 2537 resurrectione
2639 2496 2760 2536 cum
2803 2482 2918 2550 ipso
2940 2489 3149 2551 partem
3179 2482 3395 2536 habitu-

1804 2590 1966 2639 rtun,
2015 2573 2136 2628 dedi
2189 2572 2237 2625 ei
2282 2571 2493 2642 sibique
2546 2572 2909 2628 servientibus
2960 2572 3013 2626 in
3073 2582 3394 2642 perpetuum

1805 2667 2114 2734 Cuntinam,
2148 2684 2267 2739 quae
2309 2679 2393 2727 est
2442 2668 2494 2721 in
2540 2664 2893 2725 Cltamberes,
2923 2662 3065 2716 ultra
3094 2662 3395 2729 Mosellam,

1807 2776 1928 2816 eum
1959 2762 2120 2816 domo
2160 2779 2278 2833 qua:
2314 2764 2513 2818 ibidem
2550 2767 2656 2824 est,
2694 2764 2749 2811 et
2792 2755 3001 2810 vineam
3042 2770 3161 2825 qua)
3198 2759 3399 2813 dicitur

1792 2852 2066 2925 Bertoldi,
2101 2870 2219 2923 qua:
2245 2864 2327 2909 est
2355 2854 2493 2925 apud
2519 2851 2686 2916 Mont,
2720 2870 2840 2909 cum
2873 2863 3064 2917 campo
3114 2852 3206 2921 qui
3240 2852 3395 2920 juxta

148 2949 379 3007 τεεαιιηιε
426 2938 658 2994 Domino
706 2948 895 2993 11081νο
945 2936 1071 2993 ³850
1111 2938 1352 3007 ChriSlO,
1409 2938 1706 3009 ἰηιρετθηιε
1738 2968 1783 3023 Β
1808 2956 1915 3011 est,
1942 2961 2063 3000 cum
2088 2946 2265 3001 hanno
2291 2955 2347 3001 et
2372 2956 2623 3011 centena,
2652 2954 2708 3000 et
2727 2953 2941 3014 pratum
2972 2945 3110 3014 apud
3136 2944 3399 3010 Prunvet,

147 3031 357 3087 Henrico
413 3033 583 3087 tertio
642 3031 856 3087 Caesare
920 3028 1287 3084 Romanorum
1349 3031 1704 3093 nobilissimo.

149 3124 486 3181 tttonarcltiam
535 3137 717 3183 autem
766 3126 916 3195 regni
955 3133 1171 3181 tenente
1208 3123 1343 3179 duce
1373 3122 1708 3177 Theoderico

146 3221 318 3276 comite
358 3220 631 3282 Folmaro.
675 3218 859 3290 judice
906 3216 1254 3282 Burchardo,
1317 3230 1438 3270 cum
1483 3228 1707 3285 regnum

146 3322 191 3365 et
222 3313 573 3368 sacerdotium
606 3327 636 3365 a
687 3327 747 3366 se
783 3310 1011 3365 invicem
1042 3308 1390 3369 dissitlerent,
1422 3315 1477 3360 et
1506 3304 1708 3361 idcirco

147 3411 237 3455 tam
264 3402 529 3457 mundana
564 3416 726 3471 quam
769 3400 1134 3456 ecclesiastica
1183 3397 1564 3452 miserabiliter
1607 3395 1707 3450 ﬁtt-

145 3502 396 3560 ctuarent,
446 3494 509 3548 B.
560 3493 852 3550 Clementis
894 3492 1058 3563 primi
1105 3491 1272 3546 nostri
1323 3489 1556 3559 pastoris
1615 3489 1706 3557 pia

144 3585 523 3651 consolatione,
577 3600 675 3640 nos
723 3592 1033 3654 peceatores
1078 3591 1134 3637 et
1178 3580 1406 3634 afﬂictos
1470 3577 1708 3633 cmlestis

144 3675 423 3745 benignitas
473 3676 763 3732 recreavit.
818 3675 951 3729 Nam
997 3689 1119 3729 cum
1178 3671 1408 3743 propitia
1454 3671 1709 3726 divinitas

144 3768 342 3835 provida
389 3752 796 3840 dispensatione
849 3765 1053 3821 civitati
1095 3772 1150 3820 et
1194 3763 1334 3835 plebi
1384 3761 1704 3817 Metensium

142 3860 362 3915 m'sereri
390 3860 724 3931 disponeret,
754 3865 811 3912 ut
856 3858 974 3912 luce
1016 3856 1215 3912 clarius
1261 3862 1491 3919 constat,
1524 3852 1706 3924 magni

140 3952 328 4006 consilii
354 3951 531 4023 angeli
568 3949 817 4021 pmducc
848 3948 961 4018 jam
995 3948 1169 4003 dictus
1206 3946 1435 4001 antistes
1460 3944 1707 4016 egregius

140 4043 305 4098 ntultis
355 4042 651 4098 multorum
707 4039 1005 4094 visionibus
1058 4048 1113 4093 et
1175 4037 1592 4093 revelationibus
1647 4050 1707 4091 se

138 4134 277 4190 nobis
315 4134 571 4200 innotuit,
617 4141 672 4188 et
722 4140 841 4186 uta
879 4132 998 4186 loco
1042 4145 1148 4200 quo
1172 4145 1202 4184 a
1234 4128 1389 4185 bona:
1432 4128 1705 4183 memorias

137 4226 411 4282 Deodcrico
463 4234 811 4282 antecessore
857 4232 1041 4279 nostro
1086 4222 1359 4293 quondam
1404 4222 1471 4276 ad
1520 4220 1702 4277 sedem

1810 3038 1949 3107 quod
1989 3047 2284 3107 operantur
2314 3036 2500 3091 rustici
2538 3036 2603 3089 de
2644 3034 2903 3104 Nomiuey
2947 3050 3071 3088 cum
3124 3035 3302 3088 banno
3345 3041 3399 3087 et

1809 3141 2056 3185 centena.

1880 3223 2009 3278 Dedi
2042 3223 2203 3279 etiam
2242 3230 2411 3276 totum
2451 3222 2688 3276 bannum
2736 3228 2791 3275 et
2834 3232 3118 3276 centenam
3161 3218 3401 3289 quinque

1806 3312 2187 3383 parochiarum
2219 3312 2270 3365 in
2298 3311 2424 3365 villa
2471 3326 2592 3382 qua:
2634 3311 2832 3366 dicitur
2859 3314 2924 3367 ad
2966 3312 3236 3376 basilicas,
3270 3311 3400 3365 sita-

1808 3419 1950 3466 rum,
1984 3403 2194 3457 scilicet
2240 3401 2422 3456 Sancti
2466 3400 2690 3456 Joannis
2725 3401 3004 3473 Baptism,
3060 3403 3248 3458 Sancti
3294 3402 3397 3458 Ge-

1807 3493 1967 3549 nesii.
1997 3491 2206 3547 Sancta:
2237 3490 2418 3545 Mariae
2464 3492 2530 3546 ad
2578 3500 2863 3560 martyres,
2912 3494 3094 3549 Sancti
3118 3493 3398 3548 Laurentii

1809 3583 2106 3654 Sanctique
2133 3581 2393 3645 Amantii,
2418 3580 2487 3636 ab
2516 3588 2661 3641 omni
2692 3590 2956 3645 advocato
2985 3596 3040 3643 et
3065 3586 3212 3642 omni
3239 3585 3392 3657 justi-

1808 3676 1882 3729 tia
1913 3675 2148 3729 civitatis
2176 3672 2425 3739 liberum,
2450 3676 2541 3732 sed
2568 3679 2669 3733 sub
2689 3680 2855 3735 solius
2874 3680 3090 3735 abbatis
3117 3679 3401 3749 providen-

1811 3768 1879 3823 tia
1912 3778 1965 3823 et
1996 3778 2278 3838 potestate,
2323 3771 2459 3826 sicut
2499 3762 2601 3841 ego
2655 3773 2707 3826 in
2750 3789 2909 3827 mantt
2957 3787 3076 3826 mea
3128 3771 3399 3825 tenebam.

1809 3858 1939 3915 Dedi
1982 3868 2035 3914 et
2084 3858 2338 3914 feminam
2387 3863 2675 3931 quamdam
2722 3864 2788 3918 de
2829 3864 3134 3927 Pierreius,
3183 3861 3401 3916 nomine

1809 3949 2056 4023 Tbyebot
2088 3967 2211 4007 cum
2254 3952 2376 4007 ﬁliis
2406 3963 2461 4007 et
2494 3954 2707 4010 ﬁliabus
2752 3956 2883 4020 suis,
2918 3965 2972 4009 et
3009 3955 3399 4021 llantezonetn,

1807 4053 1863 4098 et
1906 4042 2239 4099 Richardum
2271 4058 2336 4097 ea
2374 4043 2488 4116 lege
2519 4064 2621 4116 qua
2654 4057 2832 4102 erant.
2864 4036 3193 4103 Cunctorum
3237 4046 3402 4116 igitur

1808 4136 2103 4189 astantium
2129 4140 2455 4195 unanimitas
2478 4139 2604 4193 cieri
2631 4148 2684 4193 et
2705 4139 2907 4209 populi,
2931 4138 2997 4192 ad
3030 4137 3397 4192 renovandum

1808 4226 2089 4280 annuatim
2118 4243 2243 4300 erga
2276 4246 2433 4284 suum
2466 4238 2750 4299 patronum
2783 4229 2882 4298 pia:
2923 4226 3228 4282 devotionis
3266 4224 3401 4280 all‘e-

136 4320 386 4388 propriam
419 4320 573 4374 illum
620 4315 917 4371 transferre
965 4315 1207 4379 conanti,
1254 4314 1347 4368 sed
1387 4311 1479 4366 Dei
1503 4311 1777 4381 virtutcc
1808 4325 1986 4382 ctum,
2039 4318 2091 4371 in
2146 4320 2490 4387 universum,
2538 4336 2720 4385 suum,
2769 4320 2911 4374 hunc
2957 4320 3096 4373 diem
3147 4318 3397 4373 festivum

134 4412 438 4479 prohibente
466 4426 576 4465 tton
606 4407 829 4472 valenti,
873 4406 1142 4476 repositus
1181 4404 1379 4465 fuerat.
1410 4403 1704 4463 levaretur.

135 4505 241 4571 pius
276 4514 430 4574 pater
472 4504 563 4575 pia
610 4499 990 4557 sollicitatione
1034 4497 1390 4559 commonuit,
1438 4503 1706 4567 quatenus

131 4595 234 4662 ejus
258 4595 594 4667 dignissimis
627 4591 1107 4649 intercessionibus
1132 4588 1329 4659 populo
1373 4586 1425 4641 in
1469 4585 1707 4640 tenebris

130 4694 179 4739 et
198 4687 381 4741 umbra
415 4685 611 4740 mortis
631 4682 949 4747 ambulanti,
978 4680 1203 4737 orientis
1230 4677 1469 4732 visitatio
1492 4674 1709 4745 prodire

129 4778 432 4849 dignaretur
469 4790 541 4829 ex
567 4775 698 4831 alto.
734 4774 867 4830 lllttd
914 4774 1094 4844 itaque
1134 4769 1464 4833 Salomonis,
1508 4766 1706 4822 multos

128 4882 302 4924 errare
355 4871 609 4928 fecerunt
662 4865 913 4932 somnia,
983 4860 1501 4922 animadvertendo,
1565 4858 1707 4927 quod

126 4961 492 5028 nuntiabatur,
541 4961 794 5016 frivolum
836 4971 956 5012 esse
997 4955 1151 5010 nobis
1192 4951 1597 5016 dubitantibus,
1643 4965 1708 5005 ac

125 5068 273 5122 super
298 5054 404 5112 hoc
428 5063 613 5112 mente
634 5051 908 5110 incredula
948 5048 1143 5105 stolide
1166 5045 1601 5112 rentorantibus;
1639 5044 1707 5099 ob

123 5149 295 5206 cordis
329 5151 508 5209 nostri
540 5151 814 5216 duritiam,
846 5158 1071 5219 repente
1116 5148 1299 5204 divino
1328 5147 1555 5201 ferimur
1583 5160 1705 5199 mu-

124 5255 279 5298 crone
308 5260 419 5313 quo
440 5245 556 5316 jam
585 5260 617 5301 e
646 5243 825 5316 medio
854 5241 1109 5297 tollimur.
1137 5240 1338 5297 Ultima
1370 5247 1516 5296 sorte
1545 5237 1710 5309 igitur

125 5332 389 5390 tarditatis
415 5315 619 5391 nostra:
655 5315 838 5390 moras
877 5333 1173 5403 arguendo,
1219 5332 1362 5386 illico
1408 5331 1707 5385 terminare

124 5424 501 5495 compellente,
530 5426 617 5481 die
659 5426 800 5497 ipsa,
842 5425 1050 5480 scilicet
1084 5440 1139 5479 γι
1192 5423 1371 5478 Nonas
1410 5422 1554 5488 Maii,
1605 5422 1701 5476 sti—

121 5514 367 5585 pantibus
412 5516 756 5584 clericorum,
797 5517 1213 5582 monachorum,
1253 5515 1555 5586 principum
1604 5515 1702 5569 lai-

121 5622 416 5681 corumque
446 5609 929 5666 innumerabilibus
955 5609 1211 5673 catervis,
1243 5609 1473 5679 hymnos
1512 5609 1623 5663 Deo
1648 5616 1704 5663 et

1810 4410 2065 4479 deinceps
2112 4410 2313 4469 habere
2364 4414 2623 4469 decrevit.
2671 4410 2934 4479 Quocirca
2975 4411 3230 4479 quoniam
3283 4419 3394 4464 tum

1809 4522 1911 4577 pro
1952 4507 2119 4577 ipsius
2152 4506 2391 4575 corporis
2430 4503 2737 4559 veneranda
2782 4500 3092 4571 praesentia,
3138 4508 3247 4554 tttttt
3301 4514 3399 4569 pro

1810 4596 1875 4651 ad
1902 4611 2023 4650 eum
2047 4597 2133 4666 pie
2158 4595 2578 4666 confugientium
2608 4594 2791 4660 celeri,
2814 4602 2873 4648 ut
2897 4591 3157 4656 creditur,
3175 4591 3400 4646 delicto-

1809 4703 1929 4742 rum
1975 4687 2152 4754 venia,
2200 4704 2356 4744 sacer
2400 4687 2539 4742 illius
2586 4687 2875 4758 sepulturae
2919 4686 3070 4741 locus
3121 4685 3280 4756 digne
3314 4695 3399 4741 est

1810 4780 2269 4845 honoriﬁcandus,
2303 4781 2468 4836 alacri
2497 4781 2683 4835 favore
2710 4780 2969 4841 omnium,
3005 4779 3274 4833 nundinas
3303 4795 3400 4847 per

1808 4882 1933 4927 octo
1954 4873 2243 4928 continuos
2269 4872 2383 4928 dies
2414 4872 2543 4927 ittibi
2574 4873 2889 4928 solemttiter
2918 4872 3086 4927 teneri
3114 4871 3399 4925 constitui-

1811 4977 1954 5029 mus,
1987 4978 2173 5033 pacem
2197 4963 2406 5018 ﬁrmant
2433 4962 2683 5019 omnibus
2705 4963 2830 5018 illuc
2860 4963 3273 5033 properantibus
3298 4960 3399 5014 sub

1810 5053 2174 5109 anathematis
2198 5054 2633 5108 interminatione
2663 5053 2961 5107 habendam
2993 5050 3395 5107 denuntiantes.

1807 5142 2034 5199 Beatum
2064 5154 2242 5199 tamen
2271 5144 2543 5200 homicidii
2576 5144 2699 5199 hinc
2724 5144 3083 5204 excludimtts,
3124 5140 3228 5194 nisi
3262 5144 3399 5193 torte

1808 5236 1931 5305 quis
1966 5236 2132 5289 armis
2158 5235 2501 5305 propulsatus
2547 5235 2746 5290 inimici
2795 5235 2977 5288 limina
3007 5233 3244 5297 attigerit
3273 5246 3397 5286 san-

1809 5327 1901 5382 cti.
1934 5327 2200 5381 Prmterea
2237 5327 2361 5381 huic
2407 5327 2617 5398 paginae
2657 5341 2723 5380 ne
2747 5341 2775 5379 a
2813 5324 3071 5379 memoria
3102 5323 3394 5385 laberetur,

1809 5417 1893 5473 vel
1923 5417 2123 5486 aliquid
2158 5415 2300 5470 aliud
2345 5417 2446 5471 sibi
2490 5424 2778 5485 usurparet
2824 5429 2983 5484 quam
3032 5412 3119 5466 hic
3166 5412 3396 5466 inditum

1808 5519 1913 5575 est,
1939 5511 2178 5565 inserere
2217 5510 2435 5578 dignum
2477 5511 2727 5564 duximus
2774 5508 2915 5577 quod
2964 5505 3185 5577 Hagano
3230 5506 3397 5560 abbas

1812 5600 1981 5672 ipsius
2031 5601 2155 5667 loci,
2211 5609 2423 5671 pratum
2474 5600 2539 5654 de
2585 5600 2843 5663 Prunoet,
2889 5612 2976 5653 me
3022 5598 3308 5666 prasente,
3343 5603 3400 5650 et

121 5696 303 5756 laudes
356 5698 783 5756 acclamantibus
836 5715 1035 5769 corpus
1082 5699 1481 5755 sanctissimum
1540 5714 1703 5767 super
1740 5682 1785 5737 Β
1813 5690 2027 5746 favente
2050 5688 2361 5745 Burchardo
2392 5690 2674 5754 advocato,
2703 5688 2923 5759 suisque
2970 5686 3396 5746 successoribus,

90 5844 95 5849 .
123 5804 304 5847 aurum
322 5801 379 5849 et
400 5792 649 5863 topazion
675 5793 971 5865 pretiosum
997 5792 1061 5848 de
1088 5792 1420 5862 sarc0phago
1442 5790 1696 5855 levatum,

1813 5795 1924 5841 tam
1974 5799 2071 5855 pro
2116 5781 2427 5839 defensioue
2480 5780 2637 5851 hujus
2680 5782 2925 5838 beneﬁcii
2980 5799 3007 5834 a
3058 5798 3143 5835 me
3197 5779 3398 5843 collati,
