3886 6308
470 341 607 396 1185

1386 340 1767 397 ΙΙΕΒΙΜΑΝΝΙ
1806 343 2149 400 ME'I‘ENSIS
2188 343 2404 400 EPISC.
2439 343 2746 400 CHARTA.

3589 355 3687 411 ll8l

467 471 631 525 quam
672 469 769 524 pro
810 453 975 511 totius
1005 453 1260 511 Ecclesia:
1295 455 1521 511 tuitione
1556 423 1834 511 itfftedtnn
1876 458 2044 523 dedit,
2074 460 2118 515 A
2146 459 2383 514 cautium
2409 458 2695 512 exauditor
2723 458 3208 519 innumerabilibus
3241 460 3409 528 pollet
3434 463 3692 531 virtutibus,

468 564 532 603 eo
559 558 736 602 tamen
768 556 954 604 tenore
979 557 1039 603 ut
1070 548 1249 604 nullus
1286 550 1561 604 lnerednm
1600 550 1789 619 ipsius,
1829 551 1931 606 nisi
1958 552 2052 605 ad-

465 638 772 692 vocatitiam
801 638 1037 695 civitatis
1084 640 1334 707 tenuerit,
1362 639 1464 693 hoc
1497 639 1707 695 f'eodum
1737 640 1837 695 sibi
1872 641 2049 696 vindi-

464 740 571 785 cet.
610 730 676 784 Et
706 739 764 786 ut
795 730 846 787 in
884 732 1139 787 nundinis
1183 731 1443 786 memoria
1489 731 1852 786 translationis
1897 732 2052 789 istius

462 823 751 892 iucundius
771 834 931 894 atque
952 824 1219 880 celebrius
1240 840 1271 879 a
1294 823 1736 881 convenientibus
1766 828 2049 895 haheatm‘,

463 930 635 985 equus
658 916 962 985 quindecim
990 916 1283 971 solidorum
1314 919 1381 971 ab
1412 919 1528 988 ipso
1564 919 1824 974 advocato
1852 920 2049 973 ibidem

463 1017 901 1076 repraesentatur.
948 1008 1099 1075 Quod
1129 1012 1175 1064 si
1214 1010 1581 1078 saecularibus,
1606 1023 1662 1066 ut
1710 1026 1826 1066 mos
1861 1022 1964 1079 est,
1994 1013 2048 1068 in

464 1114 726 1169 equorum
766 1101 1016 1156 cursibus
1050 1117 1108 1157 se
1137 1103 1548 1165 delectantilms,
1579 1104 1897 1174 quibusdam
1927 1122 2067 1175 spe-,

463 1189 655 1245 cialius
704 1190 757 1244 in
800 1191 953 1258 equis
983 1192 1273 1247 exercitari
1304 1192 1586 1263 placuerit,
1621 1194 1833 1261 victori,
1869 1206 1989 1249 taxa
2015 1212 2049 1252 ο

461 1281 677 1348 pretio,
726 1280 1006 1335 dimidium
1053 1281 1420 1353 relinquatur,
1467 1283 1743 1338 residuum
1794 1285 2049 1339 Ecclesia:

460 1372 785 1442 assignetur.
817 1372 871 1427 Si
897 1388 1025 1429 vero
1046 1375 1233 1430 eadem
1261 1374 1348 1430 die
1379 1376 1482 1431 hoc
1503 1376 1695 1431 festum
1726 1393 1831 1431 non
1865 1378 2047 1446 fuerit,

460 1462 527 1514 ad
564 1477 843 1532 vesperum
866 1478 1037 1533 equus
1059 1464 1301 1520 ecclesia:
1330 1465 1444 1520 sine
1466 1469 1835 1522 controversia
1860 1467 2047 1523 dimit-

461 1560 643 1604 tatur:
678 1566 835 1619 quem
862 1552 931 1615 si,
963 1561 1022 1607 ut
1053 1553 1257 1608 dictmn
1288 1563 1393 1620 est,
1430 1570 1535 1610 non
1576 1557 1839 1626 posuerit,
1881 1557 2049 1613 abbas

460 1642 563 1696 loci
592 1643 661 1697 ab
686 1658 750 1698 eo
780 1644 1058 1714 requiret:
1094 1646 1206 1714 ipse
1249 1662 1378 1701 vero
1426 1647 1730 1703 nullatenus
1778 1649 2048 1705 contradi—

458 1748 583 1787 cere
614 1735 792 1790 habet.
821 1736 884 1791 Et
912 1738 1164 1805 quoniam
1194 1740 1291 1795 has
1332 1741 1603 1797 nundinas
1638 1741 1896 1797 bannales
1929 1759 2047 1799 esse

2155 552 2221 606 ad
2263 551 2475 607 laudem
2518 560 2571 608 et
2611 549 2839 618 gloriam
2892 550 3127 604 nominis
3160 551 3389 607 Christi.
3418 553 3571 624 Igitur
3591 558 3696 614 hanc

2153 651 2395 697 nostram
2440 641 2786 697 traditionem
2830 648 2886 696 et
2928 641 3086 704 dona,
3136 644 3286 696 omni
3342 652 3575 713 tempore
3611 660 3696 703 rata

2154 749 2472 806 permanere
2518 744 2573 790 et
2617 733 2954 798 inconvulsa,
2987 736 3317 790 auctoritate
3363 739 3699 808 omnipotentis

2151 825 2270 891 Dei,
2302 825 2445 879 beati
2475 839 2690 894 quoque
2719 824 3014 881 Clementis
3036 832 3092 879 et
3120 834 3307 880 nostra
3331 828 3698 893 conﬁrmamus;

2151 914 2309 984 sigilli
2339 914 2501 967 etiam
2551 914 2722 968 nostri
2767 914 3202 983 consignatione,
3235 930 3457 971 necnon
3486 928 3535 972 et
3560 935 3701 987 perso-

2152 1023 2343 1061 narum
2414 1006 2849 1061 anthenticarum
2923 1006 3328 1077 subscriptione
3390 1010 3700 1075 roboramus,

2150 1105 2375 1151 cunctos
2418 1108 2762 1150 successores
2798 1104 3011 1151 nostros
3053 1096 3170 1151 bzec
3210 1107 3484 1166 perpetuo
3524 1098 3703 1155 fideliter

2150 1201 2476 1244 conservare
2501 1188 2602 1242 sub
2629 1186 2858 1241 districti
2875 1186 3062 1256 judieii
3086 1187 3341 1241 examine
3362 1198 3701 1247 contestantcs.

2153 1277 2210 1333 Si
2238 1295 2342 1348 qna
2373 1291 2553 1336 autem
2594 1278 2962 1334 ecclesiastica
3013 1278 3365 1333 saecularisve
3395 1295 3611 1350 persona
3630 1283 3702 1335 bo-

2152 1387 2269 1426 rum
2296 1374 2573 1444 quidpiam
2618 1372 2915 1441 infringere
2959 1372 3399 1442 prtesumpserit,
3435 1387 3467 1425 a
3499 1376 3707 1427 saeratis-

2149 1466 2289 1520 simo
2317 1481 2543 1536 corpore
2586 1476 2642 1519 et
2681 1466 2945 1535 sanguine
2976 1464 3187 1519 Domini
3224 1464 3497 1530 alienata,
3520 1467 3566 1519 in
3598 1465 3703 1520 diem

2149 1554 2352 1612 Christi
2397 1566 2452 1611 et
2484 1557 2579 1612 Dei
2616 1557 2688 1611 sit
2717 1556 3006 1610 anathema
3047 1554 3150 1609 nisi
3184 1554 3504 1625 resipuerit.
3546 1555 3703 1608 Horum

2149 1647 2388 1701 omnium
2414 1647 2652 1703 fautores
2677 1648 2899 1702 idoneos
2926 1654 3110 1710 testes,
3135 1646 3377 1710 risores,
3406 1655 3463 1701 et
3484 1647 3707 1700 auditores

2149 1738 2337 1794 subter
2385 1738 2724 1794 adnotandos
2775 1739 2994 1809 dignum
3044 1737 3327 1805 duximus,
3359 1753 3583 1809 quorum
3624 1740 3705 1793 hac

458 1840 763 1893 censemus,
794 1828 1022 1883 sollicite
1053 1829 1222 1884 isdem
1263 1830 1567 1887 advocatus
1594 1849 1688 1901 per
1726 1849 1785 1887 se
1827 1849 1919 1887 seu
1958 1849 2054 1903 per
2086 1841 2126 1899 Β
2156 1841 2283 1885 sunt
2311 1831 2528 1885 nomina
2559 1846 2576 1885 :

459 1916 695 1971 civitatis
730 1919 1009 1974 castaldos
1034 1921 1312 1990 provideat
1365 1939 1434 1978 ne
1479 1924 1604 1993 quid
1650 1923 1874 1993 tempori
1908 1940 2049 1995 prm-

459 2007 733 2061 nominato
792 2010 1126 2075 detrahatur,
1168 2028 1237 2067 ne
1275 2015 1363 2083 qui
1406 2024 1765 2071 mercatorum
1816 2017 2048 2071 maxime

460 2095 884 2154 llucchariornm
910 2116 967 2155 sc
995 2103 1334 2167 subtrahunt,
1362 2119 1589 2174 quorum
1615 2108 1853 2161 omnium
1886 2106 2048 2176 Super

458 2187 561 2242 hoc
586 2188 702 2243 foro
733 2189 857 2244 facti
880 2188 1143 2257 justitias,
1166 2193 1305 2248 feodi
1333 2194 1415 2249 sui
1448 2197 1659 2250 noverit
1687 2211 1803 2252 esse
1832 2196 2046 2266 supple-

458 2290 719 2341 mentum,
751 2290 987 2336 attamen
1012 2285 1269 2354 quidquid
1294 2287 1609 2357 injnriarnm
1642 2288 1778 2343 infra
1806 2293 2045 2345 hannum

459 2372 835 2439 prtedictarum
869 2374 1229 2431 Eeclesiarum
1272 2378 1528 2434 Ecclesia:
1564 2380 1639 2434 illi
1676 2397 1705 2435 a
1748 2396 1833 2435 me
1877 2380 2050 2438 dona-

463 2474 595 2528 tum,
624 2473 678 2518 et
710 2476 835 2522 tunc
864 2477 918 2522 et
948 2485 1162 2539 semper
1203 2472 1484 2536 acciderit,
1520 2472 1587 2526 ad
1630 2473 1797 2529 solius
1833 2474 2046 2531 abbatis

457 2555 561 2611 loci
603 2568 657 2613 et
692 2576 909 2615 suorum
957 2561 1262 2618 oflicialium
1291 2562 1557 2632 justitiam
1590 2567 1899 2635 pertinebit.
1935 2568 2047 2624 [lac

456 2646 655 2703 celebri
690 2653 977 2706 traditione
1009 2653 1133 2708 data
1164 2664 1218 2708 et
1246 2666 1494 2726 suscepta
1524 2665 1581 2711 et
1623 2657 1895 2713 communi
1926 2675 2047 2712 om-

457 2742 606 2797 nium
633 2745 877 2800 consultu
901 2756 1241 2801 sacramento
1264 2747 1500 2813 firmata,
1530 2748 1618 2803 die
1641 2749 1853 2814 eadem,
1883 2750 1932 2804 id
1963 2758 2048 2805 est

454 2834 645 2902 quinta
678 2837 857 2891 Nonas
887 2836 1031 2902 Maii,
1056 2838 1119 2890 ad
1152 2837 1326 2892 locum
1356 2838 1613 2895 Basilicas
1641 2842 1867 2907 dictum,
1898 2844 2044 2897 unde

456 2925 628 2993 pridie
674 2926 850 2981 fuerat
898 2938 1251 2997 assunipttnn,
1290 2944 1448 2996 quem
1500 2931 1668 2986 isdem
1719 2944 1938 2987 sanctus
1989 2934 2040 2987 in

456 3018 565 3071 \ita
596 3035 705 3089 sua.
733 3037 842 3076 sua:
886 3023 1089 3091 requiei
1118 3023 1410 3092 delegerat,
1456 3026 1689 3080 maxima
1722 3028 2042 3097 populorum

455 3111 750 3167 comitante
781 3124 996 3168 caterva
1024 3129 1221 3183 corpus
1255 3116 1653 3172 sanctissimum
1684 3128 1768 3173 est
1794 3120 2041 3184 relatum,

2224 1920 2445 1992 llagano
2472 1922 2640 1977 abbas
2660 1920 2784 1976 loci.

2223 2013 2491 2069 llenricns
2530 2013 2698 2068 abbas
2735 2012 3069 2069 Gorziensis.

2220 2103 2402 2159 Lanzo
2433 2103 2602 2160 abbas
2635 2104 2821 2159 Sancti
2854 2104 3120 2159 Vineentii

2219 2196 2505 2250 Dnrandus
2533 2197 2702 2251 abbas
2728 2195 2914 2251 Sancti
2945 2194 3361 2267 Symphoriani.

2222 2287 2495 2342 Adalbero
2523 2288 2962 2344 archidiaconus.
3030 2336 3035 2345 .

2221 2380 2550 2436 ltuocelinus
2582 2381 3023 2437 archidiaconus.

2218 2478 2520 2534 Gervoldus
2546 2477 2984 2532 archidiaconus.

2224 2571 2509 2626 Matf‘ridus
2538 2571 2980 2627 archidiaconus.

2218 2664 2474 2719 Canonici
2508 2681 2521 2718 :
2551 2665 2943 2730 Ermerannus;
2967 2660 3249 2724 Arnnlfns,
3284 2659 3591 2723 Lietardus,
3611 2657 3712 2712 Ber-

2147 2755 2311 2810 tnlfus
2358 2764 2579 2820 cantor,
2631 2753 2919 2809 Folmarus
2971 2760 3194 2819 cantor,
3251 2752 3382 2805 item
3452 2750 3711 2809 Folmarus.

2146 2843 2406 2909 Joannes,
2437 2845 2749 2912 Anseltnus,
2780 2853 2888 2899 etc.

2222 2936 2471 2992 Monacbi
2499 2937 2738 3007 ejusdem
2763 2935 2861 2990 loci
2885 2954 2898 2989 :
2930 2934 3219 2989 Richerins
3248 2933 3423 3002 prior,
3449 2931 3611 2991 Odilo,
3631 2937 3713 2986 etc.

2220 3029 2452 3085 Nomina
2502 3029 2761 3084 laicorum
2802 3045 2815 3081 :
2857 3024 3226 3080 Theodericus
3272 3023 3419 3083 dux,
3478 3021 3716 3075 Fohnam

2147 3136 2351 3185 comes,
2399 3117 2955 3189 Burcbardusjodex,
2994 3113 3292 3185 Wypaldus
3334 3113 3606 3174 Scab'nzo,
3631 3109 3714 3164 Geo

459 3202 550 3257 ubi
588 3203 883 3261 honorifice
910 3205 1139 3262 collatus
1167 3208 1286 3278 pius
1317 3218 1371 3263 et
1404 3208 1662 3275 clemens,
1692 3224 1752 3266 se
1780 3212 1866 3282 pie
1897 3211 2052 3265 invo-
2080 3224 2121 3282 ο
2157 3213 2372 3277 rardus,
2398 3223 2502 3266 etc.

482 3398 3699 3429 MM

1415 3561 1941 3668 CHARTA
2013 3558 2697 3668 ΗΕΒΙΜΑΝΝ
2710 3562 2749 3663 Ι

459 3766 599 3842 Qua
639 3770 898 3832 Waloni
932 3771 1141 3831 abbati
1173 3774 1233 3832 S.
1266 3771 1519 3833 Arnnlfi
1548 3773 1858 3833 Metensis
1890 3773 1991 3850 jus
2016 3771 2317 3834 annualis
2353 3778 2696 3843 mercatus,
2734 3794 2759 3825 ‹‹
2800 3769 3232 3849 quorumdam
3265 3766 3548 3830 factione
3584 3763 3715 3826 male

504 3852 507 3853 ⁷
1702 3850 2053 3927 sublatum,
2088 3876 2116 3909 »
2150 3851 2505 3914 confirmat.

1318 4017 1634 4087 (Riecmsss,
1671 4015 1904 4071 Histoire
1935 4017 2023 4072 des
2058 4017 2273 4089 éréqnes
2298 4018 2364 4072 de
2396 4017 2555 4082 Meis,
2596 4033 2649 4087 p.
2680 4015 2827 4087 569.)

527 4326 584 4381 In
618 4327 836 4385 nomine
865 4328 1065 4396 Patris,
1100 4336 1155 4384 et
1182 4328 1328 4397 Filii,
1355 4339 1408 4383 et
1439 4329 1674 4401 Spiritus
1701 4331 1898 4393 sancti.
1931 4330 2042 4386 lis-

374 4431 381 4443 “
457 4416 743 4481 mutastis,
777 4418 950 4488 gratia
981 4416 1074 4472 Dei
1115 4429 1316 4474 sancta:
1348 4418 1601 4474 Metensis
1633 4419 1829 4490 praesul
1864 4419 2049 4474 Eccle-

454 4508 573 4569 εἰει).
604 4510 813 4563 eunetis
845 4518 950 4563 tam
975 4511 1520 4581 prmsentibns‘quam
1549 4510 1747 4566 futuris
1775 4512 2042 4578 fidelibus,

456 4596 863 4653 niserieordias
892 4599 1107 4654 Domini
1144 4601 1194 4654 in
1225 4610 1483 4656 aeternum
1516 4612 1757 4658 cantare.

530 4684 665 4754 Quia
699 4687 976 4745 beatitudo
1012 4700 1321 4746 sanctorum
1359 4703 1594 4760 constat,
1628 4690 1693 4749 et’
1718 4695 1783 4749 de
1823 4708 2047 4750 munere

457 4786 672 4854 gratiae,
701 4793 756 4837 et
788 4782 855 4836 de
886 4781 1243 4837 retributione
1282 4782 1533 4849 justitite,
1585 4785 1920 4841 innitendum
1963 4792 2045 4840 est

462 4878 753 4947 unicuique
783 4876 1021 4931 fidelium
1057 4876 1367 4931 omnimoda
1409 4878 1771 4933 sollicitudine
1812 4876 2046 4946 qualiter

450 4969 507 5027 in
543 4988 637 5041 spe
666 4980 831 5040 atque
875 4969 1093 5024 actione
1125 4970 1409 5039 utriusque
1441 4972 1751 5042 pertingere
1778 4970 1947 5042 possit
1977 4970 2044 5025 ad

452 5063 646 5131 gaudia
677 5062 932 5133 perennis
957 5061 1095 5114 vim}.
1122 5060 1189 5115 Et
1209 5061 1467 5129 quoniam
1496 5062 1846 5134 diligentibus
1876 5062 2043 5116 Deum

452 5154 635 5208 omnia
666 5166 1031 5224 cooperantur
1057 5150 1110 5206 in
1126 5152 1327 5209 bonum
1357 5154 1564 5209 ideirco
1589 5154 1763 5209 modis
1791 5154 2046 5209 omnibus

451 5256 537 5300 est
573 5248 709 5303 bene
750 5248 1017 5318 agendum
1070 5248 1367 5304 secundum
1419 5246 1564 5319 quod
1608 5248 1872 5319 scriptum
1919 5257 2040 5303 est:

455 5336 815 5411 Quodcunque
850 5349 1015 5411 potest
1052 5357 1239 5396 manus
1265 5350 1356 5395 tua
1398 5340 1596 5411 facere,
1636 5341 1893 5395 instanter
1925 5356 2047 5411 ope-

454 5442 591 5481 rare.
610 5426 718 5485 Nos
730 5444 859 5501 ergo
879 5431 991 5487 haec
1013 5442 1177 5501 atque
1200 5431 1287 5487 his
1310 5432 1505 5489 similia
1530 5433 1583 5487 in
1609 5440 1919 5488 sanctorum
1944 5430 2045 5486 Pa-

456 5523 602 5573 trum
625 5522 911 5577 sententiis
930 5523 1225 5592 prudenter
1253 5523 1651 5595 salubriterque
1675 5525 1817 5579 dicta
1846 5538 2043 5593 appro-

2156 4326 2363 4390 tificio,
2420 4340 2542 4380 cum
2592 4331 2793 4378 nostrae
2844 4322 3043 4378 mentis
3088 4323 3342 4379 interiori
3389 4324 3713 4383 discussione,

2153 4426 2268 4473 tum
2307 4417 2688 4487 religiosorum
2717 4415 2801 4484 pia
2830 4413 3211 4481 collocutione,
3244 4416 3517 4484 carpimus
3549 4413 3717 4468 soliici-

2148 4507 2558 4578 tinsoreminisci
2586 4506 2779 4561 salutis
2804 4515 3005 4560 nostra:
3029 4506 3249 4560 animm.
3282 4506 3530 4577 Cumque
3551 4507 3614 4561 ad
3636 4507 3715 4559 hoc

2147 4600 2287 4657 bene
2338 4600 2622 4673 profutura
2670 4598 3005 4653 occurrisset
3052 4597 3271 4652 Domini
3320 4601 3585 4654 sententia
3632 4614 3718 4667 qua

2147 4693 2386 4747 dicitur:
2415 4693 2552 4747 Date
2573 4690 2950 4761 efeemosynam
2978 4700 3025 4744 et
3059 4691 3240 4744 omnia
3279 4694 3481 4745 munda
3504 4702 3617 4745 sunt
3646 4704 3715 4739 ro-

2148 4786 2247 4851 bis,
2279 4783 2593 4853 supervenit
2621 4782 2777 4836 nobis
2799 4781 3010 4835 eunetis
3033 4781 3401 4836 eharissimus
3422 4794 3475 4837 et
3498 4782 3718 4835 oninihss

2151 4874 2491 4929 charissitnis
2540 4869 2911 4941 prmferendus
2947 4869 3278 4925 venerabilis
3331 4872 3549 4926 nomine
3590 4868 3717 4921 Walo

2148 4967 2316 5033 abbas
2344 4964 2579 5022 eoenobii
2612 4962 2797 5018 Sancti
2829 4962 3035 5016 Arnulfi
3075 4963 3354 5031 quondam
3406 4956 3716 5016 memorandi

2149 5070 2313 5130 atque
2372 5072 2589 5126 semper
2648 5055 2946 5113 venerandi
3008 5054 3543 5109 Mediomatricorum
3598 5049 3721 5104 urbis

2148 5152 2408 5223 episcopi,
2432 5151 2517 5206 cui
2541 5161 2594 5205 et
2620 5149 2823 5220 aliquid
2858 5148 3095 5201 humana
3127 5144 3417 5201 nobilitate
3439 5146 3717 5214 loquamur.

2147 5246 2374 5302 Carolus
2399 5260 2625 5316 magnus
2659 5244 2959 5312 imperator
2985 5252 3048 5290 ac
3077 5228 3347 5303 patricius
3381 5236 3717 5289 Romanorum

2148 5340 2202 5395 in
2235 5335 2602 5409 generationis
2638 5333 2779 5387 linea
2827 5328 3198 5401 qnadrincpos
3241 5325 3469 5380 exstitit.
3504 5322 3571 5379 Ut
3609 5332 3719 5374 rem

2150 5432 2230 5495 fit,
2281 5444 2403 5486 cum
2447 5429 2591 5482 inter
2642 5440 2742 5480 nos
2802 5431 2964 5491 atque
3007 5418 3328 5489 praedictum
3378 5417 3621 5471 abbatem
3660 5409 3719 5462 de

2148 5500 2333 5577 multis
2376 5536 2554 5576 sermo
2599 5526 2735 5573 esset
2779 5524 2952 5576 ortus,
2999 5520 3331 5580 conquestus
3373 5517 3457 5564 est
3489 5504 3627 5576 quod
3660 5497 3715 5555 ab

455 5606 669 5674 banles,
706 5588 979 5682 totiusque
1003 5613 1248 5669 veritatis
1284 5614 1538 5670 firmitate
1564 5588 1795 5671 subnixa
1830 5588 2045 5669 ratione
2075 5588 2123 5648 D
2156 5610 2421 5683 improbis
2454 5608 2765 5665 hominibus
2792 5602 2957 5658 multa
2989 5609 3270 5673 pateretur
3297 5597 3571 5670 dispendia
3598 5606 3717 5663 pm

458 5701 802 5769 apertissima
857 5708 1282 5774 perpendentes,
1326 5718 1611 5777 postquam
1661 5717 1886 5763 auctore
1934 5708 2042 5763 Deo

456 5788 695 5855 promoti
722 5802 907 5844 sumus
948 5790 1003 5846 in
1035 5791 1196 5861 hujus
1226 5804 1427 5853 sancta:
1453 5798 1709 5858 Metensis
1741 5799 1886 5855 sedis
1915 5815 2022 5869 pon

2154 5705 2329 5760 dictus
2372 5702 2554 5766 locus,
2587 5699 2790 5755 addens
2827 5693 3021 5750 annale
3051 5701 3352 5749 mercatum
3382 5686 3714 5761 quorumdam

2154 5797 2408 5863 factione,
2444 5797 2537 5867 qui
2585 5808 2741 5849 suum
2792 5791 2999 5845 lucrum
3047 5786 3330 5856 deputant,
3381 5783 3424 5839 si
3472 5780 3588 5837 aliis
3614 5777 3715 5832 dis-
