3886 6308
160 363 282 413 1185
1269 346 1356 400 DE
1384 341 2162 429 TRANSITU'IIERIMANNI.
3270 341 3406 398 “.30

158 466 681 544 pendiuminferant,
715 461 1201 533 imprresentiarum
1236 461 1375 515 male
1419 459 1712 523 sublatum,
1746 465 1788 520 Α
1821 468 1876 511 ιιι
1929 458 1981 512 in
2030 457 2223 511 talibus
2264 455 2493 521 assolet,
2531 455 2612 510 vel
2660 454 2853 524 injuria
2888 453 3206 523 contigerit,
3250 470 3405 508 sunt-

160 560 474 630 temporihns
522 556 691 611 nostri
743 555 1157 626 przcdecessoris
1204 561 1409 608 sanctae
1448 552 1721 607 memoriae
1825 565 1967 603 tuam
2009 549 2165 617 pretii
2199 562 2360 617 quam
2398 546 2479 601 lex
2524 563 2622 617 pro
2660 548 2896 602 vindicta
2930 546 3101 614 culpa:
3137 547 3405 616 exegerit,

162 651 494 706 Adelheronis
525 647 633 714 jam
686 646 1043 716 quadriennio
1094 645 1341 700 habitum
1393 644 1446 697 in
1498 644 1721 697 dedica-
1824 638 1973 693 nullo
2002 639 2272 693 renitente
2302 636 2472 691 abbas
2499 638 2747 706 accipere
2772 636 3008 691 debebit.
3042 636 3409 693 Obsecramus

157 746 284 797 tione
325 742 493 812 ipsius
535 739 809 794 Ecclesiae.
852 738 1003 794 Unde
1044 753 1144 793 nos
1190 737 1469 807 cupientes
1500 744 1723 805 proten-
1826 732 2043 786 tandem
2085 739 2314 785 cunctos
2359 739 2480 800 post
2524 746 2624 785 nos
2669 738 2926 783 venturos
2974 731 3278 797 pontiﬁces,
3312 742 3411 797 pc:

157 831 269 885 dere
297 846 431 899 opus
472 829 855 882 misericordia:
898 827 1222 883 in‘salutem
1261 836 1459 881 nostra:
1505 825 1721 892 animm,
1823 835 2014 877 omnes
2063 821 2274 875 Domini
2324 821 2727 886 miserationes,
2777 831 2833 875 et
2884 838 2980 892 per
3029 823 3407 877 auctoritatem

160 930 305 988 atque
340 920 393 971 in
433 918 775 971 connuodum
813 915 1093 981 Ecclesim,
1135 915 1391 985 precibus
1428 914 1594 983 ipsius
1624 914 1721 968 ab-
1825 910 2108 990 duodecim
2154 911 2520 979 apostolorum
2554 952 2569 973 ,
2613 913 2912 981 przcscrtim
2960 914 3130 968 sancti
3183 912 3409 969 Joannis

159 1010 285 1065 batis
322 1025 529 1063 necnon
561 1007 984 1077 religiosissima:
1017 1015 1180 1076 atque
1208 1004 1434 1076 virginis
1466 1004 1575 1058 Deo
1595 1020 1722 1059 con-
1824 1002 2163 1058 dilectissimi
2210 1003 2454 1068 Domini,
2509 1003 2663 1073 cujus
2709 1003 2760 1056 iu
2806 1002 3031 1072 praefato
3079 1004 3413 1057 monasterio

160 1109 364 1157 secrata:
412 1100 542 1154 inibi
597 1098 819 1152 reclusa:
870 1097 1102 1152 dominre
1156 1096 1374 1151 nomine
1418 1094 1722 1159 Hodiermc,
1826 1096 1958 1148 deus
1989 1096 2222 1149 habetur
2242 1105 2297 1149 ct
2326 1105 2640 1161 veneratur,
2674 1096 3138 1148 utcontirmatum
3166 1105 3250 1149 est
3276 1090 3407 1148 inibi

158 1192 491 1259 omniumque
530 1189 761 1243 fratrum
806 1185 890 1258 pia
936 1187 1349 1258 supplicatione,
1383 1196 1548 1257 atque
1592 1203 1726 1241 uua-
1828 1186 2151 1241 auctoritate
2190 1184 2334 1239 beati
2375 1186 2499 1240 noni
2534 1184 2729 1240 Leonis
2759 1200 2930 1253 papae,
2961 1193 3015 1238 et
3045 1199 3141 1253 per
3168 1198 3407 1238 amorem

160 1284 277 1340 nimi
321 1297 584 1338 consensu
628 1290 939 1335 nostrorum
984 1279 1247 1345 ﬁdelium,
1299 1278 1635 1333 restituitnus
1671 1288 1726 1332 et
1790 1278 2069 1331 ~omnium
2100 1287 2430 1343 sanctorum,
2478 1292 2685 1333 necnon
2732 1292 2788 1332 et
2825 1278 3162 1331 obteStamur
3188 1290 3284 1344 per
3313 1290 3410 1329 no.

163 1374 476 1428 reddidimus
522 1372 701 1441 ipsum
738 1371 938 1437 forum,
971 1370 1024 1424 in
1050 1369 1409 1438 [solemnitate
1437 1368 1606 1437 ipsius
1629 1368 1725 1422 dc-
1827 1378 1998 1422 stram
2029 1384 2192 1438 quam
2235 1386 2265 1423 a
2301 1370 2413 1423 Deo
2441 1371 2750 1440 accepimus
2775 1377 3119 1440 potestatem,
3150 1378 3209 1422 ut
3238 1383 3412 1437 neque

163 1463 433 1519 dicationis
480 1462 872 1531 perpetualiter
923 1460 1255 1516 habendum.
1310 1459 1380 1513 Ut
1430 1459 1591 1530 igitur
1632 1474 1728 1512 nos
1826 1474 1855 1510 a
1884 1473 1942 1513 Se
1976 1473 2150 1527 neque
2188 1474 2216 1513 a
2247 1461 2491 1529 quolibet
2528 1462 2746 1516 irritum
2777 1460 2893 1515 ﬁeri
2926 1459 3242 1529 permittant
3269 1458 3411 1513 istud

162 1557 223 1623 pii
248 1554 423 1622 operis
449 1564 801 1607 exsecutores
830 1566 1139 1607 mereamur
1167 1551 1407 1607 celestis
1438 1550 1585 1620 regni
1612 1550 1725 1604 ﬁeri
1828 1562 1965 1617 opus
1997 1550 2411 1617 misericordim,
2442 1551 2585 1619 quod
2622 1551 2824 1620 scripto
2855 1550 3106 1619 prmsenti
3144 1558 3198 1603 et
3225 1559 3412 1602 auctor

161 1645 455 1715 participes,
485 1644 749 1714 quidquid
780 1644 951 1697 nostri
980 1641 1119 1711 juris
1154 1646 1205 1696 in
1240 1643 1354 1713 ipso
1382 1640 1500 1696 l'oro
1534 1640 1726 1695 haberi
1832 1639 1989 1693 ritate
2018 1648 2218 1693 nostra:
2247 1656 2461 1704 manus,
2498 1640 2917 1710 nominibusque
2943 1630 3253 1695 nostrorum
3280 1638 3414 1695 ﬁde-

164 1735 531 1803 comperimus,
575 1734 649 1788 nil
680 1734 837 1788 nobis
874 1733 1256 1803 relinqnintes,
1288 1741 1456 1787 totum
1484 1733 1725 1787 servien-
1828 1727 1958 1781 lium
1990 1729 2398 1784 conﬁrmamus.

163 1827 289 1881 tibus
334 1827 442 1881 Deo
484 1825 616 1880 inibi
648 1826 801 1879 l’ratri
840 1826 1185 1887 contulimus,
1235 1825 1507 1894 (leputalis
1537 1825 1720 1879 decem
1757 1811 1800 1864 Β
1896 1820 2007 1889 Ego
2042 1820 2406 1877 llerimannus
2437 1822 2693 1877 Metensis
2724 1820 2975 1877 Eeclesrae
3003 1823 3199 1879 ortesul
3228 1822 3411 1894 signa~

161 1916 328 1969 solidis
351 1916 492 1971 inter
521 1916 913 1984 primicerium,
945 1916 1344 1970 thesaurarium
1369 1924 1534 1984 atque
1561 1930 1716 1968 cano-
1829 1912 1901 1964 vi.

162 2006 297 2059 uicos
324 2006 493 2060 sancti
538 2004 802 2074 Stephani
844 2015 896 2058 et
944 2005 1262 2059 advocatum
1299 2004 1553 2066 civitatis,
1591 2019 1726 2072 qno-
1899 2000 2124 2069 Signum
2158 2001 2451 2069 primicerii
2476 2002 2852 2057 Adalberonis.

165 2113 265 2149 mm
293 2097 505 2166 quidem
544 2097 786 2166 quinque
823 2093 1020 2149 dantur
1050 2110 1146 2165 pro
1175 2093 1519 2150 restitutione
1565 2110 1724 2147 num-
1900 2091 1959 2145 8.
2000 2091 2238 2146 Ricberii
2270 2092 2659 2147 archidiaconi.

162 2202 351 2240 morum
388 2187 481 2257 qui
526 2188 630 2241 sibi
676 2185 1035 2241 conteruntur
1083 2186 1149 2240 de
1197 2185 1424 2253 privatis
1470 2184 1727 2239 mercatis
1900 2183 1958 2236 S.
1998 2182 2253 2238 Gcrnoldi
2281 2183 2669 2238 archidiaconi.

159 2285 268 2331 octo
313 2276 546 2330 dierum.
590 2276 696 2330 Alii
744 2275 1081 2342 nilhomiuus
1126 2276 1326 2328 dantur
1366 2272 1634 2343 quinque',
1671 2280 1728 2325 ut
1904 2275 1967 2329 8.
2008 2273 2243 2329 Udclrici
2272 2274 2669 2329 archidiaconi.

160 2382 247 2419 nos
272 2377 537 2422 exacuant
581 2367 633 2420 in
684 2383 743 2423 se
786 2369 1004 2424 dentem
1052 2366 1270 2421 invidi-1e
1314 2366 1367 2421 itt
1397 2366 1554 2421 bonis
1598 2381 1727 2434 pro~
1901 2366 1960 2421 S.
1999 2364 2224 2420 Joannis
2254 2364 2484 2420 IErarii.

164 2458 390 2512 venlibus
433 2457 688 2524 fratrmn,
721 2459 815 2513 sed
853 2458 1123 2527 gaudeant
1169 2473 1290 2513 cum
1343 2458 1724 2527 gaudentibus,
1902 2458 1961 2514 S.
2001 2458 2227 2512 Comitis
2264 2456 2525 2512 Folmari.

163 2556 211 2599 nt
241 2546 325 2600 ﬁat
365 2550 510 2617 quod
557 2549 819 2618 scriptum
870 2558 991 2603 est:
1027 2548 1182 2613 Quod
1219 2548 1374 2603 vultis
1421 2558 1478 2602 ut
1527 2548 1725 2619 faciant
1901 2548 1963 2604 8.
2001 2549 2271 2604 Cuonradi
2300 2550 2537 2606 comitis.

160 2638 283 2690 vobis
309 2640 539 2693 homines
572 2648 618 2693 et
646 2656 732 2693 vos
755 2640 937 2693 eadem
967 2640 1124 2709 facite
1162 2640 1294 2695 illis.
1318 2640 1589 2697 Praeterea
1616 2640 1725 2709 jam
1901 2642 1960 2696 S.
2004 2642 2321 2698 llerimanni
2358 2644 2595 2699 comitis.

164 2730 317 2783 dictus
340 2732 639 2786 advocatus
679 2746 922 2787 seorsum
965 2733 1091 2787 item
1144 2734 1351 2804 accepit
1388 2735 1577 2790 decem
1601 2734 1728 2790 soli-
1902 2731 1960 2787 S.
2006 2732 2208 2788 Udonis
2236 2734 2471 2787 comitis.

164 2820 247 2874 dos
280 2830 333 2874 et
374 2831 481 2877 tres
527 2822 721 2879 decani
768 2832 932 2893 atque
975 2824 1221 2879 scabinio
1272 2835 1456 2881 ternos
1504 2826 1725 2894 solidos,
1901 2826 1963 2878 S.
2003 2824 2273 2879 Rothfridi
2312 2825 2379 2881 de
2405 2825 2665 2880 Prisncic.

164 2912 335 2982 singuli
373 2915 423 2968 in
467 2916 775 2969 mercedem
809 2916 890 2969 sui
926 2916 1112 2980 ollicii,
1146 2924 1414 2985 quatenus
1442 2932 1618 2987 neque
1648 2917 1730 2972 in—
1903 2917 1964 2972 S.
2002 2916 2282 2982 Cuononis
2316 2916 2385 2971 de
2408 2915 2695 2970 Tincher.’

165 2996 274 3053 ferri
302 3018 326 3053 a
357 3003 620 3070 quolibet,
653 3019 829 3074 neque
870 3006 1053 3060 sinant
1099 3006 1417 3077 injustitiam
1461 3008 1544 3065 vel
1588 3008 1729 3077 iniu-
1902 3005 1960 3061 8.
2002 3005 2300 3061 Burehsrdi
2330 3006 2599 3060 advocati.

166 3089 282 3142 riam
328 3093 437 3162 pati
487 3094 812 3162 quemlibet.
868 3095 1033 3150 Extra
1070 3096 1169 3151 hos
1216 3098 1452 3167 denique
1504 3099 1725 3169 triginta
1902 3096 1962 3152 S.
2001 3095 2223 3152 Joannis
2249 3097 2718 3153 orimiscahionis.

165 3189 212 3233 ct
236 3183 358 3237 duos
384 3185 611 3252 solidos,
649 3187 812 3240 nullis
846 3188 917 3241 sit
943 3188 1188 3254 omnino,
1231 3189 1312 3243 vel
1343 3191 1616 3259 exigendi,
1646 3191 1730 3246 vel
1758 3192 1799 3248 C
1904 3188 1963 3243 S.
2004 3187 2227 3244 Alterici

169 3271 411 3327 retinendi
442 3276 628 3346 iniqua
662 3278 1031 3349 prmsumptio.
1067 3278 1121 3333 Si
1154 3295 1257 3349 qua
1289 3295 1417 3335 vero
1440 3280 1722 3349 injustitia,
1905 3281 1962 3337 8.
2008 3282 2220 3337 abbatis
2251 3281 2513 3337 Walouis.

1900 2090 1959 2145 8.

1900 2183 1958 2236 8.

1904 2275 1961 2329 8.

1901 2366 1960 2421 8.

1902 2458 1961 2514 8.

1901 2548 1961 2604 8.

1901 2642 1960 2696 8.

1902 2731 1960 2787 8.

1901 2826 1961 2878 8.

1903 2917 1961 2972 8.

1902 3005 1960 3061 8.

1902 3096 1961 3152 8.

1904 3188 1961 3243 8.

174 3409 391 3431 ...ι-.-
410 3426 419 3436 ⁸

422 3421 782 3434 “—

783 3423 1042 3438 _—-

968 3573 1116 3660 DE
1160 3573 1761 3667 TRANSITU
1801 3576 2545 3668 HERIMANNI.

1134 3766 1308 3829 (lluco
1347 3766 1671 3832 Flaviniac.,
1712 3765 1958 3823 Chronic.
1994 3767 2060 3823 ad
2093 3784 2181 3823 an.
2221 3767 2381 3839 1090)

1715 3924 2017 3936 ————

1841 4115 1985 4160 .um,
2020 4108 2078 4153 ut
2109 4099 2229 4155 sine
2254 4098 2397 4163 dolo,
2430 4099 2550 4156 sine
2576 4099 2948 4164 simulatione,
2994 4108 3289 4155 tractarent
3336 4116 3430 4155 ne-

1841 4190 2043 4258 gotium
2081 4189 2341 4245 Ecclesia:
2394 4206 2445 4243 ιη
2507 4190 2735 4259 simplici
2784 4199 2839 4244 et
2882 4189 3024 4243 nuda
3081 4190 3339 4255 veritate,
3374 4198 3427 4244 et

177 4295 342 4346 tenues
366 4293 595 4349 υοιηίιιο
618 4304 891 4350 annuente
921 4296 1123 4366 recepit
1179 4295 1542 4367 (Hermum),
1578 4305 1633 4351 ει
1686 4298 1737 4349 in
1842 4276 2096 4332 omnibus
2116 4278 2362 4332 ultimmn
2396 4279 2513 4332 vale
2544 4279 2696 4342 dixit,
2721 4293 2844 4331 cum
2876 4276 3109 4331 mirabili
3139 4277 3429 4332 verborum

177 4381 526 4440 transferendo
550 4385 709 4440 nemo
734 4385 1009 4442 ειειηρηιε,
1056 4386 1175 4441 και,
1220 4386 1344 4442 Maii
1378 4402 1499 4441 cum
1530 4404 1738 4442 summa
1844 4380 1896 4425 et
1925 4371 2102 4425 vultus
2130 4369 2433 4425 aﬁectione.
2480 4368 2575 4422 Die
2608 4367 2765 4423 tertio
2802 4367 2946 4424 circa
2996 4368 3181 4422 horam
3234 4382 3430 4421 nonam

177 4468 289 4524 cieri
322 4474 600 4544 plenisque
644 4476 931 4532 devotione
980 4478 1163 4532 divina
1212 4478 1386 4547 gratia
1412 4478 1740 4534 desiderium
1775 4463 2150 4532 Dintelligeus
2200 4477 2356 4517 suum
2417 4460 2702 4516 transitmn
2762 4460 3086 4524 imminere,
3144 4461 3431 4516 comoeari

176 4558 276 4627 ejus
305 4563 752 4633 iinplevit,ettota
772 4566 1175 4639 urbe,imo,tota
1199 4567 1419 4638 regione
1436 4568 1502 4622 ad
1518 4569 1739 4622 verbum

1850 4553 2049 4608 fratres
2070 4553 2261 4621 jussit,
2285 4561 2340 4608 et
2382 4553 2521 4607 ﬁlios
2553 4560 2797 4606 astantes
2830 4566 2897 4607 ne
2932 4551 3177 4606 dolerent
3204 4566 3335 4606 voce
3379 4559 3436 4605 et

233 4104 706 4180 Appropinquante
741 4127 868 4166 vero
910 4112 998 4168 die
1020 4113 1377 4169 determinato
1404 4114 1470 4168 ad
1502 4123 1731 4168 trans.e-

176 4200 350 4255 rendus
398 4204 736 4259 venerabiles
767 4205 1024 4275 reliquias
1064 4206 1159 4276 (S.
1204 4207 1550 4276 Clementis),
1597 4207 1739 4262 vires

177 4653 555 4715 praedicationis
577 4654 692 4724 ejus
711 4665 942 4724 astante,
958 4658 1090 4715 etde
1101 4674 1195 4714 ore
1210 4659 1328 4730 ejus
1351 4674 1474 4714 rore
1499 4675 1745 4729 superna:

177 4739 455 4801 dulcedinis
477 4748 794 4813 dislillante,
820 4750 1071 4806 omnibus
1100 4750 1381 4815 absolutis,
1405 4761 1461 4806 et
1482 4752 1550 4806 ab
1571 4751 1744 4806 omni-

177 4826 265 4884 bus
288 4836 434 4903 quasi
461 4838 529 4893 ab
561 4837 676 4906 ipso
707 4837 816 4893 Deo
844 4840 1182 4895 absolutione
1217 4841 1414 4909 petita,
1448 4842 1660 4895 tandem
1691 4841 1742 4894 in

177 4923 382 4979 auribus
417 4929 659 4982 omnium
704 4929 1066 4997 desideravit,
1096 4931 1325 4987 dicens:
1356 4931 1555 5003 Suﬂicit
1593 4932 1744 4998 mihi,

178 5029 204 5065 ο
231 5017 421 5071 utinam
462 5022 705 5090 respiciat
746 5020 917 5087 Deus,
956 5032 1005 5076 et
1045 5023 1197 5090 ﬁniat
1238 5023 1441 5077 labores
1478 5040 1650 5088 meos,
1699 5031 1746 5076 et

177 5105 405 5174 suscipiat
440 5109 495 5162 in
534 5126 658 5179 pace
698 5111 939 5172 spiritum
988 5128 1157 5165 meum
1200 5128 1293 5178 per
1326 5113 1746 5166 intercessionem

178 5200 328 5250 sancti
354 5197 660 5266 Clementis,
706 5202 858 5272 cujus
905 5205 1321 5258 sacratissimum
1359 5221 1546 5274 corpus
1596 5205 1750 5257 hodie

179 5284 352 5352 ridere,
377 5292 592 5361 palpare
618 5304 663 5347 et
700 5294 989 5363 transferre
1028 5295 1306 5366 magniﬁco
1351 5312 1563 5350 munere
1604 5295 1749 5349 nobis

181 5376 237 5430 de
256 5381 372 5435 cazlo
395 5384 646 5442 donatum
673 5403 747 5445 est
763 5394 783 5446 !
807 5390 918 5447 Sub
940 5390 1041 5444 hac
1065 5403 1199 5443 voce
1220 5387 1448 5459 populus
1466 5388 1748 5459 ingemuit,

182 5478 231 5523 et
258 5472 422 5531 fracto
464 5480 732 5554 ﬁnemque
783 5484 1027 5557 laborum
1083 5479 1393 5551 imploranti
1453 5479 1752 5534 condoluit.

186 5558 385 5623 Duobus
411 5571 598 5629 diebus
623 5575 1085 5631 intercedentibus
1106 5573 1272 5644 quaesi
1303 5572 1558 5642 praesagis
1586 5570 1751 5627 vicini

188 5658 464 5729 transitus,
519 5664 772 5722 ﬁdelibus
807 5666 1064 5722 Ecclesia
1112 5666 1226 5720 ﬁeri
1271 5662 1526 5734 epistolas
1557 5661 1753 5731 jussit,

188 5755 338 5803 orans
374 5761 427 5807 et
468 5754 722 5824 adiurans
759 5772 855 5827 per
886 5758 1159 5814 viventem
1202 5754 1257 5810 in
1302 5754 1498 5812 smcula
1530 5750 1753 5809 saeculo-

1848 4666 2010 4706 mann
2040 4649 2394 4719 compescuit.
2426 4648 2471 4702 A
2502 4647 2698 4718 quibus
2725 4662 2846 4703 cum
2894 4647 3319 4719 interrogaretur
3348 4645 3434 4701 cui

1848 4760 1943 4800 eos
1999 4743 2273 4799 desolatos
2325 4741 2689 4810 relinqueret,
2745 4740 2874 4811 quid
2931 4740 3008 4795 eis
3057 4740 3434 4810 prmciperet:

1848 4835 2166 4890 Commendo
2199 4851 2309 4899 ros,
2359 4835 2469 4900 ait,
2498 4833 2649 4898 .Deo;
2702 4842 2835 4888 state
2876 4834 2929 4887 in
2971 4833 3077 4901 ﬁde
3111 4843 3158 4887 et
3198 4831 3437 4885 doctrina

1850 4929 1987 4981 beati
2030 4925 2213 4992 Petri,
2246 4927 2383 4980 sicut
2413 4943 2444 4979 α
2475 4924 2864 4980 successoribus
2899 4924 3010 4992 ejus
3045 4935 3091 4978 et
3143 4923 3343 4977 vidistis
3389 4930 3438 4975 et

1850 5019 2096 5072 audistis.
2152 5018 2217 5072 Et
2271 5026 2394 5088 post
2450 5017 2566 5073 lucc
2622 5030 2810 5071 oumes
2862 5014 3223 5074 benedicens,
3286 5012 3440 5080 signo

1849 5110 2027 5166 crucis
2077 5123 2136 5164 se
2188 5108 2453 5172 munivit,
2489 5119 2544 5163 et
2593 5108 2840 5162 invocata
2890 5114 3074 5161 sancta
3129 5102 3438 5166 Trinitate,

1850 5210 2054 5256 sanetae
2088 5198 2272 5254 Mariae
2318 5214 2377 5254 se
2414 5199 2801 5254 commendans
2824 5237 2838 5259 ,
2880 5209 3166 5249 commune
3206 5193 3441 5262 patroci-

1851 5291 2001 5346 nium
2051 5298 2362 5345 sanctorum
2412 5289 2725 5360 implorans,
2760 5285 2932 5340 oculis
2971 5292 3026 5338 et
3078 5283 3331 5338 manibus
3384 5282 3440 5333 in

1852 5381 2048 5437 cwlum
2077 5380 2323 5444 elevatis,
2349 5380 2467 5435 sine
2497 5379 2606 5434 ullo
2632 5377 2861 5446 strepitu
2896 5375 3041 5430 vocis
3066 5382 3121 5429 et
3142 5382 3290 5428 motu
3322 5386 3443 5425 cor-

1852 5473 2031 5542 poris,
2071 5473 2224 5541 quasi
2258 5471 2633 5534 obdormiens,
2659 5467 2910 5537 spiritum
2947 5464 3147 5520 emisit.
3182 5461 3442 5532 Sequenti

1853 5574 2014 5619 nocte
2049 5563 2299 5634 apparuit
2329 5561 2543 5616 cuidam
2574 5561 2773 5615 dilecto
2806 5574 2935 5623 suo,
2969 5571 3129 5628 quem
3182 5556 3233 5610 in
3271 5554 3442 5609 ﬁlium

1857 5644 2228 5729 adoptaverat,
2259 5656 2350 5725 qui
2380 5670 2501 5709 ctnn
2531 5654 2719 5723 psalmi
2752 5660 3105 5707 cantarentur
3132 5661 3242 5718 pra
3271 5645 3442 5701 tristi-

1859 5750 1933 5805 tia
1969 5746 2371 5812 obdormierat,
2408 5743 2483 5800 ait
2520 5744 2595 5800 illi
2636 5761 2655 5801 :
2697 5742 2824 5799 Noli
2852 5751 3061 5797 mwslus
3086 5755 3196 5795 esse
3266 5733 3445 5792 salvus
