3886 6308
100 296 218 354 1189

1054 281 1480 340 FRAGMENTA
1518 281 1703 340 VITE
1744 284 1958 341 METR.
1988 283 2047 339 S.
2078 278 2401 338 AUDOENl.

3190 274 3330 332 1190

100 407 335 475 témoigne
356 402 506 456 avoir
523 414 613 455 cru
639 412 742 468 que
765 396 812 451 la
837 410 1015 468 prose,
1040 396 1169 519 qu’il
1200 398 1305 451 cite
1329 396 1646 451 néanmoins
1674 403 1722 460 Α
1754 399 1849 452 Vie
1878 414 1945 453 en
1975 411 2134 467 prose
2168 411 2197 449 a
2226 393 2311 450 eté
2336 394 2466 448 faite
2488 401 2650 451 avant
2674 391 2754 449 les
2791 406 3015 462 ravages
3055 389 3153 447 des
3190 390 3328 447 Nor-

100 471 398 519 nmlmmfois
444 485 569 519 sons
615 468 664 519 le
710 467 837 519 faux
886 483 1011 519 noui
1048 483 1113 519 te
1153 466 1477 519 Fridcaode.
1506 465 1639 519 était
1749 468 1959 519 mands.
1988 477 2061 519 et.
2095 481 2192 519 nar
2217 467 2564 519 consequent.
2596 462 2712 519 plus
2737 464 2802 518 de
2832 462 2969 517 deux
3024 471 3177 517 cents
3226 476 3328 519 aus

1048 483 1113 521 (It)

98 465 398 567 quelqucfois
444 485 569 567 satis
615 465 671 550 le
710 465 851 522 faux'
886 465 1477 567 ttonttptle.l'"ridegot‘i‘e,
1502 465 1639 567 ftait

97 536 337 612 l‘ouv'rage
361 541 426 594 de
452 540 699 612 Thierri,
748 552 959 592 contine
1012 536 1132 590 l‘est
1162 536 1211 589 la
1243 536 1632 612 versification.

96 620 233 679 C‘est,
252 605 316 666 ait
336 621 496 677 reste,
524 624 581 664 ce
609 610 696 678 qui
720 623 786 663 ne
808 622 865 662 se
893 616 1018 676 peut
1046 607 1307 672 soutenir,
1331 607 1557 675 puisque
1587 605 1636 658 la

1749 462 2061 532 mandsfet,
2095 481 2192 536 par
2217 467 2564 534 consequent,
2595 462 2712 534 plus
2737 464 2802 518 de
2832 462 2969 517 deux
3024 471 3177 517 cents
3226 476 3330 521 aus

1745 549 1908 592 avant
1937 537 2171 592 Tlticrri.
2210 540 2215 545 ’
2922 566 2925 569 ι

123 724 3317 784 ω

100 883 1052 1073 FRAGMENTA
1091 942 1525 1073 VIT/E
1599 941 1614 1063 ;

1733 935 2560 1100 ΕΤΒΙΟᾏΕΒ.
2630 928 3323 1105 AUDOENI

926 1198 992 1285 A
1067 1191 1855 1286 THEODORICO
1927 1191 2500 1281 SCRIPTIE.
3308 1196 3311 1199 “

699 1387 876 1458 (Apud
903 1387 962 1441 P.
996 1387 1064 1443 du
1096 1386 1373 1451 Moustier,
1393 1384 1610 1439 Νεμεινὶ

1733 1400 1778 1446 η,
1802 1399 1854 1453 p.
1872 1368 1972 1447 ’25,
1994 1382 2083 1440 24.
2122 1381 2214 1463 τε,
2242 1381 2331 1448 75,
2355 1380 2459 1435 ste
2492 1388 2544 1435 et
2567 1380 2715 1450 547.)

200 1737 440 1810 Prologus
470 1738 540 1792 ad
571 1649 1109 1793 Nicolannioaooatem
1144 1737 1201 1792 S.
1238 1736 1500 1790 Andoeni.

101 1829 216 1884 Patri
236 1831 455 1894 sincero,
491 1828 777 1899 tranquilla
808 1844 938 1898 pace
963 1843 1179 1892 sereno,

105 1921 219 1975 l’atri
244 1920 514 1991 praeclaro,
546 1919 807 1997 virtutum
845 1919 975 1973 ﬂore
1001 1919 1159 1973 beato

100 2009 260 2063 Abbati
288 2020 468 2063 sancto
497 2009 540 2062 Τ
544 2023 876 2063 ιιεουειιιευδ
900 2006 1166 2071 NICOLAO,

105 2102 346 2156 Commissi
374 2118 562 2156 curant
592 2104 788 2171 gregis,
825 2110 883 2154 ut
920 2101 1013 2155 dat
1034 2101 1183 2169 virga
1215 2099 1473 2170 ﬁguram,

106 2193 198 2257 Qua
220 2194 378 2248 trahis
414 2193 661 2248 imbelles
681 2234 695 2258 ,
725 2193 909 2262 procul
939 2193 1254 2263 expellendo
1284 2193 1530 2252 rebelles.

105 2282 167 2335 En
194 2299 298 2351 qua:
322 2284 590 2339 mandasti
616 2302 631 2337 :
660 2284 745 2339 vel
773 2300 894 2354 qua:
919 2284 1202 2339 scribenda
1225 2287 1451 2356 rogasti;

104 2374 161 2426 De
181 2383 341 2429 sancta
372 2377 545 2431 sancti
582 2377 688 2430 vita
708 2415 723 2442 ,
752 2376 1068 2445 meritisque
1097 2376 1237 2430 beati

106 2464 313 2522 Faesulis
335 2469 597 2534 Aeneam;
634 2469 849 2539 proprio
874 2483 972 2539 pro
994 2482 1150 2536 posse
1175 2467 1377 2538 peregi.

107 2556 214 2610 Nam
243 2560 382 2627 prius
412 2560 675 2615 insulsam
712 2560 853 2614 volui
894 2552 1096 2615 referre
1129 2559 1426 2628 repulsam,

107 2649 249 2721 Atque
267 2650 383 2707 licet
407 2654 625 2723 dignam
655 2664 838 2707 nostro
865 2655 931 2707 de
958 2654 1199 2709 carmine
1231 2667 1439 2721 rugam,

104 2741 245 2806 Quam
272 2745 426 2798 trahit
451 2745 655 2799 invidia
681 2746 745 2799 de
767 2759 897 2798 nare
921 2753 1102 2799 notata
1128 2758 1350 2798 recurva
1382 2761 1397 2799 :
1450 2744 1459 2749 ’

109 2830 244 2895 Quam
271 2842 374 2899 tua,
409 2836 489 2888 vel
515 2832 749 2889 fratrum
776 2848 881 2888 non
910 2834 1041 2890 irem
1072 2832 1215 2902 iussa
1240 2844 1539 2905 peractum.

109 2919 231 2977 Unde
257 2932 390 2979 tuum
416 2926 467 2979 in
497 2941 786 2981 commune
810 2925 1008 2981 bonum
1046 2926 1386 2982 summissius
1406 2941 1524 2993 oro,

108 3012 162 3067 Ut
183 3031 285 3084 quae
304 3018 640 3088 transcripsi,
669 3018 751 3073 vel
774 3019 876 3074 sub
899 3019 1167 3075 brevitate
1182 3019 1387 3084 notavi,
1448 3036 1451 3037 '

107 3101 440 3175 Cutn_majora,
464 3121 586 3162 mea
615 3124 718 3161 non
745 3109 886 3166 ausit
912 3109 1060 3164 adire
1082 3124 1326 3165 camcena
1351 3127 1365 3163 :

106 3192 165 3247 Te
190 3196 507 3266 defendente,
550 3211 833 3256 teneantur
860 3219 873 3254 :
905 3210 1062 3272 teque
1085 3202 1330 3271 jubentc,

106 3280 489 3357 Auctorizentur,
525 3300 829 3355 serventur,
860 3301 915 3346 et
936 3291 1276 3345 attitulentur
1299 3290 1395 3360 (l).

108 3372 171 3424 Sit
190 3390 290 3429 mea
311 3375 441 3443 laus,
474 3394 707 3444 merces,
738 3396 898 3450 quant
932 3380 1121 3450 scripsi
1152 3380 1259 3433 vita
1283 3393 1578 3450 superstes,

107 3460 169 3516 Sit
187 3466 470 3537 profecisse,
498 3479 591 3524 tua
612 3470 782 3539 jussa,
810 3471 986 3536 Pater,
1020 3472 1251 3527 subiisse
1280 3490 1294 3526 :

106 3553 160 3609 Ut
182 3568 224 3610 te
245 3559 424 3634 siderei
453 3564 639 3633 capiat
667 3564 823 3619 sedes
850 3565 1104 3633 paradisi.

104 3646 285 3720 Insuper
307 3669 398 3709 oro
422 3665 569 3710 tuam
602 3671 712 3726 pra:
736 3658 945 3712 cunctis
976 3657 1310 3713 nobilitatem
1336 3675 1348 3711 :

105 3735 159 3793 Ut
180 3757 280 3810 quae
306 3746 541 3801 damnari
579 3760 824 3817 possunt,
856 3749 940 3804 vel
963 3748 1087 3818 jure
1110 3750 1314 3817 notari,

104 3828 396 3891 Emendanda
430 3840 581 3911 prius
611 3842 897 3907 decernas,
931 3858 1091 3912 quam
1122 3842 1266 3914 legat
1296 3843 1454 3909 ullus,

105 3920 207 3977 Nam
230 3931 304 3985 vix
333 3936 597 3991 tantillum
622 3935 761 3989 valui
790 3950 1113 4004 componere
1139 3936 1396 4006 scriptum
1415 3978 1428 4001 ,

103 4011 308 4077 Pluribus
338 4025 602 4091 intentus,
632 4043 751 4096 qua:
776 4027 958 4080 mundi
989 4028 1225 4082 concitat
1252 4036 1407 4082 actus
1438 4044 1451 4084 :

103 4102 244 4165 Quare
272 4125 360 4178 per
386 4116 603 4185 proprie
628 4131 733 4169 non
765 4132 988 4171 servans
1018 4117 1224 4186 singula
1257 4134 1511 4186 qumque,

104 4194 300 4255 Sublatis
328 4209 557 4275 propriis
588 4223 707 4263 sum
738 4208 917 4264 verbis
938 4224 1066 4263 usus
1094 4210 1311 4278 ineptis.

103 4284 181 4342 Sed
209 4301 368 4352 tamen
411 4300 493 4352 hic
524 4301 752 4369 patriam
786 4310 1059 4353 merentur
1105 4299 1253 4354 adire
1294 4315 1526 4368 superna
1557 4319 1581 4335 ο·
1609 4339 1623 4363 ,

100 4378 240 4450 Αιιιυρ
270 4390 440 4445 videre
470 4394 659 4454 Deum.
694 4391 793 4447 sibi
826 4392 1166 4447 consociatus
1197 4392 1248 4446 in
1280 4407 1451 4445 avum
1478 4410 1489 4444 :

100 4469 176 4535 Qui
201 4474 322 4550 leget
346 4493 396 4537 et
425 4486 588 4538 vitam
626 4486 875 4554 scriptori
905 4495 1089 4554 poscet
1119 4486 1312 4539 avitam
1342 4500 1355 4537 :

98 4560 140 4615 lu
159 4580 244 4634 qua
267 4588 375 4627 cunt
410 4576 620 4646 superis
660 4577 865 4643 laudas,
895 4577 1055 4632 Pater
1088 4575 1301 4648 inclyte,
1335 4576 1581 4651 sanctis,

98 4654 325 4730 Audoene,
352 4664 537 4735 Deum,
572 4684 744 4733 mare,
773 4677 963 4736 terras,
988 4676 1130 4724 astra
1165 4678 1459 4739 regentem.

190 4843 242 4895 Β.
270 4851 538 4906 dmloenus
564 4853 811 4922 reliquias
842 4853 905 4908 S.
943 4853 1192 4923 Marculﬁ
1226 4855 1502 4925 transfert.

97 4923 291 5003 Contigit
322 4938 441 4994 hinc
467 4951 647 4995 autem
677 4942 818 5010 quod
844 4951 899 4997 et
923 4942 1064 4997 idem
1106 4951 1346 5013 tempore
1377 4923 1618 5014 quodam

97 5019 155 5071 Ad
182 5022 493 5087 Constantini
529 5036 787 5090 transiret
820 5035 1000 5089 munia
1028 5036 1151 5105 pagi

96 5106 291 5170 xitcrnze
315 5125 516 5179 cunctis
541 5126 787 5194 praebens
813 5129 1134 5180 documenta
1163 5125 1370 5193 salutis,

95 5195 167 5253 Cui
189 5204 465 5270 Bernuinus
494 5217 660 5272 abbas
689 5216 914 5272 multum
947 5219 1296 5283 reverendus,

155 5376 783 5465 illi’iisannuens,votis
818 5391 1067 5465 Nicolaus
1114 5395 1312 5459 abbas,
1359 5396 1470 5449 haec
1519 5395 1617 5447 im-

95 5455 372 5533 inll'tft'u‘tionis
402 5463 557 5533 verba
591 5456 836 5533 reliquit.
872 5464 922 5517 in
967 5455 1308 5533 praesentem
1331 5482 1430 5519 ins.
1470 5467 1618 5523 codi-

95 5518 457 5604 fgtnflurantes,
483 5532 563 5585 vel
589 5518 985 5599 dilacerantes':
1022 5518 1130 5604 Ego
1157 5518 1410 5589 Nicotaus
1432 5518 1612 5601 abbas,

96 5596 317 5674 f’?_'_"'8tlug
351 5604 669 5673 congregatio
716 5596 843 5658 mihi
887 5596 1114 5672 credita,
1164 5606 1479 5660 trternaliter
1520 5596 1611 5659 ex;

95 5666 484 5725 communicenm:
530 5666 613 5728 'et
687 5666 1191 5732 anathematizamus
1257 5692 1611 5745 quemcunque

1674 1628 1715 1685 Β
1746 1646 1949 1702 Obvius
1977 1647 2206 1702 accessit
2232 1646 2441 1710 hilaris,
2479 1660 2773 1714 secumque
2806 1646 3035 1715 recepit,

1746 1738 1850 1808 Ipsi
1881 1740 2247 1809 congaudens,
2276 1749 2330 1794 et
2358 1738 2587 1809 praesule
2617 1738 2776 1807 digna
2806 1741 3130 1806 rependens,

1746 1828 1942 1884 Dicens
1971 1847 1984 1883 :
2022 1848 2039 1880 ι
2067 1829 2292 1897 Prmsul,
2327 1846 2449 1895 ave,
2482 1830 2799 1884 meritorum
2831 1844 3053 1886 munere
3078 1834 3247 1900 clare,

1750 1918 1925 1973 Unum
1956 1928 2008 1974 te
2034 1920 2287 1989 petimus,
2319 1920 2462 1989 quod
2496 1920 2571 1973 sis
2595 1917 2844 1976 conferre
2873 1934 3100 1992 paratus

1746 2009 1855 2065 Nec
1881 2011 2037 2065 decet
2058 2020 2115 2064 ut
2148 2025 2362 2074 renuas,
2401 2010 2482 2065 vel
2511 2011 2623 2065 sola
2655 2028 2785 2068 voce
2818 2028 3067 2077 recuses;

1749 2099 1853 2156 ἓνυὰ
1876 2102 2101 2172 dignare
2129 2103 2231 2169 piis
2259 2111 2579 2157 cunctorum
2608 2104 2799 2158 cedere
2822 2104 2960 2157 votis
2986 2123 2999 2157 :

1750 2194 1817 2249 Ut
1844 2195 2048 2263 pariter
2080 2194 2248 2247 nostri
2285 2194 2477 2259 Patris,
2505 2195 2781 2264 nostrique
2816 2196 3028 2263 patroni

1743 2284 2041 2355 Marculphi
2078 2286 2321 2340 membra
2350 2284 2547 2353 jubeas
2573 2286 2698 2341 hinc
2727 2301 2847 2340 esse
2877 2288 3158 2342 movenda.
3184 2306 3204 2340 ι

1742 2375 1870 2431 Post
1903 2377 2016 2431 lucc
2043 2378 2127 2430 vir
2156 2387 2378 2432 sanctus
2402 2386 2722 2436 cunctorum
2753 2390 2879 2435 vota
2908 2389 3148 2447 secutus,

1744 2466 2021 2536 Reliquias
2044 2478 2280 2534 sanctas,
2312 2468 2448 2523 alias
2480 2469 2605 2524 facit
2633 2452 2752 2524 esse
2781 2468 3056 2533 ferendas,

1740 2556 1956 2611 Primus
1985 2558 2239 2624 majorem
2273 2574 2601 2628 praesumens
2628 2559 2770 2614 ferre
2794 2560 3035 2615 laborem
3062 2577 3076 2612 :

1740 2646 1873 2700 Nam
1902 2647 2039 2701 levat
2066 2664 2097 2701 a
2128 2657 2292 2711 terra,
2322 2650 2483 2703 simul
2511 2659 2566 2704 et
2593 2654 2806 2708 cervice
2838 2652 3083 2715 remissa,

1740 2738 2067 2793 Transvehit
2092 2740 2159 2792 ad
2185 2741 2396 2795 thecam
2429 2744 2659 2811 gemmis
2683 2757 2922 2813 auroque
2957 2740 3210 2811 politam,

1737 2830 1793 2883 In
1822 2846 1982 2898 quant
2013 2832 2137 2885 dum
2176 2833 2375 2899 posuit,
2405 2834 2583 2889 abbati
2612 2836 2858 2904 protinus
2886 2834 3055 2903 inquit
3089 2851 3101 2885 :

1742 2942 1759 2973 ι
1790 2923 2069 2992 Reliquias
2098 2926 2251 2980 nobis
2278 2926 2345 2981 de
2370 2942 2599 2997 corpore
2627 2929 2769 2983 ferre
2800 2929 3003 2993 licebit,

1666 2999 1710 3060 ο
1745 3014 1893 3083 Ejus,
1934 3031 2042 3085 quo
2084 3032 2379 3072 memorem
2422 3020 2573 3074 nobis
2603 3020 2939 3074 celebremus
2966 3018 3257 3082 honorem;
3291 3033 3313 3067 ι

1739 3106 1920 3162 Abbas
1952 3122 1982 3163 e
2010 3117 2195 3163 contra
2221 3110 2451 3166 solerter
2472 3112 2702 3166 reddidit
2735 3113 2859 3166 ista.

1745 3214 1763 3248 ι
1787 3196 1902 3253 Non
1935 3213 2072 3271 nego
2120 3202 2278 3271 digne
2310 3195 2494 3267 Pater,
2549 3218 2756 3269 verum,
2789 3204 3028 3258 concedo
3055 3203 3311 3267 libenter,

1738 3290 1803 3344 Et
1835 3299 1923 3346 tua
1962 3294 2105 3363 quod
2132 3294 2310 3363 querit
2345 3296 2580 3357 devotio,
2618 3294 2761 3351 ferre
2793 3295 2994 3349 licebit.
3030 3314 3049 3347 ι

1736 3391 1979 3459 Cumque
2009 3386 2272 3440 volutaret
2294 3386 2497 3450 animo,
2525 3396 2688 3455 caput
2716 3396 2774 3439 ut
2802 3385 2903 3440 sibi
2938 3386 3123 3453 ferret,

1736 3480 1961 3536 leitus
1988 3478 2281 3533 immissam
2311 3477 2507 3530 meruit
2535 3477 2633 3531 sibi
2663 3491 2876 3530 sumere
2903 3476 3170 3537 chartam,

1739 3571 1792 3623 In
1822 3586 1927 3639 qua
1956 3569 2245 3637 scriptura,
2278 3568 2463 3636 scripti
2493 3582 2708 3635 quoque
2733 3580 2853 3619 rara
2888 3567 3068 3627 litura.

1737 3656 1862 3712 litae
1893 3658 2143 3711 mandata
2165 3656 2360 3735 itabat,
2391 3671 2509 3725 quin
2536 3671 2691 3710 sacra
2725 3669 2854 3709 voce
2882 3654 3103 3709 notabat
3152 3672 3168 3707 :

1741 3770 1758 3802 ι
1791 3750 1867 3804 Ne
1910 3759 2071 3820 caput
2122 3757 2402 3812 attrectes,
2447 3762 2547 3805 nec
2578 3748 2643 3804 de
2672 3748 2887 3804 cervice
2924 3758 3255 3818 sequestres,
3284 3765 3306 3798 ι

1737 3844 1895 3900 Unde
1925 3844 2019 3898 tibi
2047 3856 2278 3913 cumque
2306 3842 2547 3912 capiens,
2578 3844 2721 3912 quod
2747 3841 2950 3913 queris,
2986 3841 3201 3896 habere.

1849 4029 1921 4083 De
1947 4027 2255 4098 fundatione
2279 4029 2584 4082 monasterii
2609 4026 2794 4082 Crucis
2817 4026 2875 4082 S.
2908 4024 3181 4093 Lettfrerli.

1735 4121 1867 4174 Dum
1899 4133 2030 4173 vero
2061 4118 2213 4172 senio
2244 4116 2412 4171 multo
2441 4117 2739 4183 confectus,
2772 4127 2823 4171 et
2852 4131 2989 4176 revo.

1688 4236 1694 4241 -
1733 4212 1932 4273 Dignus
1958 4219 2218 4278 perpetuo
2248 4225 2401 4263 sacer
2431 4210 2720 4264 Audoenns
2749 4211 2980 4274 honore,

1741 4301 1901 4354 Villas
1933 4311 1985 4353 et
2015 4300 2181 4360 vicos.
2211 4298 2487 4364 lustraret,
2513 4308 2565 4353 et
2595 4301 2805 4368 oppida.
2842 4315 3013 4369 pagos
3038 4316 3052 4353 ε

1734 4391 1837 4445 Nec
1867 4392 2155 4443 veheretur
2179 4407 2339 4461 equo.
2363 4406 2545 4445 verum
2578 4390 2838 4444 resideret
2870 4390 2922 4443 in
2951 4391 3061 4443 alto

1728 4482 1919 4543 Curru,
1953 4498 2055 4534 tton
2090 4496 2186 4551 per
2215 4498 2272 4537 se
2294 4481 2407 4551 jam
2436 4496 2769 4551 praesumens
2796 4482 3046 4551 equitare
3079 4498 3093 4534 :

1728 4573 1988 4628 theruut
2009 4586 2252 4643 gressum
2281 4574 2461 4627 divino
2490 4573 2711 4626 nurnine
2744 4573 2935 4638 fixum,

1728 4663 1836 4719 Nec
1865 4673 2113 4733 poterant
2140 4665 2230 4720 tixi
2257 4681 2476 4720 currum
2511 4664 2769 4721 divellere
2800 4664 2927 4718 muli
2953 4682 2967 4718 :

1724 4756 1939 4825 Aurigae
1965 4755 2198 4809 stimulis
2228 4756 2489 4820 instante,
2520 4765 2575 4811 et.
2604 4755 2830 4810 verbere
2865 4755 3047 4819 mulis,

1726 4847 2057 4912 l’ercutiunt,
2108 4847 2368 4915 lacerant,
2407 4847 2713 4913 stimulant,
2770 4847 3105 4915 nimiumque
3145 4860 3302 4900 coar-

2357 4941 2360 4944 ’
3037 4936 3230 5009 [ctant,

1724 5032 2028 5102 lmpingunt
2047 5045 2257 5094 omnes,
2290 5030 2362 5085 nil
2388 5045 2608 5100 prorsus
2629 5029 3003 5098 proﬁcientes.

1726 5123 1831 5179 Sed
1864 5118 2074 5178 Domini
2098 5138 2286 5178 servus
2313 5138 2493 5177 rerum
2522 5124 2760 5177 novitate
2792 5130 3039 5184 coactus,

1723 5214 1881 5270 Visus
1904 5215 1969 5269 ad
1998 5216 2175 5286 superi
2208 5214 2392 5271 retulit
2419 5213 2728 5284 spectacula
2754 5212 2877 5267 caeli
2908 5228 2921 5263 :

1719 5398 1857 5450 [tunc
1887 5396 2075 5449 librum
2100 5396 2163 5448 ab
2194 5398 2289 5449 ltoc
2317 5394 2630 5447 monasterio
2660 5391 2841 5447 Sancti
2876 5388 3020 5442 Petri
3051 5395 3300 5456 apostoa,

1719 5468 1985 5536 sanctique
2016 5468 2282 5528 Audoeni,
2321 5464 2691 5536 archiepiscopi
2709 5462 2981 5536 ,_quotibet
3000 5458 3175 5536 modo
3201 5457 3301 5536 ab:

1716 5527 1991 5604 struxerit,
2022 5540 2125 5589 sive
2165 5527 2314 5598 dolo,
2350 5536 2453 5587 sive
2488 5527 3063 5604 farto—vellatrocinio.
3109 5528 3175 5583 Et
3208 5527 3299 5604 qni

1717 5609 1811 5661 has
1838 5598 2037 5665 litteras
2061 5605 2320 5670 deiecerit,
2351 5603 2426 5657 vel
2454 5598 2636 5673 [etiam
2659 5602 2916 5669 inciderit,
2946 5611 3154 5655 (eterna:
3181 5598 3299 5655 sub-

1711 5678 1887 5748 jaceat
1912 5675 2281 5732 maledictioni.
2310 5671 2488 5727 Amen.
2527 5671 2673 5727 Fiat.
