3834 6304
136 329 250 390 tm
1319 318 1699 377 nisurum
1734 320 2137 380 FARFENSIS.
2947 365 2959 375 .
3225 335 3355 395 uas

136 458 283 502 tamen
298 442 462 527 quam
489 437 585 527 illm.
607 434 1249 527 conscripta:intenuit,
1284 439 2108 527 eutquost‘ertoresistze‘qton
2146 438 2271 527 nisi
2310 443 2609 527 saalc‘iiloat
2652 456 2687 498 α
2710 443 2997 527 .Beruardo
3019 458 3073 527 et
3103 449 3354 510 Udalrieo

133 506 341 571 exarata!
365 511 488 572 sint,
512 509 576 561 de
600 506 797 593 quibus
825 506 983 593 paulo
1024 506 1251 589 inferius
1281 506 1544 593 dicemus.
1567 508 1683 576 Qua
1713 525 1846 593 vero
1885 511 2098 593 ratione
2121 511 2279 593 “ritus
2323 512 2722 593 egluniacensi
2772 506 3129 593 monasterio,
3163 506 3218 577 et
3257 506 3353 593 pet

136 599 243 653 quos
264 580 451 662 accepti
480 578 604 643 sint,
647 577 804 631 docet
828 577 1107 647 prologus,
1129 578 1222 647 qui
1262 594 1293 632 a
1315 577 1563 633 Guidone
1591 580 1875 645 monacho,
1897 582 2086 635 eodem
2118 581 2258 637 forte
2278 583 2369 651 qui
2400 581 2608 656 llugoni
2635 587 2820 642 abbati
2856 589 3032 646 [θυι-ἴω
3069 577 3352 662 successit,

136 649 327 722 scriptus
360 649 471 703 fuit.

953 792 3350 832 ...Μ-Ἥ

800 953 1687 1082 DISCIPLINA
1781 896 2649 1087 FARFENSIS

881 1292 1633 1387 MONASTERII
1680 1298 1773 1389 S.
1818 1298 2177 1393 PAULI
2226 1299 2597 1395 ROM/E

549 1486 656 1551 Ea:
692 1490 1170 1572 ms.faticano,
1217 1514 1390 1557 num.
1420 1472 1599 1568 6808,
1638 1502 1693 1555 et
1724 1494 1920 1556 veleri
1944 1495 2155 1558 codice
2183 1495 2407 1557 Sancti
2428 1491 2620 1555 Pauli
2665 1496 2731 1556 in
2762 1494 2924 1558 Urbe

1546 1642 1943 1659 ψ

1351 1802 2131 1923 PROLOGUS.

167 2045 280 2102 Cum
305 2060 392 2115 per
419 2047 728 2103 universam
765 2046 975 2103 Italiam
1000 2047 1207 2105 Christi
1238 2056 1505 2119 praecepta
1555 2064 1654 2102 an-
1684 2032 1727 2088 Α
1756 2047 2052 2116 praeclarus
2086 2047 2310 2114 ellulsit,
2337 2063 2438 2104 nec
2468 2062 2576 2102 non
2602 2056 2657 2103 et
2685 2049 2741 2103 in
2765 2050 3125 2110 aediﬁcatione
3148 2058 3346 2117 multo-

114 2136 405 2203 nularentur,
436 2148 490 2193 et
516 2138 665 2194 velut
695 2139 747 2193 in
775 2140 1005 2195 vaslidio
1036 2149 1405 2205 versarentur,
1461 2140 1650 2195 diabo-
1760 2151 1878 2215 rum
1911 2136 2405 2192 monasteriorum:
2454 2136 2616 2193 Pater
2665 2153 2795 2194 vero
2840 2138 3011 2212 Hugo,
3058 2148 3346 2219 scqnipeda

111 2226 204 2282 lica:
247 2228 608 2299 suggestiones
669 2239 951 2301 coeperunt
999 2231 1355 2301 augmentari,
1399 2243 1455 2286 et.
1488 2245 1652 2299 opere
1755 2222 1871 2291 ejus
1897 2223 2121 2279 ell‘cctus
2161 2225 2215 2279 in
2270 2226 2433 2294 regali
2486 2227 2754 2294 coenobio,
2809 2230 2862 2283 in
2897 2238 3128 2300 tantum,
3177 2248 3235 2291 ut
3280 2241 3346 2296 ad

110 2318 346 2387 compleri,
379 2319 448 2373 ita
482 2308 733 2374 utetiam
761 2336 813 2375 tn
839 2321 1010 2376 sacris
1033 2321 1314 2376 constituti
1342 2322 1646 2387 ordinibus,
1702 2312 1703 2315 “
1754 2317 2051 2373 Galliarum
2085 2318 2259 2373 studia
2290 2319 2677 2374 venerabilium
2711 2323 3083 2381 coenobiorum
3124 2328 3346 2388 Clunia-

107 2406 220 2461 sicut
244 2423 350 2463 mos
376 2409 639 2464 laicorum
665 2419 771 2479 est,
819 2428 1019 2467 uxores
1064 2412 1395 2483 acciperent,
1443 2422 1498 2468 et
1533 2412 1652 2468 sine
1753 2408 2021 2475 sensium,
2055 2410 2143 2463 ubi
2168 2409 2495 2464 venerabilis
2521 2409 2683 2465 Pater
2731 2412 2905 2476 0dilo,
2943 2416 3086 2471 velut
3128 2418 3344 2479 lucerna

104 2496 251 2567 aliqua
274 2498 579 2557 dillicultate
607 2502 856 2558 haeresim
902 2514 1223 2571 exercerent
1257 2505 1646 2563 Simoniacam.
1755 2502 1993 2569 radians,
2025 2502 2200 2557 adhuc
2228 2502 2413 2572 fulget,
2462 2502 2629 2557 multa
2659 2504 2724 2559 de
2756 2504 2967 2561 illorum
2992 2516 3344 2571 consuetudi-

102 2586 311 2646 Cueleslis
335 2601 456 2647 tunc
486 2593 778 2649 clementia
824 2595 1038 2651 favente
1065 2595 1248 2667 Regis,
1294 2596 1386 2665 qui
1414 2597 1649 2666 pretioso
1753 2609 1841 2659 ne,
1867 2596 1933 2647 ad
1961 2593 2248 2649 utilitatem
2281 2594 2536 2661 fratrum,
2569 2596 2674 2650 illis
2688 2599 3012 2669 commissis,
3035 2611 3091 2656 et
3122 2605 3175 2659 in
3200 2607 3343 2664 ovile

100 2677 203 2732 olim
244 2682 487 2737 mundum
544 2699 647 2739 suo
698 2686 925 2741 redemit
969 2702 1182 2753 cruore,
1228 2688 1522 2742 suscitatus
1565 2695 1649 2743 est
1749 2684 1953 2740 Christi
1992 2685 2298 2755 aggregatis
2324 2685 2647 2756 imposuerit
2667 2689 2734 2744 ad
2764 2688 2993 2747 salutem
3014 2696 3342 2753 animarum.

100 2772 279 2838 quidam
310 2775 501 2832 decore
559 2777 873 2849 splendidus
922 2781 1266 2846 monachico,
1313 2780 1645 2836 [tomualdus
1749 2774 1827 2829 Ex
1860 2775 2055 2845 quibus
2084 2791 2223 2832 unus
2250 2775 2402 2831 valde
2424 2776 2740 2847 inspiratus,
2777 2790 2833 2834 et
2859 2797 3123 2840 accensus
3148 2788 3198 2841 in
3229 2789 3343 2844 fer-

97 2861 297 2928 nominc,
343 2866 430 2934 qui
460 2883 714 2924 normam
746 2870 937 2939 prisca:
967 2870 1192 2940 iustitia:
1239 2872 1293 2926 in
1323 2885 1454 2925 sexu
1484 2886 1611 2927 rene

1827 2882 1879 2921 re
1915 2867 2239 2931 monastico,
2261 2882 2329 2922 ex
2356 2868 2639 2937 discipulis
2666 2871 2849 2926 damni
2886 2874 3187 2942 Romualdi,
3241 2896 3341 2935 uo-

97 2951 215 3005 vavit
251 2962 468 3025 utroque
518 2966 579 3013 et
634 2959 844 3015 ordine.
889 2960 1055 3029 Cujus
1103 2961 1351 3030 exempla
1394 2962 1641 3017 imitatus
1746 2958 1893 3011 mine
1921 2956 2160 3012 Joannes
2187 2958 2285 3029 (l),
2315 2972 2438 3013 cum
2472 2974 2578 3015 uno
2613 2975 2712 3017 suo
2742 2963 2892 3018 socio
2943 2967 3009 3021 ad
3051 2969 3344 3026 videndum

95 3044 373 3101 venerabilis
408 3046 565 3119 Hugo
591 3051 782 3115 abbas,
812 3053 1092 3107 renovavit
1120 3053 1298 3122 prisca
1324 3060 1639 3107 sanctorum
1743 3058 1799 3103 et
1847 3048 2192 3105 scribendum
2244 3051 2554 3120 properavit
2599 3054 2745 3120 apud
2788 3054 2931 3110 idem
2987 3057 3343 3118 Cluniacense

94 3128 275 3188 Patrum
300 3137 592 3209 eximiique
626 3141 900 3198 Benedicti
950 3143 1236 3199 clarissimi
1282 3151 1336 3198 et
1384 3143 1638 3198 luculenti
1744 3140 2076 3205 ctenobium,
2124 3149 2183 3195 et
2239 3141 2314 3195 ita
2358 3142 2605 3196 exaravit
2651 3138 2706 3198 in
2756 3146 3046 3215 paginulis,
3081 3158 3141 3203 ut
3168 3152 3341 3208 oculis

92 3220 237 3279 Patris
258 3226 305 3280 in
344 3231 598 3286 coenobio
628 3232 800 3289 beata:
832 3233 1014 3290 Mariae
1052 3249 1269 3304 semper
1297 3233 1534 3305 Virginis
1584 3234 1637 3289 in
1741 3235 1898 3301 vidit,
1949 3242 2005 3290 et
2057 3234 2110 3288 in
2147 3233 2428 3290 codicibus
2484 3234 2674 3301 aﬂixit,
2723 3239 3065 3310 posterisque
3112 3241 3339 3314 legenda

91 3315 201 3383 loco,
229 3320 311 3387 qui
336 3322 537 3378 dicitur
572 3326 889 3395 Acutianus,
936 3328 1025 3385 ubi
1069 3330 1377 3385 destructus
1404 3335 1525 3385 erat
1556 3328 1638 3382 ni-
1670 3392 1710 3402 _
1740 3324 2087 3379 contradidit.
2146 3324 2386 3380 Domnus
2435 3339 2568 3380 vero
2611 3326 2765 3398 Hugo
2793 3329 2974 3395 Pater,
3024 3346 3122 3402 per
3156 3336 3340 3391 omnia

89 3408 171 3462 mis
192 3413 509 3471 omnisordo
530 3426 587 3472 et
608 3392 933 3489 compositio
962 3422 1347 3476 monachorum
1378 3439 1390 3475 :
1424 3421 1635 3475 illorum
1670 3392 1713 3446 Β
1742 3417 1983 3473 imitator
2012 3415 2226 3471 illorum
2273 3415 2519 3482 eliectus,
2566 3418 2683 3475 haec
2710 3429 2768 3475 et
2814 3421 2983 3476 multa
3011 3424 3114 3477 alia
3150 3425 3202 3479 in
3232 3441 3335 3482 suo

86 3496 202 3554 ulnis
245 3502 518 3574 imponens
577 3523 732 3564 usum
794 3510 1035 3567 Cluniaci
1090 3512 1324 3567 εαξηοωὶ
1376 3512 1427 3567 in
1463 3511 1635 3569 Gallia
1741 3508 1908 3580 regali
1952 3516 2011 3563 et
2054 3508 2276 3577 antiquo
2324 3509 2575 3565 emnobio
2628 3511 2867 3577 advexit,
2926 3522 2984 3569 ut
3015 3515 3083 3570 ab
3119 3515 3336 3572 illorum

84 3589 316 3659 adiﬁcati,
350 3612 412 3652 ac
438 3613 542 3668 per
574 3608 744 3656 totum
776 3604 987 3669 orhem,
1045 3611 1235 3659 cuncta
1270 3603 1408 3658 ultra
1442 3619 1631 3659 mona-
1741 3617 1842 3656 usu
1874 3601 1928 3655 in
1974 3600 2122 3655 nullo
2160 3600 2516 3670 discreparet,
2574 3603 2804 3672 cupiens
2846 3605 3143 3674 adimplere
3190 3607 3337 3678 quod

84 3684 235 3750 steria,
287 3689 517 3759 regulari
574 3694 794 3749 tramite
822 3694 1073 3766 pollentis
1115 3696 1233 3766 ipso
1259 3694 1630 3766 temporeJn-
1741 3691 1797 3746 in
1845 3691 2067 3747 Actibus
2094 3691 2459 3762 apostolorum
2492 3692 2728 3764 legitur:
2782 3713 2801 3748 ι
2836 3696 3190 3756 Multitudinis
3218 3714 3337 3755 cre-

82 3785 274 3833 sonante
297 3782 497 3837 etenim
543 3784 704 3857 longe
749 3787 965 3858 lateque
987 3788 1129 3844 fama
1152 3789 1415 3859 praelibati
1448 3802 1633 3845 caeno-
1741 3784 1984 3841 dentium
2025 3794 2147 3841 erat
2197 3799 2290 3841 cor
2322 3793 2379 3842 et
2426 3786 2607 3841 anima
2636 3799 2743 3843 una
2782 3789 2921 3860 (Act.
2960 3791 3059 3863 tv).
3101 3810 3120 3844 ι
3158 3791 3333 3859 Quam

81 3866 158 3931 bii,
202 3887 293 3928 nec
342 3892 448 3931 nou
502 3888 562 3933 et
611 3881 990 3949 praedictorum
1053 3884 1306 3950 Patrum,
1354 3882 1636 3940 Romualdi
1744 3875 2227 3941 consuetudinem,
2274 3875 2321 3933 si
2382 3877 2505 3947 quis
2552 3878 2947 3951 adimpleverit,
2999 3883 3052 3938 in
3079 3884 3333 3954 praesenti

79 3957 254 4016 scilicet
309 3974 366 4019 et
405 3968 591 4024 domni
625 3969 865 4042 Hugonis
895 3974 1108 4029 abbatis
1163 3972 1536 4046 benignissimi
1583 3971 1636 4028 hi
1744 3966 2076 4021 exallabilul‘
2112 3966 2222 4022 Vita
2246 4007 2260 4032 ν
2299 3975 2357 4022 ει
2403 3975 2527 4039 Ροει
2573 3969 2716 4025 imm
2740 3985 3034 4041 Ρθτθηηθω
3062 3973 3333 4030 “Nam”?

79 4047 277 4122 denique
316 4056 531 4127 Patres,
581 4062 751 4119 nimio
794 4064 913 4121 zelo
960 4066 1232 4122 ferventes
1281 4078 1337 4122 et
1391 4068 1530 4124 inter
1578 4083 1637 4124 se
1742 4073 2031 4127 υθδουαιην
2065 4067 2173 4115 elc-

74 4136 463 4218 Concordantes,
519 4152 755 4210 domnus
819 4155 1153 4213 Romualdus
1218 4160 1270 4214 in
1335 4159 1632 4215 theoretica
1692 4152 1695 4155 λ

1259 4293 1490 4351 TlTULl
1540 4294 1846 4353 CAPITUM
1882 4299 2062 4355 LIBRI
2103 4300 2145 4355 Ι.

681 4404 875 4476 Incipit
898 4407 1133 4477 pulclme
1156 4425 1283 4465 usus
1324 4413 1629 4467 monasticae
1655 4430 1878 4481 normw,

686 4497 929 4564 Qualiter
956 4503 1042 4573 agi
1071 4502 1253 4558 debeat
1272 4496 1470 4558 'diebus
1504 4513 1620 4559 octo
1648 4515 1771 4562 ante
1802 4506 2014 4561 Domini
2047 4506 2413 4563 Nativitatem.

679 4589 999 4649 Adveniente
1028 4595 1475 4660 Demino,istltmc
1501 4612 1711 4654 servare
1745 4608 2022 4654 memento.

686 4680 989 4750 Stephanus
1014 4685 1156 4738 hunc
1184 4685 1345 4740 ritum
1375 4689 1565 4758 quierit
1601 4705 1810 4744 servare
1835 4689 2134 4747 colendum.
2232 4716 2237 4719 ·

678 4774 863 4829 Almus
888 4786 936 4829 et
962 4778 1057 4831 hos
1089 4794 1257 4833 mores
1286 4789 1581 4849 prospectat
1611 4781 1675 4834 ab
1714 4796 1834 4835 arce
1859 4781 2117 4839 Joannes.

680 4866 951 4924 Laudibus
988 4870 1253 4939 infantum
1280 4872 1443 4937 hunc,
1482 4872 1697 4941 fratres,
1720 4874 1931 4945 jungite
1954 4877 2137 4932 ritum.

681 4960 822 5026 Quid
851 4962 936 5031 agi
966 4961 1146 5014 debeat
1173 4962 1220 5016 si
1254 4961 1365 5017 dies
1393 4962 1696 5019 Dominicus
1723 4966 2003 5022 incurrerit
2025 4969 2169 5038 infra
2198 4972 2300 5027 ista
2332 4971 2607 5032 solemnia.

679 5050 816 5107 Item
843 5053 908 5107 de
932 5054 1045 5122 ipsa
1073 5052 1445 5118 celebratione.
1478 5073 1597 5128 qua:
1619 5058 1680 5126 fit
1710 5061 1929 5128 privatis
1957 5062 2159 5118 diebus.

678 5142 903 5201 Octavus
929 5142 1183 5217 Stephani
1212 5147 1309 5212 sic,
1344 5149 1556 5218 fratres,
1580 5151 1775 5229 currite
1796 5156 1967 5208 sancti

675 5236 788 5292 Ista
819 5236 1170 5307 Theophania:
1198 5257 1460 5296 servemus
1490 5243 1546 5295 in
1578 5243 1763 5298 ordine
1792 5246 1935 5301 vitaz.

682 5327 880 5384 Taliter
908 5332 1101 5386 octavis
1135 5333 1405 5402 peragitur
1430 5333 1788 5406 Theophania.

676 5419 883 5477 Paulus
914 5439 1191 5479 conversus
1219 5424 1319 5479 sibi
1353 5425 1483 5480 tales
1506 5427 1666 5496 exigit
1698 5444 1846 5483 usus.

107 5585 197 5690 fil
220 5588 935 5690 ἒέἱε.ξξ’.δ..ιῑίξ1ἱιέοξ,ίξξὶῐιξο
970 5595 1625 5690 suavissimam-
1727 5604 1958 5661 διιετιιπι
1988 5609 2269 5690 Putasne
2320 5614 2625 5689 εονίρείεεθν
2672 5618 2765 5690 qui
2804 5624 2986 5679 tamen
3026 5636 3095 5680 ειη
3125 5638 3317 5683 πηοτιυς

47 5662 199 5739 sterio
220 5662 433 5739 incerto
469 5663 671 5739 vixisse
697 5666 917 5739 dicitur.
944 5668 1153 5739 ARel‘ert
1178 5662 1362 5724 etiam'
1390 5669 1626 5726 Mabillo-
1725 5690 1877 5735 meas
1912 5662 2017 5739 non
2048 5662 2284 5739 devenit.

46 5726 154 5782 nius
174 5730 369 5788 Annal.
428 5742 559 5787 tom.
605 5734 693 5800 IV,
736 5751 854 5809 pag.
896 5737 1022 5808 207,
1054 5741 1301 5798 eumdem
1354 5739 1615 5800 Joannem

352 5847 633 5911 Psnon.
665 5848 784 5913 CL.
2756 5865 2846 5958 '38
