3834 6304
533 269 675 331 ηεξ

1662 274 1987 335 GUIDONIS
2020 277 2313 338 ABBATIS
2353 280 2739 339 FARFENSIS

3608 300 3690 360 1196

1178 382 1288 438 Hos
1316 383 1370 438 in
1398 374 1635 441 litoribus
1662 386 1871 445 Chobar
1904 393 2159 448 concinite
2187 394 2450 465 planctus.

1176 475 1543 548 Quadraginta
1572 479 1683 534 dies
1709 482 1837 536 istos
1859 484 2133 553 persolvite
2161 502 2350 540 moras.

1174 566 1417 633 Qualiter
1440 572 1698 635 agendum
1728 583 1804 628 est
1829 575 2050 630 sabbato
2078 578 2133 631 in
2158 577 2431 632 duodecim
2462 579 2724 634 lectiones.

1168 656 1367 713 Taliter
1385 662 1577 716 innecti
1607 672 1815 718 moneat
1840 681 1927 718 vos
1951 662 2141 719 Passio
2164 664 2382 719 Christi.

1176 747 1263 803 Sic
1286 747 1428 802 decet
1454 749 1510 804 in
1534 749 1753 819 psalmis
1783 750 1977 820 fratres
2008 753 2270 809 celebrare
2289 765 2413 824 quot
2440 754 2614 810 annis.

1173 838 1348 893 Mores
1388 836 1675 895 Paschales
1703 843 1778 896 sic
1799 844 2079 899 observetis
2111 857 2345 902 ovantes.

1174 927 1253 984 De
1294 928 1500 987 Pascha
1526 932 1803 988 annotina.

1169 1019 1463 1076 Ascendens
1488 1021 1727 1077 Christus
1754 1024 1909 1080 ccelos
1935 1027 2029 1082 hos
2052 1027 2210 1098 exigit
2240 1045 2388 1083 usus.

1169 1110 1297 1168 Hcce
1337 1122 1538 1183 oportet
1564 1114 1650 1184 agi
1679 1115 1905 1170 adventu
1932 1115 2164 1184 Spiritus
2184 1119 2330 1175 almi.

1177 1202 1352 1273 Exigit
1386 1203 1480 1258 hos
1504 1220 1675 1259 mores
1699 1217 1915 1261 sanctus
1942 1206 2183 1278 Baptista
2207 1208 2462 1265 Joannes.

1174 1293 1322 1349 Talis
1352 1296 1700 1367 apostolicum
1730 1297 1863 1353 colet
1894 1298 2220 1355 obseruantia
2250 1300 2457 1370 festum.

1177 1387 1409 1459 Virginis
1438 1391 1784 1463 Assumptnm
1812 1394 1989 1448 cuncti
2019 1395 2095 1449 sic
2124 1396 2298 1451 ducite
2320 1414 2543 1452 mecum.

1164 1477 1451 1535 Theotocos
1484 1494 1658 1536 ortum
1689 1482 1909 1537 celebret
1937 1483 2012 1537 sic
2037 1485 2191 1541 turba
2222 1488 2485 1542 clientum.

1164 1565 1295 1623 ldus
1326 1569 1640 1640 Septembris
1671 1571 1746 1625 sic
1776 1572 2152 1643 incipiantura
2178 1577 2336 1631 vobis.

1158 1658 1397 1729 Agminis
1424 1661 1631 1715 aetherei
1661 1672 1912 1733 peragant
1942 1663 2016 1717 sic
2043 1666 2241 1736 gaudia
2265 1666 2458 1719 cuncti.

1163 1749 1300 1807 Istos
1344 1750 1651 1808 Novembris
1688 1771 1859 1809 mores
1883 1767 2085 1811 servate
2121 1757 2398 1812 Kalendis.

1173 1842 1416 1911 Qualiter
1452 1846 1715 1913 agendum
1754 1856 1827 1900 est
1859 1847 1913 1900 in
1939 1847 2301 1903 anniversaria
2329 1852 2740 1907 consecrationis
2770 1852 3023 1909 bosiliete.

1166 1933 1403 1989 Annales
1436 1935 1567 1988 ritus
1594 1936 1740 2005 [estis
1770 1938 1867 1990 hos
1889 1952 2037 1991 serva
2062 1937 2244 1992 diebus

1171 2024 1330 2080 0dilo
1358 2031 1655 2081 uestrorum
1682 2030 2061 2083 monachorum
2088 2029 2277 2085 ductor
2300 2041 2346 2085 et
2383 2032 2542 2089 abbas

1178 2115 1458 2173 Fratribus
1490 2119 1719 2172 instituit
1754 2116 2062 2174 Novembris
2085 2122 2187 2174 ista
2221 2119 2496 2177 Kalendis.

526 2268 3691 2314 MM

1571 2406 2052 2499 LIBER

978 2640 1205 2699 CAPUT
1242 2638 1511 2698 PRIMUM
1544 2641 1640 2715 (ε).

917 2733 991 2789 De
1046 2734 1319 2788 Dominica
1377 2732 1709 2791 Palntarum.

590 2873 603 2887 .
645 2868 660 2885 .
701 2869 715 2884 .
757 2868 771 2884 .
815 2870 829 2883 .
872 2843 939 2885 ex
977 2827 1104 2883 binc
1132 2836 1456 2897 sequuntur,
1489 2827 1563 2882 illi
1602 2828 1851 2885 infautuli
1895 2830 2006 2886 bini
2037 2845 2102 2887 ac

513 2921 648 2988 bini,
678 2936 801 2977 cum
831 2918 1129 2991 magistris.
1155 2917 1350 2974 Caeteri
1377 2915 1609 2985 majores
1638 2921 1777 2974 sicut
1810 2930 1936 2975 sunt
1955 2922 2104 2991 prio-

512 3028 603 3069 res
643 3015 752 3069 duo
782 3021 838 3067 et
880 3011 986 3066 duo
1010 3025 1108 3080 per
1145 3010 1394 3065 ordinem
1423 3011 1781 3079 procedentes
1810 3028 1930 3068 cum
1964 3013 2104 3069 anti-

511 3105 729 3175 pbonls,
757 3104 864 3169 bis,
889 3117 1011 3173 qua:
1039 3110 1265 3157 cantare
1294 3110 1523 3171 possunt
1544 3110 1595 3157 et
1623 3104 1823 3170 sciunt,
1853 3105 2103 3162 omnibus

513 3194 785 3249 adunatis.
813 3193 895 3248 Ad
919 3192 1169 3247 ultimum
1196 3192 1429 3247 domnus
1466 3193 1632 3249 abbas
1654 3193 2100 3265 subsequentibus

511 3300 637 3342 eum
669 3285 1058 3362 universorum
1108 3284 1389 3339 ordinibus
1442 3284 1722 3340 laicornm.
1767 3286 2101 3343 [ineuntibus

511 3377 691 3433 omnia
717 3377 868 3449 signa
901 3377 1218 3448 pulsentur:
1252 3377 1362 3432 duo
1389 3376 1591 3445 majora
1642 3378 1827 3433 tandiu
1877 3380 2097 3446 prolon-

511 3479 708 3541 gentnr
757 3468 1091 3524 sonnizando
1147 3460 1441 3541 [sonando]
1473 3483 1755 3539 quousque
1801 3480 2101 3527 revertatur

509 3562 792 3632 processio
817 3562 871 3615 in
895 3558 1113 3616 Galila‘a
1151 3562 1251 3634 (5).
1286 3560 1342 3617 Si
1370 3561 1728 3632 plurimorum
1772 3564 2101 3621 universitas

420 3672 425 3677 ’
509 3653 833 3719 excesserit,
858 3652 1042 3707 famuli
1068 3652 1170 3707 loci
1201 3662 1329 3707 eant
1350 3652 1503 3721 juxta
1528 3655 1792 3718 seniores,
1817 3670 1880 3711 ac
1921 3655 2100 3711 infan-

514 3757 596 3803 tes
626 3747 978 3819 protegendo,
1004 3761 1073 3801 ne
1099 3745 1427 3815 impediatur
1447 3760 1584 3816 opus
1614 3745 1727 3801 Dei.
1768 3745 1867 3801 llic
1888 3762 1994 3802 non
2018 3755 2102 3804 est

510 3852 734 3893 necesse
765 3836 970 3908 aliquid
1024 3837 1183 3892 nobis
1231 3837 1495 3901 inserere,
1538 3838 1680 3906 quod
1730 3837 2100 3909 unusquisque

510 3926 606 3981 Dei
637 3926 917 3999 professor
959 3926 1276 3983 memoriter
1326 3926 1469 3981 scire
1512 3927 1693 3994 debet,
1749 3935 2009 3996 quantum
2046 3928 2095 3983 ei

510 4020 728 4092 expedit
771 4022 853 4077 sui
900 4021 1110 4077 ordinis
1148 4019 1323 4093 [supp.
1355 4020 1593 4092 regulam
1624 4021 1701 4074 vel
1734 4019 2094 4095 disciplinam]

506 4113 712 4187 optime
747 4124 930 4169 tenere
958 4122 1121 4184 atque
1144 4111 1440 4169 custodire.

580 4207 870 4263 Venientes
916 4216 1095 4263 autem
1127 4206 1195 4261 ad
1226 4205 1512 4262 ecclesiam
1543 4205 1675 4261 citra
1706 4208 2094 4263 monasterium

506 4300 774 4358 intrantes
803 4302 985 4357 dicant
1014 4301 1153 4355 banc
1180 4301 1532 4370 antipltonam
1565 4317 1578 4353 :
1614 4298 1861 4353 Salvator
1888 4302 2091 4367 mundi,

505 4395 655 4451 salva
686 4412 800 4459 nos,
833 4403 889 4450 et
929 4393 1213 4464 pulsentur
1237 4393 1419 4448 omnia
1457 4392 1631 4461 signa.
1670 4392 1923 4458 Oremus,
1957 4393 2093 4451 Con-

505 4491 649 4557 cede,
677 4506 1013 4560 quresumus,
1048 4496 1152 4543 etc.
1216 4487 1473 4558 Expleta,
1534 4486 1741 4544 faciant
1792 4500 2094 4547 orationem

506 4589 668 4651 atque
715 4580 885 4636 altare
935 4582 1309 4641 aromatizent.
1364 4580 1431 4637 Et
1477 4581 1623 4637 sicut
1670 4593 1965 4649 venerunt,
2018 4585 2090 4639 ita

506 4683 849 4731 revertantur
887 4691 1007 4731 cum
1038 4676 1307 4732 laudibus.
1335 4677 1404 4730 At
1450 4675 1539 4731 ubi
1571 4676 1878 4747 antipbonae
1916 4678 2092 4731 minus

503 4768 747 4835 veniunt,
797 4785 861 4826 ex
916 4785 1135 4841 vespera
1196 4770 1292 4844 [aL
1340 4769 1719 4842 responsoriis]
1772 4770 1941 4841 ipsius
1984 4770 2088 4825 diei

502 4860 776 4916 dicantur.

569 4952 1143 5024 Appropinquantibus
1188 4952 1612 5019 monasterium,
1659 4960 1787 5007 eant
1837 4967 1904 5008 ex
1960 4953 2089 5023 ipsis

499 5057 617 5112 sex,
656 5043 851 5115 quibus
880 5046 1146 5100 armarins
1174 5045 1450 5111 annuerit,
1477 5054 1531 5099 et
1555 5044 1856 5099 vestiantur
1880 5046 2083 5116 cappis,

498 5137 569 5194 ad
597 5134 778 5192 Gloria
807 5135 923 5189 laus
948 5137 1251 5193 canendum
1285 5154 1297 5190 :
1330 5135 1606 5207 processio
1644 5145 2083 5191 ornamentorum

496 5230 949 5305 quemadmodum
983 5230 1149 5294 venit,
1188 5230 1261 5283 ita
1309 5238 1417 5284 stet
1455 5244 1552 5298 per
1596 5229 1860 5283 ordinem.
1910 5229 2085 5284 Fauo-

492 5335 596 5381 nes
618 5320 697 5394 l4)
737 5315 949 5376 binc'et
985 5320 1111 5379 inde
1140 5320 1279 5375 facie
1309 5320 1377 5374 ad
1404 5318 1616 5373 faciem.
1649 5319 2079 5382 Seniores,sicut

440 5486 457 5498 ,
564 5434 643 5506 (2)
669 5432 1320 5506 Distinctionescapitum
1354 5432 1407 5486 in
1433 5432 1774 5506 commodum
1800 5431 2027 5485 lectoris
2048 5447 2077 5485 a

492 5501 649 5561 nobis
669 5504 866 5559 addita;
889 5512 1034 5559 sunt.
1064 5501 1220 5557 Initio
1242 5504 1422 5572 aliqua
1452 5501 1851 5556 desiderantur.

498 5594 504 5602 ·
585 5576 641 5647 5)
674 5573 921 5647 Galiltea,
943 5574 1198 5637 Gallaria,
1225 5572 1453 5637 Galerie,
1479 5572 1748 5643 porticus;
1794 5574 1920 5625 item
1965 5594 2080 5632 νανς

493 5644 649 5702 navis
670 5644 936 5700 ecclesiae.

566 5718 643 5776 l4)
668 5715 938 5782 Fanones,
968 5715 1104 5782 vela,
1131 5714 1345 5780 vexilla,
1376 5730 1403 5767 a
1434 5711 1615 5768 Germ.
1654 5710 1860 5768 Fanen.

2154 2409 2786 2505 PRIMUS.

2133 2630 2182 2691 Α
2213 2646 2379 2702 moris
2422 2656 2505 2703 est
2557 2651 2855 2706 consistere
2907 2652 2962 2707 in
3000 2653 3192 2721 choro,
3227 2654 3300 2710 ita
3346 2664 3497 2711 stent.
3535 2655 3711 2713 Infantes

2207 2751 2329 2792 cum
2360 2739 2631 2810 magistris
2658 2741 2809 2811 prius
2848 2753 3168 2799 ornamenta
3223 2743 3397 2815 [supp.
3426 2744 3464 2813 Ι.
3494 2747 3708 2817 habeant],

2205 2844 2305 2886 ceu
2341 2830 2393 2885 in
2426 2834 2771 2900 processione
2817 2835 3158 2892 Dominicali.
3201 2838 3315 2894 Illis
3345 2839 3515 2908 cappis
3541 2839 3709 2903 vestitis,

2204 2930 2428 2992 peracto
2455 2922 2745 2989 versiculo,
2764 2922 2947 2981 Gloria
2968 2925 3107 2981 laus.
3132 2927 3513 2998 Parapbonista
3535 2929 3711 2997 incipiat:

2205 3008 2536 3081 Ingrediente
2562 3011 2809 3068 Domino.
2840 3013 3115 3071 Sonentur
3135 3018 3318 3072 omnia
3350 3019 3510 3088 signa.
3552 3017 3603 3071 Et
3620 3031 3715 3070 cun-

2203 3101 2309 3157 etis
2356 3100 2422 3155 ad
2469 3117 2566 3155 sua
2618 3101 2735 3157 loca
2774 3105 3217 3174 pervenientibus
3266 3107 3543 3176 incipiatur
3581 3105 3716 3158 missa.

2204 3190 2451 3248 Ofﬁcium
2483 3201 2593 3249 tres
2625 3202 2845 3250 teneant
2870 3194 2923 3249 in
2947 3196 3153 3266 cappis.
3187 3195 3297 3250 Alii
3325 3195 3508 3250 fratres
3535 3194 3614 3264 qui
3630 3209 3719 3248 can-

2205 3292 2319 3340 tare
2344 3285 2544 3342 debent
2572 3288 3004 3356 responsorium,
3036 3289 3121 3344 vel
3143 3298 3381 3345 tractum
3417 3289 3463 3343 in
3503 3289 3619 3343 albis
3642 3303 3720 3340 ma-

2203 3384 2405 3432 neant:
2457 3377 2720 3433 diaconus
2754 3387 2809 3434 et
2856 3379 3219 3437 subdiaconus
3263 3381 3494 3438 casulam
3525 3380 3719 3435 habeant.

2200 3468 2279 3523 Ad
2309 3469 2615 3539 passionem
2655 3470 2822 3538 dicat,
2844 3470 3100 3527 Dominus
3121 3473 3387 3528 vobiscum
3422 3488 3439 3526 :
3466 3470 3623 3525 Gloria
3641 3470 3721 3531 tibi,

2197 3559 2443 3614 Pontiae.
2472 3559 2875 3631 Respondeant.
2905 3562 3072 3617 Credo
3099 3564 3153 3618 in
3182 3580 3345 3618 annui
3366 3564 3544 3627 Deum,
3569 3563 3721 3617 dicam.

2197 3650 2280 3707 Ad
2330 3650 2667 3708 offcrtorium
2721 3653 2954 3710 reddant
3006 3655 3187 3710 cuncti
3239 3655 3446 3726 palmas
3492 3650 3724 3713 sacerdoti,

2199 3744 2497 3800 osculando
2543 3760 2739 3801 manus
2777 3746 2912 3816 ejus.
2970 3748 3052 3801 Ad
3097 3749 3261 3803 finem
3303 3766 3465 3806 sacrae
3493 3746 3723 3815 tonateli)

2199 3835 2345 3891 dicat
2367 3835 2649 3901 diaconus,
2677 3835 3057 3894 Benedicamus
3078 3839 3326 3896 Domino.

2268 3928 2327 3984 ln
2359 3930 2648 4007 refectorio
2677 3931 2872 3986 tabula:
2902 3934 3306 4003 cooperiantur.
3332 3934 3442 4005 Ipsa
3481 3933 3563 3988 die
3610 3930 3728 3986 meri-

2130 4010 2171 4069 Β
2201 4021 2360 4077 diana
2412 4023 2627 4093 requies
2674 4038 2836 4094 quam
2890 4031 3112 4080 sanctus
3161 4024 3481 4087 Benedictus
3516 4022 3729 4104 praecipit,

2201 4110 2509 4183 incipiatur.
2540 4113 2606 4167 Et
2634 4129 2759 4169 cum
2792 4123 3007 4191 tempus
3032 4114 3198 4178 fuerit
3224 4137 3407 4189 nonae,
3428 4134 3602 4179 custos
3618 4132 3732 4177 sonet

2199 4204 2391 4274 squilla
2456 4205 2534 4275 (6)
2585 4207 2796 4267 modice
2844 4213 2930 4268 vel
2986 4230 3153 4269 unum
3203 4232 3270 4271 ex
3313 4217 3481 4287 signis
3526 4216 3732 4271 mediocri

2199 4293 2643 4373 [mediocribus],
2689 4316 2970 4373 quousque
3010 4305 3123 4375 ipse
3164 4304 3417 4362 Miserere
3471 4308 3589 4371 mei,
3630 4305 3733 4359 Dm

2199 4393 2370 4460 possit
2404 4391 2682 4462 perfinire,
2712 4402 2769 4446 ut
2791 4403 3078 4464 surgentes
3104 4395 3285 4453 lavent
3312 4413 3505 4454 manus
3525 4407 3576 4451 et
3595 4396 3731 4451 facies.
3788 4388 3789 4393 “

2197 4480 2299 4547 Qui
2331 4483 2480 4546 prius
2506 4473 2847 4539 decurrerint
2873 4484 2941 4540 ad
2963 4487 3275 4555 ecclesiam,
3302 4489 3355 4544 in
3378 4491 3544 4546 choro
3563 4490 3735 4545 sedeant

2176 4573 2457 4643 .legentes,
2490 4576 2663 4633 donec
2697 4578 2993 4633 veniantet
3022 4578 3300 4635 infantes:
3329 4598 3458 4636 nam
3502 4593 3556 4637 et
3582 4581 3666 4651 ipsi
3700 4578 3735 4629 ia

2195 4668 2421 4722 chorum
2471 4669 2688 4723 veniant
2746 4670 2815 4725 ad
2861 4670 3190 4727 orationem.
3244 4672 3455 4740 Quibus
3500 4672 3734 4727 advenient.

2197 4758 2339 4815 tibus
2366 4759 2538 4828 majus
2562 4761 2771 4832 signqu
2800 4770 3025 4818 sonetur
3050 4762 3116 4817 ad
3169 4778 3369 4817 nonam
3400 4763 3584 4817 tandiu
3606 4802 3619 4826 ,
3645 4774 3736 4829 qua

2195 4872 2364 4927 usque
2404 4866 2630 4927 surgant
2680 4856 2747 4911 ad
2796 4858 3120 4912 orationem.
3173 4856 3291 4924 Qua
3347 4858 3517 4922 dicta,
3575 4854 3739 4925 pulsato

2191 4948 2440 5021 cymbala
2467 4949 2684 5004 veniant
2719 4950 2769 5003 in
2800 4949 3169 5015 refectorium,
3196 4960 3253 5005 et
3281 4950 3377 5021 qui
3404 4949 3573 5019 priori
3594 4946 3736 5016 coqui-
3788 4944 3789 4959 ‘

2193 5054 2314 5093 nam
2341 5039 2679 5094 bebdomada
2725 5038 2985 5106 fecerant,
3038 5040 3251 5105 fratres,
3305 5057 3511 5112 aquam
3536 5039 3737 5096 omnibus
3788 5044 3789 5107 1

2191 5132 2492 5202 adportent.
2521 5130 2745 5202 Expleto
2793 5133 3093 5188 ministerio
3138 5134 3425 5191 venientes
3465 5135 3532 5189 ad
3561 5131 3740 5206 gradum
3788 5122 3789 5197 ἦ

2192 5224 2520 5279 inclinentur
2548 5234 2675 5279 ante
2705 5234 2761 5279 et
2783 5234 2931 5278 retro
2954 5226 3051 5295 (7).
3091 5222 3190 5291 Qui
3222 5237 3407 5281 autem
3455 5237 3599 5281 ten-ct
3635 5222 3740 5279 erili-

2190 5331 2338 5383 nem,
2362 5316 2476 5372 sive
2506 5317 2676 5387 prior,
2710 5316 2825 5371 sive
2848 5316 2914 5389 (si
2938 5331 3175 5385 praesens
3195 5317 3380 5389 fuerit)
3412 5319 3604 5386 abbas,
3621 5316 3740 5373 unico

2262 5430 2339 5498 (5)
2373 5428 2573 5484 Tonate
2595 5430 2647 5485 in
2674 5440 2822 5496 tono,
2846 5447 2967 5486 cum
2993 5431 3385 5488 modulatione.
3450 5419 3455 5428 ί

2260 5500 2334 5623 gi)
2366 5499 2595 5570 Squilla,
2646 5499 2828 5568 skella,
2888 5502 3059 5567 scilla,
3090 5502 3545 5567 tintinnabulum,
3569 5516 3740 5573 campa-

2188 5588 2333 5624 "Illa.

2258 5642 2336 5711 (7)
2369 5642 2559 5697 Anteet
2590 5652 2726 5698 retro
2746 5652 2830 5699 est
2861 5643 3162 5710 inr~linatio,
3181 5644 3249 5701 de
3273 5660 3382 5714 qua
3412 5645 3641 5702 inferius
3659 5657 3740 5698 set;

2189 5728 2275 5767 mo
2312 5724 2576 5771 ταωνι-ει.
