3834 6304
132 331 245 394 li‘J‘l

1267 292 1650 369 DISCIPLINA
1682 292 2086 366 ran‘rEusns.

3188 304 3324 363 “98

124 446 331 524 squiliam
354 438 456 494 ictu
495 410 756 504 pereutiat
784 446 796 482 :
826 432 881 483 et
911 426 1016 482 hoc
1043 428 1198 498 signo
1230 426 1295 483 de
1323 426 1449 485 vino
1499 429 1640 499 quod
1673 428 1715 487 Λ
1747 426 1984 498 signum,
2048 435 2334 495 surgentes
2385 414 2578 481 fratres
2611 431 2952 480 revertantur
2984 422 3037 477 in
3067 421 3328 479 dormito-

114 517 331 598 habuerit
354 535 470 583 ante
510 536 571 578 se
611 518 825 574 bibendi
886 517 1103 573 licentia
1143 518 1302 572 datur
1326 518 1640 587 unicuique,

124 631 323 697 llenique
346 619 505 676 tribus
524 612 726 668 vicibus
752 609 1001 681 squillam
1031 610 1336 682 percutiat:
1361 619 1646 681 surgentes

120 721 412 777 revertantur
444 709 493 763 in
522 704 831 759 claustrum.
857 699 1004 755 Talis
1032 700 1167 754 ordo
1194 708 1304 754 tota
1344 698 1645 754 servandus

111 797 511 873 testatetjejunii
560 792 743 849 diebus
777 792 1017 863 exceptis
1058 806 1230 863 usque
1258 792 1332 847 ad
1378 789 1648 845 Kalendas

113 897 343 959 Octobris.
393 891 492 946 Per
544 895 705 941 totam
757 884 921 955 igitur
978 884 1377 940 hebdomadam
1434 897 1648 952 semper

120 999 160 1049 in
196 986 413 1046 laudibus
454 979 751 1049 antiphona:
804 976 1150 1045 imponantur
1182 978 1433 1047 propriae.
1461 974 1643 1029 Tertia

116 1082 221 1137 feria
260 1074 545 1131 Passionem
586 1066 880 1123 secundum
923 1064 1163 1120 Marcum
1195 1065 1380 1135 legant
1435 1064 1669 1120 diaconi‘

110 1174 169 1228 ad
214 1170 410 1225 missam
465 1148 583 1217 eum
644 1153 968 1215 salutatione
1007 1156 1217 1228 absque
1270 1154 1453 1212 Gloria
1524 1157 1636 1224 tibi,

118 1263 318 1319 Domine.

168 1351 297 1407 Feria
325 1355 503 1418 quarta
533 1352 651 1415 post
674 1342 894 1399 Palmas
924 1360 1030 1400 non
1076 1350 1159 1397 est
1188 1343 1394 1411 agenda
1432 1357 1652 1412 proces-

112 1443 280 1501 sio.Ad
305 1455 506 1496 sacrum
542 1436 807 1503 olliCium:
843 1437 909 1491 In
944 1438 1150 1492 nomine
1184 1435 1647 1491 Domini.()ratio.

114 1536 299 1599 Prasta,
326 1546 637 1601 qua’sumus,
668 1530 993 1596 omnipotens
1022 1528 1182 1592 Deus,
1206 1528 1209 1531 ’
1233 1537 1287 1581 ut
1317 1529 1406 1593 qui
1438 1527 1649 1581 nostris.

112 1626 279 1680 Lectio.
310 1623 469 1677 Dicite
497 1621 624 1690 ﬁlia:
649 1620 797 1677 Sion.
829 1619 1276 1691 Responsorium.
1321 1618 1403 1674 Ne
1442 1631 1649 1674 avertas

112 1718 279 1786 faciem.
304 1713 497 1769 Lectio.
546 1711 691 1766 Dixit
746 1710 921 1765 Isaias
951 1752 966 1775 ,
1019 1710 1241 1765 Domine
1289 1711 1377 1781 qui
1406 1710 1650 1764 credidit.

111 1782 299 1861 Tractus
326 1805 423 1859 duo
453 1804 740 1858 decantent
772 1802 825 1856 in
859 1802 1016 1857 albis.
1051 1800 1283 1872 Legatur
1308 1800 1500 1856 Passio
1524 1815 1648 1856 eum
1683 1782 1727 1842 Β

107 1895 383 1952 salutatione
408 1900 460 1948 et
480 1893 603 1948 sine
618 1891 805 1947 Gloria
834 1893 949 1957 tibi,
984 1891 1223 1946 Domine.
1248 1890 1329 1945 Ad
1347 1905 1650 1962 vesperam.

108 1986 466 2058 Bespnsorium.
498 1984 968 2039 Circumdederunt
1003 2002 1101 2038 me.
1129 1984 1412 2055 Hymnus:
1451 1983 1651 2039 Vexilla

109 2081 230 2149 regis.
256 2077 473 2134 Preces:
504 2076 620 2148 Ego
646 2077 757 2131 dixi
789 2090 806 2129 :
836 2076 1078 2141 Domine,
1113 2077 1357 2131 miserere
1382 2076 1501 2130 mei.
1529 2075 1655 2131 Oﬂi-

108 2172 222 2227 cium
253 2179 573 2225 mortuorum
637 2182 742 2224 non
793 2176 1081 2235 cantatur,
1136 2168 1231 2223 sed
1268 2175 1394 2239 post
1421 2162 1656 2238 compte:

108 2261 267 2317 torium
284 2258 481 2315 cortina
508 2258 766 2315 tollenda.

162 2351 208 2405 Si
240 2350 406 2420 aliqua
436 2350 705 2405 festivitas
756 2358 1071 2405 sanctorum
1102 2348 1370 2414 evenerit,
1395 2362 1469 2404 ex
1530 2348 1658 2403 hinc
1705 2341 1709 2344 ’

106 2456 248 2514 usque
273 2442 334 2497 ad
378 2442 570 2499 feriam
609 2443 857 2513 quintam
895 2442 949 2496 in
986 2441 1121 2498 albis
1152 2441 1377 2498 Pascha:
1406 2442 1658 2513 postmit-

106 2545 242 2602 tatur,
268 2542 318 2593 et
335 2528 679 2606 pnstmodum
710 2534 1035 2591 celebretur.

680 2625 914 2683 CAPUT
953 2624 1019 2679 ll.

347 2708 591 2785 Qualiter
636 2728 827 2790 agatur
855 2716 911 2771 in
940 2714 1099 2771 Cwna
1125 2714 1357 2770 Domini.

159 2812 305 2869 Coena
326 2809 535 2865 Domini
563 2808 756 2880 quinta
776 2807 937 2873 feria,
975 2815 1102 2863 ante
1126 2814 1420 2864 nocturnos
1440 2804 1665 2876 quinde-

102 2903 188 2959 cim
220 2904 268 2959 in
314 2904 682 2959 instrumento
741 2901 1015 2971 lignomm
1076 2908 1203 2954 ante
1255 2896 1433 2967 majus
1490 2898 1664 2952 altare

102 2986 292 3052 totidem
346 2996 455 3053 sint
500 2991 751 3051 accensa:
795 2993 1056 3059 candelae,
1104 3002 1238 3064 quot
1292 2992 1489 3063 psalmi
1541 3000 1668 3047 sunt

1746 517 1909 571 rium.
1959 516 2093 572 Cum
2125 516 2351 586 cceperit
2381 516 2697 571 illucescere
2733 525 2955 571 souetur
2985 512 3177 583 squilla
3211 529 3327 570 mo-

1728 610 1889 665 ‘dice.
1920 608 2149 665 Cantent
2182 609 2437 679 primam,
2464 610 2693 679 hymnos
2726 620 2784 662 et
2812 608 3051 679 psalmos
3076 621 3200 661 cum
3227 622 3329 661 an-

1748 700 1973 770 tiphona
2024 699 2391 755 communiter
2422 713 2650 769 :preces
2694 706 2875 753 autem
2916 696 3206 767 separatim
3231 696 3331 752 sub

1746 796 1982 852 silentio.
2016 793 2123 850 Sed
2146 802 2200 849 et
2238 803 2445 865 septem
2478 793 2714 863 psalmos
2740 808 2864 847 eum
2886 792 3071 847 litania
3102 808 3334 865 genera-

1747 886 1893 953 liter,
1930 887 2069 941 sicut
2111 895 2392 940 nocturna:
2440 883 2630 938 laudes
2654 890 2708 936 et
2738 882 3012 937 matutina:
3034 884 3150 940 sine
3170 899 3329 939 versu

1751 977 1912 1041 Deus,
1964 978 2019 1030 in
2071 976 2399 1043 adjutorinut
2428 990 2597 1027 meum
2641 973 2851 1025 intende
2892 974 3187 1029 recitantur
3216 992 3229 1028 :
3256 975 3335 1029 sic

1749 1080 1803 1125 et
1842 1070 1959 1123 alia:
2009 1069 2293 1138 regulares
2327 1082 2518 1121 omnes
2547 1066 2695 1120 hora:
2742 1074 2864 1135 post
2919 1067 3178 1136 hymnum
3216 1068 3335 1121 sine

1747 1161 1933 1217 Gloria
1958 1164 2403 1231 pronuntiantur.
2437 1159 2642 1214 Forsan
2667 1173 2772 1212 non
2807 1156 3117 1212 intellexisti
3152 1159 3289 1227 bene
3311 1157 3337 1210 ?

1752 1255 1999 1310 dicamus
2050 1254 2270 1317 denuo,
2335 1261 2393 1306 nt
2451 1251 2718 1320 intelligas
2768 1250 2979 1305 melius.
3037 1248 3118 1303 Ad
3176 1249 3338 1302 horas

1755 1350 2015 1419 hymnum
2044 1347 2203 1404 sicuti
2235 1348 2489 1402 dixerunt
2516 1345 2793 1417 prmterito
2821 1354 3067 1413 tempore
3096 1342 3342 1410 Quadra-

1753 1442 1995 1513 gesimzc,
2039 1442 2112 1497 ita
2149 1440 2462 1509 persolvant
2505 1448 2557 1493 et
2580 1437 2819 1507 psalmos
2849 1420 3122 1506 regulares
3169 1435 3345 1504 impo-

1755 1542 1906 1589 nant.
1937 1531 2118 1588 Gloria
2136 1534 2249 1597 tibi,
2279 1531 2534 1595 Trinitas,
2569 1529 2753 1584 Gloria
2787 1528 2959 1589 Patri,
2981 1539 3076 1583 etc.
3094 1536 3147 1583 et
3178 1528 3341 1593 Deus,

1754 1628 1808 1681 in
1831 1626 2155 1696 adjutorium
2190 1641 2361 1679 meum
2407 1623 2650 1678 intende:
2680 1622 2802 1678 istis
2833 1622 3006 1676 tribus
3042 1621 3232 1675 diebus
3262 1621 3345 1675 di-

1756 1720 2065 1774 mittantur.

1830 1802 1971 1869 llora
2007 1813 2157 1869 finita
2189 1812 2234 1868 si
2260 1812 2454 1883 aliquis
2479 1811 2652 1868 frater
2699 1810 2908 1866 venerit
2932 1824 2997 1863 ex
3029 1806 3224 1861 itinere
3254 1822 3349 1862 ac~

1755 1904 1921 1974 cipiat
1948 1903 2377 1959 benedictionem
2402 1902 2745 1958 sicutsolitus
2765 1911 2864 1955 est.
2882 1897 3109 1966 Quando
3132 1899 3346 1967 signum

1755 1994 2001 2063 pulsatur
2058 1994 2124 2049 ad
2186 1994 2424 2059 tertiam,
2457 2008 2611 2047 more
2650 1993 2809 2047 solito
2855 2002 3246 2063 praeparentur.
3280 1988 3349 2042 Et

1757 2087 1977 2141 inteiim
2002 2086 2128 2141 dum
2154 2085 2355 2141 dicitur
2395 2086 2576 2146 tertia,
2604 2085 2978 2150 calciamenta,
3023 2101 3143 2157 qum
3168 2084 3347 2140 danda

1759 2185 1889 2233 sunt
1917 2177 2178 2232 fratribus
2201 2178 2251 2231 in
2281 2176 2518 2246 capitulo
2545 2191 2644 2247 per
2672 2178 2915 2231 ordinem
2938 2177 3344 2249 suspendantur

1760 2270 1814 2327 in
1846 2272 2047 2337 medio,
2078 2270 2132 2325 in
2163 2280 2399 2339 quatuor
2434 2271 2687 2341 perticas,
2723 2280 2777 2325 et
2809 2271 3029 2326 totidem
3081 2270 3349 2326 columnis

1761 2362 1935 2420 alﬁxis
1959 2371 2329 2419 sustentantes
2378 2378 2495 2429 eas,
2524 2365 2817 2435 statimque
2861 2374 2984 2434 post
3021 2365 3235 2420 tertiam
3260 2379 3349 2420 vc-

1761 2455 1916 2511 niant
1958 2457 2015 2511 in
2068 2456 2385 2527 capitulum.
2436 2457 2503 2510 Et
2557 2457 2813 2511 similiter
2850 2459 2993 2513 sicut
3026 2458 3079 2512 in
3118 2458 3349 2513 ecclesia

1761 2539 1885 2605 s'ine
1946 2549 2323 2605 benedictione
2352 2549 2544 2619 petita,
2598 2549 2831 2604 lectione
2878 2551 3104 2605 recitata
3149 2550 3242 2605 sed
3296 2559 3353 2604 et.

1765 2658 1945 2711 versu,
1974 2654 2028 2700 et
2050 2643 2299 2699 oratione
2326 2643 2802 2699 consttetudinaria
2831 2644 2930 2698 sub
2953 2642 3167 2698 silentio
3183 2642 3350 2707 dicta,

1762 2734 2015 2805 lectaque
2044 2735 2110 2791 de
2138 2733 2323 2805 regula
2365 2733 2621 2799 lectione,
2655 2734 2934 2789 denuntiet
2964 2748 3099 2803 puer
3128 2735 3353 2789 brevem

1766 2834 1823 2882 et
1847 2825 2300 2881 hebdomadarios
2330 2823 2578 2893 coquinae
2607 2824 2953 2891 nominatim,
2985 2834 3039 2878 et
3063 2824 3171 2878 sint
3198 2824 3354 2893 plus-

1767 2929 1929 2984 quam
1977 2914 2097 2968 aliis
2145 2913 2479 2983 temporibus
2503 2912 2604 2983 (8).
2660 2912 2794 2968 Post
2820 2928 3130 2967 sermonem
3151 2912 3357 2969 factum

1770 3014 1998 3077 surgant
2021 3006 2450 3060 camerariorum
2483 3020 2623 3059 untts
2655 3004 2801 3068 hinc,
2832 3005 2970 3059 alius
2994 3004 3137 3070 inde,
3167 3014 3220 3059 ct
3248 3004 3359 3061 cal-

98 3087 393 3158 unponendi.
440 3086 507 3142 Et
559 3085 973 3142 remanentibus
1018 3084 1239 3156 triginta
1261 3083 1507 3154 psalmis,
1538 3090 1661 3136 ante

1773 3098 2039 3153 ciamenta
2061 3097 2323 3153 fratribus
2351 3098 2658 3161 tribuantur
2700 3098 2844 3169 q'sicut
2870 3097 3180 3167 conscripta
3208 3106 3356 3153 sunt.

101 3187 359 3235 nocturnas
379 3178 567 3234 dicant
594 3177 908 3248 quindecim
934 3176 1035 3232 sub
1061 3176 1275 3231 silentio
1323 3182 1444 3245 post
1480 3181 1661 3230 ternas

1773 3190 1901 3246 Aliis
1916 3192 2077 3246 rebus
2099 3190 2418 3246 necessariis
2433 3191 2717 3256 ordinatis,
2741 3189 2908 3245 abbas
2924 3192 3099 3256 debet,
3134 3201 3185 3247 ct
3198 3191 3356 3260 jube-

99 3271 341 3326 orationes
365 3269 565 3326 factas.
602 3267 774 3341 Signa
803 3275 959 3324 sonet
985 3266 1312 3324 secretarius
1362 3266 1504 3321 sicut
1534 3264 1667 3321 soli-

100 3374 173 3420 tus
198 3374 291 3421 est.
324 3364 535 3433 Quibus
560 3365 727 3420 dictis
766 3361 1083 3419 sonamibus
1123 3360 1321 3431 signis,
1352 3360 1669 3431 priusquam

99 3454 292 3510 dimissa
324 3454 527 3511 fuerint
555 3452 1019 3510 hebdomadarius
1046 3451 1268 3521 incipiat
1295 3450 1669 3521 antipbonatn,

97 3540 231 3601 Zelus
259 3546 439 3601 domus
462 3557 598 3601 ture.
622 3546 691 3601 Et
713 3544 897 3602 statim
925 3542 1427 3615 exstinguaturmna
1451 3539 1671 3595 candela

96 3636 224 3705 hinc,
251 3639 355 3695 alia
380 3640 531 3707 inde,
558 3640 750 3709 sicque
783 3639 875 3693 liat
904 3635 1156 3693 omnibus
1179 3633 1401 3706 psalmis
1421 3632 1676 3703 incipien-

98 3729 218 3785 tibus
243 3731 334 3804 [al.
362 3731 673 3805 inemptis].

152 3826 223 3879 Ad
270 3825 598 3897 obsequium
646 3840 882 3896 namque
944 3824 1120 3895 ipsum
1182 3819 1503 3878 matutinale
1558 3819 1674 3876 sive

94 3926 177 3980 per
203 3913 359 3969 horas
416 3917 552 3983 diei,
600 3916 913 3986 antiphonae
956 3930 1093 3986 quas
1138 3913 1325 3969 dicunt
1368 3913 1445 3967 ad
1487 3912 1669 3973 linem,

92 4013 256 4061 tonum
288 4025 394 4064 non
427 4009 643 4066 faciant
661 4009 1116 4082 quemadmodum
1149 4007 1290 4063 soliti
1322 4013 1466 4061 sunt.
1498 4004 1675 4059 Infan-

94 4106 162 4152 tes
200 4103 552 4171 pronuntient
591 4102 871 4173 psalmos:
905 4101 1022 4157 sine
1072 4088 1448 4157 benedictione
1483 4087 1674 4152 lectie-

93 4209 174 4248 nes
216 4196 553 4268 incipiantur
611 4205 668 4251 et
720 4203 918 4263 metro,
975 4194 1060 4250 vel
1116 4193 1345 4249 melodia
1394 4190 1672 4245 liniantur.

91 4284 265 4342 Primae
295 4298 407 4344 tres
452 4289 729 4345 lectiones
773 4289 838 4344 de
888 4286 1361 4351 lamentationibus
1393 4280 1677 4337 lliercmim

89 4377 358 4449 legantur:
390 4380 462 4435 Et
492 4381 706 4452 factum
754 4388 827 4434 est
852 4391 1127 4448 postquam
1155 4377 1209 4431 in
1248 4374 1548 4441 captivitate
1576 4372 1675 4423 du-

1768 3298 1829 3337 re
1858 3291 2040 3352 potest
2094 3283 2219 3351 illis,
2269 3284 2361 3353 qui
2416 3282 2468 3337 in
2499 3283 2615 3353 ipsa
2656 3282 2957 3353 septimana
2986 3293 3114 3338 sunt
3156 3284 3224 3339 ad
3266 3298 3363 3339 sex

1770 3372 1972 3429 fratres
2012 3374 2330 3429 nominatim
2365 3376 2456 3456 qui
2518 3390 2640 3431 cum
2678 3377 2796 3445 ipso
2823 3374 3045 3431 abluant
3078 3378 3263 3447 pedes,
3296 3394 3363 3434 ac

1772 3468 2076 3523 senioribus
2105 3476 2247 3538 post.
2296 3468 2751 3524 llebdomad‘ariis
2790 3470 3115 3525 exeuntibus
3149 3486 3178 3524 a
3210 3472 3364 3540 capi—

1775 3557 1907 3623 tulo,
1934 3558 2171 3628 quinque
2194 3558 2433 3628 psalmos
2458 3561 2757 3614 secundum
2814 3560 3287 3624 consuetudinem,
3311 3561 3363 3616 si

1775 3650 2184 3707 anniversarius
2230 3650 2414 3721 fuerit,
2463 3652 2649 3707 dicant
2701 3652 2753 3706 in
2804 3651 2975 3705 altum
3012 3652 3363 3707 :orationem

1776 3742 2113 3797 Dominicam
2144 3750 2198 3798 et
2218 3757 2408 3813 preces
2437 3742 2538 3798 sub
2564 3741 2803 3798 silentio.
3312 3806 3319 3813 ,

1847 3832 2020 3903 Siqui
2055 3835 2295 3906 indigent
2325 3835 2669 3891 nocturnales
2693 3836 2793 3907 (9),
2824 3855 2851 3893 a
2874 3836 3195 3900 camerariis
3217 3837 3366 3893 acci-

1772 3928 1930 3998 piant
1954 3927 2239 3982 reddentcs
2260 3937 2581 3998 veteranos;
2615 3933 2740 4003 quia
2771 3934 3172 4010 diurnalesjam
3201 3939 3366 3995 simul

1776 4032 1940 4086 supra
1979 4016 2030 4069 in
2062 4017 2287 4087 praefato
2314 4017 2432 4074 loco
2462 4034 2837 4091 susceperunt.
2879 4026 3008 4083 Post
3039 4030 3360 4100 capitulum,

1777 4108 2171 4177 aliquantulum
2205 4109 2546 4165 intervallum
2578 4112 2805 4183 factum,
2835 4127 3027 4173 sonent
3057 4121 3268 4191 signum
3294 4121 3365 4176 ad

1780 4198 2155 4253 matutinalem
2204 4202 2427 4255 missam
2460 4218 2558 4272 pro
2597 4206 2931 4262 adunatione
2961 4225 3280 4280 pauperum,
3307 4221 3365 4267 et

1778 4292 2036 4345 sacerdos
2067 4291 2155 4359 qui
2187 4290 2291 4344 alia
2318 4291 2655 4349 hebdomada
2692 4295 2951 4363 majorem
2980 4300 3205 4355 missam
3235 4318 3368 4358 can-

1782 4390 2010 4448 taverat,
2070 4383 2293 4438 missam
2327 4384 2734 4454 peregrinorum
2779 4389 2942 4458 dicat,
2970 4401 3028 4446 et
3056 4392 3236 4448 oblata
3271 4395 3368 4449 tri-

86 4483 186 4529 ctus
214 4486 286 4529 est
312 4474 511 4530 Israel.
548 4474 708 4544 Apud
739 4488 839 4528 nos
869 4472 1117 4542 legantur
1158 4469 1478 4524 sinecantu
1516 4463 1673 4520 sicuti
1710 4487 1754 4543 ι)
1780 4471 1928 4525 bum,
1965 4470 2185 4526 ostiarii
2216 4473 2458 4529 maesta;
2488 4476 2731 4532 sel-viam
2772 4479 2906 4548 ipsis
2966 4484 3364 4549 sacerdolilms.

84 4565 188 4619 alia
218 4566 509 4622 lectiones.
556 4564 763 4619 Deinde
790 4572 899 4618 tres
946 4560 1064 4615 alia:
1109 4559 1175 4615 de
1222 4569 1472 4612 sermone
1503 4552 1678 4608 sancti

84 4656 356 4727 Augustini
382 4674 561 4728 super
602 4655 893 4726 psalmum,
927 4652 1163 4714 Exaudi,
1183 4649 1343 4712 Deus,
1369 4646 1676 4701 orationem.

81 4745 257 4804 Postea
287 4748 356 4805 de
403 4748 647 4819 epistola
675 4747 740 4802 ad
768 4746 896 4800 (lor.
927 4762 943 4799 :
984 4742 1221 4795 Primum
1252 4728 1683 4810 quidem'conve-

80 4840 345 4896 aientibus.
377 4840 634 4909 Quando
662 4838 905 4910 psalmus
946 4835 1262 4906 imponitur.
1303 4829 1542 4883 Laudato
1574 4826 1682 4881 Do-

76 4932 261 4987 minum
276 4934 534 5001 decmlis,
573 4947 765 4989 omnes
790 4930 1204 5001 exstinguuntur
1231 4922 1467 4980 candela:
1489 4928 1684 4991 praeter

79 5040 228 5081 uuam
256 5044 270 5079 :
299 5036 357 5082 et
393 5024 654 5096 magistri
684 5034 903 5094 propter
933 5019 1230 5076 custodiam
1259 5016 1400 5070 inter
1450 5012 1686 5067 infantes

74 5118 300 5175 veniant.
348 5118 514 5175 Unus
568 5133 637 5173 ex
689 5115 963 5187 magistris
1013 5111 1277 5189 accendat
1308 5106 1585 5170 candelas,
1631 5100 1691 5159 et

75 5208 395 5265 lanternam.
428 5206 503 5265 Et
538 5224 665 5264 cum
703 5194 896 5262 cantor
928 5201 1265 5260 inchoaverit
1296 5198 1679 5268 antiphonam:

75 5298 318 5357 Traditur
355 5311 550 5356 autem
595 5313 612 5351 :
668 5298 1045 5368 exstinguatur
1080 5293 1189 5348 'illa
1258 5306 1378 5362 qua:
1438 5288 1552 5345 sola
1597 5304 1687 5343 re.-

72 5394 265 5450 mansit
295 5394 565 5450 candela.
601 5391 803 5446 Finitis
845 5390 1057 5445 cantico
1094 5395 1149 5442 et
1197 5384 1510 5455 antiphona,
1558 5396 1685 5451 pro-

72 5495 413 5551 sternamur,
438 5495 500 5542 et
544 5484 797 5539 oratione
826 5500 840 5537 :
869 5479 1061 5553 preces
1081 5487 1136 5535 et
1162 5477 1459 5549 psalmum,
1492 5482 1547 5529 et
1570 5473 1688 5528 col-

69 5576 263 5634 lectam
315 5560 520 5635 dica-nt
571 5577 671 5632 sub
726 5575 967 5631 silentio.
1001 5573 1135 5629 Cum
1164 5586 1293 5628 vero
1322 5574 1470 5643 prior
1497 5569 1690 5625 fecerit

135 5689 211 5761 (8)
253 5690 472 5763 Supplc
502 5691 562 5744 in
577 5688 840 5763 capitulo.

133 5757 213 5834 (9)
253 5757 661 5828 Nocturnum,
713 5770 913 5827 vestes,
966 5760 1160 5831 quibus
1216 5767 1388 5816 noctu
1430 5757 1685 5814 monachi

1787 4562 1913 4616 dum
1941 4562 2154 4633 signum
2185 4564 2457 4632 pulsatum
2486 4564 2645 4622 fuerit
2680 4570 2821 4624 sicut
2865 4576 3114 4644 superius
3161 4579 3371 4633 taxavi-

1788 4668 1929 4707 mus.
1952 4654 2058 4708 Alii
2097 4669 2225 4710 vero
2279 4658 2589 4713 sacerdotes
2614 4660 2703 4729 qui
2745 4662 2966 4718 missam
2996 4681 3158 4735 agere
3186 4667 3372 4723 volunt

1787 4743 1991 4814 absque
2016 4745 2139 4816 igne
2172 4745 2375 4802 faciant
2411 4748 2619 4815 tamliu,
2663 4765 2943 4822 quousque
2974 4755 3148 4823 major
3188 4772 3371 4812 secre-

1789 4842 1841 4889 ta
1899 4836 2148 4891 inchoata
2210 4836 2394 4893 fuerit.
2431 4839 2622 4896 Postea
2657 4842 2727 4896 illi
2764 4845 2853 4914 qui
2901 4846 3100 4901 dictam
3131 4863 3237 4901 non
3272 4848 3372 4901 ha-

1787 4928 2024 4997 buerint,
2064 4941 2286 5001 accepta
2308 4932 2523 4988 licentia
2552 4936 2728 5004 ignem
2754 4938 3006 4993 habeant.
3041 4937 3185 4992 Hora
3212 4954 3367 4994 com-

1788 5021 1993 5088 petenti
2043 5032 2235 5089 agatur
2262 5038 2401 5078 nona
2435 5044 2449 5078 :
2477 5034 2535 5080 et
2563 5037 2691 5082 tunc
2723 5024 2954 5082 vestiant
2987 5043 3045 5082 se
3071 5029 3160 5098 qui
3188 5031 3370 5083 missae

1791 5112 2011 5167 servitia
2038 5115 2311 5184 complere
2341 5117 2615 5173 debebunt
2635 5128 2689 5173 et
2713 5119 2803 5187 qui
2837 5118 3140 5183 cantilena},
3175 5126 3228 5172 et
3259 5126 3369 5174 tres

1791 5203 2106 5266 scrvitores.
2152 5215 2208 5261 et
2264 5207 2497 5264 infantes
2532 5210 2742 5264 omnes.
2794 5207 3145 5263 Venientibus
3182 5208 3288 5263 illis
3315 5209 3370 5263 in

1790 5294 1979 5358 choro,
2005 5295 2229 5366 incipiat
2261 5299 2426 5353 abbas
2471 5298 2753 5368 psalmum.
2784 5298 3027 5352 Miserere
3052 5300 3170 5365 mei,
3208 5298 3368 5363 Deus,

1792 5394 1845 5440 et
1880 5395 2007 5440 tunc
2030 5389 2251 5443 veniant
2278 5390 2568 5444 ordinatim
2601 5390 2667 5444 ad
2695 5390 2871 5461 ignem
2896 5389 3324 5446 benedicendum
3351 5409 3366 5443 :

1794 5478 1846 5531 in
1892 5479 2083 5548 primis
2130 5495 2270 5550 aqua
2322 5491 2530 5549 saneta,
2580 5492 2742 5553 atque
2793 5483 3093 5546 incensum,
3136 5483 3371 5552 denique

1791 5584 1946 5625 CI‘UX.

1764 5688 2119 5814 ,ιὲροηεδιᾶιιιτὴε
2146 5687 2527 5747 sicut'ccontra
2549 5690 2817 5746 diurnales
2842 5690 3124 5758 vocabant,
3150 5707 3283 5761 quas
3307 5691 3372 5747 do

1832 5773 1879 5813 l0
1910 5776 1961 5813 Ill
2003 5776 2066 5813 lit‘
2110 5771 2220 5814 (illi.

1832 5773 1879 5813 lc
1910 5771 2220 5815 Illdllt‘mllll.
