3834 6304
503 323 643 380 H99

1603 299 1927 361 GlIIDONIS
1966 293 2264 365 ABBATIS
2302 291 2684 352 FARFENSIS

3594 291 3718 352 ,1200

575 434 844 490 Sacerdos
889 439 943 485 et
996 423 1354 490 secretarius,
1411 421 1501 493 qui
1549 420 1817 492 perticam
1863 410 2086 488 portare
2119 417 2164 474 Α
2199 411 2366 467 frater
2393 419 2644 468 statcum
2666 424 2805 482 aqua
2835 417 2890 465 et
2914 405 3159 474 mantile,
3201 405 3386 460 a'duat
3425 421 3712 481 manussuas,

503 523 664 583 debet
693 523 785 579 illo
812 523 920 586 die,
955 520 1077 575 dein
1111 516 1370 580 infantes,
1403 524 1457 569 et
1486 513 1827 584 postmodum
1857 509 2090 564 domnus

509 619 691 676 ibbas.
717 626 770 670 et
799 615 888 668 alii
914 613 1053 668 sicut
1074 618 1218 665 sunt.
1247 609 1482 671 Priores,
1509 613 1562 660 et
1593 603 1839 666 conversi
1866 616 1961 657 eos
1978 600 2090 654 im-

501 711 778 766 mittentes
802 708 852 761 in
879 703 1188 760 novissimis
1214 701 1366 765 locis,
1403 701 1510 754 duo
1530 706 1584 753 et
1617 697 1746 750 duo.
1772 694 1873 750 Ubi
1903 706 2092 763 perve-

501 803 744 865 nientes;
779 799 923 854 dicat
950 797 1226 859 sacerdos,
1255 793 1504 847 Dominus
1537 790 1816 851 vobiscum,
1847 796 1901 841 et
1927 788 2091 840 bene-

500 894 644 950 dicat
675 893 853 948 focum
883 903 1101 950 novum,
1137 896 1190 940 et
1216 895 1341 938 utne
1365 888 1614 952 aSpergat
1640 893 1780 949 aqua
1806 877 2088 932 benedicta

503 987 555 1041 in
611 1001 699 1050 eo,
758 993 922 1054 atque
972 979 1228 1036 accendat
1286 974 1563 1030 candelam
1619 969 1948 1042 pertica,es
1984 969 2087 1022 alia

501 1093 664 1148 quam
690 1076 868 1130 iulans
885 1080 1100 1143 portare
1124 1070 1176 1125 in
1201 1067 1442 1121 lanterna
1473 1065 1653 1119 debet.
1684 1060 1838 1146 Tunc
1871 1058 2091 1112 veniant

502 1169 746 1225 canendo
777 1175 889 1223 tres
912 1164 1172 1235 psalmos.
1196 1161 1358 1224 Deus,
1390 1161 1442 1211 in
1467 1157 1675 1211 nomine
1695 1135 1806 1208 tuo.
1834 1151 2088 1206 Miserere

502 1264 628 1322 mei,
662 1262 821 1325 Deus,
842 1260 1085 1311 miserere
1107 1256 1226 1308 mei.
1253 1254 1387 1307 Deus
1413 1251 1724 1304 misereatur
1747 1247 1911 1300 nobis.
1931 1244 2089 1308 Deus,

503 1355 558 1408 in
589 1352 916 1422 adjutorium
969 1363 1138 1401 meum
1189 1344 1398 1398 intende
1429 1354 1447 1393 :
1481 1337 1810 1395 intrantibus
1838 1353 1902 1392 ex
1924 1335 2088 1405 janua

502 1445 724 1512 majoris
740 1441 946 1510 templi.
967 1437 1270 1494 Psalmodia
1295 1450 1420 1490 vero
1437 1431 1797 1503 protendatur
1813 1442 2092 1499 quousque

502 1546 719 1592 ventant
767 1535 819 1589 in
857 1534 1104 1587 chorum.
1160 1528 1253 1583 llis
1281 1528 1459 1582 tribus.
1485 1522 1769 1594 aequaliter
1803 1521 2087 1593 processio

500 1627 810 1683 celebratur
839 1623 1049 1678 diebus.
1092 1620 1242 1673 'l‘uuc
1278 1621 1560 1672 vertantur
1595 1613 1841 1668 formula:
1864 1610 2096 1682 (lO),si-

501 1720 707 1776 militcr
750 1726 804 1772 et
849 1715 1032 1771 omnia
1093 1713 1244 1782 signa
1278 1709 1578 1781 pulsentur.
1619 1706 1812 1761 Postea
1846 1719 1977 1759 vero
2004 1702 2087 1757 vel

2194 511 2242 568 et
2277 504 2616 573 rcgrediatur
2666 502 2718 555 in
2778 517 2934 558 suum
2965 500 3166 555 locum.
3194 494 3388 552 Czcteri
3427 497 3714 560 similiterla-

2203 593 2392 647 ciant:
2424 593 2549 647 dum
2598 607 2788 648 omnes
2819 591 2987 646 abluti
3039 589 3262 652 fuerint,
3293 587 3538 657 incipiant
3562 593 3711 656 donare

2197 697 2396 752 aquam
2427 681 2640 738 illorum
2671 682 2940 749 manibus,
2974 688 3197 735 tenente
3217 677 3388 732 fratre
3413 689 3576 736 mutuo
3597 700 3708 744 man-

2197 769 2289 826 tile
2335 771 2404 826 ad
2457 772 2597 838 illos,
2626 783 2679 825 et
2713 773 2792 826 sic
2837 786 3052 842 semper
3101 770 3466 841 unusquisque
3493 770 3711 846 {suppl}.

2193 863 2328 936 ciatl
2356 881 2370 919 :
2395 865 2497 922 hoc
2521 875 2580 922 ut
2605 865 2807 921 factum
2827 864 3098 925 habuerit.
3126 863 3179 916 in
3205 862 3381 916 locum
3403 878 3542 919 suum
3565 865 3710 926 iterum

2195 956 2400 1011 veniat.

2265 1047 2413 1104 Illico
2443 1057 2500 1104 ut
2529 1056 2722 1105 cuncta
2749 1047 2893 1104 facta
2929 1049 3154 1114 fuerint,
3184 1058 3342 1103 sonet
3371 1050 3508 1118 prior
3534 1051 3710 1112 tabulam

2195 1156 2304 1195 uno
2330 1141 2436 1196 ictu
2466 1150 2695 1197 tantum.
2754 1141 2908 1198 Tunc
2929 1141 3166 1196 habeant
3204 1139 3408 1196 cellarii
3427 1141 3586 1214 vinum
3605 1162 3710 1216 pre

2195 1245 2466 1302 paratum,
2498 1244 2552 1288 et
2573 1234 2868 1290 camerarii
2895 1249 3032 1289 unus
3077 1235 3228 1301 hinc,
3260 1233 3398 1288 alius
3425 1234 3712 1302 indc,.ftatri-

2196 1325 2294 1378 bus
2336 1329 2627 1397 prapinant
2676 1327 2885 1381 vinum.
2928 1326 2991 1381 Et
3019 1327 3279 1382 denarios
3328 1339 3616 1396 purpuratus

2196 1419 2381 1484 beant,
2428 1429 2486 1474 ut
2533 1420 2660 1476 dum
2712 1421 2908 1477 fratres
2960 1420 3238 1489 accipiunt
3274 1402 3521 1490 scyphum
3559 1422 3712 1478 donent

2195 1512 2554 1582 pauperibus.
2604 1510 2811 1578 Quibus
2847 1511 3098 1566 dantibus
3121 1500 3424 1579 vasculum,
3448 1527 3609 1566 manus
3629 1514 3714 1570 illo-

2199 1618 2316 1657 rum
2349 1603 2690 1670 osculeutur,
2712 1613 2873 1672 atque
2901 1604 3098 1658 iterum
3124 1619 3378 1657 nummus
3403 1603 3525 1658 duos
3550 1605 3612 1658 vel
3635 1615 3716 1660 tres

2200 1695 2448 1749 tribuant
2481 1710 2604 1750 cum
2636 1694 2990 1750 osculationc.
3023 1693 3176 1761 Quod
3209 1711 3332 1748 cum
3372 1693 3521 1748 fuerit
3545 1694 3715 1760 factrum,

503 1813 555 1868 in
578 1811 804 1867 ecclesia
841 1809 922 1863 vel
948 1809 1000 1862 iu
1028 1806 1266 1860 claustro
1289 1803 1492 1858 nullum
1521 1810 1678 1856 sonet
1701 1806 2084 1854 aeramentum:
2121 1775 2162 1830 Β
2189 1783 2334 1839 diei“
2358 1785 2528 1840 abbas
2557 1784 2603 1839 Si
2635 1798 2873 1855 ρτειξεεηε
2901 1783 3085 1850 fuerit,
3118 1784 3350 1838 Ostende
3377 1785 3528 1846 nobis,
3551 1783 3718 1842 Domine

501 1905 599 1960 sed
620 1911 670 1958 et
699 1900 960 1972 quidquid
986 1899 1166 1954 facere
1199 1895 1394 1952 debeat
1426 1893 1645 1958 fratres,
1690 1891 1882 1946 tabulae
1908 1889 2086 1945 sonitu

505 1993 757 2047 nuntient
781 2006 951 2059 usque
982 1990 1048 2043 ad
1081 1988 1302 2041 missam
1329 1985 1379 2040 in
1401 1985 1627 2040 sabbato
1649 1993 1857 2038 saneto.
1890 1979 2090 2042 Deinde

505 2083 670 2138 missa
713 2081 905 2136 festive
948 2077 1278 2134 celebretur.
1328 2075 1532 2129 Cantor
1587 2073 1638 2127 in
1683 2072 1851 2127 choro
1891 2085 2086 2140 cappa,

504 2176 768 2230 diaconus
799 2171 1114 2234 dalmatica,
1147 2169 1512 2224 subdiaconus
1541 2165 1718 2220 tunica
1748 2165 1817 2219 sit
1843 2164 2089 2218 vestitus.

505 2267 586 2320 Ad
619 2265 898 2319 introitum
951 2263 1129 2317 missa:
1161 2261 1362 2326 dicant,
1402 2258 1583 2312 Gloria
1615 2255 1789 2310 Patri.
1829 2253 2087 2325 Epistola,

507 2357 967 2422 Convenientibus,
1025 2356 1130 2410 duo
1187 2352 1384 2406 fratres
1425 2349 1826 2420 rcsponsorium
1869 2352 2088 2402 canant.

507 2449 744 2503 Christus
797 2448 966 2516 factus
1015 2457 1112 2501 est.
1165 2443 1539 2516 Evangelium,
1582 2442 1714 2495 Ante
1739 2440 1876 2492 diem
1900 2437 2090 2508 festum

509 2539 751 2596 l’aschw.
781 2539 1153 2604 Oﬂ'ertorium,
1206 2539 1428 2593 Dextera
1479 2533 1711 2588 Domini.
1761 2532 1825 2586 Et
1882 2539 2088 2585 tantum

507 2633 796 2688 mittantur
851 2633 1154 2688 hostiarum
1211 2632 1277 2685 ad
1329 2628 1779 2692 consecrandum,
1812 2635 1869 2678 ut
1899 2633 1953 2679 et
1977 2624 2087 2692 ipsa

505 2727 614 2791 die,
672 2743 771 2781 nec
821 2741 925 2781 non
981 2727 1113 2781 etin
1167 2723 1464 2778 crastinum
1496 2721 1748 2775 omnibus
1769 2717 1997 2774 sufficiat
2023 2715 2089 2790 ad

505 2817 1038 2874 communicandum.
1095 2817 1176 2870 Ad
1214 2830 1402 2884 pacem
1457 2814 1619 2869 etiam
1661 2826 1853 2866 omnes
1881 2810 2086 2873 venire,

505 2911 1047 2980 communionemque
1073 2910 1252 2964 cuncti
1282 2907 1478 2963 debent
1503 2906 1664 2960 etiam
1695 2903 1929 2958 infantes
1953 2901 2091 2958 acci-

505 3015 652 3070 pere.
681 3001 809 3056 Post
839 3002 1060 3058 missam
1085 3001 1298 3072 pulsata
1323 2999 1527 3061 tabula,
1562 2997 1655 3051 fiat
1683 2995 1863 3051 brevis
1892 2993 2089 3057 oratio,

503 3092 650 3144 sicut
677 3090 796 3147 aliis
817 3091 1006 3146 diebus
1027 3099 1156 3144 ante
1181 3103 1465 3156 vesperam
1498 3085 1714 3139 solittun
1734 3092 1837 3137 est.

575 3177 932 3250 Posteaquam
987 3179 1139 3234 exuti
1171 3177 1370 3232 fuerint
1407 3175 1482 3228 illi
1509 3175 1599 3245 qui
1641 3181 1828 3228 sancta
1863 3170 2090 3226 admini-

503 3280 764 3338 strarant,
796 3272 960 3326 simul
999 3284 1191 3325 onmes
1215 3269 1268 3323 in
1294 3266 1585 3323 refectorio
1611 3265 1832 3319 veniant
1864 3263 2090 3318 mixtum

504 3362 785 3432 accipere.
844 3365 1093 3418 Decanus
1137 3369 1318 3416 autem
1351 3355 1725 3421 claustrcusis,
1763 3363 1818 3408 et
1857 3354 2094 3408 decanus

505 3456 721 3528 dignior
746 3456 997 3518 forensis,
1039 3470 1164 3510 cum
1193 3451 1496 3508 camerario
1536 3449 1720 3520 (etiam
1750 3447 1817 3502 de
1845 3447 1964 3501 aliis
1987 3444 2096 3500 fra-

506 3549 698 3613 tribus,
725 3547 923 3618 quibus
943 3541 1692 3616 velint,assumptis)interim
1720 3541 1846 3595 dum
1871 3539 1922 3593 iu
1953 3538 2093 3593 refe-

505 3639 685 3694 ctorio
738 3647 867 3694 sunt
915 3638 1137 3705 fratres,
1171 3638 1224 3694 in
1274 3637 1449 3692 locum
1475 3651 1584 3706 quo
1605 3633 1959 3690 constitutum
1987 3637 2090 3694 est,

504 3730 761 3786 videlicet
809 3729 863 3785 in
886 3728 1125 3786 claustro
1150 3730 1303 3801 juxta
1334 3729 1626 3786 ecclesiam
1658 3727 1928 3782 deducant
1959 3739 2094 3794 pau-

503 3828 665 3894 peres
693 3821 759 3876 ad
779 3822 1096 3877 sedendum.

578 3915 913 3972 Exeuntibus
967 3917 1034 3971 de
1095 3915 1384 3972 refectorio
1436 3915 1697 3971 fratribus
1749 3923 1906 3968 sonet
1948 3911 2096 3981 prior

511 4005 774 4074 tabulam;
835 4007 1160 4062 conveniant
1223 4021 1413 4062 omnes
1453 4007 1504 4060 in
1561 4005 1880 4066 claustrum,
1937 4002 2093 4074 juxta

507 4100 938 4171 promptuarium
961 4109 1126 4164 stent,
1151 4100 1221 4156 ibi
1241 4100 1382 4154 sicut
1408 4106 1535 4154 sunt
1546 4098 1754 4168 priores
1778 4095 2092 4158 ordinatim,

507 4202 568 4246 ut
606 4194 772 4248 moris
819 4201 923 4259 est,
959 4193 1026 4247 ad
1068 4193 1474 4264 processionem
1506 4199 1668 4244 stare.
1702 4189 1860 4244 Pueri
1885 4197 2014 4243 eant
2040 4186 2092 4240 in

507 4285 715 4349 schola,
747 4287 1008 4358 magistro
1040 4289 1184 4342 inter
1210 4301 1304 4340 eos
1325 4292 1503 4340 stante
1521 4283 1676 4354 juxta
1705 4282 1924 4336 ordines
1945 4294 2093 4347 suos,

507 4378 563 4432 in
594 4389 720 4433 ante
748 4394 1039 4448 pauperes.
1076 4379 1402 4447 lucipientes
1439 4386 1693 4430 cantores
1718 4373 2091 4441 antiphonam,

506 4470 763 4524 Donunus
819 4469 999 4535 Iesus,
1045 4471 1264 4525 flectant
1308 4485 1498 4524 omnes
1543 4483 1715 4538 genua

509 4563 577 4617 ad
605 4564 894 4629 orientem,
931 4571 988 4616 ut
1019 4564 1068 4617 in
1093 4563 1173 4617 eis
1199 4563 1448 4617 Christus
1474 4561 1751 4615 adoretur.
1785 4559 2093 4626 Eademque

511 4663 636 4708 ante
670 4656 984 4725 peregrinos
1032 4655 1233 4710 faciant
1263 4655 1509 4726 magistri
1538 4669 1659 4710 cum
1686 4652 2011 4715 infantibus,
2040 4659 2094 4704 et

511 4747 776 4816 incipiant
827 4747 1028 4813 lavare,
1087 4759 1204 4815 post
1250 4749 1542 4818 psalmum,
1595 4746 1736 4800 Deus
1759 4746 2086 4798 misereatur.

510 4837 800 4908 Po.tquam
865 4856 1301 4911 unumquemque
1361 4855 1578 4895 versum
1633 4838 1906 4908 expletum
1969 4851 2091 4889 cum

510 4931 803 5000 antiphona
833 4931 1090 4988 Dominus
1116 4932 1299 4997 Jesus,
1345 4932 1654 4997 habuerint,
1687 4929 1930 4999 psalmus
1960 4928 2089 4982 inci-

507 5021 708 5091 piatur,
743 5021 893 5077 Beati
930 5023 1254 5077 intntaculati
1277 5036 1298 5077 .'
1320 5032 1375 5076 et
1397 5023 1464 5075 ad
1497 5021 1916 5090 unumquodque
1944 5020 2092 5088 capi-

512 5111 682 5167 tulum
739 5113 933 5168 iterum
979 5114 1299 5184 incipiatur,
1351 5111 1613 5167 Dominus
1661 5111 1847 5177 Jesus,
1901 5126 2089 5182 usque,

510 5204 723 5262 lucerna
750 5208 964 5278 pedibus
995 5210 1142 5262 meis.
1176 5208 1370 5262 Postea
1400 5205 1651 5260 dicantur
1693 5205 1809 5259 alia!
1839 5205 2092 5274 antipbo-

509 5313 616 5364 me,
655 5299 826 5356 donec
853 5298 1050 5370 singuli
1073 5297 1271 5352 fratres
1320 5295 1544 5367 singulis
1575 5294 1900 5366 pauperibus
1933 5291 2095 5362 pedes

483 5389 712 5464 lavent,
747 5399 958 5462 tergant
985 5400 1040 5445 et
1059 5389 1392 5446 osculentur.
1438 5389 1530 5443 llle
1552 5401 1785 5456 namque
1809 5385 1900 5454 qui
1925 5384 2090 5448 lavat,

514 5491 687 5552 tergat
709 5494 871 5553 atque
893 5483 1170 5540 osculetur
1199 5498 1386 5538 eorum
1439 5483 1632 5552 pedes;
1660 5479 1800 5534 alius
1821 5477 2093 5548 accipiens

461 5575 464 5584 '
511 5569 733 5628 linteum
790 5575 843 5629 iu
879 5575 1068 5646 primis
1099 5575 1403 5631 concham:
1435 5574 1552 5643 ipse
1581 5579 1670 5626 eat
1693 5568 1962 5625 adlocum
1998 5567 2090 5623 ubi

611 5733 700 5809 10)
740 5733 1025 5802 Formntac,
1056 5734 1263 5799 formas,
1315 5744 1559 5796 scamna,
1591 5725 1801 5783 sedilia.

2191 1876 2608 1930 misericordiam
2642 1887 2805 1930 tuam.
2867 1875 3030 1946 Kyrie
3057 1875 3277 1940 eleisou,
3339 1875 3534 1929 Christe
3551 1879 3714 1942 eleison,

2195 1966 2354 2038 Kyrie
2403 1968 2618 2023 eleison.
2659 1967 2818 2021 Pater
2847 1979 3043 2033 uoster,
3071 1976 3126 2021 et
3154 1966 3217 2019 Et
3248 1983 3313 2019 ne
3346 1983 3456 2019 nos.
3486 1965 3595 2020 Post
3620 1967 3719 2022 hanc

2189 2061 2490 2116 orationem
2515 2061 2697 2115 dicant
2713 2075 2812 2128 ape
2823 2069 2921 2123 rte,
2938 2057 3298 2129 Suscepimus,
3317 2058 3477 2122 Deus,
3490 2063 3719 2124 misericor-

2190 2149 2332 2203 diam
2360 2159 2525 2203 tuam.
2575 2147 2652 2203 Tu
2700 2149 2960 2202 mandasti
2989 2149 3246 2201 mtmduta
3293 2157 3414 2212 tun,
3441 2147 3718 2202 Dominer

2193 2241 2382 2295 Iurasti
2412 2241 2567 2311 pedes
2599 2241 3226 2311 discipulorumtuorum.
3259 2239 3325 2292 Et
3355 2239 3536 2293 oratio.
3561 2241 3717 2309 Adeste.

2193 2332 2630 2402 Domine,noxtra'
2641 2333 2914 2387 servitutis.
2937 2331 3058 2387 Psal
3069 2347 3208 2386 mus.
3227 2331 3478 2386 Miserere
3491 2332 3594 2395 mei,
3607 2331 3722 2394 Deus,

2193 2426 2410 2479 dicatur
2461 2424 2562 2479 sub
2584 2423 2821 2491 silentio,
2866 2425 3050 2494 sicque
3080 2423 3402 2478 sonantibus
3435 2422 3607 2476 tabulis
3630 2437 3721 2475 eant

2197 2517 2248 2567 in
2275 2515 2500 2569 chorum
2529 2514 2596 2568 ad
2647 2529 2940 2582 vesperas;
2983 2529 3216 2582 cumque
3268 2513 3470 2566 fuerint
3512 2513 3666 2583 singuli
3687 2515 3722 2582 in

2193 2604 2327 2659 locis
2362 2605 2499 2667 suis,
2527 2619 2660 2674 puer
2685 2604 2907 2672 incipiat
2932 2599 3311 2672 antipbonam,
3338 2601 3554 2654 Calicem
3579 2603 3724 2654 salttta-
3814 2621 3815 2670 ξ

2195 2714 2320 2751 rem.
2350 2697 2616 2762 Psalmus,
2640 2695 2869 2750 Credidi.
2894 2695 3224 2764 Antiphona.
3254 2709 3375 2746 eum
3397 2693 3482 2754 his
3502 2693 3593 2762 qui.
3617 2692 3679 2746 Ps:
3695 2692 3725 2744 l—
3814 2683 3815 2696 ¹

2197 2803 2336 2850 Inus,
2353 2788 2434 2864 Ad
2460 2787 2882 2842 Dominumdum
2905 2785 3208 2839 tribularer.
3225 2781 3726 2858 Antiphona,Curtod_i

2195 2895 2295 2932 nte.
2323 2877 2592 2944 Psalmus,
2622 2877 2867 2943 Domine,
2899 2876 3142 2930 clamavi.
3173 2875 3505 2946 Antiphona.
3532 2872 3726 2928 Conside-

2195 2973 2398 3025 rabam.
2439 2970 2712 3037 Psalmus,
2770 2967 2905 3023 Voce
2937 2985 3072 3022 mea.
3098 2967 3368 3022 Euntibus
3397 2966 3662 3022 senioribus
3681 2947 3727 3018 ad

2200 3063 2570 3130 refectorium,
2619 3063 2902 3119 secretarii
2935 3060 3343 3130 discoopcriant
3369 3059 3572 3114 altaria.
3596 3059 3641 3111 In
3667 3071 3727 3110 τε-
3814 3055 3815 3130 ᾖ

2202 3156 2429 3212 fectorio
2457 3157 2570 3212 sint
2597 3157 2791 3212 tabulae
2819 3164 3110 3227 coopertae,
3133 3164 3188 3210 et
3217 3154 3536 3209 charitatem
3555 3152 3725 3228 faciant.
3814 3173 3815 3228 ξ

2198 3249 2318 3320 Ipsa
2341 3249 2430 3304 die
2456 3264 2561 3304 non
2585 3247 2745 3305 debet
2790 3247 3253 3318 eloemosynarius
3291 3259 3485 3314 panem
3514 3254 3561 3300 et
3584 3243 3724 3296 vinum

2198 3343 2475 3413 accipere,
2516 3357 2692 3412 neque
2724 3339 2962 3396 Sabbato
2992 3348 3178 3394 sancto
3211 3338 3358 3408 quod
3388 3336 3672 3391 remanserit
3693 3333 3730 3390 in
3814 3371 3815 3413 ᾖ

2197 3435 2505 3490 refectorio.
2533 3435 2665 3490 Cum
2690 3432 2922 3506 exierint
2958 3430 3156 3486 fratres
3187 3428 3492 3486 versiculos
3525 3424 3730 3482 etomnia
3814 3424 3815 3494 ξ

2197 3525 2384 3578 dicant
2429 3524 2530 3578 sub
2577 3503 2830 3587 silentio;
2882 3521 3076 3576 deinde
3128 3518 3312 3572 lavent
3357 3517 3519 3589 pedes
3541 3523 3729 3582 suos,et

2197 3625 2569 3688 praeparentur
2594 3615 2660 3672 ad
2690 3614 3005 3670 mandatum
3033 3613 3288 3667 fratrum.
3814 3591 3815 3668 i

2269 3710 2509 3765 Primum
2539 3717 2722 3764 autem
2762 3722 2890 3763 cum
2932 3706 2996 3760 ad
3041 3705 3360 3760 mandatum
3403 3701 3729 3758 convenerint.

2199 3803 2640 3874 hebdomadari'r,
2682 3801 2772 3873 qui
2803 3799 3010 3856 exituri
3037 3807 3160 3854 sunt
3188 3799 3256 3854 de
3282 3797 3509 3866 coquina
3535 3790 3730 3863 sequenti
3814 3791 3815 3848 l

2200 3895 2515 3960 Dominica,
2568 3895 2734 3965 pedes
2773 3891 3025 3947 omnibus
3065 3890 3272 3945 lavent.
3317 3887 3513 3943 Postea
3555 3887 3734 3939 domnus

2199 3989 2386 4052 abbas,
2420 3987 2464 4042 si
2495 3999 2736 4056 praesens
2785 3983 2982 4048 fuerit,
3023 3997 3088 4037 ex
3145 3996 3254 4034 una
3299 3987 3478 4050 parte,
3517 3977 3648 4046 prior
3683 3989 3730 4026 et

2201 4079 2370 4134 altera
2421 4077 2602 4131 lavent
2651 4076 2838 4146 pedes,
2885 4083 3099 4142 tergant
3141 4080 3199 4126 et
3248 4068 3574 4124 osculeutur.
3617 4063 3732 4130 Quod
3814 4093 3815 4140 ξ

2200 4187 2323 4226 cum
2355 4169 2521 4225 fuerit
2547 4168 2844 4240 expletum,
2869 4166 3049 4220 veniat
3075 4165 3308 4218 domnus
3337 4161 3502 4215 abbas
3525 4159 3572 4212 in
3597 4158 3731 4211 locum
3814 4215 3815 4230 χ

2201 4278 2380 4328 suurn,
2420 4270 2476 4316 et
2529 4260 2634 4316 duo
2681 4259 2880 4312 fratres
2907 4257 3089 4311 lavent
3118 4253 3220 4325 ipsi
3258 4253 3449 4325 pedes.
3485 4251 3738 4306 Servitores
3814 4321 3815 4330 χ

2201 4364 2383 4409 autem
2426 4353 2578 4410 foras
2627 4351 2927 4422 capitulum
2975 4350 3177 4403 lavent.
3227 4347 3366 4404 Cum
3418 4361 3540 4401 vero
3584 4356 3736 4398 manus
3814 4353 3815 4422 ᾖ

1751 4433 1846 4521 sua-
1875 4469 1926 4520 ίη
1952 4433 2092 4519 [ϐιοΓᾷ
2128 4479 2174 4533 D
2205 4444 2400 4500 abluta:
2453 4442 2676 4508 fuerint,
2730 4441 2913 4496 veniat
2961 4439 3221 4492 diaconus
3263 4446 3321 4492 et
3356 4445 3467 4491 tres
3492 4433 3734 4492 servituros

2200 4546 2255 4592 et
2285 4535 2592 4591 vestiantur
2623 4536 2677 4588 in
2707 4531 2935 4588 ecclesia
2964 4549 2976 4582 :
3031 4530 3299 4584 diaconus
3353 4527 3518 4583 stelas
3562 4523 3731 4582 habeat,

2198 4640 2253 4686 et
2279 4629 2614 4700 accipientes
2639 4627 2743 4681 duo
2769 4624 3092 4680 candelabra
3127 4639 3250 4677 cum
3285 4620 3540 4683 candelis,
3571 4628 3619 4674 et
3646 4617 3735 4670 thl-

2201 4723 2435 4779 ribulum
2481 4736 2603 4777 cum
2652 4721 2873 4774 incenso
2901 4759 2917 4784 ,
2963 4727 3227 4785 sonatque
3277 4716 3598 4770 sccretarius
3644 4725 3732 4764 cum
3814 4716 3815 4785 ξ

2200 4813 2418 4868 licentia
2458 4809 2716 4866 tabulam.
2753 4809 2906 4862 Alter
2935 4806 3244 4875 analogium
3281 4815 3481 4875 portet,
3516 4815 3567 4857 et
3592 4802 3733 4856 iliaco-

2198 4918 2302 4958 nus
2334 4911 2560 4957 textum.
2595 4900 2804 4967 Quibus
2843 4899 2914 4953 ita
2960 4896 3262 4968 capitulum
3299 4895 3614 4950 intrantibus
3645 4900 3734 4942 ante

2198 4994 2534 5066 evangelium
2587 5000 2812 5064 surgant
2860 5005 3069 5052 omnes,
3100 4997 3153 5044 et
3177 4987 3538 5041 anuumiaute
3563 4981 3735 5040 abbate.

2201 5087 2423 5156 incipiat
2467 5086 2668 5156 legere.
2705 5085 2837 5140 Cum
2891 5081 3100 5135 venerit
3151 5080 3216 5133 ad
3271 5078 3420 5132 ilhun
3475 5077 3634 5130 locum
3672 5073 3734 5123 ubi

2198 5179 2420 5243 dicitur,
2453 5174 2689 5248 Surgite,
2719 5191 2898 5230 eamus
2927 5174 3066 5238 hinc,
3093 5179 3320 5226 sonctur
3351 5169 3555 5232 tabula,
3577 5164 3736 5220 taliter-

2197 5287 2304 5342 que
2331 5272 2627 5341 procedant
2656 5269 2722 5323 ad
2749 5266 3094 5324 refectorium
3125 5282 3139 5318 :
3171 5265 3224 5318 in
3253 5263 3444 5334 primis
3471 5257 3734 5326 analogiam

2197 5374 2252 5420 et
2285 5363 2618 5420 thuribulum
2659 5375 2780 5416 cum
2815 5361 3058 5422 incenso,
3102 5357 3226 5412 dein
3264 5355 3340 5410 illi
3369 5346 3475 5409 duo
3505 5366 3618 5407 cum
3643 5362 3736 5403 ωηο

2197 5458 2451 5523 dolabris,
2503 5456 2764 5512 diaconus
2810 5453 2864 5508 in
2916 5449 3092 5506 medio
3133 5449 3373 5504 illormn.
3425 5443 3626 5499 Deinde
3666 5435 3730 5490 alii

2197 5550 2301 5606 duo
2331 5556 2386 5605 et
2417 5549 2520 5605 duo
2551 5562 2566 5602 :
2597 5545 2836 5605 infantes
2883 5541 3082 5614 quippe
3119 5540 3173 5595 in
3213 5535 3515 5596 novissimo
3541 5533 3648 5589 loco
3669 5540 3735 5582 ve-
