3864 6314
93 368 207 430 Hm

1192 318 1195 319 ν
1265 363 1639 422 DISCIPLINA
1679 362 2084 421 FARFENSIS.

3190 358 3327 415 1202

96 485 222 538 aiant
264 485 382 532 ante
422 475 688 531 abbatem.
717 475 1162 533 Pervenientibus
1192 479 1374 549 itaque
1408 482 1458 535 in
1494 479 1629 535 refe-
1662 489 1701 544 Α
1727 478 1878 548 juxta
1909 478 2080 532 altare
2107 492 2242 530 unus
2264 476 2388 531 hinc
2412 519 2425 542 ,
2449 475 2585 531 alius
2628 474 2771 541 inde,
2809 474 3052 530 dividant
3081 470 3181 528 sibi
3210 474 3325 528 siu-

94 571 314 634 etoriutn,
344 570 568 623 domnus
607 567 775 621 abbas
799 577 852 622 et
884 569 1050 637 prior,
1086 570 1522 625 ministrantibus
1560 571 1638 626 eis

95 666 260 736 quibus
285 663 576 730 injunctum
606 662 767 716 fuerit
792 661 1073 728 fratribus,
1100 665 1292 718 dantes
1315 666 1639 721 osculentnr

96 771 259 811 manus
283 769 489 817 eorum,
525 762 580 807 et
610 752 905 808 infantibus
930 754 1180 810 similiter
1207 773 1221 821 ;
1261 757 1501 811 lectione
1532 774 1638 811 au-

98 858 184 902 tent
210 846 506 909 terminata,
540 842 800 900 diaconus
839 845 1020 900 ablata
1056 847 1193 902 stola
1221 863 1346 902 cum
1374 847 1514 910 aliis,
1548 849 1641 918 qui

96 936 275 995 suntin
302 936 454 999 albis.
501 935 566 989 ad
618 935 854 991 tabulam
900 936 1083 992 domui
1125 937 1339 994 abbatis
1368 939 1640 1004 sedentes,

95 1040 252 1100 potum
295 1028 545 1084 similiter
593 1027 897 1097 accipiant,
959 1037 1015 1083 et
1069 1029 1279 1084 bibant.
1334 1030 1467 1086 Cum
1520 1030 1644 1085 inde

97 1128 406 1178 revertuntur
432 1119 499 1175 ad
529 1118 840 1182 ecclesiam,
886 1120 1256 1190 unusquisque
1299 1130 1410 1176 stet
1441 1122 1493 1174 itt
1529 1136 1630 1176 suo

98 1208 195 1264 loco
219 1222 394 1263 versus
438 1220 625 1263 contra
670 1206 988 1273 orientem;
1035 1206 1265 1276 juvenes
1316 1211 1383 1264 ad
1437 1208 1645 1265 formas

99 1310 237 1365 Stetit,
271 1309 486 1357 cantent
517 1299 941 1373 completorium
970 1301 1072 1357 sub
1102 1301 1321 1358 silentio
1350 1302 1643 1371 unusquis-

98 1405 186 1462 que
208 1406 293 1461 per
308 1405 387 1446 se.

678 1480 909 1536 CAPUT
946 1479 1035 1535 Ill.

386 1571 454 1626 In
495 1570 821 1627 Parasceven
852 1572 1077 1642 qualiter
1099 1581 1311 1642 agatur.

160 1664 208 1719 In
246 1664 539 1721 Parasceve
586 1666 806 1720 totidem
857 1666 969 1720 sint
1021 1680 1267 1720 accensa:
1313 1665 1550 1721 candelae
1584 1667 1652 1723 ad

102 1766 374 1824 nocturnas,
406 1766 541 1827 quot
576 1757 779 1828 psalmi
809 1767 938 1813 sunt
960 1758 1268 1828 imponendi
1296 1777 1309 1813 :
1343 1757 1482 1813 facta
1511 1759 1655 1815 trina

100 1850 313 1905 oratione
364 1859 775 1920 perstrepentur
828 1850 1024 1905 tabula:
1083 1850 1204 1906 loco
1261 1852 1538 1920 signorum
1594 1852 1650 1906 iu
1685 1845 1726 1904 Β

100 1941 325 1996 claustro.
355 1940 542 1996 Lectio
566 1940 629 1994 ad
655 1942 983 2012 ingressum,
1025 1940 1088 1995 Et
1119 1943 1393 1995 recordata
1420 1952 1493 1996 est
1523 1940 1655 1996 Ilie-

102 2031 313 2096 rusat'em,
336 2045 399 2084 ex
428 2030 721 2085 Hieretuia.
749 2031 805 2085 In
835 2031 1094 2095 secundo,
1127 2029 1526 2086 Considerantes
1561 2051 1653 2087 au-

101 2128 202 2185 tem,
240 2135 300 2175 ex
343 2131 581 2176 tractatu
628 2122 772 2177 beati
802 2122 1117 2193 Augustini.
1151 2122 1393 2179 Tertium
1428 2135 1655 2179 noctuin-

101 2224 205 2263 num
248 2211 450 2282 legatur
496 2213 562 2267 de
608 2213 848 2283 Epistula
888 2211 957 2267 ad
1002 2211 1276 2278 Hebraeos,
1313 2212 1651 2271 Festinemus

100 2301 303 2370 ingredi;
335 2303 547 2373 reliqua
583 2304 688 2358 alia
722 2304 863 2360 sicut
908 2322 1093 2377 supra.
1128 2304 1225 2359 Die
1257 2304 1360 2359 ista
1395 2305 1488 2360 sed
1517 2304 1657 2360 Sab-

102 2391 383 2448 batohoras
427 2394 533 2448 sub
579 2393 799 2449 silentio
845 2394 1056 2459 dicant,
1110 2394 1430 2465 regulariter
1477 2396 1656 2451 versis

100 2483 303 2542 vultibus
330 2487 393 2541 ad
421 2486 622 2542 altare.
656 2483 894 2544 Iuvenes
923 2489 992 2543 ad
1012 2486 1219 2544 formas
1244 2498 1393 2544 stent
1422 2506 1437 2543 ε
1468 2487 1655 2542 Domi-

103 2592 182 2630 nus
225 2579 480 2634 vobiscum
533 2595 801 2650 nusquam
843 2581 1058 2636 dicatur
1102 2595 1201 2652 pro
1259 2581 1361 2636 hac
1402 2579 1525 2647 die;
1586 2581 1654 2636 ad

102 2669 294 2738 primam
341 2672 569 2728 veniant
620 2672 951 2738 discalciati,
1003 2678 1167 2744 quam
1218 2671 1404 2728 dicant
1444 2673 1544 2727 sub
1580 2672 1655 2727 si-

102 2758 256 2816 lentio.
292 2763 601 2834 Antiphona
646 2779 714 2819 ex
762 2763 1053 2835 Evangelio
1098 2763 1268 2833 ipsius
1308 2761 1453 2827 diei,
1513 2761 1657 2817 sicut

99 2851 172 2907 die
200 2853 277 2909 illa
314 2857 378 2912 ad
432 2857 601 2911 horas
655 2857 1039 2926 prmtniseruttt
1068 2856 1134 2911 de
1161 2856 1309 2916 suis;
1335 2856 1406 2909 ita
1433 2863 1488 2909 et
1518 2854 1657 2909 Sab—

101 2943 204 3000 bato
225 2960 400 3004 sancto
426 2949 500 3005 de
536 2949 937 3019 proprietaneis
972 2947 1283 3018 antiphonis
1314 2961 1653 3018 prosequan-

105 3042 187 3089 tur.
208 3036 323 3093 Post
348 3041 581 3110 primam
609 3040 792 3095 dicant
818 3049 1024 3109 septem
1064 3038 1302 3108 psalmos
1352 3036 1655 3092 commani-

106 3133 189 3190 ter,
209 3137 257 3181 et
278 3128 544 3183 litaniam.
572 3129 847 3185 Exeunles
868 3129 1231 3184 communiter
1257 3128 1450 3183 fratres
1472 3126 1655 3180 dicant

105 3215 146 3269 in
168 3218 381 3275 claustro
404 3220 735 3275 Psalterium
757 3237 823 3275 ex
843 3222 1078 3293 integro,
1109 3220 1347 3275 Laudare
1374 3223 1654 3277 Dominum

103 3307 154 3362 de
175 3311 300 3363 caelis
325 3328 518 3381 usque.
556 3312 664 3367 Sed
694 3322 747 3367 et
770 3314 1009 3369 infantes
1038 3329 1162 3369 cum
1196 3314 1471 3385 magistris
1499 3311 1652 3367 sinti-

104 3396 201 3453 liter
237 3400 449 3458 factum.
504 3403 735 3459 Coronae
782 3411 837 3457 et
889 3417 1081 3458 omnes
1129 3417 1321 3457 cruces
1376 3403 1662 3470 discoope-

105 3491 283 3546 n’antur
326 3505 453 3549 ante
505 3497 753 3561 tertiam;
811 3496 932 3551 istis
986 3509 1225 3565 namque
1278 3495 1488 3550 duobus
1548 3494 1661 3548 die-

104 3581 220 3650 Lus,
278 3590 454 3658 majus
510 3588 604 3643 fiat
654 3589 1042 3656 intervallum,
1103 3603 1266 3659 quam
1329 3585 1660 3651 solitifsunt

106 3686 258 3742 agere.

164 3766 280 3824 Post
322 3787 524 3827 nonam
556 3788 686 3827 vero
716 3774 1019 3828 vestiantur
1060 3773 1194 3828 albis
1222 3772 1320 3838 illi,
1362 3772 1451 3842 qui
1496 3771 1659 3827 obse-

105 3860 262 3928 quium
297 3879 460 3935 agere
502 3865 702 3921 debent
737 3867 1002 3931 ecclesia),
1047 3875 1103 3921 et
1134 3865 1371 3920 infantes
1402 3866 1522 3919 toti.
1557 3864 1666 3919 Re-

107 3957 409 4013 vertentihus
457 3973 521 4011 ex
569 3958 693 4027 igne
733 3959 1039 4024 benedicto,
1070 3959 1222 4027 prior
1248 3958 1410 4013 debet
1444 3967 1663 4028 portare

106 4038 278 4100 lumen.
323 4047 471 4105 Illico
495 4058 553 4102 ttt
578 4049 825 4120 perventi
857 4050 950 4120 (ita
981 4050 1129 4120 mss.)
1156 4048 1355 4105 fuerint
1384 4049 1437 4102 itt
1468 4050 1662 4113 choro,

106 4134 433 4196 subdiaconus
489 4141 633 4197 dicat
676 4142 964 4197 lectionem
1015 4140 1323 4206 llieremirc,
1360 4138 1486 4194 Hcce
1540 4139 1663 4192 dicit

110 4226 329 4287 Dominus
358 4233 542 4290 Deus:
567 4233 632 4287 In
657 4233 996 4287 tribulatione
1023 4249 1120 4286 sua
1152 4248 1307 4285 mane
1356 4239 1664 4300 consurgent

108 4323 165 4375 ad
182 4341 269 4380 me.
296 4327 713 4383 Revertentibus
735 4342 803 4383 ett
835 4328 958 4397 igne
980 4325 1288 4389 henctlicto,
1328 4324 1549 4379 veniant
1572 4339 1663 4377 sa.

109 4414 328 4472 cerdotes
352 4419 417 4473 de
450 4418 697 4473 sacrario
743 4433 864 4473 cum
910 4416 1081 4472 sacris
1123 4414 1404 4470 ordinibus
1440 4428 1562 4469 cum
1592 4413 1666 4467 si-

111 4501 254 4562 lentio
302 4509 436 4563 nihil
483 4519 745 4564 canentes
777 4508 845 4562 ad
875 4507 1070 4569 altare,
1110 4504 1445 4576 postulantes
1481 4518 1580 4575 pro
1604 4519 1662 4557 se
1697 4545 1741 4602 D

108 4601 248 4656 orari.
285 4603 414 4657 Dum
446 4602 588 4659 facta
626 4603 788 4659 fuerit
816 4602 1090 4659 confessio
1120 4618 1245 4657 cum
1292 4600 1453 4655 levita
1494 4601 1658 4664 dicat,

109 4688 327 4763 Oremus,
377 4699 641 4755 diaconus
681 4699 1017 4769 pronuntiet,
1050 4695 1355 4752 Flectamus
1377 4713 1572 4767 genua,
1612 4706 1665 4749 et

110 4793 212 4848 Post
244 4788 514 4856 paululum
559 4789 728 4856 dicat,
773 4786 960 4844 Leonte
991 4789 1102 4859 (Η)
1128 4804 1143 4853 ;
1180 4797 1235 4843 et
1264 4786 1518 4843 sacerdos
1545 4800 1668 4853 pro—

111 4884 203 4927 ntat
230 4876 361 4934 hanc
397 4880 727 4945 orationem,
764 4877 906 4932 Deus
940 4895 969 4930 a
996 4893 1098 4948 quo
1126 4887 1173 4931 et
1198 4876 1390 4931 Judas.
1425 4875 1665 4945 Prophe-

112 4964 190 5031 tia,
223 4966 344 5024 lltrc
390 4972 517 5027 dicit
573 4971 849 5026 Dominus.
886 4970 1138 5036 Tractus,
1178 4969 1422 5035 Domine,
1469 4969 1667 5022 audivi.

110 5054 240 5115 Tunc
264 5064 531 5131 prtccedat
560 5065 817 5121 sacerdos
847 5071 905 5118 et
942 5063 1089 5118 dicat
1122 5062 1189 5118 ad
1219 5060 1662 5126 altare,0remus.

111 5144 274 5207 Levita
305 5155 636 5225 pronuntiet,
671 5152 975 5210 Flectamus
1007 5171 1197 5226 genua.
1239 5151 1495 5221 Oremus,
1531 5153 1667 5207 Deus

108 5243 184 5307 qui
206 5247 396 5311 peccati
418 5249 625 5302 veteris.
657 5245 843 5302 Lectio
886 5248 953 5302 de
997 5247 1206 5313 Exodo,
1240 5246 1384 5301 Dixit
1413 5246 1671 5305 Dominus

111 5334 169 5386 ad
204 5336 431 5409 Moysen.
462 5341 717 5407 Tractus,
762 5341 923 5412 Eripe
960 5359 1010 5395 m
1046 5383 1061 5407 ,
1112 5342 1350 5397 Domine.
1408 5342 1671 5396 Similiter

112 5430 449 5499 recapitulent
471 5449 568 5504 per
591 5448 1033 5503 unumquemque
1066 5448 1308 5487 versum.
1338 5432 1529 5488 Passio
1554 5432 1672 5487 sine

112 5514 414 5608 salutatione
442 5524 672 5608 legatur.
725 5524 864 5580 Cttttt
886 5533 1070 5579 autem
1103 5524 1302 5580 dixerit
1330 5524 1439 5589 ille,
1472 5524 1562 5595 qtti
1596 5523 1671 5578 lc-

113 5605 181 5671 εἱι
204 5625 433 5684 versum,
461 5605 761 5675 Diviserunt
790 5617 889 5672 sibi
913 5619 1215 5674 vestimenta
1237 5634 1373 5685 mea,
1397 5618 1675 5674 venientes

1740 571 1947 625 dones:
1978 585 2082 638 qua
2126 567 2364 639 perfecta
2415 567 2598 620 veniat
2642 568 2897 621 sacerdos
2946 566 3012 619 ad
3046 552 3243 634 altare,
3272 573 3328 619 et

1741 660 2009 715 solemnes
2059 660 2358 725 orationes,
2409 673 2529 727 quae
2578 666 2700 711 sunt
2751 658 2801 711 in
2844 657 3327 712 Sacramentorum

1743 752 1881 807 libro
1925 753 2067 806 dicat
2100 770 2111 805 :
2144 761 2199 807 ct
2242 767 2343 823 pro
2398 749 2600 806 ludatis
2642 767 2751 806 non
2784 751 3001 806 dicatur
3025 750 3330 807 Flectamus

1742 861 1933 915 genua.

1817 935 2027 1003 Quibus
2054 937 2268 993 exactis
2298 937 2620 993 ordinentur
2662 938 2862 1007 tapetia
2896 946 3022 992 ante
3050 936 3242 1003 altare,
3275 945 3325 991 et

1746 1032 2003 1087 sacerdos
2043 1040 2207 1085 exuat
2231 1046 2290 1086 se
2322 1030 2505 1085 casula
2546 1038 2708 1097 atque
2750 1029 2885 1084 stola
2918 1069 2932 1093 ,
2976 1038 3031 1083 et
3076 1029 3334 1084 diaconus

1753 1121 1933 1185 stola;
1988 1120 2116 1191 quia
2164 1121 2218 1176 in
2265 1120 2370 1175 hac
2414 1120 2547 1173 hora
2599 1120 2733 1174 sine.
2769 1119 2952 1174 casula
2980 1133 3099 1174 esse
3154 1121 3332 1174 debet.

1750 1215 1954 1269 Deinde
1997 1222 2196 1268 exeant
2218 1213 2325 1268 duo
2351 1214 2666 1267 sacerdotes
2691 1210 2775 1266 vel
2808 1210 3040 1276 diaconi,
3086 1210 3221 1265 albis
3250 1210 3333 1262 in-

1751 1306 1861 1361 duti
1912 1314 2287 1360 sustentantes
2329 1319 2547 1360 crucem
2602 1319 2721 1373 quae
2767 1302 2941 1358 velata
2986 1317 3105 1358 esse
3156 1301 3335 1363 debet,

1752 1406 1897 1461 retro
1945 1396 2115 1451 altare
2152 1404 2411 1452 canentes
2458 1410 2693 1460 versum,
2742 1391 2941 1463 Popule
2990 1409 3155 1447 meus.
3208 1391 3337 1445 Haec

1753 1488 2065 1543 communia
2096 1488 2203 1542 sint
2236 1496 2361 1542 ante
2395 1486 2610 1553 altare;
2653 1487 2759 1540 duo
2801 1484 2938 1539 albis
2974 1483 3056 1539 vel
3102 1493 3213 1551 tres
3262 1484 3337 1538 si-

1755 1577 1955 1632 militer
2004 1576 2175 1631 induti
2225 1575 2410 1632 Graece
2461 1576 2882 1646 respondentes,
2930 1575 3076 1647 ἅγιος
3110 1574 3136 1630 ὁ
3173 1573 3335 1634 θεὸςε

1756 1670 1951 1724 deinde
1978 1670 2158 1725 clerus
2189 1670 2383 1725 Latine
2428 1684 2765 1740 prosequens
2804 1669 3073 1732 decantet,
3114 1665 3338 1720 Sanctus

1757 1761 1924 1828 Deus,
1949 1763 2179 1817 Sanctus
2212 1762 2364 1831 {ortis
2389 1779 2407 1817 .'
2435 1762 2560 1818 inde
2588 1761 2716 1826 duo,
2752 1760 2843 1829 qui
2877 1774 3095 1813 crucem
3122 1765 3342 1812 susten-

1758 1864 1873 1911 tant
1927 1867 2210 1912 moventes
2233 1872 2292 1911 se
2316 1838 2567 1911 deferant
2606 1869 2822 1909 crucem
2869 1850 3259 1921 aliquantulum
3288 1848 3342 1903 in

1755 1957 1914 2003 antea
1954 1958 2214 2002 canentes
2258 1947 2454 2001 iterum
2497 1944 2844 2007 versiculum,
2896 1944 2999 2007 Qui
3034 1942 3214 1996 eduxit
3270 1950 3340 1994 te.

1754 2039 2133 2110 Respondeant
2157 2040 2265 2094 duo
2294 2080 2307 2105 ,
2337 2040 2483 2111 ἅγιος
2524 2037 2549 2093 ὁ
2588 2039 2710 2097 Θεὸς
2742 2054 2755 2089 :
2792 2051 2855 2090 ac
2902 2034 3097 2087 deinde
3140 2032 3340 2092 clerus.

1754 2132 2115 2202 subsequatur
2144 2145 2159 2184 :
2186 2128 2413 2185 Sanctus
2480 2127 2663 2183 Deus:
2691 2127 2887 2181 iterum
2917 2136 3048 2179 vero
3088 2124 3178 2193 qui
3221 2138 3346 2177 crus

1755 2241 1871 2280 erm
1898 2231 2206 2279 sustentant
2229 2222 2551 2277 accedentes
2575 2234 2741 2290 prOpc
2764 2218 2936 2273 altare
2957 2224 3177 2281 canant,
3205 2213 3345 2281 Quid

1755 2319 1913 2374 ultra.
1962 2318 2342 2388 Respondeant
2389 2318 2535 2383 duo,
2596 2315 2740 2391 ἅγιος
2788 2314 2814 2370 ὁ
2856 2316 2982 2374 Θεὸς
3010 2331 3020 2366 :
3047 2327 3111 2368 ac
3148 2311 3346 2366 deittde

1756 2412 1973 2469 clerus:
2014 2410 2244 2467 Sanctus
2292 2410 2451 2465 Deus.
2510 2408 2663 2463 Tunc
2716 2408 2817 2479 ipsi
2863 2406 2970 2461 duo
2998 2404 3090 2474 qui
3122 2418 3343 2459 crucem

1757 2510 1943 2559 tenent
1996 2502 2278 2558 venientes
2323 2510 2451 2556 ante
2490 2500 2682 2565 altare,
2713 2511 3042 2564 crucemque
3077 2495 3359 2550 nudantes

1759 2593 2026 2664 incipiant
2085 2591 2456 2661 antiphouam,
2500 2588 2638 2643 Ecce
2664 2588 2863 2659 lignum
2913 2586 3105 2640 crucis.
3162 2584 3345 2638 Finita

1756 2686 2075 2756 antiphona,
2094 2684 2294 2738 chorus
2315 2682 2476 2741 dicat,
2504 2678 2706 2743 Venite,
2736 2678 3053 2739 exaltemus,
3085 2675 3170 2729 vel
3194 2674 3347 2728 Beati

1755 2777 2110 2831 immaculati.
2160 2774 2314 2830 Tunc
2331 2771 2619 2843 projiciant
2648 2785 2708 2827 se
2741 2783 2932 2823 omnes
2961 2768 3013 2821 in
3046 2774 3190 2821 terra
3216 2765 3357 2819 adov.

1757 2880 1944 2925 rantes
1971 2875 2217 2924 sanctam
2251 2880 2466 2922 crucem
2496 2882 2512 2929 ;
2546 2864 2784 2932 dumque
2815 2861 3096 2921 aduratur,
3137 2858 3242 2912 duo
3270 2857 3346 2911 illi

1758 2965 2067 3013 sustentettt
2111 2971 2354 3020 crucem,
2387 2967 2671 3023 quousque
2698 2951 2787 3005 alii
2826 2951 3045 3004 veniant
3071 2958 3123 3003 et
3157 2947 3253 3017 ipsi
3279 2947 3346 3000 ad

1758 3050 2113 3107 adorandum.
2169 3048 2383 3104 Chorus
2431 3047 2781 3116 antiphonam
2824 3045 3093 3104 decantet,
3121 3040 3341 3094 Crucem

1761 3152 1926 3196 tuam.
1978 3141 2106 3195 Post
2152 3138 2480 3210 antipbonas
2535 3146 2799 3191 canentur
2848 3135 2902 3188 hi
2948 3147 3162 3197 versus,
3194 3128 3341 3185 Crux

1762 3232 1957 3301 ﬁdelis,
1991 3244 2045 3287 et.
2076 3232 2165 3286 alii
2198 3231 2356 3287 sicuti
2392 3230 2578 3299 scripti
2608 3236 2750 3282 sunt.

1835 3326 1970 3382 Cum
2020 3341 2147 3380 vero
2174 3341 2201 3378 a
2234 3325 2353 3379 loco
2399 3323 2486 3377 ubi
2538 3322 2761 3375 adorata
2802 3325 2884 3372 est
2936 3315 3161 3380 tollitur,
3212 3320 3265 3367 et
3296 3311 3348 3365 itt

1764 3419 1880 3473 loco
1920 3418 2146 3487 erigitur
2186 3415 2473 3487 disposito.
2520 3415 2635 3467 lucc
2678 3410 2971 3479 antipbona
3022 3408 3348 3475 imponatur,

1766 3511 1937 3581 Super
1964 3511 2139 3565 omnia
2182 3509 2324 3578 ligna
2376 3507 2673 3560 cedrorum.
2721 3504 2833 3569 Qua
2880 3509 3093 3570 peracta
3129 3498 3351 3551 abluant

1767 3617 1959 3655 manus
1984 3614 2113 3655 suas
2140 3599 2246 3653 duo
2270 3596 2597 3669 presbyteri,
2650 3606 2701 3647 et
2749 3593 3011 3646 diaconus
3055 3590 3145 3659 qui
3192 3588 3354 3643 debet

1766 3707 1964 3762 corpus
2013 3689 2223 3744 Domini
2272 3695 2531 3749 tractare,
2570 3683 2771 3738 casulis
2801 3683 2971 3736 induti
3004 3680 3086 3734 vel
3118 3678 3302 3747 cappis
3334 3694 3346 3729 :

1766 3783 1832 3835 ad
1856 3797 2013 3836 aram
2046 3781 2396 3835 constitutam
2426 3777 2647 3832 veniant
2671 3792 2790 3829 cum
2817 3772 3160 3829 cattdelabris
3188 3779 3363 3839 atque

1768 3872 2012 3937 incenso,
2056 3881 2111 3927 et
2154 3871 2409 3926 ordinent
2453 3868 2521 3922 ibi
2554 3866 2778 3921 calicem
2822 3881 2945 3920 cum
2978 3864 3101 3917 vino
3130 3871 3185 3915 et
3211 3875 3350 3929 aqua

1768 3963 1820 4017 itt
1853 3963 1970 4033 ipso
1999 3961 2195 4026 infusa,
2239 3971 2291 4015 et
2334 3958 2655 4015 conficiatur
2698 3956 2912 4011 Domini
2957 3967 3179 4023 corpus.
3222 3949 3347 4004 Mox

1767 4062 1825 4109 ut
1876 4053 2178 4124 perfectum
2240 4050 2553 4113 habuerint,
2608 4057 2662 4102 et
2706 4046 2971 4115 coeperint
3012 4056 3237 4113 pergere
3286 4039 3356 4092 ad

1768 4148 1943 4202 altare
1983 4144 2159 4214 majus
2210 4144 2261 4197 in
2310 4158 2418 4212 quo
2457 4140 2764 4195 ordinatam
2805 4136 3039 4194 habeant
3067 4134 3354 4188 sindonent

1768 4248 1931 4308 atque
1975 4236 2282 4305 corporale,
2315 4233 2462 4287 illico
2490 4238 2844 4300 prosternant
2875 4244 2934 4281 se
2961 4240 3149 4279 omnes
3179 4241 3192 4276 :
3225 4224 3352 4277 item

1770 4339 1825 4384 et
1853 4329 2109 4383 sacerdos
2139 4326 2373 4393 accipiat
2404 4321 2738 4377 thuribulum
2768 4327 2822 4374 et
2852 4319 3082 4373 calicem
3112 4318 3361 4369 incenset

1768 4432 1931 4491 atque
1954 4419 2060 4475 alte
2092 4418 2235 4473 dicat
2258 4414 2512 4471 Oremus:
2557 4410 2837 4478 Prteceptis
2869 4408 3212 4464 salutaribus.
3251 4404 3357 4458 Pa-

1770 4522 1847 4567 ter
1876 4522 2068 4565 noster.
2108 4508 2331 4572 Deinde,
2362 4505 2549 4561 Libera
2588 4520 2702 4567 nos,
2737 4516 3039 4572 qua’sumus
3060 4537 3077 4565 ,
3114 4497 3356 4561 Domine,

1772 4605 1873 4660 sub
1916 4602 2154 4658 silentio.
2193 4601 2573 4670 Subsequatur
2619 4597 2745 4659 alte,
2796 4592 2901 4647 Per
2948 4591 3123 4645 omnia
3162 4587 3360 4643 strcula

1772 4694 2086 4751 swculorum
2137 4702 2191 4747 et
2234 4691 2414 4746 mittat
2450 4703 2648 4759 corpus
2689 4684 2901 4741 Domini
2946 4683 2999 4737 in
3047 4680 3192 4735 vino.
3244 4677 3361 4731 Pax

1777 4785 1988 4841 Domini
2020 4783 2421 4855 prmtermittat.
2454 4778 2660 4835 Deinde
2706 4792 2803 4848 per
2842 4774 3090 4830 ordinem
3138 4771 3363 4825 veniant

1773 4892 1962 4933 omnes
1985 4877 2049 4931 ad
2081 4872 2618 4938 communicandum,
2666 4870 2830 4926 etiam
2862 4866 3119 4930 infantes,
3152 4873 3206 4917 ct
3236 4876 3362 4916 cum

1775 4969 2160 5026 communicati
2196 4967 2419 5031 fuerint,
2452 4974 2677 5021 sonetur
2709 4961 2913 5026 tabula,
2963 4959 3210 5027 factaque
3241 4971 3365 5008 ora-

1777 5064 1923 5120 tione
1945 5064 2127 5117 lavent
2160 5062 2324 5132 pedes
2366 5075 2515 5124 suos,
2566 5067 2620 5115 et
2665 5056 2899 5113 calcicut
2945 5061 3001 5106 et
3028 5056 3365 5106 revertentes

1779 5156 1847 5210 ad
1903 5153 2192 5210 ecclesiam
2241 5149 2633 5221 pulsantesque
2685 5161 2877 5202 omnes
2931 5142 3139 5200 tabulas
3180 5139 3368 5194 dicant

1780 5259 2037 5314 vesperas
2082 5241 2183 5298 sub
2217 5241 2431 5297 silentio
2480 5240 2851 5310 unusquisque
2875 5235 2998 5291 sibi.
3027 5232 3365 5301 Antiphonta,

1778 5338 1909 5393 Cum
1934 5338 2015 5391 Itis
2040 5336 2152 5407 qui.
2180 5333 2327 5389 Psal.
2358 5333 2436 5385 Ad
2462 5332 2767 5385 Dominum.
2798 5328 3130 5398 Antiphone.
3155 5325 3231 5378 Ab
3271 5323 3364 5376 lto-

1779 5431 2006 5485 minibus
2031 5429 2243 5501 iniquis.
2273 5427 2539 5485 Psalmus,
2570 5422 2729 5493 Eripe
2773 5440 2877 5486 me,
2926 5420 3168 5474 Domine.
3212 5415 3368 5471 Anti-

1782 5524 1983 5595 pbona,
2008 5520 2223 5576 Custodi
2255 5536 2335 5574 me
2356 5536 2387 5572 α
2411 5516 2617 5586 laqueo.
2668 5514 2933 5578 Psalutus,
2984 5512 3229 5575 Domine,
3253 5508 3369 5563 clu—

1784 5618 1943 5672 mavi.
1974 5614 2305 5685 Autipbona,
2331 5608 2767 5665 Considerabam.
2792 5605 3040 5666 Psalmus
3072 5602 3205 5658 Voce
3226 5617 3375 5664 mea,

184 5813 284 5885 (Η)
327 5815 457 5879 Nota
488 5821 630 5879 idem
661 5824 922 5883 diaconus
957 5834 1244 5897 utrumque
1272 5822 1505 5890 diccbat,
1547 5820 1843 5879 Flectamus
1870 5834 2036 5891 genua
2068 5824 2120 5872 et
2144 5810 2671 5880 leratc,subdiacono
2700 5815 2936 5866 tacente.
