3864 6314
464 371 603 429 1205

1557 356 1879 416 curooms
1918 355 2209 445 ABDATIS
2262 354 2649 413 rsureusrs

465 486 798 579 Antyliona,
834 483 909 537 De
941 498 1098 535 mtmu
1134 478 1389 547 ﬁliorum.
1420 473 1687 540 Psalmus,
1716 473 2047 528 Benedictus.
2082 483 2127 539 Α
2155 473 2221 527 ad
2273 472 2433 527 ullam
2477 471 2706 526 aliarum
2742 464 3225 539 pronuntiabitur;
3261 460 3365 517 sed
3392 467 3606 514 tantum
3634 460 3729 514 ini-

462 564 623 639 Αιιυῖι
648 597 751 635 non
775 588 856 634 est
884 572 1265 647 imponendum
1291 569 1394 624 nisi
1423 568 1736 635 antiphona,
1762 576 1816 621 et
1844 564 2050 635 Magni-

463 678 587 746 βίαι
614 669 822 729 secrete
852 670 956 726 sibi
982 669 1243 723 dicentes.
1274 662 1476 717 Deinde
1507 658 1667 729 Kyrie
1689 658 1906 720 el-eison,
1934 665 2043 711 etc.

462 766 648 830 Pater,
682 772 895 825 uoster;
927 772 1147 829 preces;
1176 772 1268 823 ego
1296 754 1406 807 dixi
1433 751 1674 813 Domine,
1699 750 2057 819 adjungmles

464 856 732 928 psalmum
765 852 1013 906 Miserere
1035 846 1158 912 mei,
1183 845 1347 909 Deus,
1377 842 1623 905 Oremus,
1659 848 1713 894 et
1744 839 1949 892 linitur.

537 944 828 1001 Secretarii
855 957 985 998 vero
1018 946 1320 1011 praeparent
1348 950 1407 990 se
1435 942 1487 989 et
1514 934 1696 987 lavent
1736 931 1951 996 altaria,
1994 932 2047 984 in

463 1043 655 1114 primis
706 1053 867 1109 aqua,
904 1047 959 1091 et
999 1031 1342 1104 postmodum
1397 1030 1462 1083 de
1502 1028 1649 1081 vino.
1703 1025 1873 1079 Biduo
1922 1032 2054 1078 ante

464 1135 701 1189 habeant
728 1130 913 1185 famuli
964 1125 1249 1181 ecclesiam
1299 1132 1596 1191 scepatam,
1650 1127 1817 1187 atque
1848 1115 2081 1185 aliquitli

466 1242 532 1281 ex
561 1226 744 1294 scirpo
786 1221 1031 1284 missum,
1064 1227 1117 1273 et
1150 1217 1201 1270 in
1232 1214 1470 1270 claustro
1500 1211 1862 1277 similiterque
1897 1206 2051 1275 capi—

469 1317 601 1372 tulo.
647 1312 965 1370 Senioribus
1012 1310 1065 1364 in
1108 1305 1395 1362 refectorio
1426 1300 1774 1374 pergentibus
1806 1305 2051 1351 tantum-

468 1407 631 1463 modo
662 1420 855 1477 panem
885 1410 939 1458 et
963 1390 1159 1471 aquam
1199 1397 1472 1466 accipiant
1498 1403 1552 1448 et
1578 1392 1651 1447 de
1676 1388 1862 1445 herbis
1885 1388 1929 1441 si
1960 1400 2054 1440 vo-

385 1563 388 1566 ,
468 1500 672 1555 luerint
695 1516 709 1553 :
737 1495 1000 1567 quidquid
1031 1486 1282 1565 paratum
1307 1498 1388 1545 est
1413 1482 1873 1555 eleemosynarius
1901 1478 2044 1533 acci-

468 1591 604 1661 piat.
652 1590 961 1658 [torumque
1010 1585 1304 1641 secundum
1352 1578 1799 1636 consuetudinem
1841 1573 2053 1644 pulsata

472 1682 655 1737 tabula
695 1681 916 1735 veniant
944 1679 1010 1734 ad
1040 1676 1357 1739 bibendum,
1392 1672 1486 1727 sed
1514 1679 1569 1725 et
1594 1664 2056 1737 elcemosynarins

471 1773 603 1841 illis,
650 1773 695 1828 si
730 1773 804 1827 ita
836 1771 1043 1831 volunt.
1078 1783 1272 1837 aquam
1311 1763 1623 1819 bibentibus
1666 1768 1838 1815 totum
1868 1757 2052 1810 vinum

2158 566 2288 621 tium
2318 564 2565 619 lectionis
2596 562 2853 633 incipitur
2876 558 3036 631 quale
3055 558 3181 612 erit.

2222 654 2486 709 Similiter
2549 653 2716 707 faciat
2790 651 3030 704 Sabbato
3104 648 3487 701 Pentecostes.
3560 641 3735 696 lectio

2153 747 2353 816 prima,
2387 747 2440 799 in
2478 742 2757 814 principio.
2789 740 3041 796 Finiente
3069 737 3254 792 veniat
3283 734 3553 789 sacerdos
3578 731 3643 785 ad
3662 732 3731 783 al-

2155 851 2291 905 tare,
2318 847 2374 893 et
2403 838 2545 892 hanc
2572 834 2873 890 orationem
2904 832 3045 887 dicat
3072 848 3084 884 :
3120 829 3287 893 Deus,
3319 827 3414 897 qui
3440 824 3733 879 mirabil'uer

2153 931 2342 986 creasti
2377 929 2669 999 hominem.
2736 924 2987 980 Secunda
3039 921 3226 985 lectio,
3274 917 3510 972 Factum
3571 926 3639 969 est
3689 916 3733 967 ia

2155 1025 2331 1097 t‘igilia
2356 1023 2637 1077 matutina.
2657 1020 2911 1083 Tractus,
2928 1017 3211 1072 Cantemus
3225 1012 3479 1075 Domino,
3495 1025 3528 1063 a
3548 1009 3735 1063 duch“

2154 1121 2473 1176 decantetur
2504 1115 2563 1168 iu.
2592 1113 2747 1167 albis.
2772 1105 3317 1174 Oremus,~Deus,qai
3347 1102 3573 1170 antiqua
3597 1099 3734 1151 mira-

2155 1212 2296 1268 cula.
2318 1208 2525 1271 Lectio,
2542 1203 2899 1274 Appreltcndet
2914 1211 3105 1269 septem
3122 1196 3389 1251 mulieres.
3405 1192 3658 1254 Tractus,
3672 1187 3735 1241 l'i-

2156 1319 2252 1356 nea
2280 1301 2422 1370 facta
2446 1304 2540 1350 est.
2580 1295 2831 1357 Oremus,
2863 1293 3022 1358 Deus,
3044 1289 3132 1360 qui
3157 1305 3249 1341 nos
3277 1286 3347 1340 ad
3366 1281 3734 1338 celebrandam.

2155 1392 2359 1458 Lectio,
2388 1390 2517 1446 Iltcc
2538 1401 2609 1445 est
2635 1386 2935 1444 litereditns.
2962 1382 3272 1439 Canticum.
3296 1377 3527 1431 Attende
3551 1373 3731 1428 calam.

2157 1485 2424 1552 Oremus,
2475 1483 2645 1549 Deus,
2674 1481 2775 1550 qui
2818 1474 3296 1531 Ecclesiamlunm.
3342 1468 3483 1523 Sine
3528 1465 3735 1520 lectione

2157 1577 2425 1632 canticum
2448 1576 2514 1629 de
2550 1573 2759 1645 psalmo
2794 1569 2944 1624 Sicut
2975 1582 3177 1620 servus.
3198 1563 3468 1624 Oremus,
3499 1558 3735 1619 Concede,

2154 1683 2477 1739 qua'sumus,
2503 1665 2823 1734 omnipotens
2848 1660 3009 1723 Deus,
3030 1667 3085 1711 ut
3112 1656 3200 1726 qui
3229 1655 3385 1723 festa.
3424 1651 3545 1704 Aelia
3568 1648 3735 1707 oratio.

2160 1757 2214 1811 in
2245 1756 2433 1811 eodem
2463 1752 2670 1824 psalmo
2709 1747 3128 1820 quadragesimo
3164 1744 3339 1815 primo
3368 1757 3384 1795 :
3419 1740 3735 1807 Omnipotens

472 1864 711 1933 accipiat
738 1882 750 1917 :
780 1863 847 1917 ad
894 1858 1240 1916 collationem
1301 1863 1484 1909 autem
1536 1852 1665 1907 dum
1724 1845 2057 1904 conveniunt
2091 1842 2132 1900 Β
2162 1847 2471 1917 sempiterne
2516 1843 2678 1909 Deus,
2721 1841 2917 1910 respice
2954 1839 3234 1909 prapitius.
3291 1834 3509 1890 Deinde
3543 1830 3737 1884 veniant

470 1956 682 2028 pulsata
714 1954 892 2009 tabula
919 1952 984 2006 ad
1008 1950 1351 2013 eharitatem,
1387 1947 1455 2002 ad
1480 1941 1774 2001 bibendum
1804 1945 2054 2011 portetur

480 2047 735 2104 omnibus
762 2045 977 2100 vinum.

1100 2131 1327 2189 CAPUT
1368 2128 1455 2185 IV.

768 2228 1009 2296 Qualiter
1033 2236 1225 2297 agatur
1254 2225 1305 2278 in
1330 2222 1556 2277 Sabbata
1577 2227 1778 2274 sancto.

544 2324 764 2396 Vigilite
791 2321 1067 2376 matutinae
1091 2327 1145 2373 et
1166 2316 1349 2372 omnia
1381 2314 1754 2377 celebrantur,
1792 2306 2061 2378 qnemad»

473 2414 696 2470 modotu
738 2410 853 2480 jam
895 2409 1195 2464 intulimus.
1220 2406 1274 2460 ln
1306 2407 1482 2477 primo
1511 2402 1777 2457 nocturno
1805 2398 2067 2453 lectiones

473 2504 544 2559 de
595 2500 883 2556 Hieremiae
930 2484 1341 2552 lamentatione.
1394 2493 1452 2547 ln
1506 2490 1746 2547 secundo
1800 2497 2065 2543 nocturno

474 2584 773 2666 expositio,
798 2591 959 2653 Deus,
1004 2589 1221 2642 laudem
1258 2601 1457 2639 meam.
1491 2584 1547 2636 In
1576 2582 1740 2637 tertio
1776 2588 2063 2640 nocturno,

478 2684 727 2740 Christ-us
782 2682 1031 2734 assistens
1080 2677 1339 2747 pontifex.
1400 2672 1569 2727 Valde
1622 2686 1857 2739 namque
1908 2683 2066 2723 tuane

476 2777 776 2832 adornetur
813 2784 924 2829 tota
951 2770 1182 2828 ecclesia
1227 2768 1459 2823 cortinis
1505 2764 1661 2821 lineis
1704 2775 1867 2833 atque
1898 2763 2066 2816 lancis

475 2876 534 2921 et
577 2865 769 2934 palleis
811 2879 909 2934 per
952 2861 1190 2931 parietes
1226 2858 1483 2927 undique.
1517 2854 1804 2910 Formulas
1841 2853 2064 2923 tapetia,

476 2957 712 3011 chorum
754 2939 1089 3009 cireumdcnt
1144 2950 1411 3005 bancalia.
1464 2946 1663 3001 Arcum
1705 2944 2067 3015 principalem

476 3044 691 3115 magnis
722 3042 1059 3099 ornamentis
1087 3040 1232 3109 aptis
1252 3053 1355 3107 pro
1374 3051 1439 3090 ea
1472 3051 1530 3089 re
1555 3034 1815 3104 expositis
1844 3040 2066 3104 ponant,

480 3147 538 3191 et
570 3135 672 3189 alia
707 3142 1029 3188 ornamenta
1054 3131 1339 3192 adornent,
1385 3128 1527 3181 sicut
1563 3126 1614 3179 in
1649 3125 1735 3180 die
1762 3124 1943 3178 Natali
1966 3124 2069 3179 Do-

2164 1940 2271 1996 duo
2318 1939 2516 1993 fratres
2558 1937 2611 1990 in
2652 1935 2820 1990 choro
2861 1947 2985 1988 eum
3028 1930 3236 2000 cappis,
3270 1937 3325 1982 et
3349 1924 3738 1981 ineboentlita—

2169 2032 2315 2087 niam
2345 2045 2440 2101 per
2467 2027 2649 2083 omnia
2691 2034 2749 2080 ut
2793 2037 2911 2079 mos
2953 2031 3037 2079 est
3076 2022 3261 2076 dicere
3314 2016 3511 2088 pueris
3558 2013 3737 2069 feriatis

2168 2126 2359 2181 diebus
2390 2131 2525 2177 ante:
2545 2120 2787 2176 missam.
2816 2110 3089 2186 [Inprimis
3110 2114 3217 2168 duo
3244 2112 3369 2181 ipsi,
3406 2107 3736 2164 deinde-cbo-

2167 2230 2260 2271 rus
2311 2211 2546 2277 abbatis,
2599 2208 2945 2281 postmodum
2990 2220 3055 2259 ex
3104 2204 3209 2258 alia
3253 2209 3439 2273 parte,
3496 2196 3737 2266 Propitius

2166 2317 2298 2363 esto.
2356 2305 2428 2362 Ut
2467 2303 2648 2374 Agnus
2698 2301 2799 2354 Dei
2851 2299 3091 2354 dixerint
3128 2293 3395 2365 procedat
3420 2290 3672 2347 sacerdos
3696 2288 3736 2341 in

2167 2397 2412 2455 sacrario
2457 2410 2581 2450 cum
2626 2392 2747 2447 aliis
2789 2389 3078 2463 ministris,
3123 2395 3180 2440 ct
3224 2395 3351 2439 tunc
3396 2382 3739 2437 subdiaconus

2169 2491 2430 2546 induatur
2464 2485 2669 2542 tunica.
2701 2484 2898 2539 Statim
2929 2491 2989 2535 ut
3019 2487 3240 2551 peracta
3280 2475 3493 2529 fuerint
3522 2471 3733 2527 initieat.

2168 2582 2471 2646 Accendite,
2493 2581 2655 2653 Kyrie
2686 2577 2903 2641 cleison,
2925 2572 3090 2643 Kyrie
3111 2568 3327 2631 eleison,
3344 2563 3521 2635 Kyrie
3548 2561 3738 2621 εἰσίων.

2168 2674 2311 2746 quod
2351 2651 2709 2729 dicant—sicut
2740 2683 2858 2723 mos
2884 2674 2968 2722 est
2998 2664 3182 2718 dicere
3215 2660 3421 2714 ntisszr.
3461 2655 3616 2710 Tunc
3637 2651 3734 2722 pal-

2173 2780 2363 2826 sentur
2418 2767 2599 2822 omnia
2641 2766 2794 2834 signa
2831 2770 2885 2817 et
2922 2755 3165 2814 catulelte
3206 2754 3582 2808 accendantur
3631 2754 3735 2799 ante

2172 2864 2369 2927 altare,
2406 2868 2462 2915 et
2490 2875 2586 2929 per
2622 2852 3041 2925 unumquodque
3071 2848 3242 2902 altare
3272 2844 3471 2899 ardeat
3503 2854 3607 2894 una
3628 2852 3737 2892 can-

2172 2954 2295 3010 dela
2330 2967 2500 3021 usque
2529 2950 2595 3004 ad
2629 2950 2811 3003 linem.

2245 3048 2322 3103 De
2358 3020 2599 3099 sacrario
2628 3056 2737 3093 non
2766 3042 3014 3109 portetur
3039 3032 3223 3087 lumen
3258 3036 3387 3083 ante
3417 3020 3738 3093 evangelium

2173 3142 2225 3195 in
2260 3142 2362 3195 hac
2390 3138 2499 3202 die,
2539 3133 2633 3190 sed
2667 3128 3042 3193 tantummodo
3086 3126 3362 3179 incensum
3420 3119 3615 3173 solum.
3650 3110 3740 3168 Sed

482 3226 636 3282 mini.
668 3224 725 3279 lu
757 3224 899 3278 cerei
953 3235 1191 3291 namque
1231 3219 1482 3273 columna
1527 3215 2065 3276 seribat,Armarius
2094 3204 2138 3265 C
2174 3242 2352 3288 tamen
2404 3230 2472 3285 ab
2525 3224 2884 3281 inchoatione
2935 3215 3204 3287 evangelii
3255 3227 3433 3282 usque
3483 3211 3549 3263 ad
3598 3207 3740 3259 ιίηεω

482 3331 657 3372 annos
691 3313 924 3377 Domini,
960 3322 1021 3366 et
1045 3321 1232 3382 cpacta
1260 3309 1493 3379 qualiter
1522 3309 1640 3379 ipso
1670 3323 1815 3363 anno
1845 3320 2069 3369 currere

483 3409 749 3472 cernitur,
794 3406 1113 3476 priusquam
1158 3403 1388 3473 incipiat
1437 3401 1779 3455 benedicere.
1822 3398 1951 3453 Post
1976 3413 2070 3453 nos

482 3516 609 3556 nam
659 3498 965 3555 vestiantur
1005 3511 1199 3551 omnes
1238 3494 1331 3564 qui
1373 3493 1440 3547 ad
1488 3507 1703 3547 sacrum
1749 3490 1951 3559 aliquid
1977 3490 2073 3543 ha-

482 3592 709 3648 buerint
734 3591 945 3663 legendi
978 3588 1061 3642 vel
1083 3583 1338 3650 canendi,
1365 3594 1457 3640 aut
1494 3584 1777 3640 servitium
1819 3581 2070 3645 faciendi,

485 3695 542 3741 et
571 3696 699 3740 tunc
724 3685 960 3739 infantes
989 3682 1071 3736 vel
1099 3695 1287 3735 omnes
1315 3679 1531 3741 ,fratres
1567 3677 1787 3732 veniant
1820 3675 1873 3729 in
1899 3674 2072 3729 eccltr

489 3778 648 3842 siam,
698 3785 754 3830 et
803 3784 1029 3845 pergant
1056 3775 1123 3828 ad
1153 3774 1332 3842 ignem
1366 3770 1691 3825 benedicere
1725 3769 1779 3822 in
1812 3767 2071 3822 claustro.

488 3867 671 3923 Abbas
714 3877 893 3937 portet
934 3850 1132 3918 lumen.
1180 3862 1604 3917 “evertentibus
1642 3860 1832 3914 induat
1861 3872 1921 3912 se
1953 3858 2071 3911 dia-

490 3975 664 4016 conus
690 3959 828 4014 stola
857 3967 912 4013 et
936 3956 1245 4018 dalmatica,
1293 3962 1348 4008 et
1389 3952 1534 4006 illico
1578 3950 1803 4020 incipiat
1834 3948 2079 4003 sanctifi-

491 4068 619 4108 care
642 4068 880 4108 cereum.
913 4049 1048 4103 Dum
1080 4047 1241 4102 fuerit
1273 4044 1614 4108 benedictus,
1666 4043 1894 4111 ipseque
1936 4056 2080 4094 scm-

491 4160 591 4213 per
622 4143 816 4198 ardere
865 4141 1045 4207 debet,
1099 4140 1237 4193 sicut
1280 4136 1332 4191 in
1380 4136 1498 4205 ejus
1538 4134 1919 4189 benedictione
1949 4132 2083 4187 dicit

490 4236 684 4293 beatus
728 4235 1048 4307 Gregorius,
1090 4246 1261 4300 usque
1295 4230 1348 4283 in
1377 4228 1619 4283 crastino
1646 4227 1770 4281 dum
1797 4226 1961 4279 missa
1987 4240 2080 4278 ex-

491 4320 634 4399 pieta
687 4326 869 4382 fuerit.
927 4325 1047 4379 Sint
1094 4332 1219 4377 octo
1268 4319 1593 4375 circumdati
1636 4318 1848 4388 eappis,
1891 4316 1984 4386 qui
2014 4316 2081 4370 ad

494 4422 717 4475 missam
748 4419 999 4484 Alleluia,
1031 4417 1111 4471 vel
1137 4424 1369 4470 tractum
1402 4421 1649 4468 cantent.

570 4509 789 4565 Missam
853 4506 1225 4561 matotinalem
1282 4504 1341 4557 in-
1391 4503 1493 4557 hac
1540 4502 1626 4556 die
1681 4516 1786 4554 non
1833 4498 2082 4554 convenit

498 4601 675 4673 [supp.
709 4596 864 4667 dici],
898 4596 999 4651 nisi
1042 4604 1326 4665 postquam
1366 4588 2081 4657 fuerintlectionesexpleta:

496 4698 590 4743 aut
626 4689 913 4742 iuehoatan
958 4686 1025 4740 Et
1061 4687 1105 4739 si
1159 4694 1242 4740 est
1299 4683 1497 4752 aliquis
1546 4682 1639 4751 qui
1693 4689 1819 4734 ante
1858 4679 2081 4733 missam

496 4783 611 4837 vult
643 4798 803 4852 agerc
833 4780 997 4852 (quod
1028 4795 1152 4833 raro
1167 4787 1247 4833 est
1281 4774 1741 4843 concedendum),
1776 4772 1870 4827 sed
1903 4781 2084 4827 tamen

498 4894 621 4933 cum
668 4875 942 4932 licentiam
999 4873 1183 4928 domui
1234 4871 1450 4925 abbatis
1498 4867 1775 4932 habuerit,
1808 4866 1967 4921 debet
1991 4865 2083 4919 ha-

537 4984 629 5024 ere
652 4978 764 5023 tres
788 4966 871 5021 vel
901 4976 1137 5036 quatuor
1166 4964 1466 5026 ministros,
1501 4960 1601 5031 qui
1629 4974 1751 5014 eum
1793 4956 2045 5026 adjnvent
2070 4970 2084 5009 :

500 5064 626 5120 sine
648 5063 779 5134 igne
810 5070 990 5115 tamen
1026 5058 1190 5113 faciat
1216 5058 1269 5111 in
1306 5057 1410 5111 hae
1439 5056 1594 5121 hora,
1634 5053 1736 5107 nisi
1773 5051 1911 5105 forte
1938 5050 2090 5104 dom-

506 5171 615 5210 uus-
639 5156 809 5209 abbas
848 5149 1026 5207 talem
1073 5150 1265 5217 locum
1295 5155 1562 5201 remotum
1602 5144 1700 5214 ipsi
1752 5138 2089 5212 priestiterit,

503 5256 559 5301 nt
598 5250 783 5317 ignem
820 5242 1143 5298 benedicere
1184 5240 1378 5309 possit.
1433 5236 1559 5292 Sive
1608 5236 1711 5291 iste
1742 5234 1857 5289 sive
1892 5231 1964 5286 illi
1996 5230 2090 5301 qui

504 5345 627 5407 post
678 5334 967 5390 lectionem
1018 5332 1206 5385 dicunt
1248 5328 1498 5390 missam,
1556 5325 1800 5378 litaniam
1852 5320 2086 5385 faciant,

502 5429 819 5497 priusquam
870 5425 1092 5481 missam
1150 5420 1433 5490 incipiant.
1486 5416 1631 5470 Nam
1670 5415 1744 5468 illi
1787 5413 1879 5484 qui
1908 5412 2088 5482 prius-

504 5534 669 5587 quam
707 5531 901 5574 cereus
938 5523 1023 5570 est
1060 5512 1379 5568 benedictus
1418 5509 1607 5563 dicunt
1634 5519 1875 5568 sacram,
1904 5502 2085 5556 lumen

502 5608 757 5664 habeant.
784 5607 1074 5661 Lectiones
1105 5604 1288 5673 legant
1324 5598 1605 5671 imprimis.
1625 5596 1845 5668 priores
1873 5602 1925 5649 et
1960 5604 2087 5649 tunc

498 5699 765 5771 iuniores.
803 5696 980 5751 Lectio
1021 5695 1143 5749 libri
1192 5692 1430 5757 Genesis,
1478 5705 1581 5745 nec
1627 5689 1693 5743 ad
1743 5687 1929 5752 istam,
1981 5699 2081 5740 nec

2173 3323 2375 3385 missae,
2396 3318 2538 3374 sicut
2564 3330 2680 3370 mos
2704 3322 2790 3368 est
2810 3308 3139 3366 candelabra
3165 3310 3424 3359 teneantu
3436 3316 3480 3361 r,
3519 3297 3742 3350 veniant-

2172 3418 2281 3480 qne
2310 3411 2378 3465 ad
2412 3423 2586 3473 aram,
2635 3404 2845 3459 faciant
2879 3399 3182 3456 orationem
3219 3392 3549 3450 saecrdoset
3571 3386 3740 3441 levita.

2174 3502 2428 3561 Dimissis
2476 3499 2647 3570 signis
2695 3496 2840 3551 dicat
2886 3492 3177 3556 sacerdos,
3226 3485 3409 3541 Gloria
3447 3484 3502 3537 in
3547 3478 3741 3535 acciri:

2176 3596 2305 3649 Deo.
2337 3567 2587 3654 Oremus,
2616 3588 2776 3653 Deus,
2805 3586 2895 3656 qui
2922 3584 3060 3636 hanc
3087 3589 3309 3633 noctem.
3327 3573 3587 3645 Epistula,
3614 3567 3741 3622 Sicat

2176 3683 2474 3747 surrexisti,
2514 3678 2766 3743 Alleluia,
2816 3670 3153 3742 Con/itemini
3202 3666 3451 3721 Domino.
3513 3661 3740 3715 Trstch.

2180 3760 2418 3831 Laudate
2460 3772 2763 3826 Dominum.
2818 3763 3210 3825 Oll‘ertorium,
3268 3755 3614 3812 communio,
3659 3761 3741 3800 nec

2180 3872 2357 3939 Agnus
2387 3866 2479 3919 Dei
2505 3866 2747 3927 dicatur;
2789 3859 2914 3929 quia
2948 3870 3075 3911 vere
3098 3852 3427 3924 ipseAgnus
3460 3843 3742 3901 immolatus

2182 3972 2262 4015 cst
2290 3976 2386 4031 pro
2408 3966 2635 4029 peccato
2654 3952 2860 4008 mundi.
2880 3950 3000 4003 Mox
3025 3955 3080 3999 ut
3104 3941 3565 4000 communicatum
3586 3932 3742 3994 fuerit,

2183 4030 2394 4107 dicatur
2434 4050 2609 4105 oratio
2638 4056 2757 4116 post
2790 4039 3261 4101 communionem,
3296 4041 3351 4088 et
3370 4030 3459 4085 Ite
3490 4030 3643 4083 missa
3663 4033 3743 4078 est.

2186 4149 2466 4202 Sonentur
2514 4140 2677 4197 simul
2706 4141 2811 4193 duo
2843 4133 3076 4205 squillae.
3123 4128 3203 4184 Ad
3249 4139 3535 4195 vesperam
3584 4128 3744 4191 preces

2186 4236 2465 4300 faciendae,
2524 4234 2589 4287 ad
2646 4232 2891 4284 ultimum
2941 4224 3355 4280 conclasscntur
3414 4215 3533 4284 (1‘2)
3588 4208 3746 4266 omnia

2185 4334 2359 4402 signa,
2380 4327 2630 4390 Alleluia,
2662 4338 2866 4391 vespere
2896 4327 3091 4372 autem.
3112 4314 3379 4374 Psalntus,
3415 4306 3749 4374 Conﬁtentur

2186 4439 2308 4479 cum
2341 4420 2494 4483 aliis;
2542 4416 2748 4477 Lectio,
2796 4410 2944 4466 Sicut
2991 4402 3290 4461 sttrrea'iati.
3328 4392 3748 4467 Responsorittm,

2192 4513 2365 4570 Maria
2388 4508 2726 4579 Magdalcna.
2759 4505 3021 4574 Hymnus,
3060 4498 3141 4552 Ad
3176 4508 3375 4550 canant
3406 4490 3569 4560 Agui.
3594 4484 3748 4541 Versi-

2189 4603 2361 4668 culus,
2396 4600 2659 4656 Surrexit.
2708 4596 2894 4650 Abbas
2951 4601 3005 4646 et
3027 4588 3293 4646 sacerdos
3321 4583 3619 4638 induantur
3643 4587 3749 4641 cap»

2193 4699 2274 4769 pis
2326 4696 2393 4750 ad
2444 4692 2636 4748 altaria
2688 4684 3123 4742 aromatizamla.
3172 4679 3508 4748 Antiphona,
3562 4670 3749 4737 Vorm

2190 4760 2362 4843 autem
2394 4784 2631 4841 Sabbati.
2666 4782 2918 4841 Oremus,
2943 4776 3109 4839 Dens,
3135 4774 3225 4844 qui
3255 4773 3389 4824 hanc
3410 4782 3632 4823 seem.
3670 4760 3749 4813 Et-

2192 4880 2335 4950 plcta
2371 4885 2684 4932 sanctorum
2714 4868 2997 4939 sull‘ragia,
3021 4876 3151 4921 eant
3174 4863 3240 4916 ad
3269 4870 3518 4915 sanctam
3552 4856 3751 4911 Cmam

2193 4972 2295 5026 hoc
2338 4964 2740 5036 rcspousorium
2778 4958 3040 5019 canendo,
3074 4955 3219 5008 Dum
3254 4949 3570 5004 tranaiiasel.
3596 4938 3750 4995 Versi-

2195 5062 2369 5125 culos,
2436 5058 2604 5111 Dicite
2640 5056 2695 5107 in
2743 5049 3065 5105 nationibus.
3116 5046 3371 5105 Oremus,
3405 5038 3549 5093 Deus
3582 5034 3667 5105 qui
3696 5030 3751 5081 ad

2199 5167 2452 5212 teternam
2487 5150 2643 5203 vitam
2682 5147 2740 5199 in
2777 5142 2973 5197 Christi
3024 5133 3426 5191 resurrectione.
3482 5129 3627 5183 Dicta
3660 5124 3753 5189 ipsa

2193 5262 2418 5318 vespera
2461 5222 2688 5313 pergant
2718 5239 2782 5292 ad
2814 5233 3189 5291 relieiendum.
3248 5228 3367 5297 Ipso
3404 5222 3496 5277 die
3542 5223 3597 5275 in
3640 5214 3753 5270 reic-

2198 5311 2374 5398 etorio
2426 5311 2620 5393 tabulae
2668 5336 2939 5400 coepertte
2969 5326 3077 5380 sint
3104 5331 3158 5377 et
3182 5320 3506 5375 charitatem
3534 5311 3722 5367 faciant

2196 5447 2251 5489 et
2275 5429 2626 5503 praestantius
2667 5394 2925 5484 hab-cant,
2971 5430 3136 5485 quam
3185 5410 3399 5466 cmteris
3450 5405 3636 5461 diebus

2198 5498 2415 5595 [ffusi]
2459 5519 2695 5574 luet-ant.
2735 5511 3045 5566 Mandatum
3070 5520 3136 5559 eo
3166 5505 3250 5559 die
3277 5516 3382 5556 nou
3412 5498 3629 5559 faciant,
3652 5499 3755 5559 qm

2196 5616 2385 5686 quinta
2408 5613 2539 5670 feria
2565 5609 2769 5665 factum
2794 5615 2879 5661 cst
2904 5603 3012 5658 Deo
3038 5597 3358 5671 opitulante.

586 5809 698 5875 (1'2)
722 5802 1040 5872 Clasiicum,
1065 5803 1410 5869 ronclassare,
1440 5801 1675 5875 pulsatio
1688 5802 1930 5858 omnium
1955 5808 2378 5875 eampauarunn,
