3864 6314
118 367 242 425 1105

723 469 950 528 CAPUT
995 469 1054 527 V.

318 566 491 622 Mores
521 563 792 636 paschales
823 565 898 619 sic
929 562 1206 619 observetis
1232 572 1461 618 ovantes.

179 657 513 716 Sanctissimi
559 655 824 712 Dominici
848 654 1069 711 Pascha:
1099 654 1187 710 die
1215 662 1341 709 ante
1369 652 1685 708 nocturnale

118 750 422 820 obsequium
449 746 817 803 accendantur
836 760 1027 801 omnes
1055 745 1166 817 (l3)
1197 758 1431 809 coronae,
1460 754 1513 797 et
1533 743 1684 812 phari

119 843 244 914 (ll),
295 848 352 895 et
406 838 510 892 tria
552 835 878 893 candelabra
924 844 1051 892 ante
1100 836 1293 901 altare,
1340 843 1395 890 et
1431 850 1536 888 una
1565 844 1686 905 post

121 943 314 1003 tergunt
345 928 485 998 ejus.
536 928 619 983 Ad
648 926 861 983 cantica
892 935 1193 999 augeantur
1220 927 1407 982 decem
1443 926 1687 980 anterius

117 1035 168 1081 et
189 1039 374 1079 novem
420 1022 714 1092 posterius,
766 1026 821 1075 et
841 1020 1150 1091 quindecim
1189 1018 1458 1090 superius.
1492 1016 1691 1072 Invita.

120 1116 323 1171 torium
352 1130 383 1170 a
426 1123 661 1186 quatuor
683 1114 1063 1170 decantabitur
1098 1113 1153 1168 in
1182 1114 1387 1184 cappis.
1426 1115 1483 1170 In
1514 1115 1688 1186 primo

116 1216 387 1269 nocturno,
420 1205 738 1275 antiphona,
791 1203 905 1276 Ego
942 1221 1059 1259 sum
1097 1204 1189 1275 qui
1230 1221 1368 1259 sum.
1419 1204 1690 1269 Psalmus,

123 1296 340 1363 Domine,
365 1297 421 1351 in
458 1295 651 1351 virtute
676 1306 787 1351 tua.
833 1295 891 1350 lu
921 1296 1158 1352 secundo
1186 1304 1469 1365 nocturno,
1497 1295 1689 1351 Iâ€™oslu-

122 1387 214 1442 tnui
261 1385 415 1441 Patri
470 1404 607 1443 meo.
659 1388 928 1454 Psalmus,
962 1387 1217 1443 Dominus
1241 1388 1575 1443 illuminatio.
1611 1389 1691 1443 Ad

121 1479 392 1542 canticum,
426 1478 540 1551 Ego
562 1481 804 1536 dormivi.
840 1480 1146 1548 Canticum,
1175 1481 1304 1547 Quis
1330 1491 1405 1536 est
1428 1484 1541 1535 iste.
1559 1482 1693 1539 Octo

122 1568 358 1625 lectiones
383 1586 449 1626 ex
471 1570 774 1643 evangelio,
806 1571 1026 1643 Vespere
1046 1582 1220 1626 autem
1254 1571 1487 1628 Sabbati.
1514 1573 1690 1642 Expo-

122 1661 233 1716 sitio
259 1663 399 1716 beati
423 1661 903 1735 Hieronymi.Post
929 1664 1101 1719 trinas
1128 1663 1390 1719 lectiones
1414 1665 1484 1719 sit
1513 1680 1696 1719 sacer~

123 1754 208 1808 dos
252 1754 470 1810 indutus
518 1756 730 1826 cappis,
780 1757 1027 1812 incenset
1056 1765 1265 1811 tantum
1294 1756 1592 1827 principale
1616 1756 1693 1810 al-

125 1853 246 1909 tare,
273 1853 324 1899 et
347 1844 549 1901 deinde
579 1844 777 1901 fratres
803 1846 857 1900 in
890 1846 1078 1901 choro.
1103 1845 1470 1915 Responsoria
1501 1862 1529 1900 a
1551 1846 1692 1901 binis

125 1934 371 1990 dicantur.
401 1934 464 1989 In
504 1935 664 1991 tertio
692 1944 962 1991 nocturno
1011 1935 1234 1991 homilia
1264 1936 1406 1992 beati
1442 1936 1693 2007 Gregorii

128 2038 282 2093 papae,
310 2022 489 2077 Maria
518 2023 860 2095 Magdalena.
889 2024 946 2078 ln
975 2024 1256 2079 matutinis
1294 2024 1565 2091 laudibus,
1594 2041 1694 2078 an-

128 2115 350 2185 tipbona,
410 2115 645 2187 Angelus
700 2126 875 2170 autem
910 2115 1142 2169 Domini.
1169 2116 1306 2169 Dum
1342 2115 1528 2169 linitur
1553 2114 1694 2167 anti-

127 2204 301 2273 phona,
358 2213 610 2276 repetant
657 2204 885 2260 Alleluia
911 2220 979 2260 ex
1008 2204 1140 2275 ipsa,
1169 2205 1467 2275 eademque
1494 2202 1699 2259 faciant

128 2295 176 2350 in
196 2295 385 2351 choris.

194 2387 262 2441 Ad
304 2388 595 2445 stationem
648 2389 1075 2459 responsorium,
1131 2387 1310 2442 Maria
1354 2386 1695 2458 Magdalena.

131 2477 436 2546 Versiculus,
475 2480 642 2535 Dicite
672 2482 747 2535 in.
776 2480 1027 2549 Oremus,
1060 2479 1203 2536 Deus
1233 2481 1324 2551 qui
1346 2496 1439 2550 per
1468 2495 1702 2533 resurre-

128 2572 346 2626 rtianem.
392 2571 723 2643 Priusquam
770 2573 1000 2643 primam
1055 2572 1331 2637 inchoent,
1366 2580 1477 2627 tres
1503 2570 1700 2625 calices

132 2663 281 2730 aurei,
309 2671 363 2719 et
402 2663 603 2733 reliqui
628 2664 887 2729 minores,
925 2671 982 2719 et
1009 2663 1231 2718 totidem
1272 2661 1395 2716 libri
1422 2660 1618 2730 parati,
1646 2667 1703 2714 et

134 2751 322 2818 altaria,
352 2764 407 2810 et
430 2753 545 2809 duo
589 2753 930 2818 candelabra,
962 2768 1083 2824 qua:
1106 2753 1311 2823 jugiter
1347 2748 1576 2806 ardeant
1605 2766 1701 2821 pe-

132 2845 268 2899 renni
297 2846 404 2911 die,
432 2847 493 2902 in
528 2846 688 2901 altari
739 2862 902 2915 supra
939 2854 1164 2917 ponant.
1201 2843 1259 2897 lu
1289 2842 1439 2898 horis
1470 2841 1701 2912 singulis

135 2936 483 2991 accendantur
532 2937 631 2991 tria
666 2935 1009 2992 candelabra.
1041 2936 1123 2990 Ad
1173 2936 1498 3005 hymnorum
1539 2933 1702 2989 finem

134 3028 291 3083 dicant
321 3050 333 3083 :
362 3029 708 3097 Qua'sumus,
731 3042 919 3085 auc:or
944 3029 1196 3083 omnium.
1228 3026 1409 3082 Gloria
1435 3028 1503 3083 ad
1522 3037 1695 3082 malu-

140 3118 335 3175 tinalem
366 3121 615 3176 missam.
648 3119 819 3175 llnam
868 3118 1167 3175 orationem
1191 3119 1394 3185 dicant,
1420 3127 1475 3175 et
1501 3117 1701 3188 [)me-

136 3213 316 3269 tionem
374 3216 679 3271 dimittant.
718 3216 903 3271 Ahbas
926 3214 1389 3286 namquejubeat,
1422 3222 1481 3269 ut
1507 3212 1705 3284 aliquis

136 3318 191 3357 ex
221 3304 484 3361 fratribus
539 3306 702 3361 aliam
733 3306 955 3361 missam
1002 3314 1163 3360 canat
1204 3305 1705 3360 communicaturus

138 3396 307 3453 laicos.
338 3400 480 3454 Dum
511 3397 761 3464 Sanctus,
811 3397 1041 3454 Sanctus
1065 3397 1321 3451 Dominus
1346 3395 1503 3451 istius
1525 3395 1707 3449 missa:

138 3485 336 3553 dicitur,
387 3503 416 3542 a
464 3489 703 3543 maximo
760 3502 933 3557 usque
966 3487 1033 3541 ad
1086 3484 1368 3539 minimum
1412 3483 1707 3538 induantur

137 3574 272 3630 albis.
298 3576 414 3633 Mox
441 3586 508 3631 ut
529 3592 668 3646 aqua
711 3575 874 3630 fuerit
905 3574 1208 3638 benedicta,
1251 3573 1529 3642 imponant
1562 3572 1705 3627 anti-

138 3660 346 3727 phonam
377 3663 544 3726 hanc,
582 3661 698 3715 Vidi
723 3677 935 3732 aquam.
972 3657 1125 3712 Tunc
1159 3657 1383 3712 veniunt
1412 3658 1517 3711 duo
1537 3657 1603 3712 de
1618 3658 1707 3729 ju-

139 3752 342 3808 venibus
362 3754 459 3808 vel
485 3754 552 3808 de
572 3752 888 3816 infantibus,
910 3750 1107 3820 quibus
1130 3746 1383 3802 annuerit
1411 3749 1702 3817 armarius,

138 3852 188 3895 et
207 3844 497 3900 induantur
529 3844 747 3911 tunicis,
792 3843 859 3898 ad
890 3840 1213 3897 deferendos
1237 3848 1416 3895 textus
1437 3841 1706 3913 evangelii

141 3942 189 3986 et
215 3935 410 4006 reliqua
466 3935 597 3989 alia.
634 3934 787 3989 Tunc
826 3934 1068 4003 imponat
1104 3932 1334 3988 domnus
1361 3933 1530 3989 abbas
1564 3934 1705 3989 anti-

140 4027 375 4095 phonam,
407 4029 542 4084 Cum
574 4044 666 4082 rex
707 4027 910 4100 glorise.
956 4024 1289 4081 Exeuntibus
1319 4038 1447 4079 vero
1483 4026 1535 4079 in
1568 4026 1709 4081 atrio

144 4121 494 4189 autejanuam
530 4120 872 4185 monasterii,
921 4128 1069 4176 stent
1095 4116 1330 4174 ordinati
1357 4130 1414 4173 ut
1443 4128 1711 4173 venerunt

142 4210 189 4264 in
215 4213 384 4268 medio
405 4213 674 4279 seniores,
697 4214 838 4268 sicut
857 4227 974 4268 mos
993 4221 1075 4267 est
1104 4214 1155 4267 in
1173 4214 1341 4269 choro
1364 4220 1531 4267 stare.
1559 4208 1711 4263 Tunc

146 4309 395 4365 armarius
417 4317 623 4365 annuat
650 4307 983 4373 cantoribus,
1015 4308 1211 4378 quibus
1240 4306 1288 4361 ei
1323 4304 1495 4361 visum
1524 4302 1707 4367 fuerit,

148 4402 199 4447 ut
227 4398 546 4453 conveniant
579 4398 631 4452 in
667 4397 846 4452 medio
876 4406 999 4467 post
1038 4396 1293 4462 infantes,
1326 4394 1712 4463 imponantque

145 4483 272 4541 hanc
299 4490 676 4559 antiphonam,
701 4487 1024 4557 Cruci/imum
1046 4488 1100 4541 in
1123 4503 1298 4541 carne.
1326 4485 1393 4540 Et
1417 4500 1539 4541 cum
1559 4498 1712 4552 repe-

144 4577 338 4648 t'tione,
363 4580 543 4636 Nolite
565 4591 810 4636 metuere.
839 4581 1106 4636 lntrantes
1121 4579 1430 4646 ecclesiam,
1457 4576 1717 4648 paraphe-

152 4668 279 4725 nista
336 4673 560 4744 incipiat
615 4674 989 4746 antiphonam,
1020 4671 1259 4727 Christus
1290 4685 1585 4739 resurgens,
1633 4669 1719 4723 vel

148 4764 560 4833 responsorium,
594 4764 832 4819 Surrexit
878 4763 1135 4820 Christus.
1176 4761 1527 4818 Pulsantibus
1554 4760 1721 4816 enmi-

148 4852 238 4909 bus
258 4856 445 4927 signis,
476 4858 622 4912 dicta
650 4857 897 4912 oratione
926 4866 1091 4925 agant
1116 4854 1356 4910 tertiam.

211 4947 501 5006 Secretarii
525 4949 837 5019 cooperiant
856 4949 1027 5005 altare
1046 4963 1113 5005 ex
1138 4948 1346 5003 duobus
1370 4946 1559 5017 pallcis
1583 4946 1717 5020 (15),

149 5051 196 5095 et
227 5044 425 5113 album,
461 5055 518 5102 et
554 5056 682 5102 tunc
710 5046 915 5101 donent
942 5061 1162 5117 eappas,
1196 5060 1315 5114 qua:
1345 5044 1397 5098 in
1427 5044 1597 5099 choro
1626 5044 1721 5099 de-

151 5136 270 5193 bent
298 5154 419 5195 esse
458 5140 524 5195 ad
552 5140 868 5196 armarium.
904 5139 971 5194 Et
999 5150 1127 5195 tunc
1151 5138 1370 5209 incipiat
1396 5138 1513 5208 ipse
1543 5152 1724 5194 secre-

186 5318 329 5443 .(131).
358 5318 587 5387 Corona,
619 5320 1007 5378 candelabrum
1056 5319 1111 5374 iu
1150 5318 1370 5373 modum
1412 5332 1629 5373 corona:
1662 5332 1725 5372 ac

188 5403 294 5443 IIâ€™CII
318 5408 352 5443 Î™.

155 5402 352 5444 CIIâ€™CIIII.

218 5459 325 5528 Î¹Î¹Î¹)
367 5460 595 5528 Pharus,
617 5462 866 5529 pharum,
895 5460 1068 5530 farus,
1100 5459 1320 5514 lucerna
1351 5458 1465 5513 sive
1499 5457 1726 5530 lychnu-

157 5527 280 5583 chus
307 5527 631 5588 orbicularis
662 5549 785 5588 cum
812 5527 963 5588 certo
1006 5532 1372 5594 lucernarum,
1403 5537 1492 5583 aut
1524 5527 1727 5589 cande-

154 5594 320 5653 larum
344 5617 588 5659 numero.

222 5668 332 5739 (15)
372 5670 591 5744 Î’Î±Î¹Î¹Îµá½´Îµ,
621 5687 876 5744 paueum.
907 5674 1155 5744 pallium,
1181 5669 1341 5738 palla,
1365 5670 1562 5744 altaris
1578 5681 1728 5744 tegu-

160 5748 383 5795 mentum
406 5740 603 5803 lineum
623 5740 825 5803 album.
856 5740 988 5800 Vide
1017 5744 1093 5799 Du
1118 5743 1329 5812 Conge'
1362 5742 1504 5812 gloss
1551 5740 1639 5797 lat.
1672 5741 1726 5795 in

161 5822 281 5864 race
294 5811 461 5881 palla.

1306 351 1688 410 DISCII'LINA
1716 349 2120 407 FABFENSIS.

1713 473 1759 531 Î‘
1787 470 1954 526 larius
1979 466 2307 535 distribuere
2341 477 2437 535 per
2469 463 2712 536 smgulos
2738 463 2875 521 alios
2920 463 2985 538 [f.
3011 462 3185 537 albas]
3206 466 3371 521 etiam

3232 342 3340 402 120

1788 566 2191 627 Î±á½ÏÎ¿Î·Î½ÎµÎ¹-ÎµÎ¿Îµ,
2220 563 2287 616 ad
2311 560 2543 616 infantes
2561 561 2793 617 tunicas.
2827 559 3176 617 Pulsantibus
3199 558 3373 628 Qui:

1791 659 2072 724 onmibus,
2125 656 2358 713 officium
2406 656 2690 712 duodecim
2740 663 2978 712 teneant.
3010 653 3371 723 Responsoria

1789 744 2045 821 quatuor,
2072 748 2286 804 alleluia
2314 763 2429 811 sex,
2456 747 2692 803 candelae
2719 757 2843 803 ante
2864 746 3034 802 altare
3063 744 3370 811 duodecim,

1792 843 2065 914 posterius
2110 841 2297 896 decem
2349 857 2365 893 Îµ
2419 839 2487 893 ad
2535 839 2897 909 sequentiam,
2940 824 3227 909 pulsentur
3265 836 3374 891 duo

1792 936 1947 1006 signa
1978 952 1991 987 :
2023 932 2238 1003 expleta
2289 932 2483 999 missa,
2540 940 2735 986 caetera
2755 930 2981 1003 [signa].
3006 931 3063 985 In
3086 927 3374 985 refectorio

1797 1028 1912 1083 haec
1942 1025 2218 1096 generalia
2249 1024 2486 1081 habeant
2513 1041 2525 1077 :
2560 1023 2735 1093 prima
2761 1021 3091 1078 ministratio
3111 1036 3178 1075 ex
3206 1018 3374 1090 pisciâ€”

1793 1118 1951 1184 culis,
1980 1116 2295 1174 cellerarius
2326 1115 2485 1171 debet
2523 1128 2852 1186 praeparare,
2874 1120 2930 1169 et
2957 1106 3383 1183 septimanarius
3435 1100 3464 1124 Î‡â€™

1792 1212 2105 1281 deportare.
2153 1208 2419 1271 Secundo,
2450 1206 2592 1278 quod
2630 1213 2993 1278 praeparatum
3024 1202 3273 1259 habuerit
3293 1196 3383 1257 eo?

1793 1303 2078 1373 quinarius
2124 1300 2425 1367 deferatur,
2476 1309 2531 1356 et
2564 1297 2819 1355 cellarius
2866 1298 3128 1368 imponat.
3155 1293 3291 1348 Nam
3322 1302 3381 1347 ut

1796 1395 1994 1449 factum
2055 1392 2329 1456 habuerit,
2358 1397 2512 1447 sonet
2536 1389 2751 1461 signum
2782 1396 3057 1444 annuente
3081 1385 3295 1449 abbate,
3326 1393 3382 1437 et

1797 1486 1942 1541 illico
2000 1494 2189 1556 surgat
2215 1483 2623 1549 refectorarius,
2646 1481 2911 1553 percutiat
2940 1495 3050 1535 uno
3076 1478 3182 1534 ictu
3214 1474 3381 1546 squil-

1795 1576 1895 1630 las.
1927 1575 2081 1630 Tunc
2131 1582 2356 1642 surgant
2381 1588 2571 1629 omnes
2623 1571 2870 1628 conversi
2898 1570 2963 1625 ad
2986 1566 3379 1639 propinandam

1796 1667 2087 1738 potionem.
2118 1665 2338 1721 Interim
2370 1681 2501 1721 vero
2542 1664 2859 1721 cellararius
2888 1679 3010 1718 cum
3033 1662 3147 1717 suis
3176 1658 3378 1715 ofï¬cia--

1798 1758 1937 1814 libus
1993 1756 2241 1829 deportet
2287 1758 2573 1828 pitantiam
2632 1757 2699 1812 ad
2729 1771 2971 1812 mensam
3017 1754 3167 1825 prius
3196 1751 3380 1807 domui

1797 1847 2031 1914 abbatis,
2086 1855 2142 1902 et
2192 1845 2318 1901 inde
2348 1860 2445 1916 per
2482 1845 2637 1901 alios.
2671 1845 2820 1900 Illico
2848 1851 3037 1914 surgat
3060 1849 3384 1913 procurator

1796 1935 2205 2001 refectorarius,
2233 1934 2397 1991 faciat
2450 1945 2507 1989 ut
2532 1934 2702 2005 prius,
2736 1932 3169 1999 convenianlque
3194 1943 3384 1984 omnes

1796 2028 2009 2084 diaconi
2055 2027 2379 2082 charitatem
2414 2026 2674 2081 ferentes.
2726 2023 2931 2079 Deinde
2971 2019 3381 2077 hebdomadarii

1798 2121 2046 2191 coquinze
2082 2119 2212 2173 dent
2238 2134 2393 2173 suum
2421 2118 2778 2188 pulmentum.
2839 2114 3037 2169 Statim
3061 2120 3120 2166 ut
3141 2109 3385 2166 sonuerit

1799 2210 1992 2281 squilla
2018 2209 2215 2263 iterum
2242 2215 2332 2261 eat
2358 2206 2607 2276 provisor
2637 2203 2929 2268 refectorii,
2966 2202 3152 2266 faciat,
3184 2207 3242 2253 ut
3268 2213 3386 2253 mos

1802 2310 1905 2358 est.
1966 2299 2119 2355 Tunc
2168 2298 2493 2354 conveniant
2544 2296 2855 2352 sacerdotes
2900 2301 2955 2348 et
2992 2291 3279 2364 propinent
3307 2289 3387 2343 vi-

1803 2408 1965 2458 num;
2007 2399 2141 2462 quot
2166 2390 2312 2446 vices
2338 2389 2650 2461 propinant,
2686 2394 2765 2443 tot
2790 2386 3004 2442 sonitus
3035 2383 3244 2455 squillae
3268 2382 3387 2436 ï¬eri

1801 2486 2021 2543 debent.
3376 2474 3379 2477 '

1874 2576 1989 2633 Hoc
2050 2574 2195 2645 quod
2240 2573 2527 2630 intulimus
2581 2587 2689 2628 non
2757 2580 2971 2627 tantum
3022 2584 3122 2641 pro
3159 2566 3280 2642 gula
3305 2564 3391 2620 vel

1803 2669 2073 2725 ebrietate
2121 2663 2409 2735 explenda,
2463 2679 2624 2734 quam
2658 2662 2723 2717 ad
2749 2661 3073 2718 charitatem
3102 2656 3389 2713 tenendam

1803 2773 1857 2818 et
1879 2762 1946 2817 ob
1975 2768 2215 2814 amorem
2247 2752 2454 2811 Christi
2484 2752 2883 2823 complendum.
2927 2750 3089 2805 Trina
3118 2752 3236 2804 inec
3266 2744 3392 2818 pro-

1803 2858 2030 2932 pinatio,
2071 2849 2399 2928 significatio
2428 2843 2709 2902 Trinitatis
2763 2854 2849 2901 est
2896 2862 2911 2898 :
2954 2843 3079 2915 quia
3130 2837 3394 2919 quidquid

1804 2951 2015 3022 agimus
2051 2949 2125 3004 in.
2159 2942 2379 3002 nomine
2409 2938 2700 2999 individuus
2722 2937 3007 2994 Trinitatis
3033 2934 3291 2989 inchoare
3329 2946 3395 2985 ac

1805 3043 2067 3115 perï¬cere
2106 3042 2388 3099 debemus.
2440 3039 2510 3095 Et
2547 3038 2599 3092 iu
2624 3036 2727 3091 hoc
2758 3034 2960 3100 absque
3007 3026 3170 3082 dubio
3197 3024 3242 3079 si
3274 3023 3395 3115 quis

1808 3132 2120 3204 requisierit
2147 3132 2391 3188 invenire
2413 3127 2621 3201 poterit
2649 3126 2700 3180 iu
2733 3120 3023 3179 concordia
3044 3115 3239 3189 regula:
3257 3114 3393 3185 (16).

1808 3226 1876 3282 Et
1901 3226 1954 3280 in
1985 3224 2325 3296 expositione
2360 3220 2559 3292 regulae
2581 3218 2697 3291 (l7)
2753 3210 3072 3270 Ilildemari.
3101 3209 3398 3278 Surgentes

1808 3333 1840 3372 a
1868 3315 2165 3371 refectione
2221 3315 2568 3385 requiescant
2612 3310 2666 3365 iu
2697 3305 2910 3363 lectulis
2956 3302 3093 3359 suis.
3122 3296 3396 3368 Approxi-

1810 3415 1996 3461 mante
2029 3406 2163 3461 hora
2189 3420 2353 3471 nona,
2384 3411 2610 3458 sonetur
2633 3398 2846 3470 signum
2880 3392 3397 3457 modice;>surgant,

1809 3498 1994 3554 lavent
2030 3514 2226 3554 manus
2251 3513 2315 3553 ac
2344 3495 2518 3551 facies
2565 3506 2714 3548 suas.
2757 3489 2944 3542 Denuo
2970 3485 3124 3555 signo
3146 3480 3400 3551 pulsante

1808 3599 2039 3662 pergant
2068 3577 2235 3661 'pueri
2260 3588 2316 3643 in
2351 3586 2530 3641 locum
2554 3597 2710 3638 suum
2738 3580 2789 3635 in
2837 3578 3039 3640 choro;
3092 3569 3401 3662 qui'tandju

1813 3658 2031 3740 teneant
2077 3658 2290 3751 signum
2341 3688 2623 3747 quousque
2671 3670 2740 3726 ab
2767 3667 3014 3724 oratione
3044 3668 3289 3732 surgant.
3316 3658 3401 3713 Ad

1812 3790 2099 3846 vesperam
2130 3772 2241 3829 sint
2267 3776 2460 3828 omnes
2504 3752 3017 3823 candelzeaccensm
3047 3763 3173 3810 ante
3203 3752 3399 3807 altare.

1808 3844 2141 3938 Antiphone,
2164 3865 2301 3919 Dum
2328 3862 2619 3935 transiisset
2644 3855 2956 3914 Sabbatum.
2973 3849 3241 3938 Psalmus,
3259 3844 3404 3899 Dixit

1810 3936 2067 4014 Domâ€”inus
2095 3956 2341 4011 Domino.
2375 3949 2818 4023 Responsorium,
2869 3940 3110 4000 Surrexit
3141 3936 3403 3992 Christus.

1810 4056 1892 4110 Ad
1946 4046 2520 4110 commemorationem
2576 4049 2913 4099 sanctorum,
2943 4030 3186 4103 quotidie
3221 4027 3407 4082 dicant

1813 4144 2174 4213 antiphonam
2196 4139 2265 4194 de
2295 4147 2551 4191 rrucecx
2594 4134 2708 4202 ipsa
2734 4126 3069 4185 festivitate:
3103 4121 3170 4175 ad
3206 4117 3403 4174 statio-

1816 4249 1939 4290 nem
1964 4232 2285 4302 antipltona,
2326 4230 2394 4283 de
2430 4232 2619 4281 sancta
2647 4222 2814 4276 Maria
2846 4235 2943 4289 pro
2968 4216 3237 4291 gentibus.
3276 4280 3279 4283 _

1886 4323 2021 4379 Tres
2066 4323 2181 4377 dies
2209 4319 2489 4376 celebrent
2532 4316 2586 4371 in
2619 4313 2804 4382 cappis
2841 4325 2963 4365 cum
2990 4320 3203 4362 summa
3234 4306 3400 4361 devo-

1818 4420 1985 4480 tione,
2017 4415 2159 4486 quod
2191 4414 2263 4469 ita
2290 4406 2374 4483 agi
2395 4417 2647 4481 oportet:
2678 4406 2745 4459 ab
2775 4402 3121 4459 inchoatione
3151 4396 3404 4468 obsequii

1823 4506 2161 4565 nocturnalis
2192 4505 2299 4562 duo
2327 4503 2481 4573 signa
2509 4497 2887 4571 pulsabuntur,
2930 4493 3034 4547 tria
3073 4488 3402 4546 candelabra

1823 4608 1972 4663 ante,
1995 4607 2046 4654 et
2074 4605 2220 4652 retro
2246 4608 2447 4657 unum;
2477 4586 2851 4645 invitatoriam
2880 4583 2987 4639 duo
3020 4580 3172 4653 pueri
3196 4579 3402 4633 dicant.

1824 4687 2065 4744 Surrexit
2098 4686 2351 4740 Dominus
2384 4698 2516 4737 vere.
2557 4678 2782 4733 Alleluia
2804 4676 2855 4731 in
2879 4673 3055 4746 primo
3085 4680 3141 4727 et
3166 4667 3404 4725 secundo

1826 4790 2115 4847 nocturno,
2144 4778 2259 4834 sive
2289 4775 2532 4846 vesperis
2566 4772 2721 4842 pueri
2751 4770 2953 4826 dicant.
2986 4766 3090 4822 Per
3119 4765 3284 4820 horas
3304 4761 3413 4817 diei

1828 4871 2235 4931 hebdomadarii
2283 4870 2641 4939 antiphonam
2678 4866 2881 4922 dicant.
2916 4859 3262 4930 Evangelium
3292 4871 3412 4925 pro.

1826 4965 2168 5022 nuntiabitur
2192 4971 2301 5017 tota
2347 4961 2669 5031 septimana.
2712 4947 3414 5025 Responsorium,Angelns

1828 5055 2062 5111 Domini.
2106 5054 2165 5109 lu
2220 5052 2472 5109 laudibus
2518 5047 2893 5106 accendantur
2941 5052 3069 5098 ante
3114 5040 3287 5095 altare
3321 5051 3411 5090 xv.

1828 5148 2085 5215 candela),
2112 5156 2259 5204 retro
2283 5158 2512 5218 septem.
2553 5142 2706 5198 Tunc
2741 5144 3004 5196 sonentur
3024 5132 3208 5190 omula
3237 5130 3413 5198 signa,

1900 5343 2023 5413 (16)
2066 5340 2237 5413 Hujus
2262 5340 2560 5413 concordite
2606 5335 2908 5413 regularum
2932 5325 3415 5413 â€™Î¸Î·Ïá½·Î¿Î½-[ÎµÎ¹Î·

1835 5394 2310 5540 Îµá½¹á¾†á½³.â€™á½¶á¿–Îµ)Î¹Îµá¾¶á¼°Î¹á¿–Î¹Î¹Î¹Îµ
2357 5394 2693 5465 Î‘Î±Î±Î·á½¶ÎµÎ·Î´á½¶á½·
2742 5406 2872 5460 Eam
2931 5401 3083 5471 llugo
3130 5394 3417 5452 Mcnardus

1829 5500 1859 5539 c
1901 5502 1916 5539 Î¹
1958 5492 2019 5539 Î¹Î¹.

1904 5577 2025 5645 (17)
2066 5569 2649 5645 Ilildemari_auctoris
2694 5565 2876 5624 saeculi
2926 5580 2979 5619 rx
3024 5556 3417 5645 expositionem

1837 5649 1887 5703 iu
1911 5639 2176 5717 Regulam
2209 5644 2267 5698 S.
2296 5642 2353 5698 Î¡.
2378 5643 2438 5700 Î’,
2475 5644 2528 5699 in
2559 5647 2743 5698 nostra
2767 5647 2951 5695 catena
2979 5639 3258 5691 comment;
3290 5642 3416 5687 and-

1837 5720 1976 5774 cdot.
2002 5716 2268 5774 dabimus.
