3864 6314
425 306 568 365 1207

1528 301 1855 362 (ςυιυοδιε
1889 298 2183 357 ABBATIS
2232 298 2618 357 FARFENSIS

425 434 479 491 et
509 421 773 494 incipiant
816 422 1193 492 autiphonam,
1242 421 1472 492 Angelus
1501 432 1674 476 autem
1712 422 1942 482 Domini,
1966 426 2022 473 et
2047 421 2098 480 Α
2131 419 2233 474 tria
2271 416 2597 475 candelabra
2650 416 2776 471 sint.
2800 415 2883 469 Ad
2922 426 3178 485 vesperas
3202 410 3436 466 Alleluia
3461 413 3690 479 quemae'

426 514 692 591 aliazauae
722 521 1042 582 sequuntur,
1079 521 1287 568 tantum
1318 529 1479 567 unam
1509 513 1753 569 canendo
1784 526 1880 580 per
1904 510 2013 565 sin-

425 605 580 677 gulos
614 604 730 658 dies
754 602 1177 658 bebdomadario
1220 602 1531 674 incipiente.
1566 602 1838 657 Sacerdos
1867 600 1937 654 sit
1963 600 2015 653 in

425 713 623 767 cappa,
679 712 707 751 a
760 710 869 764 quo
932 695 1125 750 altaria
1178 696 1545 751 iucensentur.
1575 694 1656 749 Ad
1703 695 1870 749 horas
1902 701 2017 747 tres

428 784 670 840 candelae
717 802 730 837 :
772 784 839 839 ad
887 785 1261 841 matutinalem
1310 787 1531 841 missam
1587 800 1692 840 una
1748 784 2012 849 collecta;

427 876 765 932 offertorium
808 886 865 931 et
884 874 990 931 alia
1019 877 1200 933 omnia
1249 878 1408 934 sicuti
1442 879 1527 933 die
1559 876 1841 932 Dominico
1873 876 2018 932 dicta

435 966 659 1032 fuerint,
688 969 771 1045 ita
807 968 988 1029 dicant
1019 977 1129 1027 tota
1160 971 1483 1040 septimana,
1514 978 1710 1039 praeter
1738 968 2019 1038 praefatio-

427 1046 551 1114 nem
575 1073 694 1127 qua:
717 1074 822 1113 non
854 1061 1198 1121 estcancnda
1228 1061 1330 1115 nisi
1362 1060 1481 1117 istis
1511 1061 1707 1114 tribus.
1737 1060 1818 1113 Ad
1850 1058 2020 1127 majo-

428 1164 545 1205 rem
597 1150 708 1213 sint
765 1165 954 1205 onmcs
982 1152 1296 1208 sacerdotes
1321 1162 1485 1221 atque
1510 1151 1687 1205 levita:
1709 1151 1761 1204 in
1786 1150 1972 1220 cappis
2002 1168 2015 1204 :

434 1240 608 1294 tribus
646 1240 1027 1310 corporalibus
1085 1241 1255 1296 altare
1301 1242 1670 1298 circumdetur
1719 1258 1733 1295 :
1782 1240 2022 1296 candela:

431 1341 556 1386 ante
597 1341 651 1386 et
686 1340 833 1386 retro
885 1332 1279 1397 illuminentur.
1309 1332 1659 1388 Offertorium
1686 1347 1781 1386 sex
1806 1340 2023 1386 susten-

433 1432 578 1489 teut;
608 1425 658 1476 in
687 1423 995 1493 expletione
1042 1424 1222 1479 missa:
1248 1425 1429 1479 omnia
1453 1425 1605 1494 signa
1627 1423 1929 1493 pulsentur.
1964 1423 2021 1492 In

434 1515 728 1573 relectorio
759 1515 1001 1584 quotidie
1029 1515 1231 1570 faciant
1254 1516 1603 1579 cliaritatem,
1630 1514 1883 1569 similiter
1916 1514 2025 1568 col-

431 1607 711 1662 lationem.
779 1606 912 1667 Tota
973 1607 1273 1676 septimana
1342 1607 1593 1661 dicantur
1646 1604 1712 1661 ad
1769 1620 2030 1674 vesperas

429 1697 622 1768 psalmi
651 1696 795 1759 sicut
825 1697 911 1751 die
942 1697 1245 1761 Dominico,
1271 1712 1393 1753 cum
1420 1695 1645 1750 Alleluia
1680 1694 1910 1766 qualiter
1934 1710 2025 1749 v0-

430 1789 613 1844 luerit.
641 1788 905 1849 Accensio
936 1788 1158 1849 luminis
1186 1788 1324 1843 sicut
1350 1790 1420 1842 ad
1458 1788 1702 1855 missam.

502 1880 638 1934 Aliis
699 1881 871 1934 tribus
922 1878 1115 1935 diebus
1164 1879 1530 1945 mediocriter.
1576 1878 1659 1932 Ad
1706 1876 2027 1939 nocturnale

429 1971 668 2029 cilicium
720 1972 829 2029 sint
886 1972 987 2026 tria
1038 1970 1365 2027 candelabra
1418 1978 1545 2024 ante
1590 1984 1741 2024 aram
1780 1978 1834 2022 et
1877 1979 2026 2025 retro

432 2080 619 2119 unum.
664 2064 724 2118 ln
777 2064 1187 2133 matutinalibus
1234 2063 1593 2132 pulsabnntur
1638 2064 1819 2115 omnia
1849 2062 2022 2130 signa.

434 2153 673 2210 Candela
719 2169 826 2210 una
888 2166 1155 2226 augeatur
1185 2164 1237 2209 et
1275 2153 1454 2208 tabula
1503 2153 1968 2222 tliscoopcriatur;
1996 2169 2025 2206 a

431 2245 617 2314 pueris
641 2254 819 2300 autem
853 2246 1253 2315 responsorium
1286 2243 1368 2307 vel
1400 2243 1780 2304 Benetlicamus
1802 2243 2027 2299 Domino

432 2332 493 2387 in
526 2344 655 2389 ante
709 2349 816 2403 non
851 2335 1149 2407 peragitur,
1183 2334 1276 2389 sed
1318 2332 1514 2388 inloco
1563 2349 1661 2387 suo
1691 2333 1891 2399 agitur.
1928 2331 2028 2389 Sa-.

434 2424 631 2481 cerdos
688 2426 811 2478 alba
869 2424 1087 2483 indutus
1131 2426 1197 2479 ad
1244 2424 1657 2481 iucensandum.
1686 2423 2028 2478 Philacteria:

433 2517 869 2588 superstolantur
900 2518 1119 2593 (18),~et
1156 2518 1355 2588 tapetia
1383 2533 1448 2572 ex
1474 2517 1665 2572 formis
1685 2515 2026 2571 auferantur.

432 2608 518 2664 Ad
558 2609 931 2677 matutinalem
966 2611 1189 2679 missam
1238 2625 1428 2664 omnes
1451 2609 1689 2675 collectae
1721 2618 1781 2662 ut
1808 2608 2028 2679 solitum

435 2708 541 2765 est,
590 2700 864 2755 dicantur.
920 2700 1001 2754 Ad
1060 2699 1322 2769 majorem
1352 2700 1555 2765 faciant
1589 2700 1753 2759 veluti
1788 2715 1917 2756 usus
1946 2709 2032 2755 est

433 2806 598 2861 agere
622 2792 676 2846 in
704 2791 794 2847 Xll
847 2791 1195 2860 lectionibus,
1221 2802 1274 2849 et
1297 2794 1363 2849 de
1388 2792 1733 2849 candelabris
1756 2793 2029 2848 similiter.

434 2885 692 2941 Prmfatio
712 2886 1171 2956 praetermittitur.

510 2976 761 3030 διηλιτο
786 2993 839 3030 IN
868 2992 1037 3040 ALBlS,
1072 2976 1474 3044 anilatorium,
1510 2974 1765 3035 Alleluia,
1787 2973 2029 3040 alleluia,

435 3065 495 3123 In
533 3066 802 3131 laudibus,
832 3066 948 3120 sive
978 3066 1223 3136 vesperis
1261 3066 1817 3135 responsoriabrevia
1847 3068 2029 3135 qualia

438 3157 710 3211 voluerint
767 3158 1113 3215 Paschalium
1167 3173 1183 3211 :
1224 3157 1450 3213 Alleluia
1491 3168 1594 3213 tam
1643 3157 1694 3212 in
1750 3160 2031 3214 nocturnis

440 3262 604 3317 quam
650 3247 802 3305 boris
857 3264 953 3318 per
993 3248 1235 3319 singulos
1284 3248 1401 3303 dies
1428 3250 1739 3315 decantent,
1788 3250 2037 3305 similiter

443 3354 632 3395 versus
659 3340 751 3409 qui
786 3350 912 3395 sunt
934 3341 1177 3395 annulati
1204 3341 1373 3413 ipsius
1398 3341 1531 3397 diei.
1563 3342 1621 3396 ln
1652 3340 1906 3413 Vesperis
1928 3343 2037 3397 sint

439 3431 679 3502 quinque
735 3432 1065 3487 candelabra
1118 3442 1243 3488 ante
1299 3432 1485 3501 aram,
1550 3435 1822 3503 posterius
1874 3435 2032 3489 trina.

442 3522 691 3595 Psalmos
753 3524 1037 3594 imponant
1087 3522 1473 3595 Con/iteantur.
1524 3527 1853 3597 Antiphona.
1905 3526 2035 3582 Cum

439 3624 569 3668 esset
598 3630 747 3679 sero;
779 3630 1024 3682 oremus,
1062 3611 1271 3669 Prwstu
1291 3657 1304 3681 ,
1334 3633 1657 3687 qua'sumus,
1686 3618 2031 3688 omnipotens.

1057 3705 1287 3761 CAPUT
1335 3707 1420 3761 \‘l.

783 3795 994 3855 Octavis
1027 3800 1425 3852 resurrectionis
1451 3798 1681 3853 Domini.

514 3885 743 3941 Summo
797 3889 974 3942 studio
1030 3890 1334 3944 celebretur
1378 3890 1789 3945 :accendantur
1821 3905 1944 3944 mox
1982 3898 2039 3943 ut

444 3976 722 4062 expletum
753 3974 919 4038 fuerit
969 3978 1240 4033 canticum
1292 3980 1580 4048 graduum,
1638 3988 1747 4033 tres
1800 3979 2037 4034 candela:

444 4076 573 4121 ante
607 4080 777 4129 aram,
821 4077 873 4120 et
898 4075 1048 4121 retro
1104 4085 1245 4134 una;
1296 4070 1360 4123 ad
1410 4069 1684 4124 canticum
1739 4078 2038 4139 augeantur

445 4160 565 4213 duae
586 4167 764 4229 antea,
809 4160 1083 4229 posterius
1115 4177 1253 4239 una,
1290 4162 1541 4231 superius
1592 4161 1919 4231 quindecim.
1953 4161 2037 4216 lu-

444 4251 755 4307 vitatorium
784 4250 888 4307 duo
921 4253 973 4307 in
998 4254 1203 4326 cappis.
1238 4253 1499 4329 Alleluia.
1520 4254 1707 4309 Lectio
1725 4265 2035 4310 sanctorum

443 4339 694 4408 Patrum,
734 4360 832 4407 seu
868 4344 1041 4398 Actus
1074 4344 1446 4414 apostolorum
1482 4360 1496 4399 :
1531 4341 1776 4398 Primum
1801 4345 2033 4415 quidem.

2119 511 2338 565 modum
2384 510 2575 564 diatim
2618 508 2730 579 (l9)
2779 507 3031 562 ordinate
3084 512 3213 561 sunt
3250 502 3401 559 soliti
3441 502 3697 570 imponere

2119 602 2194 657 ita
2223 601 2552 671 persolvant,
2578 608 2633 656 et
2662 599 2900 671 psalmos
2936 598 3102 669 ipsius
3131 596 3241 652 diei
3276 594 3546 651 Dominici
3570 595 3693 649 reci.

2121 704 2255 759 teut.

2202 807 2206 811 -
2728 779 2957 836 CAPUT
2996 780 3109 835 Vll.

2573 870 2783 927 Pascha
2820 872 3079 929 annotiua
3103 870 3267 941 (20).]

2195 967 2456 1022 Sanctum
2487 963 2697 1019 Pascha
2733 960 2881 1032 quod
2924 960 3204 1031 praeterito
3242 972 3392 1013 anno
3423 956 3697 1013 celebravi-

2124 1074 2266 1126 mus,
2290 1058 2335 1113 si
2365 1058 2417 1112 in
2442 1055 2862 1126 quadragesima
2896 1051 3217 1115 occurrerit,
3255 1049 3572 1105 nullatenus
3608 1048 3700 1116 agi-

2125 1150 2327 1206 tur:si
2378 1162 2505 1202 vero
2551 1155 2673 1217 post
2722 1144 2929 1198 Pascha
2992 1142 3278 1197 inventum
3330 1139 3518 1202 luerit,
3544 1154 3701 1201 omne,

2124 1238 2581 1312 quemadmodum
2622 1238 2676 1291 in
2707 1235 2921 1290 Domini
2966 1232 3381 1289 resurrectione
3429 1231 3702 1285 decantan-

2126 1335 2254 1389 dum
2290 1343 2395 1397 est,
2440 1331 2514 1385 ita
2547 1328 2939 1398 adimpleatur;
2972 1337 3171 1397 printer
3210 1322 3563 1392 evangelium
3583 1322 3705 1389 quod

2127 1427 2328 1498 legitur
2359 1441 2373 1477 :
2406 1421 2538 1475 Erat
2580 1422 2735 1476 homo
2790 1436 2856 1475 ex
2900 1419 3214 1473 Pltarisa'is.
3241 1414 3478 1483 Quando
3507 1414 3561 1467 in
3593 1413 3708 1465 doe-

2128 1516 2305 1573 deeim
2334 1513 2597 1579 lectiones
2620 1510 2885 1576 evenerit,
2908 1506 3250 1571 matutinalis
3264 1520 3426 1570 sacra
3455 1502 3578 1557 inde
3594 1518 3703 1571 aga-

2130 1621 2235 1676 tur,
2260 1620 2317 1665 et
2347 1609 2392 1664 si
2428 1610 2480 1663 in
2508 1604 2843 1678 quotidianis
2886 1602 3079 1657 diebus
3125 1595 3534 1661 adventaverit,
3565 1592 3707 1662 maje-

2129 1718 2242 1757 rcm
2276 1703 2495 1756 missam
2526 1699 2808 1763 celebrent
2836 1709 2904 1748 ex
2930 1708 3014 1747 eo.

2056 1761 2105 1827 Β»
2199 1790 2331 1861 Cum
2368 1800 2571 1847 octava:
2607 1761 2829 1841 Pasclne
2869 1780 3156 1837 celebrata:
3188 1776 3421 1839 fuerint,
3448 1775 3551 1833 hoc
3574 1774 3713 1828 modo

2131 1890 2296 1951 agant
2329 1878 2556 1950 privatis
2583 1875 2810 1931 diebus:
2844 1886 2967 1925 mox
3010 1878 3071 1924 ut
3116 1866 3464 1938 expleverint
3514 1874 3706 1918 nec-tm-

2134 1972 2256 2027 nale
2287 1971 2628 2041 obsequium,
2649 1974 2844 2025 sonent
2877 1963 3088 2033 signum
3112 2001 3127 2026 ,
3156 1968 3209 2014 et
3235 1958 3523 2013 matutim:
3553 1956 3710 2009 laudes

2129 2065 2472 2137 inclinentur.
2502 2062 2559 2123 lu
2585 2062 2686 2116 boc
2709 2072 2944 2126 namque
2980 2054 3100 2109 loco
3140 2053 3471 2123 priusquam
3515 2050 3609 2103 alia
3632 2050 3707 2101 in-

2129 2172 2404 2222 seramus,
2438 2155 2620 2224 aliqua
2646 2149 3017 2207 locutiuneula
3045 2145 3372 2216 pcrdignum
3398 2142 3642 2196 ducimus
3664 2149 3713 2193 ut

2130 2246 2400 2301 dicamus.
2428 2228 2821 2300 Erunt-forsan
2851 2239 3097 2294 nonnulli
3127 2236 3221 2305 qui
3244 2235 3387 2289 haec
3442 2233 3708 2303 inquireut.

2130 2355 2234 2410 qua
2262 2339 2475 2393 ratione
2510 2334 2859 2405 intervallum
2898 2348 3006 2386 non
3039 2330 3120 2397 lit,
3160 2328 3304 2384 sicut
3337 2327 3528 2398 regula
3550 2325 3715 2395 preci-

2128 2432 2243 2503 pit?
2272 2431 2614 2504 Respondeo,
2637 2437 2763 2483 sunt
2790 2427 2988 2496 quippe
3012 2421 3272 2478 nonnulli
3308 2420 3518 2475 fratres
3540 2419 3628 2488 qui
3648 2418 3716 2471 di-

2133 2538 2293 2580 verso
2320 2522 2510 2578 morbo
2540 2519 2809 2581 laborant,
2836 2516 2980 2585 quod
3005 2522 3401 2568 antecessores
3428 2508 3603 2564 nostri
3628 2508 3715 2560 uti-

2130 2604 2259 2671 liter
2284 2614 2672 2685 przeviderunt,
2700 2610 2842 2664 hanc
2867 2606 3256 2662 discretionem
3284 2604 3494 2658 habere
3518 2600 3717 2673 [baben-

2134 2704 2308 2778 dam],
2340 2714 2398 2759 ut
2426 2704 2494 2765 ad
2541 2699 2861 2759 nocturnale
2907 2698 3231 2768 obsequium
3289 2711 3422 2750 mox
3450 2704 3510 2748 ut
3537 2694 3716 2749 dictum

2133 2798 2319 2862 fuerit,
2353 2796 2556 2859 Venite,
2583 2793 2877 2851 exaltemus
2898 2790 3119 2844 Domino
3137 2806 3157 2844 :
3180 2788 3231 2841 in
3269 2787 3546 2848 laudibus.
3576 2786 3717 2847 Deus,

2132 2891 2447 2946 traicerentur
2475 2886 2661 2951 nostri,
2689 2891 2890 2938 exeant
2928 2881 3001 2935 illi
3028 2880 3121 2949 qui
3155 2878 3436 2949 indigent,
3460 2888 3519 2930 et
3555 2890 3716 2930 rever-

2138 2989 2337 3043 tantur,
2362 2987 2524 3048 prout
2560 2976 2660 3046 ipsi
2707 2972 3011 3045 potuerint;
3054 2986 3152 3041 pro
3200 2969 3309 3022 alia
3343 2968 3531 3037 aliqua
3567 2965 3717 3038 [ευρ.

2138 3086 2199 3127 re
2220 3081 2308 3125 aut
2338 3067 2531 3139 causa]
2570 3066 2715 3122 nullo
2764 3065 2923 3120 modo
2976 3076 3263 3116 assensum
3295 3060 3497 3114 damus
3535 3058 3719 3112 :eian

2140 3166 2285 3231 illos,
2318 3164 2411 3233 qui
2444 3162 2762 3231 frequenter
2790 3161 2895 3214 hoc
2928 3165 3117 3226 agunt,
3146 3154 3505 3223 corripimus.
3520 3152 3721 3218 insuper

2139 3255 2446 3326 etpsalmos
2466 3268 2603 3323 quos
2628 3251 2869 3307 studiose
2915 3249 3213 3302 decantare
3259 3245 3501 3299 Domino
3543 3240 3720 3296 διισῶ

2138 3358 2300 3420 gante
2332 3347 2616 3409 debemus,
2648 3351 2871 3412 propter
2904 3340 3226 3395 brevitatem
3263 3337 3513 3392 noctium
3536 3334 3719 3401 absque

2140 3456 2291 3495 mora
2336 3446 2553 3509 oportet
2605 3436 2847 3491 initiare.
2879 3435 2933 3488 lu
2956 3429 3240 3501 evangelio
3278 3430 3594 3498 antipbona:
3611 3438 3719 3496 quae

2141 3529 2357 3585 fuerunt
2378 3543 2449 3597 ex,
2472 3526 2557 3580 die
2583 3521 2998 3578 resurrectionis
3020 3529 3247 3589 possunt
3282 3518 3397 3573 dici
3418 3533 3541 3571 cum
3572 3524 3718 3567 cete-

2139 3621 2238 3685 ris,
2264 3634 2383 3687 qnzc
2411 3618 2462 3671 in
2492 3617 2576 3670 die
2603 3613 2883 3668 Dominico
2928 3612 3220 3675 habentur,
3255 3625 3439 3678 usque
3496 3608 3549 3661 in
3597 3606 3723 3659 diem

2140 3690 2481 3765 ascensionis
2534 3705 2768 3761 Domini.
2827 3702 3054 3771 Expleta
3109 3709 3433 3755 sanctorum
3490 3695 3721 3766 suffragia

2140 3810 2271 3859 eant
2294 3796 2538 3855 canendo
2573 3796 2927 3864 antiphouam
2976 3792 3043 3845 de
3074 3801 3263 3847 sancta
3297 3790 3471 3843 Maria
3502 3798 3558 3842 et
3582 3793 3726 3854 agant

2140 3892 2407 3946 matutina
2438 3890 2682 3943 omnium
2724 3896 3059 3947 sanctorum,
3103 3893 3159 3938 et
3200 3883 3478 3936 matutina
3526 3894 3621 3949 pro
3649 3878 3726 3932 de»

2140 3982 2344 4036 functis
2388 3979 2651 4035 fratribus
2690 3978 2918 4041 nostris,
2970 3986 3024 4030 et
3070 3977 3315 4044 quinque
3358 3972 3604 4043 psalmos
3646 3984 3727 4037 pro

2140 4074 2400 4128 fratribus
2438 4087 2612 4140 nuper
2636 4068 2931 4124 defunctis.
2978 4068 3119 4121 Ante
3171 4066 3412 4136 primam
3448 4064 3728 4119 subtollan-

2142 4176 2230 4221 tur
2253 4165 2410 4235 pallia
2442 4164 2718 4228 ecclesia),
2752 4174 2808 4218 et
2859 4162 2963 4217 alia
3007 4170 3356 4224 ornamenta,
3410 4176 3537 4229 qua:
3590 4172 3725 4210 ualli!

2142 4248 2353 4329 [moris]
2413 4267 2496 4311 est
2546 4255 2772 4309 auferri.
2832 4255 2913 4311 Ad
2978 4252 3253 4323 primam,
3314 4249 3575 4303 Miserere
3620 4248 3725 4305 utri.

2141 4349 2303 4415 Dens,
2342 4359 2546 4417 septem
2597 4348 2856 4418 psalmos,
2890 4356 2945 4400 et
2990 4345 3210 4403 litanias
3255 4354 3316 4398 et
3370 4344 3601 4397 missam
3643 4356 3728 4409 pro

446 4431 894 4504 Responsorium,
920 4435 1148 4505 Angelus
1174 4435 1410 4499 Domini,
1438 4444 1689 4504 quartum
1708 4478 1722 4502 ,
1752 4445 2029 4500 octavum,

2139 4443 2428 4498 defunctis.
2476 4442 2533 4496 In
2584 4441 2879 4511 capitulum
2912 4437 3368 4495 convenientibus
3408 4437 3593 4495 tribus
3614 4434 3727 4490 vici-

448 4531 505 4577 et
546 4525 926 4585 duodecimum
976 4543 1006 4581 a
1047 4527 1258 4585 duobus
1287 4527 1690 4582 decantabitur.
1724 4528 2037 4582 Duodennm

447 4632 681 4689 namque
705 4635 735 4673 a
759 4619 936 4688 capite
973 4620 1359 4689 reCapituletur
1406 4630 1527 4688 post
1558 4615 1741 4673 Gloria
1768 4618 1939 4671 Patri.
1983 4617 2036 4670 ln

446 4708 725 4783 evangelio
750 4712 1066 4781 autiphona,
1097 4710 1226 4765 Post
1256 4712 1366 4765 dics
1389 4722 1521 4764 octo.
1555 4708 1637 4763 Ad
1669 4709 2037 4763 matutinaletu

452 4800 678 4869 missam
711 4817 815 4856 una
848 4801 1089 4863 collecta,
1122 4812 1173 4857 et
1202 4803 1447 4871 prmfatio
1476 4801 1768 4872 paschalis.
1799 4801 1880 4856 Ad
1912 4816 2038 4869 pro-

445 4896 767 4973 cessionem,
797 4898 1276 4967 venientibusaute
1298 4898 1518 4966 januam
1543 4897 1884 4964 monasterii,
1912 4898 2037 4969 dum

444 4987 681 5051 ordinati
734 4987 958 5055 fuerint,
1000 4998 1059 5044 ut
1111 5004 1228 5042 mos
1260 4998 1361 5053 est,
1415 4998 1541 5044 tunc
1562 4988 1870 5061 prmcedant
1908 5003 2038 5056 qua-

447 5089 570 5151 tuor
594 5092 753 5153 antea
796 5082 850 5135 in
886 5082 1062 5136 medio
1091 5089 1147 5135 et
1175 5080 1377 5146 dicant,
1414 5081 1713 5149 Cruci/imus
1742 5081 1795 5133 in
1831 5098 1987 5133 carne
2017 5096 2035 5135 :

448 5182 575 5240 tunc
604 5190 797 5231 omnes
824 5188 944 5237 esse
974 5175 1171 5229 debent
1193 5174 1505 5228 sacerdotes
1549 5184 1604 5227 et
1629 5173 1803 5227 levita:
1830 5174 1883 5228 in
1906 5188 2033 5242 eap—

444 5265 547 5334 pis.
591 5265 673 5320 Ad
714 5265 973 5335 majorem
1025 5267 1245 5331 missam
1299 5266 1407 5320 sint
1459 5278 1665 5336 septem
1712 5265 2034 5339 candelabra

448 5362 574 5408 ante
601 5370 786 5422 aram,
812 5358 1084 5427 posterius
1116 5356 1250 5423 tria;
1290 5357 1546 5426 praefatio
1578 5357 1810 5427 canitur.
1838 5356 1918 5410 Ad
1944 5372 2037 5409 ex-

445 5443 816 5521 planationem
843 5462 1012 5503 sacrae
1044 5449 1225 5503 omnia
1254 5448 1406 5514 signa
1435 5446 1731 5518 pulsentur.
1760 5446 1840 5499 Ad
1875 5446 2037 5501 horas

520 5577 632 5646 (18)
672 5578 728 5633 id
771 5590 855 5653 est
879 5596 1077 5649 eapsaz,
1102 5582 1159 5653 in
1192 5581 1388 5650 quibus
1420 5580 1519 5637 SS.
1553 5581 1814 5653 Reliquiae
1848 5596 2030 5637 recon-

450 5645 691 5721 duntur,
722 5650 858 5702 stola
890 5645 982 5705 seu
1008 5645 1169 5721 pallio
1200 5645 1485 5706 oI-nantur.

528 5717 638 5788 (l9)
677 5720 733 5785 id
756 5730 859 5783 CSl,
888 5736 982 5795 per
1008 5717 1251 5793 Singulos,
1278 5722 1413 5778 dies.

2145 4537 2267 4600 bus,
2294 4534 2435 4588 Deus
2458 4535 2511 4588 in
2536 4534 2863 4604 adjutoriuut
2889 4549 3060 4603 meum
3091 4531 3326 4596 intende,
3343 4532 3559 4601 absque
3580 4544 3728 4597 εωθ-

2140 4627 2407 4691 flectendo
2436 4628 2660 4691 dicant;
2708 4624 3061 4695 surgentibus
3113 4639 3177 4677 ex
3210 4622 3347 4691 ipsis
3394 4622 3582 4676 infans
3630 4620 3727 4691 (qui

2144 4720 2353 4789 pritnus
2383 4719 2449 4774 de
2476 4718 2598 4772 aliis
2624 4717 2730 4787 est)
2762 4731 3072 4786 prcharare
3110 4715 3353 4773 tabularii
3391 4730 3619 4784 semper
3648 4711 3727 4764 de

2143 4812 2232 4866 bet
2256 4813 2321 4866 ad
2350 4812 2609 4882 priorem,
2640 4808 2722 4864 vel
2768 4810 2832 4862 ad
2864 4807 3014 4861 illum
3069 4806 3161 4876 qui
3188 4805 3448 4861 ordinem
3493 4811 3661 4866 tenet,
3689 4800 3727 4852 si

2142 4918 2381 4973 praesens
2411 4902 2558 4972 prior
2608 4916 2714 4954 non
2749 4898 2874 4958 erit,
2906 4912 3028 4966 qua:
3080 4895 3262 4951 sexies
3296 4895 3518 4964 percuti
3557 4894 3719 4947 dcbﬂ.

2209 4995 2454 5054 Psalmos
2482 4997 2546 5049 de
2576 4994 2733 5055 ituris
2767 4989 3153 5052 familiaribus,
3178 5002 3318 5056 quos
3363 4986 3619 5043 solebant
3658 4983 3725 5036 tlt-

2146 5102 2293 5153 cere,
2321 5085 2620 5140 dimittant.
2664 5081 2795 5135 Nam
2829 5083 2872 5136 si
2904 5081 3166 5143 evenerit,
3202 5088 3263 5130 ιιι
3307 5078 3557 5147 aliquem
3607 5072 3725 5145 psal-

2142 5192 2287 5231 mum
2338 5175 2538 5244 imponi
2583 5187 2804 5231 necesse
2828 5172 3007 5233 fuerit,
3040 5179 3132 5225 aut
3154 5167 3270 5236 jam
3302 5169 3621 5223 inchoatum
3644 5168 3721 5219 ba-

2143 5270 2380 5335 Lueriut,
2409 5267 2493 5322 vel
2515 5266 2831 5325 defunctum
2855 5262 3150 5327 tenuerint,
3184 5277 3284 5333 pro
3317 5260 3423 5315 hoc
3446 5262 3727 5315 decantare

2142 5378 2443 5432 congruum
2478 5363 2712 5416 videtur.
2747 5358 3002 5413 Pulsanle
3034 5357 3168 5410 hora
3209 5356 3372 5409 tertia
3403 5350 3725 5409 conveniant

2139 5472 2329 5512 omnes
2360 5458 2413 5511 in
2444 5455 2751 5517 ecclesiam,
2787 5461 2843 5507 et
2872 5451 3122 5506 oratione
3146 5449 3365 5519 expleta
3407 5456 3503 5501 eat
3562 5457 3725 5500 sacer

2211 5589 2323 5658 (20)
2368 5587 2491 5641 Dies
2533 5601 2795 5658 annuus,
2825 5599 2931 5658 quo
2968 5581 3301 5658 celebratum
3354 5580 3451 5635 fuit
3508 5576 3720 5633 Pascha.

2140 5652 2253 5715 sive
2284 5652 2717 5713 anniversarium
2746 5652 2855 5711 diei
2876 5652 3178 5719 Paschalis.
