3864 6314
119 329 239 390 ηοο

1299 320 1679 379 DlSClPLlNA
1716 319 1893 376 FARF
1904 319 2118 376 ENSIS.

3208 320 3344 378 1210

119 451 200 504 dos
219 458 334 501 cum
360 439 620 495 ministris
643 448 698 494 et
730 438 969 494 inalhent
996 436 1107 509 (2|)
1156 452 1234 492 se.
1271 437 1565 494 Venientes
1609 438 1663 492 in
1695 451 1740 507 Α
1772 437 2033 506 Epistula,
2059 436 2287 490 Stabunt
2314 435 2470 504 justi.
2525 433 2773 501 Alleluia,
2804 434 3009 488 stabunt
3027 433 3182 504 justi.
3216 434 3350 489 Item

118 538 262 594 choro
288 533 456 587 denuo
479 570 494 595 ,
533 530 746 600 signum
776 528 993 598 pulsent
1017 536 1069 583 et
1103 528 1291 582 horam
1318 528 1569 582 reddant.
1598 529 1668 582 Et

117 642 231 701 puer
255 623 461 678 inchoet
489 619 763 684 litaniam;
798 620 864 674 ad
888 617 1218 674 offerendam
1247 618 1451 672 vadant
1479 634 1668 688 quem-

117 714 373 775 admodum
416 726 532 766 mos
559 721 659 765 est.
694 710 858 765 Sexta
912 710 1044 765 feria
1083 726 1319 780 namque
1363 725 1529 779 agere
1575 711 1671 765 de-

115 810 226 863 bent
269 805 483 858 missam
541 812 740 856 sancta:
766 801 974 857 Crucis.
1023 800 1151 857 Post
1187 817 1380 857 nonam
1410 810 1668 856 exeuntes

115 918 167 958 cx
198 901 493 963 relectorto,
526 899 902 953 coadunentur
958 897 1012 951 iu
1065 897 1324 967 capitulo,
1353 906 1408 951 et
1438 897 1668 951 domnus

116 993 259 1049 abbas
273 990 409 1044 dicat
440 988 611 1043 tribus
626 987 847 1051 vicibus,
876 988 1040 1054 Deus,
1065 990 1120 1042 in
1151 988 1477 1058 adjutorium
1494 1004 1667 1058 meum

117 1086 325 1145 intende;
351 1081 595 1149 Domine,
639 1081 709 1134 ad
755 1080 1115 1150 adjuvandum
1161 1098 1241 1135 me
1283 1057 1513 1150 festina:
1535 1080 1669 1135 Tres

106 1179 238 1243 .vices
255 1190 420 1244 genua
473 1173 622 1228 nullo
649 1181 892 1244 tempore
922 1174 976 1227 in
1010 1173 1114 1229 hac
1164 1188 1324 1242 prece
1356 1172 1665 1228 curvahnn-

115 1274 204 1318 tur.
232 1263 282 1316 In
305 1263 495 1333 primis
523 1272 721 1332 agatur
753 1263 1077 1329 reverentia,
1103 1270 1265 1333 atque
1289 1262 1463 1317 tabula
1508 1278 1669 1318 souc—

115 1367 203 1412 tur.
228 1356 467 1425 Oremus,
497 1356 661 1413 Pater
706 1368 900 1415 noster.
944 1360 1014 1414 Et
1063 1378 1124 1415 ne
1174 1376 1290 1415 nos.
1327 1360 1667 1429 Adjutorium

114 1458 318 1503 nostrum
340 1451 391 1503 in
423 1452 633 1505 nomine
663 1450 899 1507 Domini.
936 1452 1259 1509 Benedicite.
1291 1452 1348 1507 Si
1374 1453 1493 1522 quis
1520 1452 1667 1509 hom

113 1554 244 1594 nona:
276 1556 376 1596 non
406 1557 649 1609 prmsens
690 1541 857 1598 fuerit
893 1544 1069 1599 somni
1109 1544 1458 1615 negligentia,
1485 1544 1539 1598 in
1565 1558 1659 1598 ca-

111 1628 257 1698 pitulo
277 1630 708 1688 satisfactionem
738 1633 905 1688 faciat
931 1633 1186 1688 omnibus
1215 1634 1506 1688 stantibus.
1542 1631 1662 1687 Alia

114 1732 339 1789 namque,
381 1718 526 1776 facta
566 1737 748 1789 sacra,
785 1722 1064 1779 finientur.
1110 1723 1381 1780 Exeuntes
1421 1724 1545 1779 inde
1582 1723 1665 1778 in-

1769 526 2018 580 Afleluia.
2056 525 2472 592 Conﬁtebuntur.
2513 526 2594 581 Ad
2653 540 2931 594 vesperas,
2989 524 3239 591 Alleluia,
3285 542 3353 580 ex

1767 619 2091 687 antiphonis
2150 618 2324 687 ipsius
2379 618 2485 672 diei
2542 634 2703 673 uuam
2765 627 2993 683 tantum,
3030 627 3085 693 et
3113 618 3355 688 psalmos

1770 710 2162 781 apostolorum.

1839 803 2092 856 [NVENTIO
2114 816 2337 855 suam:
2362 815 2572 855 caecus.
2600 800 2681 854 Ad
2732 816 3015 871 vesperam
3058 815 3349 870 responso-

1768 876 1931 955 riunf,
1956 890 2125 963 Super
2154 892 2349 946 omnia.
2382 892 2711 961 Antiphona.
2761 891 3061 960 Cruci/imus
3094 893 3147 945 in
3172 908 3348 957 carne,

1767 987 2005 1052 alleluia,
2034 986 2271 1040 alleluia.
2316 986 2513 1041 Psalmi
2544 1003 2609 1041 ex
2656 986 2789 1040 feria
2836 987 3004 1055 ipsius
3034 987 3157 1040 diei.
3184 986 3352 1056 Capi-

1769 1079 1962 1143 tulutu,
1997 1078 2129 1132 Mihi
2157 1089 2332 1134 autem
2360 1080 2516 1133 absit.
2547 1078 2994 1149 Responsorium,
3047 1075 3217 1147 Super
3242 1095 3353 1132 cm-

1768 1169 1874 1223 nia.
1911 1168 2175 1238 ilymnns,
2217 1168 2441 1224 Vea‘illa.
2481 1169 2817 1235 Versiculus,
2863 1168 2979 1222 Hoc
3000 1169 3204 1238 signum
3233 1186 3355 1222 cru-

1767 1261 2219 1332 cis.Antiphona,
2271 1262 2315 1318 0
2375 1279 2524 1317 crux.
2583 1263 2826 1329 Oremus,
2879 1265 3047 1334 ipsius
3090 1264 3246 1319 diei:
3297 1273 3353 1319 et

1768 1361 2019 1424 repetant
2047 1355 2400 1423 antiphonam
2426 1357 2494 1408 de
2514 1357 2739 1410 sanctis.
2769 1356 2947 1410 Statio
2977 1355 3071 1409 liat
3101 1354 3170 1410 ad
3228 1370 3356 1409 san-

1766 1455 1910 1502 ctam
1960 1459 2177 1500 crucem
2220 1463 2235 1513 ;
2285 1446 2689 1515 responsorium
2737 1454 2792 1500 et
2840 1461 3063 1499 oremus
3112 1445 3179 1499 de
3236 1444 3355 1513 ipsa

1766 1554 1951 1596 cruce.
1997 1536 2179 1594 Venite
2210 1554 2241 1594 a
2270 1539 2484 1613 duobus
2513 1539 2727 1594 dicatur
2776 1538 2827 1592 in
2866 1536 3071 1606 cappis.
3101 1535 3351 1599 Alleluia,

1765 1630 1925 1686 sicuti
1984 1629 2178 1685 diebus
2240 1629 2531 1684 dominicis
2583 1628 2804 1684 solitum
2857 1637 2941 1682 est
2986 1643 3002 1692 ;
3070 1627 3305 1696 hymnus
3337 1667 3354 1693 ,

1765 1720 1995 1776 Eterna
2034 1719 2251 1775 Christi.
2278 1720 2566 1776 Lectiones
2591 1728 2715 1775 octo
2749 1718 2817 1774 de
2853 1718 3077 1773 sanctis.
3112 1718 3358 1788 Respon-

113 1806 349 1863 clinentur
380 1821 508 1867 ante
537 1821 594 1867 et
625 1822 795 1878 retro,
816 1823 872 1870 et
891 1824 1086 1884 pergat
1123 1815 1496 1885 unusquisque
1518 1815 1662 1884 quod
1697 1811 1739 1865 Β
1765 1814 1997 1878 serium,
2022 1812 2299 1868 Pretiosa:
2325 1824 2605 1883 quartum,
2627 1814 2877 1867 octavum
2907 1820 2961 1865 et
2976 1810 3357 1866 duodecimum

113 1897 153 1952 ei
176 1896 457 1966 iniunctum
509 1902 698 1959 fuerit.
740 1905 820 1959 Ad
844 1921 1099 1975 vesperas
1134 1921 1392 1977 namque,
1421 1906 1668 1961 exeunti-

115 1991 201 2046 bus
230 1994 581 2050 scrvitoribus
607 1996 672 2052 de
712 1996 1032 2063 refcctorio,
1078 2008 1303 2054 sonctur
1348 1998 1580 2068 signum,
1613 2007 1669 2054 et

113 2085 408 2141 conveniant
436 2088 624 2143 cuncti
648 2089 702 2143 in
737 2104 925 2153 unum,
960 2098 1016 2144 et
1048 2099 1240 2159 agatur
1262 2088 1496 2144 cilicium
1525 2104 1669 2144 mor-

113 2184 315 2231 tuorum.

677 2269 905 2326 CAPUT
945 2271 1076 2329 V'lll.

296 2359 575 2415 Dominica
606 2363 778 2432 prima
803 2373 918 2434 post
948 2373 1185 2418 octavam
1210 2363 1454 2418 Pascha'.

171 2448 388 2507 Sabbato
433 2452 503 2507 ad
562 2467 844 2523 vesperam
904 2454 1331 2523 responsorium,
1376 2454 1489 2526 Ego
1536 2456 1670 2509 sicut

112 2539 227 2596 ritis.
257 2541 649 2606 lnvitatorium,
673 2543 923 2600 Alleluia.
961 2544 1020 2598 lu
1049 2544 1227 2614 primo
1266 2554 1555 2611 nocturno,
1579 2544 1669 2599 Al-

112 2631 265 2697 leluia,
289 2652 377 2706 ego
405 2652 547 2689 sum.
579 2635 768 2691 Lectio
790 2636 858 2692 de
890 2636 1212 2708 Apocalypsi
1270 2636 1499 2693 Joannis
1546 2653 1672 2708 apo-

112 2724 232 2780 stoli.
262 2724 717 2796 Responsorium,
764 2727 967 2798 Dignus
1022 2744 1099 2795 es,
1156 2728 1420 2795 Domine,
1451 2727 1663 2784 duabus

110 2814 444 2875 hebdomadis.

166 2908 407 2965 DOMINICA
449 2910 520 2974 ll,
564 2909 706 2965 sicut
734 2910 786 2964 in
826 2911 1021 2980 prima.
1054 2910 1475 2980 Responsorium
1506 2910 1672 2965 breve

109 2998 230 3054 dicat
258 3001 435 3056 schola
489 3018 616 3057 cum
643 3000 827 3058 Gloria
868 3000 1039 3058 Patri.
1089 3002 1146 3057 In
1180 3001 1378 3072 primo,
1426 3000 1668 3056 Surrexit

116 3089 340 3147 Dominus
371 3094 434 3147 de
462 3092 729 3163 sepulcro.
757 3093 811 3147 lu
840 3093 1097 3157 secundo,
1126 3090 1372 3147 Surrexit
1403 3091 1664 3147 Dominus

1768 1907 1880 1963 duo
1940 1908 2140 1963 fratres
2195 1907 2505 1961 decantent.
2555 1905 2636 1959 Ad
2686 1903 2962 1963 canticum
3017 1903 3310 1972 antiphoua
3340 1942 3355 1966 ,

1768 2000 2018 2067 Alleluia,
2042 2000 2195 2055 dulce
2217 1997 2526 2069 lignum,vel
2556 1994 2777 2066 PrOpter
2798 1996 3018 2064 lignum.
3045 1993 3357 2057 Canticum,

1769 2092 1993 2146 Domine
2021 2134 2037 2160 ,
2079 2091 2280 2156 audivi,
2327 2089 2472 2160 quod
2507 2088 2782 2144 dividatur
2811 2086 2863 2140 in
2918 2085 3078 2139 binas
3109 2102 3123 2149 ;
3169 2085 3357 2139 Gloria

1769 2183 2041 2250 videlicet,
2079 2182 2333 2251 Nunquid
2358 2182 2411 2235 in
2440 2180 2794 2250 ﬂuminibus:
2831 2176 3045 2238 Gloria,
3091 2176 3266 2229 Emisti
3304 2175 3359 2228 in

1682 2337 1698 2347 ἢ
1768 2274 2011 2329 salutem.
2078 2273 2309 2329 liomilia
2365 2273 2433 2328 de
2486 2270 2801 2341 Evangelia,
2852 2269 2983 2324 Erat
3030 2269 3206 2335 homo,
3236 2284 3358 2323 cum

1772 2368 2117 2437 expositione
2163 2365 2425 2435 ejusdem.
2481 2363 2537 2419 In
2590 2362 2841 2419 laudibus
2887 2362 3199 2432 antiphonae
3240 2376 3362 2430 qua:

1770 2468 2117 2529 promantur.
2146 2457 2392 2513 breviata
2444 2454 2790 2525 responsoria
2834 2453 2952 2510 sine
2981 2452 3361 2507 Benedicamus

1770 2548 2022 2613 Domino,
2052 2558 2160 2603 tam
2191 2547 2294 2602 hac
2314 2548 2466 2609 hora,
2491 2560 2657 2614 quam
2685 2544 2752 2598 ad
2774 2556 3031 2613 vesperas
3054 2540 3205 2611 pueri
3234 2549 3363 2594 ante

1771 2638 1975 2708 gradus
2026 2639 2383 2709 proclament.
2442 2635 2816 2691 Matutinalem
2880 2634 3099 2689 missam
3151 2648 3217 2687 ex
3250 2630 3356 2687 SS.

1772 2730 1985 2788 Eventii
2010 2741 2066 2787 et
2084 2731 2346 2788 Theodoli
2372 2729 2630 2785 Natalitia
2654 2728 2857 2784 faciant
2886 2745 2901 2781 :
2933 2725 3194 2795 majorem
3222 2741 3356 2780 vero

1770 2830 2063 2892 antequam
2094 2821 2384 2890 incipiant,
2415 2818 2728 2874 sacerdotes
2757 2824 2922 2888 atque
2960 2815 3138 2871 levita:
3169 2830 3364 2870 omnes

1772 2923 1899 2969 sunt
1942 2913 2129 2969 amicti
2159 2913 2370 2984 cappis.
2431 2910 2649 2982 Septem
2719 2909 3048 2965 candelabra
3101 2908 3359 2962 ordinent

1770 3012 1899 3060 ante
1935 3003 2105 3059 altare
2128 3018 2251 3059 cum
2282 3003 2408 3071 illis,
2467 3018 2588 3072 qua:
2636 3000 2887 3057 conversi
2935 2997 3206 3054 deferunt.
3235 2993 3363 3051 Otii-

1772 3097 1917 3152 eium
1942 3104 2165 3153 teneant
2187 3106 2445 3167 quatuor,
2477 3096 2676 3165 ipsum,
2722 3093 2836 3147 Nos
2866 3103 3063 3146 autem.
3094 3088 3360 3159 Epistola,

110 3198 219 3236 rere.
244 3182 294 3236 In
327 3185 506 3250 tertio,
545 3182 724 3239 Cavisi
770 3194 891 3239 sunt
932 3184 1179 3254 discipuli
1210 3200 1229 3240 :
1273 3184 1451 3239 adhuc
1495 3198 1666 3252 usque
1694 3163 1739 3225 ί)
1773 3187 1994 3257 Conﬁdo
2015 3190 2078 3243 de
2110 3163 2253 3243 vobis
2286 3189 2340 3242 in
2365 3163 2613 3244 Domino.
2642 3184 2894 3250 Alleluia,
2935 3184 3088 3237 dulce
3133 3182 3356 3252 lignum.

109 3273 344 3330 Kalendas
383 3275 729 3346 Septembris
757 3276 1010 3330 dicantur
1035 3276 1251 3345 propria
1282 3275 1353 3328 ad
1374 3275 1515 3329 diem
1551 3290 1669 3344 per-

110 3364 327 3433 tinentia,
376 3377 579 3439 pra-ter
608 3368 824 3438 quando
870 3368 1095 3423 historia
1147 3368 1384 3438 ponitur,
1438 3382 1559 3435 quae
1600 3384 1667 3421 ex

108 3457 200 3523 ipsa
228 3459 447 3527 majores
491 3461 696 3515 fratres
726 3470 996 3529 premant.
1054 3461 1108 3515 In
1138 3460 1537 3516 resurrectione
1568 3459 1666 3516 Do.

110 3546 219 3601 mini
265 3551 556 3605 servitores
600 3560 864 3606 exeuntes
914 3566 977 3604 ex
1034 3551 1324 3608 refectorio
1378 3562 1508 3606 eant
1570 3563 1667 3620 per

108 3637 316 3695 scholam
349 3642 400 3696 in
450 3642 698 3698 oratorio
745 3651 951 3699 sancta:
981 3642 1160 3698 Maria:
1203 3645 1444 3699 suaviter
1468 3644 1667 3699 decan-

108 3731 264 3795 tando,
297 3732 546 3789 Miserere
574 3736 700 3801 mei,
750 3735 915 3790 Deus.
946 3735 1139 3792 Totum
1184 3738 1432 3792 aestivum
1456 3747 1666 3808 tempus

111 3820 182 3873 hic
228 3823 445 3891 faciant,
481 3828 529 3882 si
587 3828 672 3883 bis
711 3830 1009 3884 comessuri
1052 3838 1179 3885 sunt
1215 3845 1230 3884 :
1277 3831 1331 3885 in
1367 3843 1487 3887 sera
1537 3847 1665 3887 vero

108 3914 211 3969 inde
236 3934 332 3974 oon
362 3924 733 3990 retrocedant,
765 3924 859 3978 sed
890 3938 987 3993 per
1024 3923 1192 3979 altum
1217 3925 1522 3981 claustrum
1569 3925 1663 3993 ju-

110 4017 184 4063 xta
209 4014 657 4082 promptuarium.

166 4102 412 4161 Daunum
458 4106 527 4160 Ill
574 4116 695 4175 post
744 4116 968 4162 octavas
1017 4107 1263 4163 Paseltre.
1299 4107 1537 4163 Sabhato
1594 4109 1661 4162 ad

107 4204 373 4262 vesperam.
417 4196 870 4265 Responsorium,
905 4197 1157 4253 Viderunt
1192 4208 1241 4251 te
1274 4215 1461 4271 aqum,
1498 4198 1659 4252 Deus.

107 4279 154 4349 ip
178 4286 398 4340 crastino
450 4288 701 4357 lcgantur
727 4286 793 4341 de
818 4296 1028 4356 septem
1079 4287 1324 4356 epistolis
1358 4289 1657 4343 canonicis.

106 4367 519 4443 ReSponsorium,
558 4377 616 4432 Si
676 4377 868 4431 oblitus
906 4378 1058 4447 [uero
1091 4380 1189 4433 tui.
1250 4380 1429 4448 Usque
1470 4379 1523 4433 in
1567 4394 1659 4432 as—

107 4476 245 4518 censa
276 4468 507 4531 Domini.

162 4554 210 4607 In
237 4554 524 4613 festivitate
552 4557 921 4627 apostolorum
974 4558 1204 4627 Philippi
1233 4567 1288 4617 et
1340 4558 1549 4614 Jacobi.
1580 4559 1663 4613 Ad

106 4657 357 4714 vesperam
410 4652 578 4720 quina
636 4650 963 4706 camlelahra
1015 4660 1143 4706 ante
1191 4652 1385 4706 altare.
1435 4651 1663 4720 Lectio,

106 4731 299 4792 Stabunt
341 4742 498 4810 justi.
533 4742 982 4812 Responsorium.
1002 4783 1017 4799 .
1036 4780 1052 4798 .
1075 4783 1088 4797 .
1111 4782 1127 4798 .
1147 4783 1160 4797 .
1184 4783 1198 4798 .
1217 4782 1231 4798 .
1284 4759 1314 4798 a
1347 4744 1557 4798 duohus
1611 4745 1664 4799 in

106 4828 266 4895 cappis
294 4830 531 4897 dicatur,
554 4829 810 4896 Alleluia,
831 4848 924 4903 ego
946 4849 1062 4886 sum
1090 4834 1231 4888 vitis.
1282 4831 1574 4888 Lectiones
1599 4834 1667 4888 de

105 4916 328 4979 passione
380 4921 646 4991 ipsorum.
695 4922 1146 4993 Responsorium.
1202 4922 1402 4977 Virtute
1451 4941 1663 4994 magna.

104 5006 360 5081 Quartum,
408 5021 682 5080 octavum,
724 5015 1102 5083 duodecimum
1153 5016 1226 5072 ibi
1278 5016 1665 5072 decantentur.

105 5096 152 5150 ln
177 5103 327 5158 tertio
357 5103 636 5162 Noeturno
673 5104 835 5160 lectio
860 5107 1217 5176 expositionis
1261 5107 1541 5177 Evangelii
1585 5107 1668 5175 ip-

106 5189 202 5247 sius
224 5194 347 5249 diei.
379 5197 438 5251 lu
484 5198 920 5265 matutinalibus,
953 5199 1246 5269 antipltona
1282 5198 1395 5270 Ego
1420 5216 1534 5254 sum
1565 5199 1666 5265 via,

105 5292 211 5334 cum
248 5285 363 5339 aliis
392 5286 757 5357 responsoriis
798 5297 1033 5358 quatuor
1074 5299 1240 5359 atque
1285 5289 1667 5344 Benedicamus

108 5369 305 5437 Domino
332 5389 560 5433 cantent
587 5389 714 5435 ante
744 5396 900 5455 aram
932 5382 1086 5451 pueri
1123 5399 1135 5434 :
1179 5391 1233 5437 et
1289 5400 1318 5435 u
1344 5381 1665 5437 atutinalem

106 5476 292 5521 sacram
319 5485 384 5523 ex
411 5485 477 5526 eo
505 5482 687 5545 agant.
723 5472 928 5527 Debent
957 5488 1079 5528 esse
1114 5487 1304 5535 omnes
1353 5472 1664 5528 sacerdotes

108 5566 251 5625 atque
271 5559 445 5617 levitce
470 5565 536 5618 ad
560 5565 822 5636 majorem
850 5566 1069 5622 missam
1096 5566 1148 5620 in
1181 5566 1404 5636 cappis;
1451 5574 1661 5637 septem

108 5650 232 5705 celei
256 5664 376 5708 ante
408 5656 577 5711 altare
604 5676 616 5711 :
646 5667 881 5729 quatuor
931 5660 1127 5718 fratres
1161 5670 1376 5718 teneant
1408 5661 1661 5718 officium.

172 5763 272 5835 (‘21)
321 5769 470 5825 Albis
507 5787 563 5829 se
588 5772 833 5828 induant.

1770 3279 1928 3347 Item,
1979 3280 2231 3345 Alleluia,
2284 3279 2526 3344 alleluia,
2560 3278 2799 3333 Christus
2854 3292 3152 3346 resurgens.
3184 3275 3364 3329 Evan-

1770 3370 1989 3440 gelium,
2023 3369 2153 3423 Erat
2198 3370 2351 3422 homo
2381 3385 2399 3423 :
2434 3384 2531 3439 per
2562 3369 2724 3422 horas
2770 3366 3022 3421 dicantur
3045 3365 3361 3433 antiphonte

1770 3465 1836 3518 de
1860 3460 2222 3517 hebdomada.
2283 3460 2364 3513 Ad
2423 3474 2702 3528 vesperam
2738 3458 3055 3525 antiphona,
3108 3454 3359 3518 Alleluia,

1768 3554 2073 3623 cruciﬁxus.
2102 3552 2324 3615 Psalnti,
2357 3551 2503 3605 Dixit
2528 3551 2808 3615 Dominus,
2833 3546 3138 3616 conﬁtebor,
3159 3546 3359 3609 beatae,

1768 3648 2027 3711 laudate;
2059 3648 2315 3717 hymnus,
2363 3644 2591 3707 Vexilla,
2644 3659 2869 3697 oremus.
2904 3642 3173 3696 Cantores
3205 3655 3356 3711 repe-

1772 3750 1892 3794 tant
1916 3740 2270 3809 antiphonam
2300 3737 2366 3792 de
2390 3737 2595 3791 sanctis
2633 3751 2756 3790 cum
2791 3734 2997 3789 Gloria.

1839 3832 2101 3886 DOMINICA
2150 3846 2310 3885 PRIMA
2366 3844 2509 3883 aure
2554 3826 2934 3893 RCGATlONI-IS,
2988 3839 3094 3880 non
3145 3822 3360 3878 dicatur

1772 3924 2032 3994 psalmus,
2064 3925 2145 3977 Ad
2180 3924 2465 3979 Dominum
2492 3938 2612 3975 cum
2669 3919 2973 3984 tribulos-er,
3004 3932 3109 3973 nec
3139 3916 3213 3970 De
3242 3933 3364 3987 pro-

1768 4018 1970 4087 fundis,
1999 4032 2097 4089 pro
2123 4016 2395 4073 defunctis
2420 4034 2435 4084 ;
2464 4017 2592 4087 quia
2621 4015 2727 4071 illis
2753 4014 2926 4070 tribus
2949 4013 3141 4069 diebus
3170 4010 3361 4066 festive

1767 4110 2209 4167 celebrabuntur.
2662 4098 2673 4107 ’

1833 4201 1888 4256 In
1916 4202 2273 4259 BOGATIONUM
2309 4218 2499 4258 DIEBUS
2530 4203 2598 4256 ad
2653 4200 2977 4257 matutinale
3031 4198 3361 4268 obsequium

1764 4292 1945 4363 legant
1972 4293 2228 4362 epistolas
2268 4294 2562 4347 canonicas
2593 4302 2827 4356 exacte;
2858 4291 3079 4346 veniant
3110 4292 3163 4344 in
3194 4289 3362 4350 alium

1763 4384 2012 4446 chorum,
2046 4393 2348 4452 cancnzque
2381 4383 2453 4437 ibi
2484 4382 2779 4436 matutinas
2825 4381 3066 4436 omnium
3116 4379 3351 4435 Sancto-

1769 4491 1912 4542 rum,
1934 4482 2099 4545 atque
2126 4483 2463 4528 mortuorum
2513 4473 2633 4527 sine
2662 4472 2999 4542 antiphonis.
3054 4472 3373 4541 Eademque

1779 4566 1983 4621 faciant
2020 4579 2266 4636 veSpere.
2293 4564 2423 4619 Post
2464 4564 2828 4634 espletiouem
2860 4564 3101 4635 ipsorum
3142 4566 3366 4619 matuti-

1771 4674 1989 4724 norum,
2013 4657 2297 4711 venientes
2323 4656 2376 4711 in
2411 4655 2793 4711 dormitorium
2828 4656 3196 4725 requiescant.
3235 4656 3371 4710 Post

1770 4750 2000 4821 primam
2032 4756 2213 4802 autem
2264 4745 2527 4817 psalmus,
2587 4744 2837 4800 Miserere
2876 4747 2998 4809 mei,
3031 4746 3192 4811 Deus,
3228 4756 3284 4801 et
3315 4748 3360 4801 si

1772 4842 1967 4911 aliquis
2007 4839 2246 4911 psalmus
2303 4839 2590 4909 impositus
2632 4838 2818 4902 fuerit,
2851 4847 2979 4892 ante
3008 4837 3181 4907 ipsum
3214 4838 3365 4894 dica-

1774 4942 1880 4989 tur.
1916 4932 2119 4989 Deinde
2142 4941 2447 5001 sequuntur
2468 4932 2607 4986 hanc
2652 4929 3030 5001 psalmodiam,
3065 4929 3230 4994 Deus,
3260 4947 3364 4983 (ηι-

1777 5025 1924 5079 ribus
1949 5026 2164 5089 nostris,
2193 5040 2317 5079 cum
2367 5024 2679 5094 quindecim
2715 5023 2938 5093 psalmis
2974 5039 3071 5090 pro
3121 5021 3365 5075 omnium

1778 5116 2241 5182 tribulationibus,
2266 5131 2391 5171 cum
2445 5115 2849 5185 precationibus
2879 5114 2997 5169 sive
3056 5126 3367 5167 remunera-

1778 5208 2015 5262 tionihus
2038 5206 2473 5273 benefactorum,
2504 5220 2605 5261 nec
2628 5219 2733 5259 non
2765 5213 2821 5257 et
2849 5218 2949 5273 pro
2975 5203 3369 5258 defunctorum

1777 5305 2016 5375 requie,
2067 5306 2307 5375 quinque
2366 5319 2599 5372 namque
2650 5300 2840 5371 psalmi
2892 5314 2991 5368 pro
3053 5297 3371 5361 defunctis,

1778 5397 1976 5453 deinde
1998 5406 2208 5467 septem
2235 5396 2451 5466 psalmi,
2479 5406 2533 5449 et
2568 5393 2780 5447 litauia.
2832 5391 3050 5447 Missam
3077 5388 3358 5445 matutina

1775 5488 1882 5545 lem
1923 5488 2112 5544 dicant
2142 5488 2311 5559 ipsius
2337 5486 2465 5549 diei,
2494 5493 2550 5541 et
2599 5482 2907 5549 collectam,
2949 5498 3047 5553 per
3092 5480 3279 5537 omnia
3305 5489 3365 5535 ut

1773 5582 1895 5639 aliis
1916 5582 2109 5638 diebus
2137 5622 2157 5650 ,
2183 5589 2238 5637 et
2266 5579 2311 5636 si
2348 5578 2545 5648 aliquis
2590 5587 2814 5633 Sanctus
2856 5576 3021 5632 fuerit
3071 5571 3365 5657 aliqpando

1774 5673 1889 5743 ipso
1914 5675 2018 5740 die,
2051 5672 2269 5728 dicatur
2294 5669 2470 5726 oratio
2500 5668 2565 5724 ad
2590 5669 2728 5723 hanc
2749 5680 2983 5734 sacram,
3012 5664 3366 5739 adjuugcutos
