3834 6304
514 335 642 389 1211

1574 328 1613 382 G
1626 323 1898 382 UIDONlS
1936 322 2230 380 ABBATIS
2264 322 2650 377 FABFENSIS

3610 325 3707 385 lii!

512 448 826 503 Sanctorum
880 454 1113 507 tuormn,
1170 451 1221 497 et
1274 442 1493 496 missam
1556 455 1654 509 pro
1709 441 1979 496 matutino
2024 438 2090 493 ad
2122 444 2166 501 Α
2198 452 2369 507 genua
2398 436 2617 499 ﬂectant
2672 444 2726 489 ut
2756 435 2928 506 prius.
2988 433 3196 492 Dehinc
3242 436 3351 492 duo
3391 437 3616 509 incipiant
3654 448 3705 506 1ο.

510 536 687 604 majus
723 534 914 587 altare.
973 530 1314 587 Oﬂ'erendam
1364 530 1546 585 cuncti
1608 529 1846 596 l‘aciant;
1900 544 2087 600 pacem

515 642 655 681 unus
683 625 934 694 accipiat.
967 623 1046 677 Ad
1076 622 1372 693 capitulum
1396 636 1503 675 non
1535 629 1618 675 est
1645 620 1924 684 dicendus,
1951 620 2093 674 sicut

508 718 628 773 aliis
668 716 895 786 privatis
950 715 1141 769 diebus
1201 729 1409 776 versus,
1459 713 1618 774 Deus,
1660 712 1714 765 in
1765 712 2090 780 adjutorium

507 824 675 860 meum
715 806 943 871 intende,
983 820 1081 859 nec
1133 804 1457 873 loquendum
1490 812 1575 857 est
1627 803 1744 858 istis
1778 803 1949 857 tribus
1976 803 2092 857 die-

508 898 608 951 bus
648 897 699 951 in
755 896 1015 951 claustro.
1050 895 1156 950 Per
1187 897 1368 959 horas,
1399 894 1660 950 lectiones
1704 903 1760 949 et
1814 894 2091 950 orationes

505 1005 567 1044 (ι
595 988 803 1042 Domini
832 989 1245 1043 resurrectione.
1269 986 1393 1041 Post
1419 994 1623 1040 sextam
1646 994 1771 1040 eant
1808 986 1859 1041 in
1884 986 2089 1040 dormi-

508 1079 732 1143 torium,
765 1088 854 1132 aut
886 1078 1161 1148 paululum
1205 1076 1571 1146 requiescant,
1621 1076 1705 1131 vel
1749 1076 1801 1131 in
1853 1077 2087 1141 lectulis,

505 1168 597 1238 qui
633 1169 924 1233 voluerint,
975 1169 1173 1238 legant,
1208 1167 1377 1221 donec
1415 1166 1630 1236 signum
1658 1167 1923 1221 audiant:
1981 1182 2090 1237 quo

506 1260 694 1314 audito
716 1259 1013 1314 disealeiati
1043 1260 1280 1323 veniant,
1314 1270 1369 1313 et
1395 1258 1573 1312 lavent
1604 1275 1795 1314 manus
1816 1275 1878 1314 ac
1901 1259 2085 1314 facies.

509 1348 803 1405 Venientes
850 1351 902 1405 in
929 1350 1213 1405 ecclesiam
1246 1350 1386 1403 faeta
1428 1350 1674 1404 oratione
1708 1350 1889 1404 dicant
1937 1352 2087 1421 pueri

507 1443 877 1512 antiphonam,
905 1442 1164 1512 Exsurge,
1202 1441 1439 1496 Domine.
1479 1443 1632 1496 Tunc
1653 1444 1978 1498 sceretarius
2004 1441 2088 1498 vel

502 1534 776 1589 armarius
799 1535 1003 1589 tribuat
1026 1535 1375 1605 philacterias
1397 1549 1521 1588 cum
1553 1533 1796 1605 reliquiis
1824 1551 1921 1605 per
1972 1536 2089 1590 sin-

504 1623 680 1692 gulos,
713 1633 910 1695 prteter
965 1640 1161 1695 pueros
1195 1626 1276 1680 vel
1310 1625 1450 1691 illos,
1507 1628 1598 1695 qui
1650 1626 1853 1697 aliquid
1901 1636 2092 1682 conla-

504 1717 681 1785 gionis
704 1717 1039 1771 admiserunt
1067 1718 1241 1772 noctis
1302 1733 1518 1787 sopore.
1572 1718 1700 1773 Post
1736 1719 2085 1790 antiphonam

2191 531 2428 586 ctionem
2460 531 2656 598 quibus
2701 528 2955 585 annuerit
3007 528 3287 585 armarius
3313 529 3381 585 de
3439 533 3706 602 majoribus:

2193 620 2357 691 Κριτία
2402 620 2598 675 eleison
2653 636 2782 675 vero
2834 621 3145 676 dicentibus
3203 636 3312 691 quo
3360 638 3520 693 usque
3548 631 3710 691 veniant

2193 713 2260 765 ad
2292 712 2682 767 monasterium
2711 729 2725 778 ;
2761 724 2817 767 et
2847 723 2974 767 tunc
3025 713 3206 767 dicant
3261 729 3452 769 nomen
3495 724 3635 776 sancti
3658 725 3709 795 ip-

2193 802 2320 855 sius
2367 801 2614 857 ecclesia:
2663 806 2866 873 proprii
2924 803 3135 859 duabus
3171 804 3403 859 vicibus.
3456 806 3627 867 Deinde
3655 814 3709 867 is.

2194 893 2344 947 ciant
2372 894 2750 949 reverentiam.
2784 895 2861 950 llli
2899 904 2954 950 ut
2979 912 3142 967 supra
3193 896 3467 953 inchoent.
3514 900 3705 961 Sanctam

2192 984 2439 1051 Mariam,
2467 995 2521 1040 et
2544 987 2679 1042 alios
2705 997 2929 1044 sanctos
2967 990 3061 1058 qui
3124 998 3444 1059 sequuntur,
3488 1001 3538 1045 ut
3571 1008 3707 1049 ιιιιιιιιι-

2191 1091 2461 1145 quemque
2483 1076 2565 1131 bis
2595 1076 2802 1132 dicant.
2870 1079 3079 1133 Debent
3113 1095 3353 1148 namque
3390 1093 3709 1155 revertereper

2191 1168 2458 1230 ordinem,
2497 1168 2638 1223 sicut
2675 1179 2960 1225 venerunt.
3014 1170 3473 1243 Venientibusque
3515 1186 3617 1231 ante
3634 1179 3707 1233 val-

2193 1274 2288 1314 vas
2341 1259 2586 1315 ecclesiae
2621 1261 2806 1316 litauia
2858 1262 3116 1318 conclusa
3165 1264 3292 1317 erit.
3340 1263 3486 1319 Tunc
3534 1266 3596 1320 illi
3632 1271 3704 1324 duo

2190 1350 2510 1405 circumdati
2543 1353 2726 1423 eappis
2758 1368 2899 1408 unus
2949 1352 3095 1420 hine,
3148 1354 3289 1408 alius
3332 1353 3452 1408 inde
3495 1354 3705 1426 imponant

2191 1442 2371 1513 Agnus
2396 1432 2491 1497 Dei
2519 1442 2885 1507 :dicentibus,
2922 1440 3108 1497 Gloria
3158 1440 3335 1510 Patri,
3368 1445 3704 1503 intrentomnes

2188 1524 2499 1591 ecclesiam.

2260 1628 2483 1683 Interim
2537 1627 2720 1682 famuli
2759 1640 3058 1699 personent
3105 1632 3286 1701 signa.
3338 1630 3541 1685 Fratres
3574 1643 3702 1687 autetn

2192 1721 2473 1792 imponant
2505 1721 2853 1791 pltilacterias
2895 1739 3062 1793 super
3116 1740 3363 1778 mensam
3415 1723 3703 1787 altaris.ruro

505 1808 703 1862 iterum
731 1808 824 1862 liat
862 1810 1057 1877 oratio,
1086 1818 1139 1864 et
1173 1810 1383 1864 dicatur
1432 1811 1695 1880 psalmus,
1744 1788 1887 1866 Dens
1933 1814 2089 1867 mise—
2120 1788 2161 1846 Β
2195 1788 2366 1866 vando
2396 1826 2592 1883 genua.
2652 1811 2944 1882 Postquam
2990 1814 3199 1882 positas
3233 1814 3531 1879 habuerint,
3583 1816 3703 1887 signis

504 1909 702 1952 rentur.
735 1898 898 1953 Pater
920 1911 1121 1965 noster,
1146 1910 1201 1955 et
1236 1903 1529 1972 capitulum
1562 1920 1575 1969 ;
1629 1902 1694 1956 Et
1724 1904 1896 1957 veniat
1934 1921 2089 1975 super

504 2005 620 2052 nos,
678 1990 904 2045 collecta
938 2034 951 2057 ,
1008 1990 1270 2047 Memento
1320 1994 1541 2059 fantilia:
1582 2007 1705 2048 tua'.
1765 1995 1969 2051 Debent
2015 1996 2086 2050 ita

501 2080 795 2147 procedere
819 2080 1067 2135 ordinate
1117 2081 1214 2145 illi,
1265 2093 1325 2137 ut
1373 2085 1528 2155 quasi
1566 2086 1969 2156 processionem
2008 2085 2090 2140 fa-

496 2179 735 2225 cerent:
781 2156 967 2226 fatnnli
1023 2172 1075 2227 in
1122 2174 1313 2244 primis
1362 2176 1559 2232 debent
1587 2187 1804 2248 portare
1838 2178 2086 2233 l’anoncs.

508 2259 660 2315 Unus
709 2276 1005 2318 conversus
1074 2280 1315 2329 crucem,
1372 2267 1510 2324 alius
1564 2285 1760 2339 aquam
1817 2281 2082 2326 sanctam.

504 2349 889 2407 Subdiaconus
920 2362 1127 2408 textum
1158 2354 1454 2427 Evangelii.
1507 2359 1584 2413 Ex
1618 2375 1723 2414 uno
1766 2361 1936 2417 latere
1957 2377 2083 2417 ean-

501 2443 748 2509 delabra,
803 2456 858 2500 et
902 2462 969 2501 ex
1019 2448 1128 2502 alio
1170 2449 1504 2505 thuribulum
1558 2461 1708 2507 eant.
1759 2453 1893 2509 Cum
1938 2455 2088 2510 exire

494 2535 791 2602 cmperint,
822 2546 1020 2591 sonent
1047 2524 1227 2593 omnia
1282 2540 1457 2610 signa,
1505 2550 1560 2597 et
1606 2542 1790 2598 dicant
1836 2545 2113 2615 antipho-.

398 2654 403 2657 ι
496 2641 652 2690 nam,
687 2627 761 2681 De
793 2627 1126 2685 Hierusalem
1178 2643 1366 2686 exeunt
1406 2634 1658 2706 reliquite.
1707 2636 1834 2693 Post
1880 2640 2085 2694 textum

492 2719 778 2790 Evangelii
841 2733 1041 2776 exeant
1102 2725 1194 2794 qui
1247 2736 1471 2781 cantare
1523 2728 1775 2783 nesciunt
1827 2749 1842 2785 :
1894 2731 2089 2788 deinde

505 2812 691 2866 schola
722 2828 842 2867 cum
874 2815 1172 2883 magistris,
1204 2817 1606 2887 subsequantur
1661 2835 1755 2875 eos
1806 2830 2083 2891 cantores,

499 2904 606 2958 duo
630 2914 685 2957 et
714 2905 819 2959 duo
849 2922 944 2975 per
964 2908 1208 2961 ordinem
1237 2909 1548 2979 gradientes
1576 2927 1591 2965 :
1634 2913 1945 2968 adtinentur
1968 2930 2088 2970 om-

498 3010 621 3059 nes,
651 3004 707 3048 ut
763 3011 931 3065 usque
964 2998 1028 3051 ad
1077 3000 1400 3064 oratorium,
1447 3016 1554 3071 quo
1590 3002 1911 3059 celebraturi
1963 3015 2088 3060 sunt

493 3085 744 3150 missam,
802 3096 1021 3141 cantent
1065 3090 1441 3160 antiphonam.
1494 3092 1849 3158 Exeuntibus,
1902 3098 2082 3153 famuli

493 3176 886 3232 habeantaute
929 3176 1156 3246 januam
1192 3182 1341 3245 atrii,
1393 3199 1532 3238 unus
1582 3185 1731 3248 hinc,
1781 3187 1920 3243 alius
1962 3190 2086 3245 inde

500 3277 843 3336 praeparatas
891 3270 1099 3340 virgas,
1141 3286 1280 3338 quas
1332 3273 1572 3328 tribuant
1615 3277 1868 3333 omnibus
1920 3280 2083 3334 etiam

496 3358 801 3414 infantibus
855 3363 907 3415 in
974 3362 1151 3417 eundo
1202 3374 1256 3418 et
1303 3365 1627 3421 redeundo:
1686 3369 1739 3422 in
1790 3370 2079 3425 ecclesiam

498 3450 854 3518 intrantibus,
889 3454 989 3524 ipsi
1018 3465 1333 3524 procurent,
1370 3457 1460 3527 qui
1514 3458 1802 3527 dederunt,
1838 3463 2084 3532 recipere

496 3552 662 3613 atque
682 3545 977 3601 custodire.
1002 3546 1357 3604 Venientibus
1409 3550 1646 3619 denique
1676 3567 1771 3621 per
1810 3554 2079 3619 ordinem,

497 3634 643 3688 sicut
672 3635 938 3690 insertum
968 3647 1051 3692 est
1084 3653 1268 3707 supra,
1310 3650 1436 3695 ante
1484 3642 1629 3695 fores
1676 3643 1943 3709 ecclesia),
1991 3645 2080 3698 ubi

501 3740 659 3780 sacra
685 3741 849 3795 agere
908 3729 1125 3793 debent,
1174 3730 1422 3799 protinus
1469 3741 1527 3786 ιιι
1583 3733 1779 3789 ibidem
1835 3735 2084 3790 venerint

494 3814 782 3883 imponant
809 3827 1066 3874 cantores
1108 3822 1513 3890 responsorium
1546 3823 1614 3877 de
1656 3833 1966 3879 sanctorum
2000 3842 2081 3880 re-

494 3905 682 3976 liquiis
707 3928 720 3963 :
749 3910 820 3964 ibi
855 3914 1325 3983 consecratsignis
1355 3914 1720 3984 pulsantibus.

569 3999 799 4056 Peracto
837 4002 1015 4072 itaque
1040 4004 1387 4083 responsorio
1423 4005 1567 4059 dicat
1587 4006 1842 4062 sacerdos
1865 4023 2078 4063 versmu

494 4100 659 4158 atque
691 4093 913 4148 Oremus
966 4094 1314 4166 [orationem]
1368 4097 1683 4152 eorumdem
1744 4110 2077 4167 sanctorum,

494 4193 551 4237 et
576 4178 829 4239 Dominus
860 4186 1142 4241 vobiscum.
1191 4187 1319 4243 Post
1357 4203 1572 4243 versum
1611 4190 1854 4246 seniores
1878 4205 2079 4261 ponant

490 4276 840 4345 philacterias
867 4278 982 4349 (22)
1019 4295 1181 4349 super
1202 4280 1374 4334 altare
1400 4279 1528 4334 hinc
1552 4290 1606 4334 et
1648 4280 1794 4347 inde,
1821 4284 1980 4339 sicuti
2021 4287 2074 4341 in

489 4368 660 4422 choro
688 4369 1014 4435 consistunt,
1076 4371 1343 4426 ﬂectendo
1371 4387 1542 4442 genua
1574 4390 1589 4428 :
1632 4389 1755 4427 mox
1786 4385 1841 4429 ut
1872 4377 2076 4445 positas

2192 1901 2429 1958 dimissis
2473 1902 2582 1957 duo
2621 1902 2695 1957 illi
2749 1904 2931 1957 amicti
2970 1904 3157 1974 cappis
3204 1904 3477 1968 inchoent,
3528 1904 3701 1971 Exaudi,

2192 1990 2354 2045 Deus.
2382 1990 2572 2049 Clerus
2597 1992 2941 2064 respondeat.
2981 1993 3134 2048 Tunc
3168 1994 3241 2047 illi
3290 2004 3347 2048 ut
3378 2010 3525 2064 supra
3560 2010 3701 2050 secuti»

2191 2081 2279 2146 do,
2308 2081 2545 2147 Exaudi,
2580 2082 2811 2137 Christe.
2869 2081 3249 2153 Subsequatur
3302 2084 3492 2152 clerus,
3520 2084 3703 2139 Miserere

2192 2173 2357 2227 nobis.
2395 2174 2581 2230 Denuo
2604 2175 2676 2230 illi
2703 2175 2838 2241 bini,
2868 2173 3102 2239 Exaudi,
3135 2185 3192 2230 et
3221 2175 3423 2240 clerus,
3449 2178 3703 2241 orationem,

2192 2263 2483 2335 Propitius.
2516 2265 2738 2321 Interim
2770 2266 2842 2321 illi
2867 2268 2973 2323 duo
3001 2267 3186 2322 dicant
3221 2268 3383 2322 tertia
3410 2267 3537 2333 vice,
3558 2266 3703 2322 Sancte

2188 2366 2493 2410 sanctorum
2520 2356 2682 2412 Deus.
2711 2357 2815 2411 Alii
2842 2358 3079 2429 denique
3112 2358 3291 2413 sancti
3318 2357 3478 2413 semel
3515 2372 3705 2427 proman-

2193 2452 2281 2498 tur
2313 2445 2383 2501 ab
2408 2446 2532 2502 aliis
2558 2447 2788 2503 duobus.
2831 2447 3027 2503 Clerus
3054 2447 3216 2504 simul
3250 2450 3572 2519 respondeat,
3591 2460 3634 2503 et
3655 2451 3702 2503 ita

2191 2536 2566 2593 concludatur.
2619 2538 2753 2593 Nam
2792 2541 3056 2595 inclinare
3085 2557 3192 2595 non
3225 2554 3287 2596 se
3317 2543 3505 2597 debent
3550 2543 3631 2595 nisi
3660 2544 3704 2595 al

2192 2626 2411 2682 nomina
2433 2636 2768 2695 sanctorum,
2796 2644 3028 2699 quorum
3081 2630 3325 2701 reliquiae
3354 2631 3468 2685 loco
3496 2631 3593 2701 ipso
3614 2647 3705 2685 eon-

2191 2728 2418 2773 secratae
2478 2718 2835 2793 [constitutae]
2872 2721 3004 2776 sint.
3037 2721 3161 2777 llus
3194 2732 3255 2776 ut
3299 2722 3441 2777 dicta
3487 2722 3705 2776 habuerint

2193 2810 2297 2865 tria
2328 2811 2544 2865 nomina
2573 2812 2639 2867 de
2663 2823 2976 2869 sanctarum
3025 2814 3352 2869 feminarum
3375 2814 3609 2883 ;eollcgio,
3634 2816 3705 2868 ίιιι-

2190 2912 2393 2971 ponant
2423 2919 2436 2953 :
2489 2900 2682 2957 Omnes
2723 2904 2919 2969 sancti,
2953 2904 3258 2960 intercedite
3300 2921 3395 2975 pro
3430 2906 3576 2970 nobis,
3608 2906 3702 2958 dua-

2191 2993 2291 3046 bus
2320 2992 2545 3054 vicibus,
2574 3003 2627 3047 ct
2665 3005 2791 3049 tunc
2814 2995 3021 3061 dicant,
3053 2995 3298 3063 Exaudi,
3328 2996 3483 3063 Deus,
3508 2999 3619 3050 sicut
3638 2996 3705 3048 ini.

2193 3083 2266 3137 tio
2293 3094 2698 3155 prompserunt,
2731 3087 2904 3143 tribus
2934 3088 3141 3143 vicibus
3186 3087 3549 3161 adjnngentcs,
3589 3084 3704 3158 Hyrie

2140 3169 2155 3188 ⁸
2188 3173 2405 3241 eleison,
2438 3175 2599 3247 Kyrie
2632 3177 2848 3244 eleison,
2880 3177 3047 3250 Kyrie
3073 3178 3288 3234 eleison.

2261 3266 2456 3324 Notate
2496 3271 2640 3339 quod
2683 3286 2803 3324 cum
2840 3272 2941 3325 hoc
2973 3272 3176 3326 dictum
3212 3270 3399 3337 fuerit,
3448 3272 3703 3325 inclinentur

2187 3365 2312 3411 ante
2346 3368 2403 3413 et
2430 3369 2596 3424 retro,
2636 3359 2822 3429 sicque
2873 3369 3000 3414 eant
3024 3362 3384 3430 procedentes
3412 3362 3461 3415 in
3506 3359 3703 3415 dormito-

2189 3449 2287 3513 ria,
2325 3448 2703 3520 accipiantque
2726 3451 3017 3519 caligas,et
3050 3451 3227 3505 lavent
3250 3452 3415 3521 pedes
3438 3450 3705 3521 suos.Cyn-

2186 3540 2309 3595 balo
2346 3556 2604 3610 percusso
2629 3552 2758 3597 eant
2790 3542 2841 3597 in
2877 3543 3167 3599 refectorio
3188 3544 3352 3599 edere
3376 3560 3569 3615 panem.
3591 3541 3703 3596 Tunc

2187 3633 2387 3690 habere
2407 3635 2605 3690 debent
2632 3636 2884 3707 generale
2912 3635 3076 3691 veluti
3104 3653 3220 3692 mos
3249 3646 3335 3692 est
3378 3637 3549 3707 quinta
3589 3635 3704 3699 leris,

2185 3727 2505 3797 adjicicntes
2530 3729 2727 3783 herbas
2751 3728 2869 3783 loco
2893 3729 3158 3799 pitancize.
3187 3729 3312 3785 lstis
3340 3744 3553 3799 namque
3577 3727 3706 3781 tribus

2185 3816 2377 3871 diebus
2405 3817 2645 3886 sagimen
2697 3817 2808 3888 (25)
2854 3819 3139 3875 comedere
3182 3836 3289 3875 non
3320 3820 3525 3875 debent.
3564 3818 3704 3873 Chari-

2187 3918 2350 3964 tatem
2396 3908 2617 3972 faciant,
2679 3920 2734 3964 et
2787 3910 3195 3982 eleemosynarii
3250 3928 3442 3981 panem
3484 3922 3532 3967 et
3568 3912 3703 3964 vinum

2185 4000 2479 4073 accipiant,
2535 4001 2797 4071 quidquid
2851 4002 2935 4056 his
2991 4003 3167 4058 tribus
3198 4003 3391 4059 diebus
3424 4000 3700 4058 remanserit.

2183 4091 2429 4147 Ollicium
2454 4101 2790 4147 mortuorqu
2833 4094 2976 4163 quod
3012 4103 3135 4163 post
3158 4110 3375 4151 caenam
3400 4095 3599 4166 privatis
3620 4093 3699 4148 die-

2181 4187 2284 4242 bus
2313 4185 2491 4242 solent
2517 4187 2720 4251 dicere,
2749 4187 3190 4255 pnnterntittant.

2802 4277 3032 4333 CAPUT
3069 4278 3162 4333 IX.

2569 4366 2759 4438 Vigilia
2790 4367 3126 4423 Ascensionis
3155 4369 3387 4424 Domini.

485 4458 779 4513 habuerint
816 4459 1338 4518 faciautorationem
1365 4464 1548 4529 sunul,
1579 4473 1632 4518 et
1651 4475 1814 4535 agant
1841 4476 2073 4537 nbnam;
2111 4474 2157 4533 υ
2254 4458 2448 4532 Vigilia
2488 4460 2825 4516 aSCCIISiOHiS
2848 4460 3058 4515 Domini
3092 4462 3159 4516 ad
3207 4463 3435 4532 ρτίιιιωη
3476 4470 3579 4532 ροει
3617 4460 3704 4513 Πιλ·

486 4552 747 4605 sacerdos
775 4568 897 4606 cum
922 4555 1188 4609 ministris
1221 4556 1478 4609 induatur
1505 4557 1845 4614 vestimentis
1879 4563 2073 4617 sacris.

484 4643 786 4698 Secretarii
824 4654 1002 4699 autem
1053 4647 1364 4717 priusquam
1420 4647 1548 4702 illuc
1592 4652 1917 4706 conveniant
1960 4653 2075 4709 fra-

486 4742 626 4798 tres,
652 4735 884 4789 habeant
902 4736 1083 4789 omnia
1117 4746 1445 4806 prtrparata,
1468 4751 1522 4795 et
1550 4738 1709 4807 pallio
1733 4741 1898 4796 misso
1914 4758 2077 4813 super

493 4825 685 4891 altare,
750 4836 806 4881 et
864 4829 1043 4898 scirpo
1092 4828 1144 4881 in
1197 4828 1508 4898 pavimento
1557 4831 1793 4901 capellae,
1840 4833 1982 4889 illico
2018 4843 2077 4891 ut

494 4918 625 4973 liora
670 4919 811 4973 dicta
871 4920 1064 4983 fuerit,
1119 4920 1502 4989 paraphonista
1554 4921 1778 4991 incipiat
1813 4924 2073 4992 ollicium,

488 5013 750 5067 sacerdos
777 5012 921 5065 dicat
946 5011 1229 5066 collectam
1260 5012 1313 5065 in
1366 5014 1555 5082 primis
1609 5016 1677 5069 ad
1725 5015 1899 5085 ipsum
1929 5018 2071 5071 diem

494 5104 877 5174 pertinentem,
915 5116 970 5158 et
1010 5103 1172 5157 aliam
1200 5103 1266 5158 de
1294 5106 1518 5172 sanctis,
1563 5122 1794 5177 quorum
1831 5108 2073 5177 reliquiae

488 5207 615 5253 sunt
647 5198 844 5252 ibidem
875 5197 1157 5253 dedicatas.
1190 5197 1317 5253 Post
1357 5199 1643 5255 lectionem
1690 5198 2068 5272 Evangelicam

488 5292 731 5362 accipiat
764 5291 1035 5345 licentiam
1088 5291 1178 5348 ille
1224 5309 1254 5347 a
1283 5307 1392 5364 quo
1434 5293 1611 5363 Agnus
1650 5292 1746 5346 Dei
1770 5303 1854 5347 cst
1879 5295 2073 5349 decan-

494 5385 711 5449 tandus,
749 5393 806 5440 et
834 5384 1170 5440 hcbdomarii
1203 5387 1449 5456 coquinae
1477 5402 1600 5441 cum
1628 5388 2069 5455 procuratoribus

490 5474 790 5530 refectorii.
851 5475 1194 5532 Oﬂ'erendam
1253 5485 1415 5545 atque
1461 5491 1646 5545 pacem
1703 5492 1841 5532 unus
1885 5478 2067 5533 faciat.

489 5567 896 5638 Recipientibus
949 5570 1176 5639 singulis
1231 5569 1579 5639 philaeterias
1631 5585 1755 5624 cum
1829 5570 2070 5642 reliquiis

565 5701 677 5779 (εἰεί)
732 5701 1079 5779 Pliilacteria,
1102 5713 1425 5779 _s:tnctorunt
1482 5702 1719 5773 reliquiae
1746 5746 1759 5773 ,
1812 5715 1867 5761 ιιι
1909 5723 2066 5779 supra

492 5773 819 5829 notavimus.
854 5774 957 5829 col.
994 5774 1154 5829 1207.

2184 4553 2328 4607 niam
2368 4552 2553 4608 dicant
2573 4551 2943 4607 matutinalem
2994 4552 3219 4607 missam
3268 4553 3336 4607 ad
3372 4552 3534 4621 majus
3558 4552 3703 4611 altare,

2182 4644 2248 4698 de
2276 4641 2483 4712 jejunio
2508 4642 2785 4705 triduano,
2815 4649 2869 4696 et
2907 4642 2953 4696 si
3008 4642 3205 4711 aliquis
3258 4653 3478 4697 sanctus
3520 4645 3617 4711 ipso
3644 4641 3704 4693 die

2181 4730 2363 4795 fuerit,
2393 4728 2753 4799 adjungantur
2780 4728 2949 4797 ipsius
2979 4727 3243 4783 collectas.
3279 4728 3704 4798 Majoreutsacrstn

2178 4832 2343 4895 agant
2368 4821 2436 4876 ad
2463 4820 2772 4884 ecclesiam,
2827 4820 2916 4875 ubi
2958 4820 3271 4888 processuri
3315 4832 3439 4875 sunt
3480 4836 3589 4875 cum
3615 4833 3706 4887 pro-

2178 4915 2444 4978 cessione,
2476 4913 2543 4968 de
2570 4910 2777 4966 Domini
2805 4910 3143 4974 ascensione,
3177 4910 3521 4982 adjungentes
3544 4920 3701 4964 tantum

2177 5009 2458 5065 collectam
2509 5015 2858 5067 sanctorum,
2894 5005 2945 5057 iu
2990 5018 3225 5073 quorum
3286 5004 3488 5059 honore
3530 5001 3700 5057 basilica

2177 5109 2497 5157 consecrata
2534 5097 2719 5160 fuerit,
2757 5105 2813 5151 et
2873 5096 2978 5149 alia
3032 5111 3130 5165 pro
3177 5096 3376 5166 populo
3401 5097 3604 5168 degente
3630 5092 3698 5153 ibi,

2179 5189 2961 5263 Itteﬂ'abilemmisericordiam
3008 5199 3176 5244 tuam.
3228 5191 3512 5263 Postquam
3546 5184 3697 5243 reversi

2176 5289 2398 5354 fuerint,
2429 5295 2483 5341 et
2516 5285 2717 5339 litauia:
2742 5283 2791 5337 in
2824 5283 2991 5340 choro
3012 5287 3262 5357 explctre,
3293 5296 3541 5344 exeuntes
3564 5283 3697 5337 lavent

2176 5383 2343 5452 pedes
2366 5395 2516 5446 suos,
2540 5389 2703 5449 atque
2728 5380 2979 5437 calcient.
3009 5382 3258 5438 Sonante
3282 5379 3522 5453 cymbalo
3545 5375 3694 5431 condu-

2177 5484 2374 5531 nentur
2400 5474 2456 5529 in
2490 5472 2779 5530 refectorio
2821 5475 2886 5530 ad
2913 5476 3204 5553 edendum.
3246 5473 3528 5530 Secretarii
3572 5469 3690 5523 adora

2178 5582 2313 5629 nent
2342 5567 2669 5628 ecclesiam:
2701 5577 2757 5622 et
2809 5568 2947 5625 sicut
2978 5583 3096 5624 mos
3142 5579 3246 5633 est,
3279 5568 3360 5624 sic
3405 5565 3597 5621 faciant.
3634 5558 3690 5614 Ad

2178 5708 2200 5773 ἷ
2261 5709 2375 5781 (2⁸5)
2415 5709 2686 5779 Sagimcn,
2718 5709 2900 5778 adeps,
2924 5704 3130 5775 sagina,
3159 5705 3366 5761 arvina.
