3864 6314
138 304 275 363 1⁸315

1372 297 1748 356 DlSClPLlNA
1788 297 2171 355 FWENSIS

138 428 419 484 vesperam
451 410 694 467 duodena
744 410 1034 484 luminaria
1080 420 1207 467 ante
1238 427 1413 488 aram,
1468 423 1616 468 retro
1642 413 1725 467 bis
1754 411 1799 468 A
1828 425 1891 463 ex
1935 407 2145 465 Domini
2174 408 2543 477 exultatione;
2586 409 2847 480 majorem
2871 409 2938 465 de
2970 410 3246 468 Dominica
3269 429 3406 484 quc—

140 507 301 562 trina.
348 501 689 573 Autiphona,
720 502 974 569 Alleluia,
1027 506 1103 561 sic
1155 507 1343 559 veniet.
1376 505 1626 561 Psalmus
1650 520 1716 559 ex

138 597 283 661 feria,
315 594 557 647 Laudato
607 607 796 646 nomen
825 592 1054 649 Domini.
1095 594 1303 661 Lectio,
1339 595 1578 651 Primum
1599 598 1718 667 qui-

138 687 266 743 dem.
300 682 752 752 Responsorium,
808 684 991 738 Omnis
1043 684 1399 754 pulchritudo.
1451 686 1715 758 llymuus,

138 776 400 847 Dymnum
424 789 704 828 canamus.
735 772 852 829 Duo
881 776 1192 832 sacerdotes
1217 777 1509 833 induantur
1534 780 1717 849 cappis

138 867 519 926 circumdando
562 864 719 919 altari
786 866 1086 923 incensum.
1136 871 1436 942 Autipbon,
1464 888 1500 943 a
1530 872 1714 940 Pater,

137 960 484 1028 manifestari,
509 972 748 1022 oremus,
781 956 1012 1026 Prwsta,
1038 976 1362 1031 qutesumus,
1390 966 1715 1035 omnipotens

138 1051 307 1108 Pater.
351 1049 536 1104 Statio
582 1050 677 1103 ﬁat
704 1050 771 1103 ad
801 1059 1045 1106 sanctam
1094 1068 1334 1110 crucem.
1387 1057 1715 1127 Antiphona.

138 1147 179 1199 0
210 1144 317 1197 Rex
344 1144 557 1212 glorite,
589 1140 815 1195 Domine
837 1144 1131 1208 virtutum,
1161 1147 1244 1201 vel
1285 1150 1714 1219 responsorium,

138 1231 348 1301 Tempus
369 1242 470 1285 est.
496 1229 751 1296 Oremus,
787 1231 954 1298 Deus,
989 1235 1143 1305 cujus
1165 1237 1329 1304 ﬁlius.
1358 1241 1439 1293 Ad
1472 1240 1719 1309 Comple-

141 1322 323 1374 torium
348 1322 636 1389 imponant
680 1322 820 1375 .duos
867 1342 1102 1383 versus:
1155 1328 1496 1397 Quwsumus,
1530 1343 1720 1386 auctor

137 1413 373 1464 muniunt.
401 1410 589 1466 Gloria
612 1418 728 1483 tibi,
747 1417 987 1485 Domine,
1007 1421 1096 1490 qui
1117 1422 1349 1475 scandis.
1371 1421 1519 1489 Quos
1542 1425 1719 1494 quoti-

139 1503 217 1558 die
237 1517 491 1574 promaut
514 1522 614 1577 per
640 1528 831 1568 omnes
856 1514 1056 1569 horas:
1088 1516 1178 1569 alii
1206 1531 1336 1572 vero
1374 1518 1562 1589 hymni
1594 1534 1717 1574 cum

139 1596 270 1664 quali
297 1594 484 1654 Gtona
524 1604 801 1658 terminati
848 1603 1072 1671 fuerint,
1100 1623 1225 1662 cum
1277 1609 1370 1663 tali
1424 1609 1710 1679 ﬁniantur,

140 1691 268 1746 sicut
286 1692 545 1750 doctores
579 1696 996 1753 ordinaverunt.

760 1787 990 1845 CAPUT
1028 1790 1098 1846 X.

284 1874 587 1930 Ascendeus
616 1875 858 1932 Christus
888 1880 1062 1945 talos,
1091 1882 1186 1938 hos
1214 1886 1375 1956 exigit
1406 1904 1555 1943 usus.

198 1966 515 2022 Festivitate
542 1983 776 2038 namque
804 1971 1053 2042 gloriosae
1095 1974 1389 2034 Dominicm
1431 1982 1713 2039 exaltatio-

141 2060 233 2126 nis,
257 2056 379 2114 max
402 2069 463 2114 ut
494 2062 765 2116 canticum
794 2065 1055 2131 graduum
1090 2078 1369 2138 peractum
1398 2071 1584 2140 fuerit,
1617 2090 1712 2130 ac-

139 2152 551 2209 cendanturtria
591 2156 919 2212 candelabra
978 2170 1103 2215 ante
1139 2176 1289 2216 aram
1318 2164 1398 2218 et
1438 2168 1604 2220 unum
1633 2182 1715 2221 re-

142 2254 232 2300 tro.
258 2243 636 2302 lnvitatorium
662 2258 897 2317 quatuor
945 2252 997 2305 in
1028 2254 1240 2323 ‘cappis.
1276 2255 1530 2323 Alleluia,
1561 2257 1714 2313 Chri-

143 2346 266 2389 slum
310 2336 601 2391 Dominum
632 2341 1015 2395 ascendentem.
1053 2342 1315 2414 Hymnus,
1360 2345 1488 2401 Jesu
1534 2360 1715 2405 nostra

143 2428 431 2497 redemptio.
464 2428 528 2483 In
575 2428 900 2486 lcetiouibus
942 2448 1048 2487 non
1100 2437 1714 2496 aromatizabuntural-

143 2518 286 2572 taria.
314 2519 565 2590 Denique
611 2520 745 2590 ipsis
790 2536 857 2576 ex
890 2512 1143 2581 ‘bomiliis
1192 2527 1336 2583 beati
1384 2531 1710 2601 Augustini:

143 2604 465 2677 Cloriﬁcalus
494 2628 528 2664 η
568 2609 754 2676 Patre,
804 2613 976 2681 prima
1009 2624 1064 2670 et
1103 2620 1340 2674 secunda
1395 2620 1709 2691 Nocturna;

145 2701 189 2755 in
224 2704 371 2758 tertia
406 2700 636 2759 bomiIia
659 2706 802 2762 beati
830 2705 1077 2778 Gregorii
1122 2726 1293 2780 papze.
1346 2712 1711 2785 Responsuria

142 2794 234 2849 duo
259 2804 313 2850 et
362 2797 479 2850 duo
516 2798 903 2853 decantabnnt.
960 2800 1053 2855 Ad
1086 2804 1364 2859 canticum
1409 2804 1715 2879 augeantur

143 2899 313 2939 novem
341 2885 675 2941 candelabra
733 2898 860 2945 ante
914 2905 1087 2958 aram,
1144 2897 1415 2962 posterius
1441 2901 1629 2970 (plina,
1659 2903 1711 2957 in

143 2988 325 3054 pertica
345 2993 646 3061 quindena.
666 2993 746 3048 Ad
768 2995 1081 3059 stationem,
1105 2995 1530 3066 responsorium,
1549 2993 1713 3049 Pouis

145 3081 330 3147 nubem,
359 3093 412 3139 et
465 3085 647 3140 oratio
672 3085 938 3154 ejusdem.
987 3076 1131 3143 Ante
1159 3088 1387 3158 primam
1432 3096 1710 3141 assumant

143 3175 395 3228 secretarii
430 3175 802 3231 instrumenta
828 3179 1059 3246 sedium,
1089 3188 1145 3234 et
1171 3186 1365 3233 ornent
1388 3176 1706 3246 capitulum.

144 3261 213 3314 Ad
237 3266 615 3321 matutinalem
646 3268 871 3324 missam
902 3287 1008 3324 una
1058 3270 1432 3325 tantummodo
1461 3270 1709 3335 collecta,

142 3361 187 3405 et
209 3355 441 3422 praafatio
473 3358 644 3427 ipsius
682 3360 786 3414 diei
830 3362 1179 3431 pnecinatur.
1229 3361 1430 3417 Omnes
1476 3376 1712 3431 namque

146 3445 320 3502 debent
351 3464 476 3505 esse
524 3450 703 3506 induti
756 3452 896 3509 albis
938 3462 1065 3509 ante
1114 3453 1353 3509 tertiam.
1409 3451 1711 3508 Ordinetur

147 3539 396 3603 processio
424 3542 495 3596 ad
551 3546 766 3597 modum
800 3559 901 3614 per
940 3545 1208 3599 ordinem.
1263 3543 1555 3598 Venientes
1579 3557 1711 3598 vero

149 3627 193 3681 in
218 3632 348 3687 atrio
370 3644 498 3689 ante
523 3635 749 3705 januam
792 3637 1104 3691 monasterii
1134 3636 1399 3707 incipiant
1426 3650 1712 3706 responso-

150 3720 291 3793 rium,
328 3725 443 3781 Viri
481 3726 719 3793 Galiltri,
747 3737 803 3784 et
833 3729 1208 3799 ingrediantur
1233 3728 1558 3785 sonantibus
1593 3743 1708 3783 om-

151 3817 286 3873 nibus
308 3821 475 3891 signis
503 3838 517 3887 ;
546 3822 777 3892 accipiat
797 3833 981 3879 custos
1009 3822 1255 3878 ecclesiae
1284 3832 1339 3878 et
1381 3822 1584 3878 tribuat
1616 3836 1713 3891 per

147 3908 363 3979 singulos
384 3913 450 3984 Π.
480 3915 707 3987 cappas]
732 3916 897 3970 etiam
924 3916 987 3971 ad
1018 3931 1354 3971 conversos:
1384 3916 1450 3969 ad
1475 3916 1712 3971 infantes

148 4012 260 4053 vero
290 4004 519 4059 tunicas.
540 4003 788 4060 Dimissis
809 4005 982 4075 signis
1020 4016 1214 4074 agatur
1236 4004 1469 4061 ofﬁcium
1496 4007 1566 4061 ab
1588 4016 1711 4062 octo

146 4094 458 4152 cantoribus.
488 4096 781 4151 Duodecim
815 4098 1054 4153 candelae
1077 4093 1203 4153 ante
1261 4098 1450 4154 altare.
1483 4099 1711 4154 Alleluia

146 4191 372 4246 quatuor.
397 4185 630 4240 Alleluia
653 4202 746 4242 sex
775 4187 1043 4241 dicantur.
1078 4187 1247 4243 Credo
1274 4188 1327 4242 in
1358 4205 1519 4243 unum
1546 4189 1710 4242 Deum

146 4284 355 4331 canatur
400 4296 415 4343 ;
468 4278 747 4334 offerenda
801 4280 908 4333 duo
954 4281 1254 4351 excipiant,
1316 4289 1439 4350 post
1496 4294 1709 4334 sacram

147 4362 400 4427 puisentur
420 4370 602 4424 omnia
639 4371 813 4439 signa.
866 4370 947 4425 Ad
986 4370 1271 4441 vesperam
1297 4366 1568 4441 quotquot
1594 4369 1709 4426 fue-

1827 503 1978 557 tidie.
2010 501 2067 556 Si
2101 502 2296 570 aliquis
2316 512 2535 557 sanctus
2565 504 2933 559 adventaverit
2965 502 3103 556 infra
3131 514 3425 571 octavam,-

1823 591 1946 648 inde
1974 600 2084 647 tres
2106 592 2370 647 lectiones
2395 592 2547 647 ﬁant.
2574 594 2946 649 lnvitatorium
2973 608 3004 647 a
3031 595 3241 649 duobus
3265 595 3408 650 Alle-

1821 684 1952 738 luia.
2012 683 2326 741 Lectionem
2374 686 2556 758 legant
2607 685 2676 741 de
2730 687 2959 742 Actibus
3008 688 3400 757 apostolorum.

1823 775 2182 845 ltespousoria
2207 792 2276 837 ex
2305 787 2494 833 sancto
2519 778 2688 848 ipsius
2714 778 2820 833 diei
2852 795 2869 843 ;
2928 779 2995 832 ad
3048 779 3271 834 missam
3303 779 3403 832 ad-

1813 866 2103 940 jungeutes
2129 869 2266 925 alias
2306 870 2834 937 eonsuetudinarias.
2890 869 3045 925 Feria
3076 880 3270 940 quarta
3311 886 3399 925 se-

1820 966 2021 1025 queute
2047 958 2262 1013 dicatur
2300 956 2534 1013 olIicium
2562 957 2899 1015 Dominicalc
2938 972 2953 1011 :
2997 959 3282 1014 collectam
3309 958 3406 1013 ad-

1815 1049 2107 1120 jungentes
2129 1048 2196 1105 de
2220 1049 2562 1105 ascensionis
2600 1049 2709 1115 die,
2742 1058 2795 1104 et
2822 1048 2963 1103 alias
2988 1049 3408 1104 consuetudina~

1822 1142 1957 1211 rias.
1980 1139 2222 1211 Epistola
2252 1152 2305 1198 et
2333 1143 2679 1213 Evangelium
2713 1142 2779 1198 de
2818 1141 2977 1197 feria.

1892 1233 2114 1289 Octavis
2171 1232 2506 1288 ascensionis
2553 1232 2794 1295 Domini,
2844 1229 3222 1297 invitatoriam
3278 1231 3406 1286 duo.

1825 1323 2055 1380 Fratres
2084 1334 2306 1382 cantent
2339 1327 2390 1381 in
2441 1326 2603 1382 albis.
2657 1326 2983 1397 Antipbome
3015 1341 3113 1396 per
3161 1326 3409 1382 ordinem

1822 1416 1890 1472 ad
1918 1416 2270 1484 Noeturnas;
2328 1419 2420 1472 sed
2451 1419 2503 1472 iu
2529 1418 2779 1474 laudibus
2804 1419 2946 1475 sicut
2994 1419 3047 1473 in
3090 1420 3204 1488 ipsa
3254 1419 3408 1473 festi-

1820 1510 1988 1564 vitate
2015 1509 2449 1565 dccantaverunt
2501 1525 2624 1565 cum
2653 1511 2981 1579 sequacibus
3017 1511 3408 1579 responsoriis,

1822 1601 1896 1655 ita
1926 1608 2345 1670 prosequantur.
2398 1599 2684 1656 Lectiones
2711 1613 2836 1656 octo
2870 1613 2938 1657 ex
2992 1616 3246 1656 sermone
3277 1616 3408 1656 san-

1822 1695 1894 1749 cti
1925 1694 2236 1765 Augustini,
2292 1693 2540 1750 Salvator
2575 1706 2768 1761 noster,
2818 1696 3146 1751 dilectissimi
3194 1696 3407 1765 fratres.

1750 1789 1795 1847 B
1824 1784 2252 1855 Responsorium
2286 1795 2566 1856 quartum,
2591 1799 2871 1853 octavum,
2926 1798 2980 1843 et
3027 1788 3409 1844 duodecimum

1820 1892 1849 1931 a
1886 1878 2069 1947 pueris
2098 1878 2327 1933 dicatur.
2376 1878 2540 1949 Resp.
2572 1877 2737 1934 breve
2776 1898 2789 1932 :
2822 1880 3123 1935 Asceudeus
3163 1878 3409 1934 Christus

1818 1971 1874 2024 in
1911 1971 2100 2025 altum.
2141 1970 2387 2024 Ascendit
2437 1970 2580 2024 Deus
2611 1971 2665 2024 in
2687 1970 3028 2037 juhilatioue.
3075 1971 3310 2025 Ascendo
3340 1970 3409 2024 ad

1822 2060 2059 2117 Patrem.
2086 2061 2316 2117 llomilia
2345 2077 2412 2117 ex
2444 2062 2762 2131 Evangelia,
2814 2061 2926 2132 Ego
2949 2064 3154 2116 mittam
3181 2062 3408 2133 promis-

1816 2170 1933 2209 sum
1967 2151 2142 2208 Patris
2165 2156 2264 2209 mei
2298 2155 2353 2208 in
2406 2170 2515 2208 vos.
2558 2153 2843 2224 Expositio
2885 2154 3044 2210 Beda:
3082 2154 3405 2226 presbyteri.

1818 2246 2038 2302 Missam
2088 2248 2235 2303 sicut
2270 2248 2321 2303 in
2348 2246 2466 2317 eius
2514 2247 2675 2303 festo.
2713 2248 2970 2318 Vespera:
3026 2249 3128 2303 sub
3178 2247 3411 2302 Alleluia

1817 2347 2112 2394 cautautur
2149 2353 2272 2395 eum
2305 2338 2396 2394 his
2424 2341 2688 2410 psalmis:
2738 2338 2885 2395 Dixit
2939 2339 3217 2393 Dominus.
3269 2336 3414 2392 Con-

1816 2432 2024 2499 ﬁtebor.
2057 2432 2277 2489 Beatus.
2302 2431 2562 2488 Laudate.
2580 2433 2805 2489 Duobus
2830 2434 3027 2489 dielms
3050 2432 3143 2502 qui
3196 2439 3410 2486 restant

1818 2532 1940 2592 post
1997 2532 2249 2579 octavam
2298 2523 2718 2590 invitatoriam,
2779 2525 3079 2577 Ascendeus
3132 2520 3409 2587 Christus,

1816 2622 1872 2667 et
1898 2622 2096 2669 caetera
2125 2613 2231 2668 alia
2282 2614 2468 2669 omnia
2515 2628 2582 2668 ex
2635 2614 2752 2684 ipsa
2800 2612 3095 2668 festivitate
3156 2625 3411 2682 proman-

1817 2714 1906 2760 tur
1930 2722 1946 2770 ;
1966 2714 2021 2761 et
2045 2705 2089 2760 si
2120 2705 2316 2775 aliquis
2343 2715 2565 2761 sanctus
2592 2705 2896 2769 advenerit,
2926 2704 3050 2759 inde
3094 2711 3203 2759 tres
3223 2701 3412 2758 lectio-

1816 2815 1916 2855 nes
1944 2799 2181 2855 eﬂiciant
2209 2819 2222 2853 :
2256 2809 2311 2856 et
2342 2809 2508 2871 agant
2537 2799 2723 2857 omnia
2745 2800 2886 2857 sicut
2916 2813 3083 2870 supra
3109 2797 3412 2854 taxavimus

1816 2891 1956 2947 inira
1984 2901 2237 2948 octavas.

2437 2984 2666 3041 CAPUT
2704 2985 2794 3040 Xl.

2012 3078 2143 3133 "asc
2171 3088 2368 3149 oportet
2400 3081 2487 3149 agi
2511 3081 2740 3134 adventu
2780 3078 3012 3150 Spiritus
3037 3078 3187 3134 ulmi.

1891 3169 2083 3239 Vigilia
2123 3169 2471 3224 Pentecostes
2497 3178 2623 3225 aute
2653 3170 2887 3240 primam
2918 3169 3187 3224 adornent
3219 3181 3411 3223 mona-

1814 3262 2060 3325 sterium,
2089 3271 2145 3317 et
2172 3277 2268 3332 per
2286 3264 2472 3318 omnia
2517 3264 2658 3318 sicut
2688 3262 2931 3317 Sabbato
2956 3270 3146 3316 sancto
3181 3277 3194 3314 :
3222 3258 3413 3314 videli-

1813 3361 1901 3406 cet
1949 3351 2017 3406 ad
2063 3352 2299 3423 primam
2350 3362 2512 3422 agant
2555 3352 2804 3407 litauiam
2850 3361 3014 3422 atque
3053 3352 3274 3406 missam
3314 3363 3413 3419 pro

1815 3441 2108 3498 defunctis.
2158 3443 2290 3499 Post
2350 3443 2649 3513 capitulum
2715 3444 3043 3499 conveniant
3099 3458 3293 3498 omnes
3356 3442 3413 3495 in

1816 3549 1981 3587 umnn
2009 3534 2077 3587 ad
2109 3534 2431 3589 radendum.
2477 3534 2604 3588 Post
2630 3542 2840 3588 sextam
2889 3532 3182 3602 procedant
3220 3546 3413 3586 omnes

1815 3623 2131 3677 dormitum.
2152 3622 2289 3677 Cum
2311 3623 2525 3693 signum
2552 3621 2872 3693 pulsaverit,
2900 3631 3160 3692 surgant,
3186 3620 3413 3675 abluaut

1817 3731 2012 3770 manus
2040 3726 2204 3783 atque
2234 3715 2453 3781 faciem,
2505 3714 2936 3785 pergantquegn
2960 3714 3252 3770 ecclesiam
3283 3714 3412 3768 abs-

1815 3822 1920 3876 que
1943 3806 2052 3861 ullo
2078 3807 2357 3876 signorum
2389 3806 2592 3871 sonitu,
2646 3804 2962 3874 faciantque
3020 3804 3242 3860 insimul
3289 3819 3415 3860 ora-

1819 3901 2041 3955 lionem.
2074 3900 2233 3954 Pueri
2270 3915 2487 3969 quoque
2535 3909 2665 3953 eaut
2694 3908 2824 3953 ante
2873 3898 3064 3953 altare.
3112 3898 3269 3954 Tunc
3317 3913 3412 3954 ve-

1817 3994 2050 4048 stientur
2074 3993 2148 4045 illi
2181 3994 2271 4061 qui
2307 3993 2489 4063 legere
2528 3992 2610 4047 vel
2659 4000 2886 4046 cantare
2932 3991 3148 4055 debent,
3178 4006 3410 4061 quorum

1818 4084 2036 4138 nomina
2070 4084 2122 4138 in
2145 4082 2310 4140 breve
2339 4092 2640 4153 pramotata
2673 4092 2829 4149 sunt,
2863 4090 2917 4136 et
2944 4081 3180 4136 infantes
3205 4083 3411 4137 cuncti.

1817 4176 2108 4230 Lectiones
2134 4175 2318 4245 legant
2342 4176 2394 4229 in
2429 4176 2620 4245 primis
2641 4175 2804 4229 sicuti
2852 4174 3063 4243 priores
3095 4182 3242 4226 sum.
3276 4173 3409 4227 Cum

1817 4268 2072 4326 sacerdos
2111 4268 2421 4338 pervenerit
2451 4268 2503 4321 in
2533 4269 2935 4336 presbyterum,
2962 4274 3191 4335 pergant
3220 4265 3411 4321 sedere

1821 4363 1872 4415 in
1910 4361 2028 4415 loco
2055 4362 2293 4416 decreto.
2334 4358 2527 4413 Lector
2551 4356 2815 4428 procedat
2841 4357 2907 4410 ad
2930 4356 3238 4427 analogium
3273 4374 3288 4413 :
3325 4357 3409 4412 in-

149 4453 237 4507 rint
281 4461 518 4515 candelae
568 4462 633 4516 ad
684 4476 923 4516 sacram.
965 4463 1273 4532 Antiphona
1327 4463 1579 4531 Alleluia,
1630 4465 1707 4517 sic

1820 4454 1982 4523 cipiat
2030 4452 2210 4521 legere
2256 4452 2579 4514 lectionem,
2632 4449 2867 4505 Teutaeit
2927 4448 3065 4503 Deus
3120 4450 3407 4504 Abraham.

146 4548 601 4618 reniel.Psalmus,
642 4554 792 4609 Dixit
825 4554 1104 4620 Dominus,
1128 4570 1250 4609 cum
1283 4555 1495 4611 czeteris
1535 4555 1654 4610 aliis
1688 4573 1703 4609 :

1810 4547 2064 4611 Oremus,
2092 4547 2238 4601 Deus
2263 4547 2354 4618 qui
2398 4546 2453 4600 in
2491 4544 2734 4599 Abrahae.
2766 4543 2972 4610 Lectio,
3006 4540 3227 4612 Scripsit
3258 4542 3413 4612 Moy-

1809 4655 1912 4693 ses.
1942 4638 2251 4703 Cauticum,
2301 4638 2522 4692 Attende
2570 4635 2778 4691 caelum.
2822 4634 3076 4700 Oremus,
3125 4634 3229 4699 Qui
3261 4636 3409 4689 nobis

1809 4731 2132 4800 prophetam.
2178 4729 2387 4793 Lectio,
2440 4728 2836 4795 Apprehendent
2887 4738 3081 4795 septem
3138 4726 3407 4781 mulieres.

1808 4822 2116 4885 Canticum,
2150 4820 2433 4876 Cantemus
2457 4822 2696 4874 Domino.
2727 4820 2976 4885 Oremus,
3013 4820 3174 4888 Deus,
3202 4821 3293 4891 qui
3316 4838 3411 4875 nos

1809 4915 1880 4969 ad
1931 4914 2320 4969 celebrandum.
2377 4913 2581 4967 Lectio.
2644 4912 2808 4976 Audi,
2850 4912 3046 4969 Israel.
3100 4912 3408 4977 Canticum,

1821 5004 1985 5060 Vinea
2029 5006 2172 5074 facta
2198 5017 2296 5060 est.
2344 5004 2593 5060 Oremus.
2642 5004 2807 5069 Deus,
2847 5006 2936 5072 qui
2968 5004 3408 5059 incommutabilis

1809 5098 1994 5151 uirtus.
2039 5097 2342 5159 Canticum,
2396 5096 2544 5152 Sicut
2593 5113 2791 5151 servus.
2838 5095 3090 5161 Oremus,
3138 5094 3401 5164 Concede,

1812 5180 2136 5259 qua’sumus,
2175 5191 2499 5259 omnipotens
2549 5188 2690 5242 Deus
2716 5229 2731 5253 ,
2785 5196 2840 5240 ut
2895 5187 2988 5257 qui
3058 5185 3404 5241 solemnitate.

1812 5282 1906 5337 His
1935 5282 2038 5336 rite
2064 5282 2302 5351 peractis
2329 5283 2633 5337 vestiantur
2660 5281 2765 5334 duo
2802 5280 2854 5334 in
2885 5279 3090 5349 cappis,
3118 5278 3185 5332 ad
3215 5274 3406 5335 dicen-

1809 5377 1934 5431 dam
1971 5375 2242 5431 Litauiam
2290 5375 2345 5430 in
2397 5376 2597 5435 choro,
2649 5388 2811 5442 quam
2862 5387 2958 5441 per
3007 5372 3189 5426 omnia
3219 5372 3408 5427 dicant

1809 5468 1951 5523 sicut
1990 5466 2043 5520 in
2080 5464 2323 5520 Sabbato
2359 5471 2569 5519 sancto.
2613 5460 2763 5525 Tunc
2794 5461 2894 5530 ipsi
2919 5462 3026 5516 duo
3066 5462 3405 5517 maneantiu

1808 5560 1977 5616 choro
2012 5573 2183 5628 usque
2219 5557 2345 5612 dum
2399 5555 2564 5611 missa
2614 5555 2685 5610 sit
2738 5553 2922 5622 ﬁnita,
2973 5554 3143 5610 cboro
3178 5556 3304 5612 hinc
3348 5566 3407 5611 et

1810 5652 1937 5710 inde
1967 5658 2267 5721 repetente.

1886 5745 2006 5801 Mox
2031 5753 2089 5801 ut
2113 5742 2371 5811 dixerint,
2402 5751 2600 5800 exeant
2644 5743 2899 5801 sacerdos
2949 5750 3004 5798 et
3058 5740 3293 5798 ministri
3345 5740 3403 5795 iu

144 4647 189 4687 ct
236 4642 525 4713 antipbona
557 4644 612 4697 in
648 4643 959 4715 Evangelio,
1013 4644 1058 4699 0
1120 4645 1229 4699 lies:
1288 4645 1471 4717 gloria:
1534 4646 1708 4717 tripli—

145 4739 195 4778 ea
202 4735 249 4780 tu
258 4745 297 4784 r.

207 4816 298 4873 Per
330 4825 722 4880 hebdomadam
768 4826 1160 4893 invitatorium,
1189 4829 1486 4885 Ascendens
1548 4832 1700 4886 Chri-

145 4916 239 4960 stus
268 4912 314 4966 iu
337 4916 524 4972 altum.
550 4918 735 4973 Lectio
762 4920 828 4974 ad
862 4920 1193 4974 Nocturnum
1225 4924 1291 4975 de
1319 4921 1544 4976 Actibus
1579 4941 1707 4994 apo-

146 4996 425 5057 stolorum:
462 5004 704 5059 Primum
752 5007 985 5072 quidem.
1039 5006 1376 5075 Versiculus,
1425 5020 1478 5064 et
1529 5009 1704 5080 [supp.

148 5082 405 5166 lectiones]
455 5099 699 5165 quietiam
739 5101 806 5153 de
857 5100 1201 5155 sermonibus
1247 5114 1563 5157 sanctorum
1612 5104 1710 5157 Pa-

148 5181 272 5265 trum
299 5181 392 5250 ipsi
424 5186 530 5240 dici
560 5188 968 5242 convenientes.
990 5187 1416 5259 Responsrwium
1478 5194 1544 5246 de
1594 5193 1706 5265 ipsa

148 5264 438 5330 festivitate.
464 5279 542 5331 Ad
568 5279 827 5347 primam,
864 5280 1169 5348 psalmodia
1222 5282 1364 5339 sicut
1402 5285 1547 5339 soliti
1581 5264 1709 5340 sunt

148 5358 253 5448 aliis
288 5366 473 5424 diebus
504 5387 519 5436 ;
559 5380 614 5425 et
644 5371 828 5426 litania
878 5384 1044 5443 atque
1072 5389 1227 5431 sacra
1274 5392 1372 5448 pro
1413 5379 1704 5434 defunctis.

149 5447 257 5508 i‘ost
283 5461 490 5516 tertiam
516 5472 681 5532 agant
707 5463 929 5517 missam
954 5481 1021 5520 ex
1057 5447 1558 5535 DominiAsceusa,
1586 5471 1709 5526 lita-

150 5545 276 5601 niam
306 5549 518 5610 brevem
554 5568 681 5610 ante
705 5556 969 5612 dicentes.
1064 5616 1067 5619 ,

213 5638 460 5701 Domum
488 5647 656 5703 Irosr
685 5649 1078 5708 Ascssswneu.
1131 5650 1535 5720 Invitatorium,
1566 5654 1707 5709 Alle-

154 5725 264 5798 lnta,
293 5734 545 5794 Christum
576 5739 1069 5811 pravascendeulem.
1099 5741 1467 5802 Matutinalcm
1494 5761 1707 5802 sacrant
