3834 6304
480 328 622 386 12ιό

1550 321 1877 380 GUIDONIS
1903 317 2199 375 ABBATIS
2236 317 2623 375 FABFENSIS

3600 319 3699 377 iﬁlli

480 443 723 500 sacrario
753 458 768 509 ;
800 441 1058 496 diaconus
1102 439 1293 494 imluat
1337 439 1506 494 stolas
1533 449 1865 509 argentatas,
1897 448 2061 507 atque
2090 436 2136 495 Λ
2169 433 2326 490 albis.
2359 433 2491 489 Post
2537 430 2902 503 expletionem
2943 429 3147 493 missas,
3181 429 3465 485 benedicat
3506 437 3700 497 sacerdos

446 540 451 545 '
482 533 822 590 dalmaticam
849 539 1130 586 aureatam
1167 547 1185 582 εν
1228 530 1595 584 subdiaconus
1627 530 1810 585 tunica
1842 530 2068 586 circum-

491 627 620 679 data
650 640 783 678 auro
809 641 823 676 :
847 633 971 677 octo
995 623 1079 677 vel
1112 622 1351 692 quinque
1394 630 1647 677 cantores
1682 622 1986 676 vestiantur
2015 623 2067 676 in

477 718 693 787 cappis,
748 730 975 784 quorum
1013 730 1109 768 sex
1150 713 1232 769 vel
1285 723 1395 768 tres
1431 729 1498 768 ex
1527 713 1610 769 bis
1644 723 1882 769 cantent.
1925 714 2069 768 Alle-

478 808 613 873 luia,
637 806 972 876 Conﬁtemini
1006 807 1251 873 Domino,
1284 816 1338 862 et
1366 808 1457 863 alii
1490 809 1614 869 duo,
1645 816 1894 871 tractum,
1928 808 2068 862 Lau-

476 898 598 952 date
631 898 934 965 Dominum,
963 915 1139 951 onines
1167 909 1362 968 gentes.
1401 898 1517 952 Bini
1535 898 1783 952 conversi
1815 899 2068 953 candela-

474 990 571 1044 lira
600 990 775 1062 {sum}.
809 991 1072 1063 portent],
1110 992 1299 1046 tertius
1331 991 1705 1046 thuribulumt
1733 994 1931 1063 quippe
1960 994 2067 1048 duo

474 1080 567 1147 qui
625 1090 828 1135 canunt
880 1080 1115 1143 litanias,
1159 1081 1224 1135 ad
1279 1080 1439 1135 linem
1489 1080 1708 1145 dicant,
1762 1082 2062 1136 Accendite.

474 1169 640 1241 lt'yrie
691 1172 904 1227 eleisou.
962 1173 1183 1228 Puisent
1230 1173 1465 1240 signum,
1516 1175 1817 1230 accendant
1861 1186 2064 1245 septem

474 1263 802 1318 candelabra
864 1275 989 1318 ante
1040 1265 1232 1321 altare.
1289 1264 1440 1323 Tunc
1490 1268 1743 1323 sacerdos
1791 1269 1973 1323 veniat
2012 1280 2067 1324 et

475 1353 637 1408 faciat
677 1354 1097 1410 confessionem.
1129 1356 1377 1412 Dimissis
1420 1358 1610 1428 signis,
1663 1367 1844 1423 canat,
1882 1358 2064 1413 Gloria

472 1447 529 1499 in
558 1446 915 1501 exee’sisDeo.
933 1447 1185 1513 Oremus,
1209 1448 1436 1516 Prmsta,
1454 1469 1776 1520 quo'sumus.
1802 1452 2064 1522 Epistula,

471 1533 604 1588 Cum
638 1535 823 1605 Apollo
848 1547 999 1591 esset.
1036 1537 1408 1608 Evangelium,
1438 1539 1496 1594 Si
1522 1540 1739 1611 diligitis
1763 1558 1863 1595 me.
1888 1540 2065 1598 Offer-

476 1627 698 1691 torium,
736 1627 929 1683 Emitte
955 1630 1216 1699 spiritum.
1242 1630 1423 1701 Agnus
1452 1632 1548 1687 Dei
1576 1633 1809 1698 dicatur,
1836 1643 1889 1689 et
1917 1645 2065 1703 post-

471 1718 689 1772 modqu
718 1722 1027 1777 communio
1070 1741 1082 1777 :
1135 1721 1333 1776 Ultimo
1381 1724 1676 1793 festivitatis
1734 1726 1850 1791 die;
1885 1736 2063 1780 textus

470 1808 790 1864 deferantur
826 1828 922 1881 per
951 1828 1161 1868 omnes.
1214 1814 1413 1870 llostim
1453 1817 1694 1886 quinque
1753 1820 2055 1874 mittantur.

470 1898 667 1956 Pacem
696 1918 885 1959 omnes
927 1905 1217 1973 accipiant.
1269 1905 1478 1973 Quibus
1524 1909 1777 1977 expletis,
1818 1911 2062 1978 pulsetur

469 1989 705 2059 signum,
735 2002 896 2062 agant
925 1995 1227 2050 orationem
1255 2011 1270 2050 :
1302 2007 1430 2050 eant
1459 2001 2060 2071 servitutes,accipiant

468 2079 732 2147 mixtum;
778 2084 1118 2153 postmodum
1169 2093 1387 2141 cantent
1438 2103 1659 2154 llOtlalll,
1724 2101 1949 2161 pergant
1992 2096 2058 2149 ad

468 2171 840 2228 reﬁciendum.
898 2175 951 2229 lu
999 2177 1101 2232 bac
1148 2178 1234 2232 die
1286 2182 1529 2249 sagimen
1593 2196 1698 2236 non
1748 2184 2055 2251 comedant,

465 2261 791 2318 charitatcm
821 2265 1046 2333 faciant,
1075 2278 1131 2323 et
1164 2270 1624 2343 electuosynarius
1657 2290 1850 2344 panem
1880 2285 1935 2330 et
1981 2278 2061 2330 vi-

465 2369 595 2408 nmn
621 2357 880 2427 accipiat,
908 2360 1050 2415 sicut
1077 2361 1128 2415 iu
1154 2364 1407 2418 omnibus
1438 2365 1636 2434 vigiliis
1682 2366 2054 2433 festivitatum,

464 2460 665 2516 praeter
693 2449 932 2507 Pasclne.
968 2455 1045 2508 Ad
1069 2470 1348 2524 vesperam
1391 2459 1497 2512 duo
1525 2460 1678 2529 signa
1710 2462 1913 2530 pariter
1936 2462 2058 2533 pul-

463 2542 759 2605 sabuntur;
794 2546 1077 2600 duodecim
1106 2547 1347 2604 candelae
1370 2560 1496 2604 ante
1523 2550 1717 2616 altare,
1763 2564 1909 2606 retro
1929 2569 2059 2609 vero

465 2632 673 2687 decem.
704 2634 929 2691 Alleluia
954 2638 1234 2705 imponant
1255 2655 1317 2695 ex
1354 2641 1673 2711 antipliona,
1706 2643 1904 2712 Περιειί
1936 2656 2057 2701 sunt

463 2740 661 2779 omnes.
696 2725 896 2781 Psaimi
929 2728 1096 2797 ipsius
1127 2730 1253 2785 diei.
1311 2732 1517 2795 Lectio,
1554 2733 1688 2788 Dum
1733 2737 2056 2805 compleren-

459 2824 567 2867 tur.
599 2815 1045 2887 Responsorium,
1080 2820 1446 2892 Apparuerunt
1476 2827 1745 2895 apostolis.
1791 2827 2053 2899 Hymnus,

450 2906 620 2979 γαθή,
651 2910 870 2968 Creator
913 2918 1151 2985 spiritus.
1190 2918 1305 2973 Diui
1353 2935 1584 2992 namque
1613 2927 1928 2981 sacerdotes
1970 2927 2053 2981 in-

457 3000 694 3057 duantur
721 3005 928 3073 cappis,
955 3007 1312 3078 deferantque
1340 3012 1618 3069 incensum
1652 3032 1815 3086 super
1837 3018 2051 3083 altaria,

2170 542 2417 596 aquam:
2465 541 2587 581 mox
2636 535 2695 581 ut
2747 524 2907 589 fuerit
2959 525 3247 581 benedicta
3275 566 3291 592 ,
3346 523 3568 592 imponat
3601 528 3700 589 hanc

2169 622 2523 692 antipbouam
2559 636 2575 675 :
2616 620 2739 675 Vidi
2785 636 3007 689 aquam,
3060 634 3171 688 qua
3222 619 3387 677 dicta,
3414 624 3699 691 etoratioae,

2170 716 2423 770 veniente
2466 714 2547 769 sic
2610 728 2707 784 per
2756 713 3006 769 ordinem
3069 712 3367 767 cantando.
3416 712 3697 783 Antiphone.

2172 805 2372 874 Hodie,
2416 806 2609 876 fratres
2629 805 2977 859 dilectissimi.
3010 803 3143 858 Dein
3168 804 3412 870 magistri
3438 818 3551 857 cum
3572 807 3699 865 indas-

2171 897 2336 965 tibus,
2371 900 2539 954 abbas
2561 907 2681 968 post
2709 912 2804 953 eos
2830 916 2843 950 :
2876 897 2966 952 alii
2998 896 3249 951 seniores
3276 897 3545 952 venientes
3563 899 3647 953 duo
3664 914 3700 955 et

2167 989 2274 1045 duo
2294 991 2437 1046 sicut
2462 992 2672 1059 priores
2698 990 2968 1046 fecerunt.
2983 989 3119 1045 Cum
3152 1002 3287 1043 vero
3309 990 3699 1058 cmperiutexire,

2169 1083 2348 1137 initiet
2396 1082 2628 1137 domnus
2676 1082 2845 1137 abbas
2891 1081 3295 1150 autipbonam:
3332 1078 3697 1137 Transeundum

2168 1175 2289 1229 Mox
2320 1186 2379 1228 ut
2400 1174 2603 1230 fuerint
2631 1175 2698 1228 ad
2728 1174 2920 1228 valvas
2949 1172 3295 1237 monasterii,
3336 1173 3612 1240 procedant
3635 1188 3701 1229 ses

2166 1266 2251 1320 vel
2288 1275 2413 1321 octo
2455 1280 2520 1320 ex
2555 1266 2896 1331 cantoribus,
2929 1278 3068 1335 quos
3094 1263 3372 1317 armarius
3413 1265 3637 1319 annuerit
3664 1266 3698 1320 iu

2168 1356 2368 1423 medio,
2400 1365 2455 1411 et
2499 1364 2721 1411 cantent
2750 1355 3126 1425 antipbonam,
3157 1352 3462 1421 Cruciﬁxus
3494 1353 3544 1406 in
3570 1371 3699 1410 eam.

2166 1448 2535 1519 lngredientes
2583 1463 2715 1503 vero
2765 1447 2986 1502 initient
3037 1446 3483 1515 responsorium,
3529 1442 3702 1511 Spiritu

2165 1552 2378 1596 sanctus
2428 1541 2640 1611 replevit
2669 1582 2685 1606 ,
2726 1541 3069 1611 pulsantibus
3130 1538 3323 1607 signis.
3377 1537 3502 1591 Post
3542 1538 3700 1593 tertiam

2165 1634 2446 1690 celebrent
2473 1635 2695 1689 missam
2719 1649 2844 1689 cum
2871 1631 3022 1687 omni
3056 1629 3361 1701 diligentia,
3386 1627 3544 1682 veluti
3572 1628 3699 1699 [ειρρ.

2169 1726 2222 1781 in
2265 1726 2373 1799 die]
2426 1726 2845 1782 resurrectionis
2897 1724 3134 1780 Domini.
3193 1720 3483 1779 Oﬁ'ertoria
3526 1720 3616 1776 duo
3647 1729 3701 1776 te

2165 1828 2348 1885 neant,
2395 1834 2626 1888 quorum
2660 1833 2802 1871 unus
2832 1831 3028 1887 panem
3071 1824 3127 1869 et
3157 1814 3365 1874 vinum,
3397 1812 3527 1867 alius
3556 1827 3700 1880 aquam

2165 1907 2431 1982 [offerat].
2464 1911 2520 1964 In
2568 1909 2857 1965 refectorio
2904 1907 3195 1978 propinent
3246 1906 3577 1965 cbaritatem,
3603 1906 3703 1960 sicut

2163 2001 2216 2055 in
2246 2001 2470 2071 prtefata
2496 2001 2811 2056 festivitate.
2840 2000 2922 2055 Ad
2946 2012 3233 2069 vesperam
3266 1997 3577 2066 antiphons.
3602 1997 3703 2051 Alle-

2161 2092 2290 2157 luia,
2317 2092 2683 2163 loquebantur.
2712 2092 2982 2154 Psalmus,
3017 2090 3167 2146 Dixit
3210 2089 3493 2144 Dominus.
3516 2087 3703 2159 Respuit.

2161 2187 2389 2251 sorium,
2420 2186 2616 2257 Repleti
2640 2196 2761 2241 sunt
2791 2202 2995 2239 omnes.

2232 2276 2342 2332 Per
2385 2286 2611 2332 octavas
2680 2277 2788 2331 duo
2828 2273 3203 2330 invitatorium
3255 2272 3430 2344 [stum
3490 2270 3702 2342 cantant],

2163 2367 2371 2439 Repleti
2421 2378 2542 2423 sunt
2596 2384 2773 2422 omnes
2816 2365 3018 2436 Spiritu
3069 2376 3278 2429 sancto,
3311 2364 3705 2419 alleluia:ineo

2163 2468 2312 2524 tono,
2334 2459 2478 2515 sicut
2505 2458 2745 2514 Surrexit
2778 2457 3034 2513 Dominus
3062 2473 3198 2511 vere.
3257 2455 3461 2510 Deinde
3505 2456 3707 2517 accensis

2161 2548 2423 2603 luminum
2477 2558 2640 2619 atque
2684 2546 3057 2616 pronuntiatio
3110 2544 3537 2615 evangeliorum,
3581 2552 3703 2612 atque

2159 2639 2372 2697 sonitus
2405 2641 2708 2712 signorum,
2747 2654 2842 2693 seu
2893 2636 3235 2693 matutinalis
3280 2652 3461 2697 sacra,
3489 2635 3566 2691 vel
3584 2650 3703 2690 reue-

2158 2730 2308 2787 stitio
2334 2730 2389 2785 ia
2415 2731 2625 2801 cappis,
2674 2745 2773 2787 nec
2803 2744 2911 2785 non
2958 2737 3012 2785 ct
3056 2730 3273 2784 sonitus
3314 2728 3583 2798 signorum
3614 2737 3704 2797 post

2157 2823 2580 2881 celebrationem
2629 2824 2845 2888 misszc,
2892 2822 2974 2877 vel
3026 2820 3423 2892 vespertinales
3466 2820 3703 2890 psallitis:

2160 2924 2273 2971 toto
2298 2915 2449 2981 fiant,
2472 2914 2932 2984 quemadmodum
2974 2914 3028 2968 io
3053 2913 3394 2969 bebdomada
3426 2912 3641 2967 Pascha.
3660 2911 3703 2966 lu

2157 3007 2408 3064 laudibus
2439 3007 2521 3062 vel
2550 3007 2701 3062 boris
2725 3015 2960 3062 canatur
2979 3005 3307 3062 alleluiatice
3332 3006 3444 3077 (24)
3467 3008 3528 3059 de
3568 3020 3707 3061 resun

2097 1786 2139 1840 Β

458 3098 622 3159 atque.
650 3094 1005 3163 antipltonam
1060 3102 1445 3169 paraphonista
1501 3114 1628 3161 tunc
1674 3117 1880 3179 repetat
1929 3126 2049 3165 cum
2080 3132 2122 3190 ο
2158 3101 2419 3167 "Bellone.
2449 3109 2613 3169 θιαιιθ
2656 3099 2998 3163 διεσθηείουεν
3031 3113 3133 3154 "ec
3164 3114 3275 3152 "0“
3296 3109 3355 3154 ει
3383 3099 3449 3151 dc
3470 3098 3573 3163 ipsa
3598 3098 3707 3153 cele-

452 3184 690 3236 ctetcris.
706 3184 954 3251 Oremus,
974 3187 1532 3263 Prwsta,qutesumus,
1559 3200 1882 3268 omnipotens
1908 3201 2048 3256 Deus

454 3282 512 3324 ut
537 3270 813 3329 claritatis.
850 3277 931 3331 Ad
979 3282 1391 3349 completorium
1449 3288 1728 3355 imponant
1762 3307 1974 3359 versus,
1995 3303 2051 3347 et

453 3359 521 3412 ad
543 3376 729 3418 omnes
748 3366 930 3422 horas.
953 3369 1113 3439 Iliae,
1134 3370 1362 3443 Christe,
1384 3393 1521 3432 nunc
1536 3380 1845 3449 paraclitus.
1864 3382 2048 3439 Gloria

453 3452 570 3521 tibi,
605 3455 843 3514 Domine.

1063 3558 1292 3615 CAPUT
1328 3562 1436 3616 Xll.

679 3642 803 3703 Πανί
820 3660 1018 3718 oportet
1051 3654 1137 3720 agi
1164 3655 1386 3708 adventu
1420 3655 1649 3725 Spiritus
1680 3656 1824 3710 «luti.

522 3736 879 3795 Sanetissimo
905 3743 992 3798 die
1033 3743 1379 3801 Pentecostes
1408 3763 1531 3803 cum
1578 3765 1787 3802 suim‘na
1827 3764 2046 3805 venera-

456 3829 600 3885 tione
646 3840 809 3901 atque
870 3834 1187 3901 devotione,
1234 3838 1470 3908 Spiritus
1520 3842 1692 3895 sancti
1743 3842 2045 3898 celebretur

452 3920 736 3975 adventus.
770 3922 977 3977 Debent
1003 3927 1200 3996 quippe
1233 3927 1285 3982 in
1322 3929 1730 3984 nocturnalibus
1766 3930 2043 3999 obsequiis

451 4025 642 4066 omnes
671 4027 993 4068 coronarum
1056 4017 1334 4087 lampades
1383 4021 1701 4087 accendere,
1748 4031 1804 4074 et
1846 4031 2040 4075 caetera

451 4117 665 4157 summo
719 4104 899 4158 studio
945 4122 1272 4177 componere
1313 4126 1327 4138 ν
1384 4126 1662 4179 signorum
1712 4112 2043 4180 pulsationes

379 4206 385 4213 '
451 4195 726 4253 modulate
756 4198 1093 4264 subtrahere,
1120 4210 1282 4270 atque
1308 4204 1373 4257 ad
1399 4203 1646 4257 ultimum
1675 4215 2037 4274 perstrepcre,

448 4304 571 4344 cum
601 4298 866 4343 souantur
923 4292 975 4344 in
1028 4308 1216 4359 unum,
1245 4295 1454 4357 tandiu,
1483 4310 1763 4365 quousque
1807 4296 2041 4353 infantes

450 4382 675 4436 veniant
712 4383 763 4437 in
794 4383 1102 4439 ecclesiam.
1130 4388 1211 4440 Ad
1256 4387 1627 4443 invitatorium
1668 4399 1901 4460 quatuor
1948 4405 2040 4445 ve-

2154 3194 2405 3249 bratione
2425 3193 2539 3262 jam
2564 3192 2731 3246 facta.
2756 3189 3007 3259 Namque
3037 3191 3090 3243 in
3121 3190 3296 3244 missa
3328 3190 3427 3244 boc
3450 3190 3595 3244 modo
3629 3190 3703 3244 dis-

2157 3285 2440 3355 tinguitur.
2496 3284 2749 3340 Secunda
2782 3283 2914 3337 feria
2939 3280 3201 3347 ollicium,
3225 3280 3451 3335 Cibabit.
3497 3281 3707 3347 Oremus,

2148 3378 2312 3443 Deus,
2328 3377 2419 3448 qui
2446 3376 2718 3445 apostolis.
2734 3374 2968 3445 Epistola
2980 3417 2995 3438 ,
3008 3375 3265 3444 Aperieus
3281 3372 3484 3427 Petrus.
3497 3373 3706 3438 Alleluia,

2148 3470 2363 3524 Emitte.
2424 3469 2685 3532 Alleluia,
2742 3467 3134 3535 Loquebaatur.
3210 3466 3587 3537 Evangeliam,
3639 3463 3706 3519 Sic

2146 3562 2282 3615 enim
2314 3560 2457 3615 Deus
2503 3560 2687 3613 dilexit
2734 3561 3011 3623 mundum.
3064 3557 3435 3622 Oﬂ‘ertorium,
3481 3557 3705 3612 Intonuit.

2146 3652 2489 3718 Communia,
2548 3650 2776 3718 Spiritus
2822 3661 3060 3705 sanctus.
3104 3651 3290 3704 Tertia
3322 3650 3455 3704 feria
3486 3649 3708 3711 oiﬁcium,

2147 3744 2388 3814 Accipite
2424 3744 2840 3814 jucuuditatem,
2881 3753 2935 3796 et
2959 3743 3065 3796 alia
3093 3743 3277 3796 omnia
3299 3743 3443 3797 sicut
3470 3742 3708 3796 invenien-

2148 3846 2254 3891 tur.
2305 3837 2554 3904 Quatuor
2608 3850 2843 3904 namque
2890 3835 3102 3900 diebus,
3154 3835 3247 3904 qui
3306 3842 3527 3898 restant,
3573 3840 3709 3902 agam

2145 3927 2375 3983 cilicium
2407 3928 2473 3980 ad
2505 3926 2723 3982 missam
2747 3926 2889 3980 sicut
2922 3925 2975 3978 in
2999 3926 3085 3980 die
3126 3922 3707 3993 Pentecmtcsipistoh

2145 4032 2309 4092 atque
2337 4019 2673 4090 evangelium
2734 4019 2899 4073 veluti
2930 4034 3025 4087 per
3057 4034 3283 4082 annum,
3315 4019 3526 4088 quando
3570 4016 3705 4079 feria;

2144 4113 2285 4169 sicut
2311 4120 2621 4166 consertum
2653 4110 2817 4164 fuerit
2838 4113 2890 4164 in
2919 4119 3390 4165 sacramentorum
3425 4110 3617 4171 codice,
3645 4110 3709 4163 s'c

2143 4213 2445 4275 promatur.
2488 4202 2729 4258 Sabbato
2775 4203 2842 4257 ad
2888 4217 3146 4272 vesperas
3190 4203 3360 4271 quina
3417 4201 3706 4258 candelabra

2145 4297 2517 4352 illuminentur
2551 4305 2678 4349 ante
2720 4310 2894 4349 aram.
2932 4293 3187 4358 Alleluia,
3235 4294 3438 4363 Repleti
3465 4306 3598 4348 sunt.
3626 4293 3705 4347 Sa-

2143 4388 2337 4444 cerdos
2365 4388 2438 4444 sit
2471 4388 2526 4441 in
2557 4386 2761 4456 cappis.
2794 4385 3105 4455 Antiphone
3138 4386 3207 4440 ad
3236 4384 3542 4455 Magni/icui
3566 4404 3582 4441 :
3608 4382 3710 4437 Non

446 4474 681 4526 stia‘ntur
709 4474 762 4527 in
794 4476 999 4544 cappis.
1031 4478 1210 4531 Primo
1240 4488 1295 4533 et
1345 4482 1583 4535 secundo
1616 4491 1883 4538 nocturno
1904 4492 2032 4537 aute
2065 4493 2109 4546 ι)
2135 4499 2222 4538 vos
2248 4481 2560 4551 relinquam.
2588 4477 2841 4541 Oremus,
2865 4479 3036 4546 Deus,
3069 4480 3160 4549 qui
3192 4479 3448 4533 hodierna
3473 4480 3573 4533 die.

446 4562 620 4618 altare
672 4565 775 4618 tria
829 4567 1153 4622 candelabra
1208 4581 1499 4637 ponantur.
1556 4573 1660 4627 Pro
1707 4587 2036 4642 unoquoque

447 4664 733 4724 nocturno,
791 4658 1016 4729 singula:
1068 4661 1398 4729 antipliouze.
1470 4664 1730 4719 Dicantur
1774 4666 2035 4721 lectiones

445 4764 571 4809 octo
599 4755 664 4809 de
712 4755 1006 4827 Evangelia
1052 4760 1194 4828 quod
1241 4758 1436 4828 legitur
1484 4759 1537 4812 in
1589 4758 1792 4828 vigilia.
1842 4757 2036 4812 Sermo

445 4846 618 4902 sancti
668 4847 976 4920 Augustini.
1028 4851 1158 4904 Alite
1197 4860 1432 4920 quatuor
1475 4851 1543 4903 de
1588 4849 1804 4903 homilia
1858 4850 2032 4904 sancti

445 4936 695 5008 Gregorii
724 4954 874 5008 paptc
902 4957 969 4994 ex
998 4942 1277 5010 evangelio
1321 4941 1489 5010 ipsius
1536 4940 1662 4993 diei.
1708 4941 1787 4993 Ad
1817 4940 2033 4995 tertiam

447 5042 665 5097 semper
695 5028 980 5085 lectionem
1013 5018 1439 5100 uniuscujusque
1489 5031 1740 5084 nocturni
1792 5030 2038 5085 incensct

445 5121 703 5176 sacerdos
737 5121 909 5189 majus
939 5122 1129 5185 altare,
1159 5121 1427 5190 simulque
1452 5120 1691 5188 Stratres.
1733 5122 2036 5190 Responso-

446 5212 527 5270 ria
579 5216 684 5269 duo
730 5216 935 5285 pariter
991 5216 1301 5268 decanlent.
1332 5215 1411 5268 Ad
1440 5215 1712 5269 canticum
1736 5224 2037 5279 augentur

450 5308 759 5375 quindecim
809 5307 1059 5376 candelae;
1108 5308 1161 5362 in
1212 5308 1435 5377 pertica.
1500 5308 1555 5363 In
1606 5309 1740 5363 albis
1796 5308 2036 5378 quinque

442 5399 751 5468 antiphona:
783 5400 1159 5455 decantentur.
1209 5400 1629 5469 Ilespansorium
1675 5402 1839 5455 breve
1877 5401 2028 5468 pueri

440 5493 748 5563 persolvant
779 5511 791 5546 :
827 5492 1058 5562 Spiritus
1089 5506 1300 5549 sanctus
1319 5494 1776 5564 procedens.Ante
1797 5493 2027 5562 primam

444 5582 742 5637 adornetur
764 5582 954 5640 altare.
983 5584 1064 5639 Ad
1090 5586 1461 5640 matutinalem
1491 5586 1711 5639 missam
1753 5598 1858 5637 una
1883 5582 2031 5637 dicao

443 5683 533 5731 tur
568 5677 819 5741 collecta,
870 5686 929 5730 ut
985 5693 1100 5733 mos
1160 5693 1261 5732 est.
1314 5679 1450 5732 ’fum
1504 5690 1695 5731 omnes
1738 5675 2030 5731 induantur

2215 4573 2271 4629 Si
2315 4572 2523 4645 jejunia
2578 4574 2782 4628 mensis
2828 4572 3008 4641 quarti
3046 4572 3301 4627 venerint
3364 4570 3501 4626 intra
3560 4572 3707 4639 ipsam

2140 4664 2569 4728 hebdomadam,
2622 4661 2857 4718 eﬂiciant
2926 4663 3023 4717 ita.
3081 4663 3221 4719 Ante
3277 4663 3522 4726 tertiam,
3569 4672 3711 4732 agant

2142 4757 2361 4812 missam
2384 4755 2450 4809 de
2474 4753 2632 4818 festo,
2657 4755 2839 4809 omnia
2872 4770 2968 4823 per
2992 4754 3264 4818 ordinem,
3299 4755 3441 4810 sicut
3465 4753 3602 4809 ell'ati
3616 4752 3709 4821 jam

2139 4864 2349 4905 sanius.
2373 4846 2647 4916 Jejunium
2683 4847 2987 4917 proteletur
3018 4859 3191 4914 usque
3217 4860 3437 4900 nonatn.
3460 4844 3713 4900 Processio

2141 4957 2247 4996 non
2280 4940 2396 5003 fiat,
2430 4954 2531 4994 nec
2581 4937 2768 4993 lilania
2802 4937 3138 4992 cantabitur.
3182 4936 3312 4991 Post
3360 4944 3585 5002 sextam,
3607 4950 3710 4989 cum

2140 5031 2416 5087 audierint
2445 5030 2687 5100 signutn,
2719 5036 2949 5099 surgant
2987 5042 3018 5081 e
3044 5026 3390 5091 dormitorio,
3422 5025 3597 5081 lavent
3622 5040 3716 5077 nta-

2141 5137 2244 5176 nus
2273 5137 2340 5176 ac
2378 5120 2547 5175 facies
2598 5134 2726 5174 suas
2747 5158 2763 5184 ,
2794 5118 3128 5185 veniantque
3170 5116 3226 5170 in
3258 5116 3502 5170 oratorio
3532 5115 3714 5179 absque

2142 5211 2323 5267 sonitu
2354 5210 2518 5265 ullius
2556 5209 2740 5280 signi,
2784 5217 2838 5263 et
2874 5208 3081 5263 faciant
3111 5207 3442 5263 orationem.
3475 5206 3717 5262 Sacerdos

2141 5304 2340 5360 vestiat
2359 5319 2419 5358 se
2451 5318 2574 5356 cum
2599 5301 2884 5356 ministris.
2914 5300 3050 5355 Cum
3087 5299 3293 5355 fuerint
3320 5299 3490 5356 induti
3516 5298 3715 5367 incipiat

2140 5395 2525 5466 parapbonista
2539 5393 2799 5449 cilicium:
2826 5391 2964 5449 Deus
2986 5393 3115 5445 dum
3140 5388 3715 5462 egredererisﬂremus.

2145 5489 2371 5558 Dnrsta,
2417 5490 2741 5559 omnipotens
2775 5486 2935 5549 Deus,
2997 5495 3196 5540 mentes
3246 5495 3476 5539 nostras.
3507 5482 3713 5540 Lectio.

2144 5580 2289 5635 Dixit
2336 5581 2609 5637 Salomon.
2648 5577 3101 5649 Responsorium,
3136 5576 3436 5645 Propitius.
3470 5575 3714 5633 Oremus.

2160 5668 2382 5738 Pra'sta,
2411 5686 2731 5743 qutrsumus,
2754 5668 3078 5737 omnipotens
3107 5677 3156 5723 et
3182 5666 3495 5731 misericors.
3522 5664 3714 5724 Lectio,

513 5810 625 5881 ('21-)
678 5811 1003 5868 Alleluiatice
1064 5823 1309 5868 cantare:
1346 5813 1380 5868 f.
1417 5828 1541 5870 cum
1598 5814 1742 5871 vocis
1793 5809 2175 5871 modulatione.
2256 5840 2259 5843 ι
