  <div class='ocr_page' id='page_1' title='image "/cluster/home/n/w/nwhite01/storage/ocr_20150623/150/hvd.32044015473788/612.png"; bbox 0 0 3834 6304; ppageno 0'>
   <div class='ocr_carea' id='block_1_1' title="bbox 130 353 245 422">
    <p class='ocr_par' dir='ltr' id='par_1_1' title="bbox 130 353 245 422">
     <span class='ocr_line' id='line_1_1' title="bbox 130 353 245 422; baseline -0.07 0"><span class='ocrx_word' id='word_1_1' title='bbox 130 353 245 422; x_wconf 68' lang='lat' dir='ltr'><strong>l2”</strong></span> 
     </span>
    </p>
   </div>
   <div class='ocr_carea' id='block_1_2' title="bbox 1317 326 2135 389">
    <p class='ocr_par' dir='ltr' id='par_1_2' title="bbox 1317 326 2135 389">
     <span class='ocr_line' id='line_1_2' title="bbox 1317 326 2135 389; baseline -0.002 0"><span class='ocrx_word' id='word_1_2' title='bbox 1317 329 1691 389; x_wconf 79' lang='lat' dir='ltr'><strong>OlSCIPLlNA</strong></span> <span class='ocrx_word' id='word_1_3' title='bbox 1729 326 2135 387; x_wconf 71' lang='lat' dir='ltr'><strong>FAIlFENSlS.</strong></span> 
     </span>
    </p>
   </div>
   <div class='ocr_carea' id='block_1_3' title="bbox 3217 325 3355 385">
    <p class='ocr_par' dir='ltr' id='par_1_3' title="bbox 3217 325 3355 385">
     <span class='ocr_line' id='line_1_3' title="bbox 3217 325 3355 385; baseline 0.051 -7"><span class='ocrx_word' id='word_1_4' title='bbox 3217 325 3355 385; x_wconf 71' lang='grc'><strong>1218</strong></span> 
     </span>
    </p>
   </div>
   <div class='ocr_carea' id='block_1_4' title="bbox 132 438 3351 533">
    <p class='ocr_par' dir='ltr' id='par_1_4' title="bbox 132 438 3351 533">
     <span class='ocr_line' id='line_1_4' title="bbox 132 438 3351 533; baseline -0.004 -16"><span class='ocrx_word' id='word_1_5' title='bbox 132 470 262 533; x_wconf 53' lang='lat' dir='ltr'><strong>Audi,</strong></span> <span class='ocrx_word' id='word_1_6' title='bbox 288 460 459 519; x_wconf 72' lang='lat' dir='ltr'><strong>Iacob.</strong></span> <span class='ocrx_word' id='word_1_7' title='bbox 479 438 922 525; x_wconf 76' lang='lat' dir='ltr'><strong>Responsorium,</strong></span> <span class='ocrx_word' id='word_1_8' title='bbox 943 447 1106 504; x_wconf 82' lang='lat' dir='ltr'><strong><em>Terra</em></strong></span> <span class='ocrx_word' id='word_1_9' title='bbox 1136 456 1277 503; x_wconf 86' lang='lat' dir='ltr'><strong>mota</strong></span> <span class='ocrx_word' id='word_1_10' title='bbox 1300 459 1393 502; x_wconf 81' lang='lat' dir='ltr'><strong>est.</strong></span> <span class='ocrx_word' id='word_1_11' title='bbox 1424 448 1667 519; x_wconf 79' lang='lat' dir='ltr'><strong>Evange-</strong></span> <span class='ocrx_word' id='word_1_12' title='bbox 1696 449 1739 505; x_wconf 74' lang='grc' dir='ltr'>Α</span> <span class='ocrx_word' id='word_1_13' title='bbox 1770 447 1961 516; x_wconf 74' lang='lat' dir='ltr'><strong>ciﬁxus</strong></span> <span class='ocrx_word' id='word_1_14' title='bbox 2023 448 2077 501; x_wconf 90' lang='lat' dir='ltr'><strong>in</strong></span> <span class='ocrx_word' id='word_1_15' title='bbox 2126 463 2301 501; x_wconf 85' lang='lat' dir='ltr'><strong>carne.</strong></span> <span class='ocrx_word' id='word_1_16' title='bbox 2345 447 2477 501; x_wconf 85' lang='lat' dir='ltr'><strong>Cum</strong></span> <span class='ocrx_word' id='word_1_17' title='bbox 2545 444 2961 518; x_wconf 72' lang='lat' dir='ltr'><strong>repetitionibus</strong></span> <span class='ocrx_word' id='word_1_18' title='bbox 3016 444 3211 501; x_wconf 65' lang='lat' dir='ltr'><strong>Nofite.</strong></span> <span class='ocrx_word' id='word_1_19' title='bbox 3264 448 3351 504; x_wconf 83' lang='lat' dir='ltr'><strong>ln-</strong></span> 
     </span>
    </p>
   </div>
   <div class='ocr_carea' id='block_1_5' title="bbox 123 537 1658 623">
    <p class='ocr_par' dir='ltr' id='par_1_5' title="bbox 123 537 1658 623">
     <span class='ocr_line' id='line_1_5' title="bbox 123 537 1658 623; baseline -0.015 -6"><span class='ocrx_word' id='word_1_20' title='bbox 123 566 268 623; x_wconf 84' lang='lat' dir='ltr'><strong>lium,</strong></span> <span class='ocrx_word' id='word_1_21' title='bbox 316 548 612 605; x_wconf 80' lang='lat' dir='ltr'><strong>Accedentes</strong></span> <span class='ocrx_word' id='word_1_22' title='bbox 658 542 899 612; x_wconf 73' lang='lat' dir='ltr'><strong>discipuli</strong></span> <span class='ocrx_word' id='word_1_23' title='bbox 953 544 1021 594; x_wconf 87' lang='lat' dir='ltr'><strong>ad</strong></span> <span class='ocrx_word' id='word_1_24' title='bbox 1074 539 1284 593; x_wconf 74' lang='lat' dir='ltr'><strong>Iesum.</strong></span> <span class='ocrx_word' id='word_1_25' title='bbox 1318 537 1658 594; x_wconf 80' lang='lat' dir='ltr'><strong>Oll‘erendam</strong></span> 
     </span>
    </p>
   </div>
   <div class='ocr_carea' id='block_1_6' title="bbox 127 630 1657 721">
    <p class='ocr_par' dir='ltr' id='par_1_6' title="bbox 127 630 1657 721">
     <span class='ocr_line' id='line_1_6' title="bbox 127 630 1657 721; baseline -0.007 -26"><span class='ocrx_word' id='word_1_26' title='bbox 127 663 259 721; x_wconf 59' lang='lat' dir='ltr'><strong>atque</strong></span> <span class='ocrx_word' id='word_1_27' title='bbox 285 654 457 713; x_wconf 89' lang='lat' dir='ltr'><strong>pacem</strong></span> <span class='ocrx_word' id='word_1_28' title='bbox 483 650 621 690; x_wconf 89' lang='lat' dir='ltr'><strong>unus</strong></span> <span class='ocrx_word' id='word_1_29' title='bbox 657 634 905 704; x_wconf 78' lang='lat' dir='ltr'><strong>accipiat.</strong></span> <span class='ocrx_word' id='word_1_30' title='bbox 934 630 1280 687; x_wconf 78' lang='lat' dir='ltr'><strong>Oﬂ&#39;ertorium</strong></span> <span class='ocrx_word' id='word_1_31' title='bbox 1302 671 1316 695; x_wconf 93' lang='lat'><strong>,</strong></span> <span class='ocrx_word' id='word_1_32' title='bbox 1346 631 1657 685; x_wconf 86' lang='lat' dir='ltr'><strong>Meditabor.</strong></span> 
     </span>
    </p>
   </div>
   <div class='ocr_carea' id='block_1_7' title="bbox 130 723 1657 799">
    <p class='ocr_par' dir='ltr' id='par_1_7' title="bbox 130 723 1657 799">
     <span class='ocr_line' id='line_1_7' title="bbox 130 723 1657 799; baseline -0.012 -5"><span class='ocrx_word' id='word_1_33' title='bbox 130 733 430 799; x_wconf 83' lang='lat' dir='ltr'><strong>Communia,</strong></span> <span class='ocrx_word' id='word_1_34' title='bbox 478 726 669 781; x_wconf 87' lang='lat' dir='ltr'><strong>Pacem</strong></span> <span class='ocrx_word' id='word_1_35' title='bbox 706 743 897 780; x_wconf 79' lang='lat' dir='ltr'><strong>meam.</strong></span> <span class='ocrx_word' id='word_1_36' title='bbox 946 725 1107 780; x_wconf 75' lang='lat' dir='ltr'><strong>Sexta</strong></span> <span class='ocrx_word' id='word_1_37' title='bbox 1167 724 1299 778; x_wconf 85' lang='lat' dir='ltr'><strong>feria</strong></span> <span class='ocrx_word' id='word_1_38' title='bbox 1345 723 1657 794; x_wconf 88' lang='lat' dir='ltr'><strong>antiphona.</strong></span> 
     </span>
    </p>
   </div>
   <div class='ocr_carea' id='block_1_8' title="bbox 126 816 1660 899">
    <p class='ocr_par' dir='ltr' id='par_1_8' title="bbox 126 816 1660 899">
     <span class='ocr_line' id='line_1_8' title="bbox 126 816 1660 899; baseline -0.011 -15"><span class='ocrx_word' id='word_1_39' title='bbox 126 827 368 899; x_wconf 83' lang='lat' dir='ltr'><strong>Repleatur</strong></span> <span class='ocrx_word' id='word_1_40' title='bbox 394 836 448 874; x_wconf 90' lang='lat' dir='ltr'><strong>os</strong></span> <span class='ocrx_word' id='word_1_41' title='bbox 493 834 687 872; x_wconf 87' lang='lat' dir='ltr'><strong>meum.</strong></span> <span class='ocrx_word' id='word_1_42' title='bbox 725 818 965 873; x_wconf 84' lang='lat' dir='ltr'><strong>Collecta</strong></span> <span class='ocrx_word' id='word_1_43' title='bbox 996 857 1010 881; x_wconf 96' lang='lat'><strong>,</strong></span> <span class='ocrx_word' id='word_1_44' title='bbox 1046 816 1147 883; x_wconf 87' lang='lat' dir='ltr'><strong>Da,</strong></span> <span class='ocrx_word' id='word_1_45' title='bbox 1197 831 1522 887; x_wconf 79' lang='lat' dir='ltr'><strong>qua’sumus,</strong></span> <span class='ocrx_word' id='word_1_46' title='bbox 1579 830 1660 868; x_wconf 84' lang='lat' dir='ltr'><strong>ec-</strong></span> 
     </span>
    </p>
   </div>
   <div class='ocr_carea' id='block_1_9' title="bbox 123 904 1655 977">
    <p class='ocr_par' dir='ltr' id='par_1_9' title="bbox 123 904 1655 977">
     <span class='ocr_line' id='line_1_9' title="bbox 123 904 1655 977; baseline -0.012 -2"><span class='ocrx_word' id='word_1_47' title='bbox 123 919 281 977; x_wconf 67' lang='lat' dir='ltr'><strong>clesia.</strong></span> <span class='ocrx_word' id='word_1_48' title='bbox 308 909 513 971; x_wconf 83' lang='lat' dir='ltr'><strong>Leotio,</strong></span> <span class='ocrx_word' id='word_1_49' title='bbox 550 907 852 972; x_wconf 78' lang='lat' dir='ltr'><strong>Exsultate,</strong></span> <span class='ocrx_word' id='word_1_50' title='bbox 884 906 984 976; x_wconf 80' lang='lat' dir='ltr'><strong>ﬁlii</strong></span> <span class='ocrx_word' id='word_1_51' title='bbox 1027 906 1175 960; x_wconf 83' lang='lat' dir='ltr'><strong>Sion.</strong></span> <span class='ocrx_word' id='word_1_52' title='bbox 1206 904 1655 975; x_wconf 79' lang='lat' dir='ltr'><strong>Responsorium,</strong></span> 
     </span>
    </p>
   </div>
   <div class='ocr_carea' id='block_1_10' title="bbox 32 995 1658 1071">
    <p class='ocr_par' dir='ltr' id='par_1_10' title="bbox 32 995 1658 1071">
     <span class='ocr_line' id='line_1_10' title="bbox 32 995 1658 1071; baseline -0.011 -4"><span class='ocrx_word' id='word_1_53' title='bbox 32 1000 39 1013; x_wconf 85' lang='grc'><em>’</em></span> <span class='ocrx_word' id='word_1_54' title='bbox 124 1010 230 1065; x_wconf 83' lang='lat' dir='ltr'><strong>Esto</strong></span> <span class='ocrx_word' id='word_1_55' title='bbox 263 1003 396 1058; x_wconf 80' lang='lat' dir='ltr'><strong>mihi.</strong></span> <span class='ocrx_word' id='word_1_56' title='bbox 442 998 826 1071; x_wconf 80' lang='lat' dir='ltr'><strong>Evangelium,</strong></span> <span class='ocrx_word' id='word_1_57' title='bbox 871 995 1017 1051; x_wconf 84' lang='lat' dir='ltr'><strong>Venit</strong></span> <span class='ocrx_word' id='word_1_58' title='bbox 1056 997 1127 1051; x_wconf 88' lang='lat' dir='ltr'><strong>ad</strong></span> <span class='ocrx_word' id='word_1_59' title='bbox 1173 996 1357 1051; x_wconf 79' lang='lat' dir='ltr'><strong>Iesum</strong></span> <span class='ocrx_word' id='word_1_60' title='bbox 1404 997 1500 1050; x_wconf 81' lang='lat' dir='ltr'><strong>vir.</strong></span> <span class='ocrx_word' id='word_1_61' title='bbox 1528 995 1658 1051; x_wconf 78' lang='lat' dir='ltr'><strong>Oili-</strong></span> 
     </span>
    </p>
   </div>
   <div class='ocr_carea' id='block_1_11' title="bbox 122 1086 1660 1164">
    <p class='ocr_par' dir='ltr' id='par_1_11' title="bbox 122 1086 1660 1164">
     <span class='ocr_line' id='line_1_11' title="bbox 122 1086 1660 1164; baseline -0.012 -8"><span class='ocrx_word' id='word_1_62' title='bbox 122 1102 262 1164; x_wconf 87' lang='lat' dir='ltr'><strong>cium,</strong></span> <span class='ocrx_word' id='word_1_63' title='bbox 312 1093 514 1158; x_wconf 86' lang='lat' dir='ltr'><strong>laudes,</strong></span> <span class='ocrx_word' id='word_1_64' title='bbox 572 1105 636 1146; x_wconf 88' lang='lat' dir='ltr'><strong>ac</strong></span> <span class='ocrx_word' id='word_1_65' title='bbox 697 1089 1042 1156; x_wconf 88' lang='lat' dir='ltr'><strong>communio,</strong></span> <span class='ocrx_word' id='word_1_66' title='bbox 1111 1087 1346 1159; x_wconf 83' lang='lat' dir='ltr'><strong>Spiritus</strong></span> <span class='ocrx_word' id='word_1_67' title='bbox 1407 1087 1493 1141; x_wconf 89' lang='lat' dir='ltr'><strong>ubi</strong></span> <span class='ocrx_word' id='word_1_68' title='bbox 1552 1086 1660 1141; x_wconf 79' lang='lat' dir='ltr'><strong>vult</strong></span> 
     </span>
    </p>
   </div>
   <div class='ocr_carea' id='block_1_12' title="bbox 121 1194 273 1264">
    <p class='ocr_par' dir='ltr' id='par_1_12' title="bbox 121 1194 273 1264">
     <span class='ocr_line' id='line_1_12' title="bbox 121 1194 273 1264; baseline -0.033 -17"><span class='ocrx_word' id='word_1_69' title='bbox 121 1194 273 1264; x_wconf 86' lang='lat' dir='ltr'><strong>spirat.</strong></span> 
     </span>
    </p>
   </div>
   <div class='ocr_carea' id='block_1_13' title="bbox 178 1266 1655 1341">
    <p class='ocr_par' dir='ltr' id='par_1_13' title="bbox 178 1266 1655 1341">
     <span class='ocr_line' id='line_1_13' title="bbox 178 1266 1655 1341; baseline -0.007 -8"><span class='ocrx_word' id='word_1_70' title='bbox 178 1277 387 1333; x_wconf 82' lang='lat' dir='ltr'><strong>Sabbsto</strong></span> <span class='ocrx_word' id='word_1_71' title='bbox 428 1280 784 1329; x_wconf 87' lang='lat' dir='ltr'><strong>conservetur</strong></span> <span class='ocrx_word' id='word_1_72' title='bbox 828 1270 965 1325; x_wconf 86' lang='lat' dir='ltr'><strong>ordo</strong></span> <span class='ocrx_word' id='word_1_73' title='bbox 1018 1270 1130 1341; x_wconf 89' lang='lat' dir='ltr'><strong>jam</strong></span> <span class='ocrx_word' id='word_1_74' title='bbox 1178 1268 1452 1323; x_wconf 86' lang='lat' dir='ltr'><strong>decretus.</strong></span> <span class='ocrx_word' id='word_1_75' title='bbox 1488 1266 1655 1322; x_wconf 83' lang='lat' dir='ltr'><strong>Facta</strong></span> 
     </span>
    </p>
   </div>
   <div class='ocr_carea' id='block_1_14' title="bbox 118 1359 1654 1425">
    <p class='ocr_par' dir='ltr' id='par_1_14' title="bbox 118 1359 1654 1425">
     <span class='ocr_line' id='line_1_14' title="bbox 118 1359 1654 1425; baseline -0.007 -1"><span class='ocrx_word' id='word_1_76' title='bbox 118 1369 325 1425; x_wconf 83' lang='lat' dir='ltr'><strong>oratione</strong></span> <span class='ocrx_word' id='word_1_77' title='bbox 353 1365 530 1419; x_wconf 87' lang='lat' dir='ltr'><strong>veniat</strong></span> <span class='ocrx_word' id='word_1_78' title='bbox 560 1362 816 1418; x_wconf 82' lang='lat' dir='ltr'><strong>sacerdos</strong></span> <span class='ocrx_word' id='word_1_79' title='bbox 843 1377 967 1416; x_wconf 87' lang='lat' dir='ltr'><strong>cum</strong></span> <span class='ocrx_word' id='word_1_80' title='bbox 1012 1360 1279 1415; x_wconf 77' lang='lat' dir='ltr'><strong>ministris</strong></span> <span class='ocrx_word' id='word_1_81' title='bbox 1311 1360 1365 1414; x_wconf 91' lang='lat' dir='ltr'><strong>in</strong></span> <span class='ocrx_word' id='word_1_82' title='bbox 1393 1359 1654 1422; x_wconf 88' lang='lat' dir='ltr'><strong>sacrario,</strong></span> 
     </span>
    </p>
   </div>
   <div class='ocr_carea' id='block_1_15' title="bbox 119 1451 1657 1519">
    <p class='ocr_par' dir='ltr' id='par_1_15' title="bbox 119 1451 1657 1519">
     <span class='ocr_line' id='line_1_15' title="bbox 119 1451 1657 1519; baseline -0.008 -1"><span class='ocrx_word' id='word_1_83' title='bbox 119 1470 162 1519; x_wconf 88' lang='lat' dir='ltr'><strong>et</strong></span> <span class='ocrx_word' id='word_1_84' title='bbox 198 1451 360 1515; x_wconf 76' lang='lat' dir='ltr'><strong>induat</strong></span> <span class='ocrx_word' id='word_1_85' title='bbox 405 1471 463 1511; x_wconf 91' lang='lat' dir='ltr'><strong>se</strong></span> <span class='ocrx_word' id='word_1_86' title='bbox 510 1454 850 1510; x_wconf 84' lang='lat' dir='ltr'><strong>vestimentis</strong></span> <span class='ocrx_word' id='word_1_87' title='bbox 893 1454 1085 1509; x_wconf 90' lang='lat' dir='ltr'><strong>sacris.</strong></span> <span class='ocrx_word' id='word_1_88' title='bbox 1149 1451 1308 1508; x_wconf 87' lang='lat' dir='ltr'><strong>Pueri</strong></span> <span class='ocrx_word' id='word_1_89' title='bbox 1360 1466 1553 1506; x_wconf 89' lang='lat' dir='ltr'><strong>omnes</strong></span> <span class='ocrx_word' id='word_1_90' title='bbox 1598 1465 1657 1506; x_wconf 86' lang='lat' dir='ltr'><strong>sc</strong></span> 
     </span>
    </p>
   </div>
   <div class='ocr_carea' id='block_1_16' title="bbox 118 1543 1658 1614">
    <p class='ocr_par' dir='ltr' id='par_1_16' title="bbox 118 1543 1658 1614">
     <span class='ocr_line' id='line_1_16' title="bbox 118 1543 1658 1614; baseline -0.006 -6"><span class='ocrx_word' id='word_1_91' title='bbox 118 1552 335 1609; x_wconf 87' lang='lat' dir='ltr'><strong>inalbent.</strong></span> <span class='ocrx_word' id='word_1_92' title='bbox 362 1548 567 1603; x_wconf 79' lang='lat' dir='ltr'><strong>Cantor</strong></span> <span class='ocrx_word' id='word_1_93' title='bbox 597 1548 668 1603; x_wconf 92' lang='lat' dir='ltr'><strong>sit</strong></span> <span class='ocrx_word' id='word_1_94' title='bbox 716 1548 769 1601; x_wconf 91' lang='lat' dir='ltr'><strong>in</strong></span> <span class='ocrx_word' id='word_1_95' title='bbox 808 1547 977 1601; x_wconf 71' lang='lat' dir='ltr'><strong>choro</strong></span> <span class='ocrx_word' id='word_1_96' title='bbox 1009 1562 1132 1600; x_wconf 89' lang='lat' dir='ltr'><strong>cum</strong></span> <span class='ocrx_word' id='word_1_97' title='bbox 1160 1559 1352 1614; x_wconf 87' lang='lat' dir='ltr'><strong>cappa.</strong></span> <span class='ocrx_word' id='word_1_98' title='bbox 1407 1543 1658 1599; x_wconf 73' lang='lat' dir='ltr'><strong>Charitas</strong></span> 
     </span>
    </p>
   </div>
   <div class='ocr_carea' id='block_1_17' title="bbox 117 1636 1658 1707">
    <p class='ocr_par' dir='ltr' id='par_1_17' title="bbox 117 1636 1658 1707">
     <span class='ocr_line' id='line_1_17' title="bbox 117 1636 1658 1707; baseline -0.006 -7"><span class='ocrx_word' id='word_1_99' title='bbox 117 1645 209 1700; x_wconf 87' lang='lat' dir='ltr'><strong>Dei.</strong></span> <span class='ocrx_word' id='word_1_100' title='bbox 246 1642 382 1698; x_wconf 87' lang='lat' dir='ltr'><strong>Unus</strong></span> <span class='ocrx_word' id='word_1_101' title='bbox 421 1640 802 1696; x_wconf 82' lang='lat' dir='ltr'><strong>tantummodo</strong></span> <span class='ocrx_word' id='word_1_102' title='bbox 829 1653 1126 1695; x_wconf 85' lang='lat' dir='ltr'><strong>conversus</strong></span> <span class='ocrx_word' id='word_1_103' title='bbox 1176 1638 1285 1701; x_wconf 89' lang='lat' dir='ltr'><strong>sit,</strong></span> <span class='ocrx_word' id='word_1_104' title='bbox 1324 1637 1415 1707; x_wconf 86' lang='lat' dir='ltr'><strong>qui</strong></span> <span class='ocrx_word' id='word_1_105' title='bbox 1446 1636 1658 1692; x_wconf 84' lang='lat' dir='ltr'><strong>delerat</strong></span> 
     </span>
    </p>
   </div>
   <div class='ocr_carea' id='block_1_18' title="bbox 116 1729 1656 1801">
    <p class='ocr_par' dir='ltr' id='par_1_18' title="bbox 116 1729 1656 1801">
     <span class='ocr_line' id='line_1_18' title="bbox 116 1729 1656 1801; baseline -0.005 -11"><span class='ocrx_word' id='word_1_106' title='bbox 116 1732 497 1790; x_wconf 77' lang='lat' dir='ltr'><strong>candelabrum:</strong></span> <span class='ocrx_word' id='word_1_107' title='bbox 536 1731 823 1785; x_wconf 85' lang='lat' dir='ltr'><strong>lectionem</strong></span> <span class='ocrx_word' id='word_1_108' title='bbox 868 1730 1105 1785; x_wconf 81' lang='lat' dir='ltr'><strong>infantes</strong></span> <span class='ocrx_word' id='word_1_109' title='bbox 1150 1730 1331 1801; x_wconf 87' lang='lat' dir='ltr'><strong>legant</strong></span> <span class='ocrx_word' id='word_1_110' title='bbox 1376 1730 1428 1783; x_wconf 92' lang='lat' dir='ltr'><strong>in</strong></span> <span class='ocrx_word' id='word_1_111' title='bbox 1464 1729 1656 1800; x_wconf 80' lang='lat' dir='ltr'><strong>primis</strong></span> 
     </span>
    </p>
   </div>
   <div class='ocr_carea' id='block_1_19' title="bbox 122 1821 1655 1897">
    <p class='ocr_par' dir='ltr' id='par_1_19' title="bbox 122 1821 1655 1897">
     <span class='ocr_line' id='line_1_19' title="bbox 122 1821 1655 1897; baseline -0.002 -19"><span class='ocrx_word' id='word_1_112' title='bbox 122 1827 343 1897; x_wconf 81' lang='lat' dir='ltr'><strong>jnniorcs,</strong></span> <span class='ocrx_word' id='word_1_113' title='bbox 368 1823 560 1879; x_wconf 87' lang='lat' dir='ltr'><strong>deinde</strong></span> <span class='ocrx_word' id='word_1_114' title='bbox 594 1823 682 1877; x_wconf 85' lang='lat' dir='ltr'><strong>alii</strong></span> <span class='ocrx_word' id='word_1_115' title='bbox 710 1823 851 1878; x_wconf 90' lang='lat' dir='ltr'><strong>sicut</strong></span> <span class='ocrx_word' id='word_1_116' title='bbox 876 1832 1000 1877; x_wconf 90' lang='lat' dir='ltr'><strong>sunt</strong></span> <span class='ocrx_word' id='word_1_117' title='bbox 1030 1823 1254 1893; x_wconf 88' lang='lat' dir='ltr'><strong>priores.</strong></span> <span class='ocrx_word' id='word_1_118' title='bbox 1296 1821 1655 1891; x_wconf 83' lang='lat' dir='ltr'><strong>Responsoria</strong></span> 
     </span>
    </p>
   </div>
   <div class='ocr_carea' id='block_1_20' title="bbox 115 1912 1656 1987">
    <p class='ocr_par' dir='ltr' id='par_1_20' title="bbox 115 1912 1656 1987">
     <span class='ocr_line' id='line_1_20' title="bbox 115 1912 1656 1987; baseline -0.005 -15"><span class='ocrx_word' id='word_1_119' title='bbox 115 1915 685 1987; x_wconf 76' lang='lat' dir='ltr'><strong>ipsicantcnlvieissim</strong></span> <span class='ocrx_word' id='word_1_120' title='bbox 743 1915 960 1985; x_wconf 81' lang='lat' dir='ltr'><strong>singuli.</strong></span> <span class='ocrx_word' id='word_1_121' title='bbox 1001 1914 1268 1969; x_wconf 80' lang='lat' dir='ltr'><strong>Sacerdos</strong></span> <span class='ocrx_word' id='word_1_122' title='bbox 1318 1912 1541 1966; x_wconf 88' lang='lat' dir='ltr'><strong>veniens</strong></span> <span class='ocrx_word' id='word_1_123' title='bbox 1588 1912 1656 1966; x_wconf 88' lang='lat' dir='ltr'><strong>ad</strong></span> 
     </span>
    </p>
   </div>
   <div class='ocr_carea' id='block_1_21' title="bbox 114 2004 1658 2069">
    <p class='ocr_par' dir='ltr' id='par_1_21' title="bbox 114 2004 1658 2069">
     <span class='ocr_line' id='line_1_21' title="bbox 114 2004 1658 2069; baseline -0.004 -7"><span class='ocrx_word' id='word_1_124' title='bbox 114 2010 252 2062; x_wconf 84' lang='lat' dir='ltr'><strong>altare</strong></span> <span class='ocrx_word' id='word_1_125' title='bbox 298 2007 450 2061; x_wconf 85' lang='lat' dir='ltr'><strong>faciat</strong></span> <span class='ocrx_word' id='word_1_126' title='bbox 485 2007 884 2061; x_wconf 72' lang='lat' dir='ltr'><strong>confessionem</strong></span> <span class='ocrx_word' id='word_1_127' title='bbox 930 2020 1051 2060; x_wconf 91' lang='lat' dir='ltr'><strong>cum</strong></span> <span class='ocrx_word' id='word_1_128' title='bbox 1107 2005 1266 2060; x_wconf 82' lang='lat' dir='ltr'><strong>levita</strong></span> <span class='ocrx_word' id='word_1_129' title='bbox 1289 2046 1303 2069; x_wconf 94' lang='lat'><strong>,</strong></span> <span class='ocrx_word' id='word_1_130' title='bbox 1337 2004 1506 2067; x_wconf 84' lang='lat' dir='ltr'><strong>dicat,</strong></span> <span class='ocrx_word' id='word_1_131' title='bbox 1536 2018 1658 2057; x_wconf 84' lang='lat' dir='ltr'><strong>ore-</strong></span> 
     </span>
    </p>
   </div>
   <div class='ocr_carea' id='block_1_22' title="bbox 113 2095 1653 2165">
    <p class='ocr_par' dir='ltr' id='par_1_22' title="bbox 113 2095 1653 2165">
     <span class='ocr_line' id='line_1_22' title="bbox 113 2095 1653 2165; baseline -0.001 -13"><span class='ocrx_word' id='word_1_132' title='bbox 113 2114 208 2152; x_wconf 86' lang='lat' dir='ltr'><strong>mus</strong></span> <span class='ocrx_word' id='word_1_133' title='bbox 232 2096 475 2150; x_wconf 75' lang='lat' dir='ltr'><strong>Mentibus</strong></span> <span class='ocrx_word' id='word_1_134' title='bbox 504 2099 721 2163; x_wconf 87' lang='lat' dir='ltr'><strong>nostris,</strong></span> <span class='ocrx_word' id='word_1_135' title='bbox 754 2097 837 2151; x_wconf 87' lang='lat' dir='ltr'><strong>vel</strong></span> <span class='ocrx_word' id='word_1_136' title='bbox 869 2097 1156 2165; x_wconf 70' lang='lat' dir='ltr'><strong>Effundant</strong></span> <span class='ocrx_word' id='word_1_137' title='bbox 1187 2097 1251 2149; x_wconf 86' lang='lat' dir='ltr'><strong>de</strong></span> <span class='ocrx_word' id='word_1_138' title='bbox 1296 2095 1484 2163; x_wconf 76' lang='lat' dir='ltr'><strong>spiritu</strong></span> <span class='ocrx_word' id='word_1_139' title='bbox 1519 2111 1653 2150; x_wconf 87' lang='lat' dir='ltr'><strong>meo.</strong></span> 
     </span>
    </p>
   </div>
   <div class='ocr_carea' id='block_1_23' title="bbox 113 2187 1657 2259">
    <p class='ocr_par' dir='ltr' id='par_1_23' title="bbox 113 2187 1657 2259">
     <span class='ocr_line' id='line_1_23' title="bbox 113 2187 1657 2259; baseline -0.001 -16"><span class='ocrx_word' id='word_1_140' title='bbox 113 2191 509 2259; x_wconf 82' lang='lat' dir='ltr'><strong>Responsorium,</strong></span> <span class='ocrx_word' id='word_1_141' title='bbox 544 2188 833 2243; x_wconf 85' lang='lat' dir='ltr'><strong>Protector.</strong></span> <span class='ocrx_word' id='word_1_142' title='bbox 871 2189 1122 2254; x_wconf 88' lang='lat' dir='ltr'><strong>Oremus,</strong></span> <span class='ocrx_word' id='word_1_143' title='bbox 1155 2188 1258 2242; x_wconf 83' lang='lat' dir='ltr'><strong>Illo</strong></span> <span class='ocrx_word' id='word_1_144' title='bbox 1280 2206 1374 2243; x_wconf 86' lang='lat' dir='ltr'><strong>nos</strong></span> <span class='ocrx_word' id='word_1_145' title='bbox 1403 2191 1540 2259; x_wconf 85' lang='lat' dir='ltr'><strong>igne,</strong></span> <span class='ocrx_word' id='word_1_146' title='bbox 1571 2187 1657 2242; x_wconf 88' lang='lat' dir='ltr'><strong>vel</strong></span> 
     </span>
    </p>
   </div>
   <div class='ocr_carea' id='block_1_24' title="bbox 112 2278 1657 2350">
    <p class='ocr_par' dir='ltr' id='par_1_24' title="bbox 112 2278 1657 2350">
     <span class='ocr_line' id='line_1_24' title="bbox 112 2278 1657 2350; baseline -0.001 -15"><span class='ocrx_word' id='word_1_147' title='bbox 112 2280 305 2335; x_wconf 78' lang='lat' dir='ltr'><strong>Locutus</strong></span> <span class='ocrx_word' id='word_1_148' title='bbox 345 2291 416 2334; x_wconf 89' lang='lat' dir='ltr'><strong>est</strong></span> <span class='ocrx_word' id='word_1_149' title='bbox 443 2280 724 2334; x_wconf 79' lang='lat' dir='ltr'><strong>Dominus.</strong></span> <span class='ocrx_word' id='word_1_150' title='bbox 761 2281 1208 2350; x_wconf 81' lang='lat' dir='ltr'><strong>Responsorium,</strong></span> <span class='ocrx_word' id='word_1_151' title='bbox 1234 2278 1505 2350; x_wconf 77' lang='lat' dir='ltr'><strong>PrOpitius</strong></span> <span class='ocrx_word' id='word_1_152' title='bbox 1531 2290 1657 2333; x_wconf 87' lang='lat' dir='ltr'><strong>esto.</strong></span> 
     </span>
    </p>
   </div>
   <div class='ocr_carea' id='block_1_25' title="bbox 110 2371 1655 2440">
    <p class='ocr_par' dir='ltr' id='par_1_25' title="bbox 110 2371 1655 2440">
     <span class='ocr_line' id='line_1_25' title="bbox 110 2371 1655 2440; baseline -0.002 -14"><span class='ocrx_word' id='word_1_153' title='bbox 110 2372 321 2438; x_wconf 79' lang='lat' dir='ltr'><strong>Oremus,</strong></span> <span class='ocrx_word' id='word_1_154' title='bbox 348 2372 481 2426; x_wconf 82' lang='lat' dir='ltr'><strong>Deus</strong></span> <span class='ocrx_word' id='word_1_155' title='bbox 510 2374 603 2440; x_wconf 91' lang='lat' dir='ltr'><strong>qui</strong></span> <span class='ocrx_word' id='word_1_156' title='bbox 621 2373 690 2425; x_wconf 86' lang='lat' dir='ltr'><strong>ad</strong></span> <span class='ocrx_word' id='word_1_157' title='bbox 707 2373 1024 2426; x_wconf 85' lang='lat' dir='ltr'><strong>animarum.</strong></span> <span class='ocrx_word' id='word_1_158' title='bbox 1045 2373 1251 2439; x_wconf 88' lang='lat' dir='ltr'><strong>Lectio,</strong></span> <span class='ocrx_word' id='word_1_159' title='bbox 1278 2374 1439 2437; x_wconf 82' lang='lat' dir='ltr'><strong>Audi,</strong></span> <span class='ocrx_word' id='word_1_160' title='bbox 1466 2371 1655 2426; x_wconf 80' lang='lat' dir='ltr'><strong>Israel.</strong></span> 
     </span>
    </p>
   </div>
   <div class='ocr_carea' id='block_1_26' title="bbox 109 2461 1657 2532">
    <p class='ocr_par' dir='ltr' id='par_1_26' title="bbox 109 2461 1657 2532">
     <span class='ocr_line' id='line_1_26' title="bbox 109 2461 1657 2532; baseline 0 -17"><span class='ocrx_word' id='word_1_161' title='bbox 109 2461 850 2532; x_wconf 75' lang='lat' dir='ltr'><strong>licsponsorium,Convertere,</strong></span> <span class='ocrx_word' id='word_1_162' title='bbox 874 2462 1114 2517; x_wconf 81' lang='lat' dir='ltr'><strong>Domine.</strong></span> <span class='ocrx_word' id='word_1_163' title='bbox 1143 2462 1396 2528; x_wconf 88' lang='lat' dir='ltr'><strong>Oremus,</strong></span> <span class='ocrx_word' id='word_1_164' title='bbox 1424 2461 1657 2527; x_wconf 72' lang='lat' dir='ltr'><strong>Prmsta,</strong></span> 
     </span>
    </p>
   </div>
   <div class='ocr_carea' id='block_1_27' title="bbox 107 2551 1659 2623">
    <p class='ocr_par' dir='ltr' id='par_1_27' title="bbox 107 2551 1659 2623">
     <span class='ocr_line' id='line_1_27' title="bbox 107 2551 1659 2623; baseline 0.001 -18"><span class='ocrx_word' id='word_1_165' title='bbox 107 2569 384 2623; x_wconf 71' lang='lat' dir='ltr'><strong>queruntur,</strong></span> <span class='ocrx_word' id='word_1_166' title='bbox 415 2555 745 2621; x_wconf 83' lang='lat' dir='ltr'><strong>omnipotens</strong></span> <span class='ocrx_word' id='word_1_167' title='bbox 769 2551 928 2607; x_wconf 88' lang='lat' dir='ltr'><strong>Deus.</strong></span> <span class='ocrx_word' id='word_1_168' title='bbox 976 2552 1197 2615; x_wconf 84' lang='lat' dir='ltr'><strong>Lectio,</strong></span> <span class='ocrx_word' id='word_1_169' title='bbox 1230 2554 1372 2607; x_wconf 73' lang='lat' dir='ltr'><strong>Dixit</strong></span> <span class='ocrx_word' id='word_1_170' title='bbox 1402 2552 1659 2607; x_wconf 85' lang='lat' dir='ltr'><strong>Dominus</strong></span> 
     </span>
    </p>
   </div>
   <div class='ocr_carea' id='block_1_28' title="bbox 106 2641 1657 2713">
    <p class='ocr_par' dir='ltr' id='par_1_28' title="bbox 106 2641 1657 2713">
     <span class='ocr_line' id='line_1_28' title="bbox 106 2641 1657 2713; baseline 0.003 -18"><span class='ocrx_word' id='word_1_171' title='bbox 106 2643 161 2695; x_wconf 71' lang='lat' dir='ltr'><strong>ad</strong></span> <span class='ocrx_word' id='word_1_172' title='bbox 211 2641 429 2712; x_wconf 77' lang='lat' dir='ltr'><strong>Moysen.</strong></span> <span class='ocrx_word' id='word_1_173' title='bbox 503 2644 966 2712; x_wconf 73' lang='lat' dir='ltr'><strong>Responsorium,</strong></span> <span class='ocrx_word' id='word_1_174' title='bbox 1028 2643 1316 2713; x_wconf 87' lang='lat' dir='ltr'><strong>Dirigatur.</strong></span> <span class='ocrx_word' id='word_1_175' title='bbox 1394 2643 1657 2711; x_wconf 89' lang='lat' dir='ltr'><strong>Oremus,</strong></span> 
     </span>
    </p>
   </div>
   <div class='ocr_carea' id='block_1_29' title="bbox 108 2731 1660 2805">
    <p class='ocr_par' dir='ltr' id='par_1_29' title="bbox 108 2731 1660 2805">
     <span class='ocr_line' id='line_1_29' title="bbox 108 2731 1660 2805; baseline 0.003 -20"><span class='ocrx_word' id='word_1_176' title='bbox 108 2731 301 2799; x_wconf 66' lang='lat' dir='ltr'><strong>Praesta,</strong></span> <span class='ocrx_word' id='word_1_177' title='bbox 328 2750 650 2804; x_wconf 68' lang='lat' dir='ltr'><strong>qua&#39;sumus,</strong></span> <span class='ocrx_word' id='word_1_178' title='bbox 677 2735 1024 2804; x_wconf 81' lang='lat' dir='ltr'><strong>omnipotens.</strong></span> <span class='ocrx_word' id='word_1_179' title='bbox 1057 2733 1240 2788; x_wconf 86' lang='lat' dir='ltr'><strong>Lectio</strong></span> <span class='ocrx_word' id='word_1_180' title='bbox 1259 2772 1274 2799; x_wconf 85' lang='lat'><strong>,</strong></span> <span class='ocrx_word' id='word_1_181' title='bbox 1294 2735 1524 2805; x_wconf 76' lang='lat' dir='ltr'><strong>Angelus</strong></span> <span class='ocrx_word' id='word_1_182' title='bbox 1552 2734 1660 2789; x_wconf 86' lang='lat' dir='ltr'><strong>Do-</strong></span> 
     </span>
    </p>
   </div>
   <div class='ocr_carea' id='block_1_30' title="bbox 108 2825 1661 2881">
    <p class='ocr_par' dir='ltr' id='par_1_30' title="bbox 108 2825 1661 2881">
     <span class='ocr_line' id='line_1_30' title="bbox 108 2825 1661 2881; baseline 0.003 -4"><span class='ocrx_word' id='word_1_183' title='bbox 108 2827 215 2877; x_wconf 82' lang='lat' dir='ltr'><strong>tnim&#39;</strong></span> <span class='ocrx_word' id='word_1_184' title='bbox 251 2825 528 2879; x_wconf 74' lang='lat' dir='ltr'><strong>descendit.</strong></span> <span class='ocrx_word' id='word_1_185' title='bbox 569 2825 1006 2880; x_wconf 88' lang='lat' dir='ltr'><strong>Benedictionem</strong></span> <span class='ocrx_word' id='word_1_186' title='bbox 1037 2826 1301 2881; x_wconf 88' lang='lat' dir='ltr'><strong>minorem</strong></span> <span class='ocrx_word' id='word_1_187' title='bbox 1327 2827 1434 2881; x_wconf 93' lang='lat' dir='ltr'><strong>duo</strong></span> <span class='ocrx_word' id='word_1_188' title='bbox 1462 2825 1661 2881; x_wconf 77' lang='lat' dir='ltr'><strong>fratres</strong></span> 
     </span>
    </p>
   </div>
   <div class='ocr_carea' id='block_1_31' title="bbox 107 2914 1656 2988">
    <p class='ocr_par' dir='ltr' id='par_1_31' title="bbox 107 2914 1656 2988">
     <span class='ocr_line' id='line_1_31' title="bbox 107 2914 1656 2988; baseline 0.003 -21"><span class='ocrx_word' id='word_1_189' title='bbox 107 2916 151 2967; x_wconf 91' lang='lat' dir='ltr'><strong>in</strong></span> <span class='ocrx_word' id='word_1_190' title='bbox 168 2914 288 2968; x_wconf 83' lang='lat' dir='ltr'><strong>albis</strong></span> <span class='ocrx_word' id='word_1_191' title='bbox 317 2916 496 2970; x_wconf 82' lang='lat' dir='ltr'><strong>dicant</strong></span> <span class='ocrx_word' id='word_1_192' title='bbox 527 2933 540 2969; x_wconf 89' lang='lat'><strong>:</strong></span> <span class='ocrx_word' id='word_1_193' title='bbox 570 2914 882 2970; x_wconf 79' lang='lat' dir='ltr'><strong>Benedictus</strong></span> <span class='ocrx_word' id='word_1_194' title='bbox 902 2932 978 2981; x_wconf 84' lang='lat' dir='ltr'><strong>es,</strong></span> <span class='ocrx_word' id='word_1_195' title='bbox 1002 2915 1225 2971; x_wconf 88' lang='lat' dir='ltr'><strong>Domine</strong></span> <span class='ocrx_word' id='word_1_196' title='bbox 1255 2930 1274 2968; x_wconf 90' lang='lat'><strong><em>:</em></strong></span> <span class='ocrx_word' id='word_1_197' title='bbox 1304 2931 1476 2988; x_wconf 85' lang='lat' dir='ltr'><strong>usque</strong></span> <span class='ocrx_word' id='word_1_198' title='bbox 1498 2918 1656 2984; x_wconf 89' lang='lat' dir='ltr'><strong>dum;</strong></span> 
     </span>
    </p>
   </div>
   <div class='ocr_carea' id='block_1_32' title="bbox 104 3005 1661 3079">
    <p class='ocr_par' dir='ltr' id='par_1_32' title="bbox 104 3005 1661 3079">
     <span class='ocr_line' id='line_1_32' title="bbox 104 3005 1661 3079; baseline 0.003 -20"><span class='ocrx_word' id='word_1_199' title='bbox 104 3005 381 3061; x_wconf 83' lang='lat' dir='ltr'><strong>Benedicant</strong></span> <span class='ocrx_word' id='word_1_200' title='bbox 418 3018 502 3073; x_wconf 87' lang='lat' dir='ltr'><strong>te,</strong></span> <span class='ocrx_word' id='word_1_201' title='bbox 550 3006 755 3070; x_wconf 64' lang='lat' dir='ltr'><strong>uelum,</strong></span> <span class='ocrx_word' id='word_1_202' title='bbox 805 3016 970 3073; x_wconf 82' lang='lat' dir='ltr'><strong>terra,</strong></span> <span class='ocrx_word' id='word_1_203' title='bbox 1002 3023 1148 3062; x_wconf 86' lang='lat' dir='ltr'><strong>mare</strong></span> <span class='ocrx_word' id='word_1_204' title='bbox 1174 3017 1223 3061; x_wconf 88' lang='lat' dir='ltr'><strong>et</strong></span> <span class='ocrx_word' id='word_1_205' title='bbox 1256 3009 1433 3062; x_wconf 87' lang='lat' dir='ltr'><strong>omnia</strong></span> <span class='ocrx_word' id='word_1_206' title='bbox 1454 3025 1572 3079; x_wconf 67' lang='lat' dir='ltr'><strong>que</strong></span> <span class='ocrx_word' id='word_1_207' title='bbox 1604 3010 1661 3063; x_wconf 88' lang='lat' dir='ltr'><strong>in</strong></span> 
     </span>
    </p>
   </div>
   <div class='ocr_carea' id='block_1_33' title="bbox 102 3096 1659 3167">
    <p class='ocr_par' dir='ltr' id='par_1_33' title="bbox 102 3096 1659 3167">
     <span class='ocr_line' id='line_1_33' title="bbox 102 3096 1659 3167; baseline 0.003 -17"><span class='ocrx_word' id='word_1_208' title='bbox 102 3099 160 3151; x_wconf 81' lang='lat' dir='ltr'><strong>eis</strong></span> <span class='ocrx_word' id='word_1_209' title='bbox 204 3108 334 3152; x_wconf 86' lang='lat' dir='ltr'><strong>sunt.</strong></span> <span class='ocrx_word' id='word_1_210' title='bbox 388 3098 598 3154; x_wconf 86' lang='lat' dir='ltr'><strong>Deinde</strong></span> <span class='ocrx_word' id='word_1_211' title='bbox 648 3107 920 3167; x_wconf 79' lang='lat' dir='ltr'><strong>repetant.</strong></span> <span class='ocrx_word' id='word_1_212' title='bbox 984 3096 1051 3152; x_wconf 79' lang='lat' dir='ltr'><strong>Et</strong></span> <span class='ocrx_word' id='word_1_213' title='bbox 1119 3098 1427 3153; x_wconf 89' lang='lat' dir='ltr'><strong>laudabilis.</strong></span> <span class='ocrx_word' id='word_1_214' title='bbox 1474 3098 1659 3154; x_wconf 84' lang='lat' dir='ltr'><strong>Gloria</strong></span> 
     </span>
    </p>
   </div>
   <div class='ocr_carea' id='block_1_34' title="bbox 110 3185 1662 3259">
    <p class='ocr_par' dir='ltr' id='par_1_34' title="bbox 110 3185 1662 3259">
     <span class='ocr_line' id='line_1_34' title="bbox 110 3185 1662 3259; baseline 0.004 -20"><span class='ocrx_word' id='word_1_215' title='bbox 110 3185 249 3241; x_wconf 78' lang='lat' dir='ltr'><strong>Patri.</strong></span> <span class='ocrx_word' id='word_1_216' title='bbox 275 3187 401 3244; x_wconf 87' lang='lat' dir='ltr'><strong>Cum</strong></span> <span class='ocrx_word' id='word_1_217' title='bbox 432 3188 780 3259; x_wconf 83' lang='lat' dir='ltr'><strong>repetitione,</strong></span> <span class='ocrx_word' id='word_1_218' title='bbox 806 3186 874 3241; x_wconf 83' lang='lat' dir='ltr'><strong>Et</strong></span> <span class='ocrx_word' id='word_1_219' title='bbox 913 3187 1219 3253; x_wconf 75' lang='lat' dir='ltr'><strong>laudabilis,</strong></span> <span class='ocrx_word' id='word_1_220' title='bbox 1238 3198 1294 3243; x_wconf 89' lang='lat' dir='ltr'><strong>et</strong></span> <span class='ocrx_word' id='word_1_221' title='bbox 1324 3197 1453 3244; x_wconf 86' lang='lat' dir='ltr'><strong>tunc</strong></span> <span class='ocrx_word' id='word_1_222' title='bbox 1472 3189 1662 3245; x_wconf 82' lang='lat' dir='ltr'><strong>subse-</strong></span> 
     </span>
    </p>
   </div>
   <div class='ocr_carea' id='block_1_35' title="bbox 103 3277 1661 3351">
    <p class='ocr_par' dir='ltr' id='par_1_35' title="bbox 103 3277 1661 3351">
     <span class='ocr_line' id='line_1_35' title="bbox 103 3277 1661 3351; baseline 0.003 -20"><span class='ocrx_word' id='word_1_223' title='bbox 103 3287 328 3347; x_wconf 84' lang='lat' dir='ltr'><strong>quantur.</strong></span> <span class='ocrx_word' id='word_1_224' title='bbox 342 3277 490 3334; x_wconf 86' lang='lat' dir='ltr'><strong>Sicut</strong></span> <span class='ocrx_word' id='word_1_225' title='bbox 523 3290 660 3334; x_wconf 88' lang='lat' dir='ltr'><strong>erat.</strong></span> <span class='ocrx_word' id='word_1_226' title='bbox 690 3279 756 3334; x_wconf 85' lang='lat' dir='ltr'><strong>Et</strong></span> <span class='ocrx_word' id='word_1_227' title='bbox 785 3279 1088 3334; x_wconf 85' lang='lat' dir='ltr'><strong>laudabilis.</strong></span> <span class='ocrx_word' id='word_1_228' title='bbox 1117 3281 1226 3336; x_wconf 83' lang='lat' dir='ltr'><strong>Illis</strong></span> <span class='ocrx_word' id='word_1_229' title='bbox 1248 3296 1411 3351; x_wconf 86' lang='lat' dir='ltr'><strong>supra</strong></span> <span class='ocrx_word' id='word_1_230' title='bbox 1439 3296 1661 3350; x_wconf 86' lang='lat' dir='ltr'><strong>respon-</strong></span> 
     </span>
    </p>
   </div>
   <div class='ocr_carea' id='block_1_36' title="bbox 103 3369 1663 3427">
    <p class='ocr_par' dir='ltr' id='par_1_36' title="bbox 103 3369 1663 3427">
     <span class='ocr_line' id='line_1_36' title="bbox 103 3369 1663 3427; baseline 0.003 -5"><span class='ocrx_word' id='word_1_231' title='bbox 103 3369 338 3426; x_wconf 82' lang='lat' dir='ltr'><strong>dentibus.</strong></span> <span class='ocrx_word' id='word_1_232' title='bbox 372 3371 687 3426; x_wconf 86' lang='lat' dir='ltr'><strong>Benedictus</strong></span> <span class='ocrx_word' id='word_1_233' title='bbox 717 3389 792 3426; x_wconf 86' lang='lat' dir='ltr'><strong>es.</strong></span> <span class='ocrx_word' id='word_1_234' title='bbox 825 3370 947 3426; x_wconf 77' lang='lat' dir='ltr'><strong>Mox</strong></span> <span class='ocrx_word' id='word_1_235' title='bbox 976 3381 1035 3425; x_wconf 91' lang='lat' dir='ltr'><strong>ut</strong></span> <span class='ocrx_word' id='word_1_236' title='bbox 1063 3372 1267 3427; x_wconf 89' lang='lat' dir='ltr'><strong>dictum</strong></span> <span class='ocrx_word' id='word_1_237' title='bbox 1296 3372 1458 3426; x_wconf 85' lang='lat' dir='ltr'><strong>fuerit</strong></span> <span class='ocrx_word' id='word_1_238' title='bbox 1483 3374 1663 3427; x_wconf 88' lang='lat' dir='ltr'><strong>veniat</strong></span> 
     </span>
    </p>
   </div>
   <div class='ocr_carea' id='block_1_37' title="bbox 101 3466 1660 3532">
    <p class='ocr_par' dir='ltr' id='par_1_37' title="bbox 101 3466 1660 3532">
     <span class='ocr_line' id='line_1_37' title="bbox 101 3466 1660 3532; baseline 0.001 -13"><span class='ocrx_word' id='word_1_239' title='bbox 101 3466 319 3520; x_wconf 68' lang='lat' dir='ltr'><strong>sacerdos</strong></span> <span class='ocrx_word' id='word_1_240' title='bbox 360 3467 427 3521; x_wconf 89' lang='lat' dir='ltr'><strong>ad</strong></span> <span class='ocrx_word' id='word_1_241' title='bbox 485 3466 663 3521; x_wconf 89' lang='lat' dir='ltr'><strong>altare</strong></span> <span class='ocrx_word' id='word_1_242' title='bbox 721 3475 777 3521; x_wconf 91' lang='lat' dir='ltr'><strong>et</strong></span> <span class='ocrx_word' id='word_1_243' title='bbox 824 3468 1001 3532; x_wconf 84' lang='lat' dir='ltr'><strong>dicat,</strong></span> <span class='ocrx_word' id='word_1_244' title='bbox 1065 3466 1321 3521; x_wconf 83' lang='lat' dir='ltr'><strong>Dominus</strong></span> <span class='ocrx_word' id='word_1_245' title='bbox 1379 3467 1660 3521; x_wconf 78' lang='lat' dir='ltr'><strong>vobiscum.</strong></span> 
     </span>
    </p>
   </div>
   <div class='ocr_carea' id='block_1_38' title="bbox 101 3552 1657 3629">
    <p class='ocr_par' dir='ltr' id='par_1_38' title="bbox 101 3552 1657 3629">
     <span class='ocr_line' id='line_1_38' title="bbox 101 3552 1657 3629; baseline 0.003 -20"><span class='ocrx_word' id='word_1_246' title='bbox 101 3552 324 3623; x_wconf 84' lang='lat' dir='ltr'><strong>Collecta,</strong></span> <span class='ocrx_word' id='word_1_247' title='bbox 356 3557 497 3612; x_wconf 73' lang='lat' dir='ltr'><strong>Deus</strong></span> <span class='ocrx_word' id='word_1_248' title='bbox 524 3560 613 3629; x_wconf 88' lang='lat' dir='ltr'><strong>qui</strong></span> <span class='ocrx_word' id='word_1_249' title='bbox 645 3559 835 3613; x_wconf 90' lang='lat' dir='ltr'><strong>tribus.</strong></span> <span class='ocrx_word' id='word_1_250' title='bbox 868 3558 1129 3629; x_wconf 80' lang='lat' dir='ltr'><strong>Epistula,</strong></span> <span class='ocrx_word' id='word_1_251' title='bbox 1153 3558 1443 3627; x_wconf 78' lang='lat' dir='ltr'><strong>lustiﬁcati</strong></span> <span class='ocrx_word' id='word_1_252' title='bbox 1474 3560 1657 3629; x_wconf 83' lang='lat' dir='ltr'><strong>igitur.</strong></span> 
     </span>
    </p>
   </div>
   <div class='ocr_carea' id='block_1_39' title="bbox 100 3643 1661 3722">
    <p class='ocr_par' dir='ltr' id='par_1_39' title="bbox 100 3643 1661 3722">
     <span class='ocr_line' id='line_1_39' title="bbox 100 3643 1661 3722; baseline 0.003 -23"><span class='ocrx_word' id='word_1_253' title='bbox 100 3643 318 3713; x_wconf 84' lang='lat' dir='ltr'><strong>Tractus,</strong></span> <span class='ocrx_word' id='word_1_254' title='bbox 343 3647 623 3715; x_wconf 79' lang='lat' dir='ltr'><strong>Laudare,</strong></span> <span class='ocrx_word' id='word_1_255' title='bbox 665 3650 914 3705; x_wconf 85' lang='lat' dir='ltr'><strong>similiter</strong></span> <span class='ocrx_word' id='word_1_256' title='bbox 953 3650 1060 3706; x_wconf 88' lang='lat' dir='ltr'><strong>duo</strong></span> <span class='ocrx_word' id='word_1_257' title='bbox 1105 3650 1160 3704; x_wconf 91' lang='lat' dir='ltr'><strong>in</strong></span> <span class='ocrx_word' id='word_1_258' title='bbox 1209 3649 1364 3705; x_wconf 87' lang='lat' dir='ltr'><strong>albis.</strong></span> <span class='ocrx_word' id='word_1_259' title='bbox 1411 3650 1661 3722; x_wconf 83' lang='lat' dir='ltr'><strong>Evange-</strong></span> 
     </span>
    </p>
   </div>
   <div class='ocr_carea' id='block_1_40' title="bbox 101 3736 1663 3813">
    <p class='ocr_par' dir='ltr' id='par_1_40' title="bbox 101 3736 1663 3813">
     <span class='ocr_line' id='line_1_40' title="bbox 101 3736 1663 3813; baseline 0.006 -25"><span class='ocrx_word' id='word_1_260' title='bbox 101 3736 240 3806; x_wconf 86' lang='lat' dir='ltr'><strong>linm,</strong></span> <span class='ocrx_word' id='word_1_261' title='bbox 282 3740 596 3813; x_wconf 75' lang='lat' dir='ltr'><strong>Egrediente</strong></span> <span class='ocrx_word' id='word_1_262' title='bbox 631 3741 783 3796; x_wconf 74' lang='lat' dir='ltr'><strong>Iesu.</strong></span> <span class='ocrx_word' id='word_1_263' title='bbox 837 3741 1185 3798; x_wconf 70' lang='lat' dir='ltr'><strong>tlﬁ‘crtorium</strong></span> <span class='ocrx_word' id='word_1_264' title='bbox 1210 3783 1231 3810; x_wconf 89' lang='lat'><strong>,</strong></span> <span class='ocrx_word' id='word_1_265' title='bbox 1276 3741 1419 3797; x_wconf 87' lang='lat' dir='ltr'><strong>Deus</strong></span> <span class='ocrx_word' id='word_1_266' title='bbox 1448 3782 1464 3809; x_wconf 94' lang='lat'><strong>,</strong></span> <span class='ocrx_word' id='word_1_267' title='bbox 1518 3742 1663 3798; x_wconf 89' lang='lat' dir='ltr'><strong>Deus</strong></span> 
     </span>
    </p>
   </div>
   <div class='ocr_carea' id='block_1_41' title="bbox 99 3831 1664 3908">
    <p class='ocr_par' dir='ltr' id='par_1_41' title="bbox 99 3831 1664 3908">
     <span class='ocr_line' id='line_1_41' title="bbox 99 3831 1664 3908; baseline 0.006 -26"><span class='ocrx_word' id='word_1_268' title='bbox 99 3831 257 3888; x_wconf 82' lang='lat' dir='ltr'><strong>salutis</strong></span> <span class='ocrx_word' id='word_1_269' title='bbox 299 3850 449 3889; x_wconf 71' lang='lat' dir='ltr'><strong>ntere.</strong></span> <span class='ocrx_word' id='word_1_270' title='bbox 501 3834 861 3900; x_wconf 86' lang='lat' dir='ltr'><strong>Communia,</strong></span> <span class='ocrx_word' id='word_1_271' title='bbox 904 3834 1029 3889; x_wconf 88' lang='lat' dir='ltr'><strong>Non</strong></span> <span class='ocrx_word' id='word_1_272' title='bbox 1075 3853 1166 3891; x_wconf 83' lang='lat' dir='ltr'><strong>vos</strong></span> <span class='ocrx_word' id='word_1_273' title='bbox 1220 3836 1511 3908; x_wconf 84' lang='lat' dir='ltr'><strong>relinquam</strong></span> <span class='ocrx_word' id='word_1_274' title='bbox 1574 3853 1664 3891; x_wconf 87' lang='lat' dir='ltr'><strong>or-</strong></span> 
     </span>
    </p>
   </div>
   <div class='ocr_carea' id='block_1_42' title="bbox 100 3924 291 3989">
    <p class='ocr_par' dir='ltr' id='par_1_42' title="bbox 100 3924 291 3989">
     <span class='ocr_line' id='line_1_42' title="bbox 100 3924 291 3989; baseline 0.031 -15"><span class='ocrx_word' id='word_1_275' title='bbox 100 3924 291 3989; x_wconf 80' lang='lat' dir='ltr'><strong>phanos.</strong></span> 
     </span>
    </p>
   </div>
   <div class='ocr_carea' id='block_1_43' title="bbox 1694 1797 1733 1852">
    <p class='ocr_par' dir='ltr' id='par_1_43' title="bbox 1694 1797 1733 1852">
     <span class='ocr_line' id='line_1_43' title="bbox 1694 1797 1733 1852; baseline 0 0"><span class='ocrx_word' id='word_1_276' title='bbox 1694 1797 1733 1852; x_wconf 80' lang='grc' dir='ltr'><strong>Β</strong></span> 
     </span>
    </p>
   </div>
   <div class='ocr_carea' id='block_1_44' title="bbox 1687 3145 1732 3206">
    <p class='ocr_par' dir='ltr' id='par_1_44' title="bbox 1687 3145 1732 3206">
     <span class='ocr_line' id='line_1_44' title="bbox 1687 3145 1732 3206; baseline 0 0"><span class='ocrx_word' id='word_1_277' title='bbox 1687 3145 1732 3206; x_wconf 91' lang='lat' dir='ltr'><strong><em>C</em></strong></span> 
     </span>
    </p>
   </div>
   <div class='ocr_carea' id='block_1_45' title="bbox 673 4018 1067 4076">
    <p class='ocr_par' dir='ltr' id='par_1_45' title="bbox 673 4018 1067 4076">
     <span class='ocr_line' id='line_1_45' title="bbox 673 4018 1067 4076; baseline -0.008 -3"><span class='ocrx_word' id='word_1_278' title='bbox 673 4018 901 4076; x_wconf 80' lang='lat' dir='ltr'><strong>CAPUT</strong></span> <span class='ocrx_word' id='word_1_279' title='bbox 933 4018 1067 4073; x_wconf 81' lang='lat' dir='ltr'><strong>Xlll.</strong></span> 
     </span>
    </p>
   </div>
   <div class='ocr_carea' id='block_1_46' title="bbox 576 4108 1179 4165">
    <p class='ocr_par' dir='ltr' id='par_1_46' title="bbox 576 4108 1179 4165">
     <span class='ocr_line' id='line_1_46' title="bbox 576 4108 1179 4165; baseline 0.002 -1"><span class='ocrx_word' id='word_1_280' title='bbox 576 4110 786 4164; x_wconf 80' lang='lat' dir='ltr'><strong>Oetaeis</strong></span> <span class='ocrx_word' id='word_1_281' title='bbox 830 4108 1179 4165; x_wconf 80' lang='lat' dir='ltr'><strong>Pentecostes.</strong></span> 
     </span>
    </p>
   </div>
   <div class='ocr_carea' id='block_1_47' title="bbox 155 4198 1667 4273">
    <p class='ocr_par' dir='ltr' id='par_1_47' title="bbox 155 4198 1667 4273">
     <span class='ocr_line' id='line_1_47' title="bbox 155 4198 1667 4273; baseline 0.003 -20"><span class='ocrx_word' id='word_1_282' title='bbox 155 4198 540 4267; x_wconf 86' lang='lat' dir='ltr'><strong>lnvitatorium,</strong></span> <span class='ocrx_word' id='word_1_283' title='bbox 572 4201 826 4265; x_wconf 73' lang='lat' dir='ltr'><strong>Alleluia,</strong></span> <span class='ocrx_word' id='word_1_284' title='bbox 860 4202 1091 4271; x_wconf 87' lang='lat' dir='ltr'><strong>Spiritus</strong></span> <span class='ocrx_word' id='word_1_285' title='bbox 1116 4202 1352 4267; x_wconf 87' lang='lat' dir='ltr'><strong>Domini,</strong></span> <span class='ocrx_word' id='word_1_286' title='bbox 1389 4204 1532 4273; x_wconf 90' lang='lat' dir='ltr'><strong>quod</strong></span> <span class='ocrx_word' id='word_1_287' title='bbox 1559 4204 1667 4259; x_wconf 89' lang='lat' dir='ltr'><strong>duo</strong></span> 
     </span>
    </p>
   </div>
   <div class='ocr_carea' id='block_1_48' title="bbox 98 4292 1661 4363">
    <p class='ocr_par' dir='ltr' id='par_1_48' title="bbox 98 4292 1661 4363">
     <span class='ocr_line' id='line_1_48' title="bbox 98 4292 1661 4363; baseline 0.004 -19"><span class='ocrx_word' id='word_1_288' title='bbox 98 4299 297 4345; x_wconf 83' lang='lat' dir='ltr'><strong>cantent</strong></span> <span class='ocrx_word' id='word_1_289' title='bbox 342 4294 393 4346; x_wconf 89' lang='lat' dir='ltr'><strong>in</strong></span> <span class='ocrx_word' id='word_1_290' title='bbox 444 4293 659 4362; x_wconf 88' lang='lat' dir='ltr'><strong>cappis.</strong></span> <span class='ocrx_word' id='word_1_291' title='bbox 724 4292 850 4347; x_wconf 86' lang='lat' dir='ltr'><strong>Tria</strong></span> <span class='ocrx_word' id='word_1_292' title='bbox 899 4293 1227 4348; x_wconf 86' lang='lat' dir='ltr'><strong>candelabra</strong></span> <span class='ocrx_word' id='word_1_293' title='bbox 1283 4304 1410 4348; x_wconf 86' lang='lat' dir='ltr'><strong>ante</strong></span> <span class='ocrx_word' id='word_1_294' title='bbox 1456 4296 1661 4363; x_wconf 89' lang='lat' dir='ltr'><strong>altare,</strong></span> 
     </span>
    </p>
   </div>
   <div class='ocr_carea' id='block_1_49' title="bbox 97 4383 1663 4455">
    <p class='ocr_par' dir='ltr' id='par_1_49' title="bbox 97 4383 1663 4455">
     <span class='ocr_line' id='line_1_49' title="bbox 97 4383 1663 4455; baseline 0.004 -20"><span class='ocrx_word' id='word_1_295' title='bbox 97 4390 223 4437; x_wconf 82' lang='lat' dir='ltr'><strong>retro</strong></span> <span class='ocrx_word' id='word_1_296' title='bbox 273 4397 400 4437; x_wconf 83' lang='lat' dir='ltr'><strong>una.</strong></span> <span class='ocrx_word' id='word_1_297' title='bbox 446 4383 507 4436; x_wconf 92' lang='lat' dir='ltr'><strong>In</strong></span> <span class='ocrx_word' id='word_1_298' title='bbox 572 4384 857 4439; x_wconf 87' lang='lat' dir='ltr'><strong>nocturnis</strong></span> <span class='ocrx_word' id='word_1_299' title='bbox 905 4385 1213 4454; x_wconf 67' lang='lat' dir='ltr'><strong>antiphona:</strong></span> <span class='ocrx_word' id='word_1_300' title='bbox 1276 4385 1500 4455; x_wconf 64' lang='lat' dir='ltr'><strong>singulae</strong></span> <span class='ocrx_word' id='word_1_301' title='bbox 1539 4401 1663 4441; x_wconf 84' lang='lat' dir='ltr'><strong>eum</strong></span> 
     </span>
    </p>
   </div>
   <div class='ocr_carea' id='block_1_50' title="bbox 1768 536 3349 607">
    <p class='ocr_par' dir='ltr' id='par_1_50' title="bbox 1768 536 3349 607">
     <span class='ocr_line' id='line_1_50' title="bbox 1768 536 3349 607; baseline 0.001 -16"><span class='ocrx_word' id='word_1_302' title='bbox 1768 547 2044 591; x_wconf 87' lang='lat' dir='ltr'><strong>troeuntes</strong></span> <span class='ocrx_word' id='word_1_303' title='bbox 2081 545 2282 591; x_wconf 86' lang='lat' dir='ltr'><strong>canant</strong></span> <span class='ocrx_word' id='word_1_304' title='bbox 2321 539 2691 606; x_wconf 87' lang='lat' dir='ltr'><strong>antiphouam,</strong></span> <span class='ocrx_word' id='word_1_305' title='bbox 2728 536 2897 590; x_wconf 90' lang='lat' dir='ltr'><strong>Hodie</strong></span> <span class='ocrx_word' id='word_1_306' title='bbox 2938 537 3176 607; x_wconf 79' lang='lat' dir='ltr'><strong>completi</strong></span> <span class='ocrx_word' id='word_1_307' title='bbox 3206 547 3349 593; x_wconf 85' lang='lat' dir='ltr'><strong>sunt.</strong></span> 
     </span>
    </p>
   </div>
   <div class='ocr_carea' id='block_1_51' title="bbox 1762 627 3347 698">
    <p class='ocr_par' dir='ltr' id='par_1_51' title="bbox 1762 627 3347 698">
     <span class='ocr_line' id='line_1_51' title="bbox 1762 627 3347 698; baseline 0.001 -16"><span class='ocrx_word' id='word_1_308' title='bbox 1762 629 1844 682; x_wconf 88' lang='lat' dir='ltr'><strong>Ad</strong></span> <span class='ocrx_word' id='word_1_309' title='bbox 1899 628 2119 681; x_wconf 87' lang='lat' dir='ltr'><strong>missam</strong></span> <span class='ocrx_word' id='word_1_310' title='bbox 2175 643 2365 683; x_wconf 85' lang='lat' dir='ltr'><strong>omnes</strong></span> <span class='ocrx_word' id='word_1_311' title='bbox 2415 628 2821 683; x_wconf 74' lang='lat' dir='ltr'><strong>circumdantur</strong></span> <span class='ocrx_word' id='word_1_312' title='bbox 2861 629 3065 697; x_wconf 84' lang='lat' dir='ltr'><strong>cappis.</strong></span> <span class='ocrx_word' id='word_1_313' title='bbox 3126 627 3347 698; x_wconf 81' lang='lat' dir='ltr'><strong>Septem</strong></span> 
     </span>
    </p>
   </div>
   <div class='ocr_carea' id='block_1_52' title="bbox 1769 721 3349 792">
    <p class='ocr_par' dir='ltr' id='par_1_52' title="bbox 1769 721 3349 792">
     <span class='ocr_line' id='line_1_52' title="bbox 1769 721 3349 792; baseline 0 -17"><span class='ocrx_word' id='word_1_314' title='bbox 1769 721 2095 775; x_wconf 87' lang='lat' dir='ltr'><strong>camlelabra</strong></span> <span class='ocrx_word' id='word_1_315' title='bbox 2128 731 2254 775; x_wconf 83' lang='lat' dir='ltr'><strong>ante</strong></span> <span class='ocrx_word' id='word_1_316' title='bbox 2284 736 2453 786; x_wconf 89' lang='lat' dir='ltr'><strong>aram,</strong></span> <span class='ocrx_word' id='word_1_317' title='bbox 2487 731 2542 777; x_wconf 91' lang='lat' dir='ltr'><strong>et</strong></span> <span class='ocrx_word' id='word_1_318' title='bbox 2575 722 2676 775; x_wconf 86' lang='lat' dir='ltr'><strong>tria</strong></span> <span class='ocrx_word' id='word_1_319' title='bbox 2729 730 2892 776; x_wconf 89' lang='lat' dir='ltr'><strong>retro.</strong></span> <span class='ocrx_word' id='word_1_320' title='bbox 2936 721 3203 785; x_wconf 78' lang='lat' dir='ltr'><strong>Ofﬁcium,</strong></span> <span class='ocrx_word' id='word_1_321' title='bbox 3229 723 3349 792; x_wconf 84' lang='lat' dir='ltr'><strong>Spi-</strong></span> 
     </span>
    </p>
   </div>
   <div class='ocr_carea' id='block_1_53' title="bbox 1763 810 3344 884">
    <p class='ocr_par' dir='ltr' id='par_1_53' title="bbox 1763 810 3344 884">
     <span class='ocr_line' id='line_1_53' title="bbox 1763 810 3344 884; baseline 0.004 -21"><span class='ocrx_word' id='word_1_322' title='bbox 1763 810 1893 864; x_wconf 86' lang='lat' dir='ltr'><strong>ritus</strong></span> <span class='ocrx_word' id='word_1_323' title='bbox 1930 811 2168 868; x_wconf 80' lang='lat' dir='ltr'><strong>Domini.</strong></span> <span class='ocrx_word' id='word_1_324' title='bbox 2198 811 2450 877; x_wconf 85' lang='lat' dir='ltr'><strong>Oremus,</strong></span> <span class='ocrx_word' id='word_1_325' title='bbox 2481 812 2619 866; x_wconf 85' lang='lat' dir='ltr'><strong>Deus</strong></span> <span class='ocrx_word' id='word_1_326' title='bbox 2661 813 2750 883; x_wconf 85' lang='lat' dir='ltr'><strong>qui</strong></span> <span class='ocrx_word' id='word_1_327' title='bbox 2786 814 3060 869; x_wconf 78' lang='lat' dir='ltr'><strong>liodierna.</strong></span> <span class='ocrx_word' id='word_1_328' title='bbox 3085 816 3344 884; x_wconf 86' lang='lat' dir='ltr'><strong>Epistola,</strong></span> 
     </span>
    </p>
   </div>
   <div class='ocr_carea' id='block_1_54' title="bbox 1775 900 3343 978">
    <p class='ocr_par' dir='ltr' id='par_1_54' title="bbox 1775 900 3343 978">
     <span class='ocr_line' id='line_1_54' title="bbox 1775 900 3343 978; baseline 0.004 -22"><span class='ocrx_word' id='word_1_329' title='bbox 1775 900 1891 957; x_wconf 77' lang='lat' dir='ltr'><strong>Vidi</strong></span> <span class='ocrx_word' id='word_1_330' title='bbox 1916 904 2106 957; x_wconf 85' lang='lat' dir='ltr'><strong>ostium</strong></span> <span class='ocrx_word' id='word_1_331' title='bbox 2137 915 2397 976; x_wconf 83' lang='lat' dir='ltr'><strong>apertum.</strong></span> <span class='ocrx_word' id='word_1_332' title='bbox 2431 904 2682 969; x_wconf 82' lang='lat' dir='ltr'><strong>Alleluia,</strong></span> <span class='ocrx_word' id='word_1_333' title='bbox 2739 904 2862 958; x_wconf 88' lang='lat' dir='ltr'><strong>Non</strong></span> <span class='ocrx_word' id='word_1_334' title='bbox 2892 921 2976 959; x_wconf 83' lang='lat' dir='ltr'><strong>ros</strong></span> <span class='ocrx_word' id='word_1_335' title='bbox 3030 907 3343 978; x_wconf 85' lang='lat' dir='ltr'><strong>relinquam.</strong></span> 
     </span>
    </p>
   </div>
   <div class='ocr_carea' id='block_1_55' title="bbox 1761 995 3345 1069">
    <p class='ocr_par' dir='ltr' id='par_1_55' title="bbox 1761 995 3345 1069">
     <span class='ocr_line' id='line_1_55' title="bbox 1761 995 3345 1069; baseline 0.004 -19"><span class='ocrx_word' id='word_1_336' title='bbox 1761 995 1891 1051; x_wconf 80' lang='lat' dir='ltr'><strong>Item</strong></span> <span class='ocrx_word' id='word_1_337' title='bbox 1926 996 2178 1052; x_wconf 79' lang='lat' dir='ltr'><strong>Alleluia.</strong></span> <span class='ocrx_word' id='word_1_338' title='bbox 2229 997 2402 1063; x_wconf 87' lang='lat' dir='ltr'><strong>Veni,</strong></span> <span class='ocrx_word' id='word_1_339' title='bbox 2446 1007 2625 1052; x_wconf 87' lang='lat' dir='ltr'><strong>sancte</strong></span> <span class='ocrx_word' id='word_1_340' title='bbox 2682 996 2935 1065; x_wconf 81' lang='lat' dir='ltr'><strong>Spiritus.</strong></span> <span class='ocrx_word' id='word_1_341' title='bbox 2970 1000 3345 1069; x_wconf 83' lang='lat' dir='ltr'><strong>Evangelium,</strong></span> 
     </span>
    </p>
   </div>
   <div class='ocr_carea' id='block_1_56' title="bbox 1764 1085 3348 1157">
    <p class='ocr_par' dir='ltr' id='par_1_56' title="bbox 1764 1085 3348 1157">
     <span class='ocr_line' id='line_1_56' title="bbox 1764 1085 3348 1157; baseline 0.003 -18"><span class='ocrx_word' id='word_1_342' title='bbox 1764 1085 1897 1140; x_wconf 76' lang='lat' dir='ltr'><strong>Erat</strong></span> <span class='ocrx_word' id='word_1_343' title='bbox 1925 1087 2079 1141; x_wconf 85' lang='lat' dir='ltr'><strong>homo</strong></span> <span class='ocrx_word' id='word_1_344' title='bbox 2106 1104 2169 1142; x_wconf 81' lang='lat' dir='ltr'><strong>ea:</strong></span> <span class='ocrx_word' id='word_1_345' title='bbox 2202 1086 2509 1142; x_wconf 66' lang='lat' dir='ltr'><strong>Pltarisaris.</strong></span> <span class='ocrx_word' id='word_1_346' title='bbox 2544 1086 3197 1157; x_wconf 74' lang='lat' dir='ltr'><strong>Olfertorium,Conﬁrma</strong></span> <span class='ocrx_word' id='word_1_347' title='bbox 3226 1092 3348 1156; x_wconf 81' lang='lat' dir='ltr'><strong>hoc,</strong></span> 
     </span>
    </p>
   </div>
   <div class='ocr_carea' id='block_1_57' title="bbox 1762 1176 3350 1248">
    <p class='ocr_par' dir='ltr' id='par_1_57' title="bbox 1762 1176 3350 1248">
     <span class='ocr_line' id='line_1_57' title="bbox 1762 1176 3350 1248; baseline 0.004 -17"><span class='ocrx_word' id='word_1_348' title='bbox 1762 1176 1922 1233; x_wconf 87' lang='lat' dir='ltr'><strong>Deus.</strong></span> <span class='ocrx_word' id='word_1_349' title='bbox 1948 1178 2293 1246; x_wconf 87' lang='lat' dir='ltr'><strong>Communio,</strong></span> <span class='ocrx_word' id='word_1_350' title='bbox 2319 1179 2514 1234; x_wconf 83' lang='lat' dir='ltr'><strong>Factus</strong></span> <span class='ocrx_word' id='word_1_351' title='bbox 2544 1190 2639 1234; x_wconf 87' lang='lat' dir='ltr'><strong>est.</strong></span> <span class='ocrx_word' id='word_1_352' title='bbox 2666 1180 3148 1248; x_wconf 63' lang='lat' dir='ltr'><strong>Ad‘expletionem</strong></span> <span class='ocrx_word' id='word_1_353' title='bbox 3179 1197 3350 1237; x_wconf 71' lang='lat' dir='ltr'><strong>sacra:</strong></span> 
     </span>
    </p>
   </div>
   <div class='ocr_carea' id='block_1_58' title="bbox 1759 1273 3347 1345">
    <p class='ocr_par' dir='ltr' id='par_1_58' title="bbox 1759 1273 3347 1345">
     <span class='ocr_line' id='line_1_58' title="bbox 1759 1273 3347 1345; baseline 0.001 -19"><span class='ocrx_word' id='word_1_354' title='bbox 1759 1273 1943 1327; x_wconf 81' lang='lat' dir='ltr'><strong>omnia</strong></span> <span class='ocrx_word' id='word_1_355' title='bbox 2016 1274 2168 1345; x_wconf 80' lang='lat' dir='ltr'><strong>signa</strong></span> <span class='ocrx_word' id='word_1_356' title='bbox 2238 1273 2545 1343; x_wconf 85' lang='lat' dir='ltr'><strong>pulsentur.</strong></span> <span class='ocrx_word' id='word_1_357' title='bbox 2584 1273 2665 1327; x_wconf 92' lang='lat' dir='ltr'><strong>Ad</strong></span> <span class='ocrx_word' id='word_1_358' title='bbox 2722 1284 3003 1343; x_wconf 83' lang='lat' dir='ltr'><strong>vesperam</strong></span> <span class='ocrx_word' id='word_1_359' title='bbox 3051 1274 3347 1343; x_wconf 87' lang='lat' dir='ltr'><strong>antiphona</strong></span> 
     </span>
    </p>
   </div>
   <div class='ocr_carea' id='block_1_59' title="bbox 1758 1364 3352 1435">
    <p class='ocr_par' dir='ltr' id='par_1_59' title="bbox 1758 1364 3352 1435">
     <span class='ocr_line' id='line_1_59' title="bbox 1758 1364 3352 1435; baseline 0.001 -19"><span class='ocrx_word' id='word_1_360' title='bbox 1758 1364 2011 1431; x_wconf 76' lang='lat' dir='ltr'><strong>Alleluia,</strong></span> <span class='ocrx_word' id='word_1_361' title='bbox 2056 1366 2238 1435; x_wconf 83' lang='lat' dir='ltr'><strong>repleti</strong></span> <span class='ocrx_word' id='word_1_362' title='bbox 2260 1375 2400 1421; x_wconf 84' lang='lat' dir='ltr'><strong>sunt.</strong></span> <span class='ocrx_word' id='word_1_363' title='bbox 2428 1364 2739 1435; x_wconf 88' lang='lat' dir='ltr'><strong>Antiphona</strong></span> <span class='ocrx_word' id='word_1_364' title='bbox 2762 1365 2813 1419; x_wconf 93' lang='lat' dir='ltr'><strong>in</strong></span> <span class='ocrx_word' id='word_1_365' title='bbox 2838 1364 3150 1435; x_wconf 66' lang='lat' dir='ltr'><strong>Evangelio.</strong></span> <span class='ocrx_word' id='word_1_366' title='bbox 3181 1364 3352 1418; x_wconf 86' lang='lat' dir='ltr'><strong>Hodie</strong></span> 
     </span>
    </p>
   </div>
   <div class='ocr_carea' id='block_1_60' title="bbox 1764 1452 3353 1525">
    <p class='ocr_par' dir='ltr' id='par_1_60' title="bbox 1764 1452 3353 1525">
     <span class='ocr_line' id='line_1_60' title="bbox 1764 1452 3353 1525; baseline -0.001 -17"><span class='ocrx_word' id='word_1_367' title='bbox 1764 1455 2006 1525; x_wconf 83' lang='lat' dir='ltr'><strong>completi</strong></span> <span class='ocrx_word' id='word_1_368' title='bbox 2062 1467 2210 1521; x_wconf 85' lang='lat' dir='ltr'><strong>sunt,</strong></span> <span class='ocrx_word' id='word_1_369' title='bbox 2265 1456 2517 1522; x_wconf 87' lang='lat' dir='ltr'><strong>alleluia,</strong></span> <span class='ocrx_word' id='word_1_370' title='bbox 2575 1456 2831 1523; x_wconf 87' lang='lat' dir='ltr'><strong>alleluia,</strong></span> <span class='ocrx_word' id='word_1_371' title='bbox 2883 1454 3120 1510; x_wconf 81' lang='lat' dir='ltr'><strong>alleluia.</strong></span> <span class='ocrx_word' id='word_1_372' title='bbox 3176 1452 3353 1508; x_wconf 76' lang='lat' dir='ltr'><strong>Hodie</strong></span> 
     </span>
    </p>
   </div>
   <div class='ocr_carea' id='block_1_61' title="bbox 1760 1536 3113 1618">
    <p class='ocr_par' dir='ltr' id='par_1_61' title="bbox 1760 1536 3113 1618">
     <span class='ocr_line' id='line_1_61' title="bbox 1760 1536 3113 1618; baseline 0.005 -17"><span class='ocrx_word' id='word_1_373' title='bbox 1760 1563 1940 1602; x_wconf 84' lang='lat' dir='ltr'><strong>omnes</strong></span> <span class='ocrx_word' id='word_1_374' title='bbox 1963 1548 2213 1618; x_wconf 75' lang='lat' dir='ltr'><strong>apostoli.</strong></span> <span class='ocrx_word' id='word_1_375' title='bbox 3110 1536 3113 1541; x_wconf 20' lang='grc' dir='ltr'><strong><em>γ</em></strong></span> 
     </span>
    </p>
   </div>
   <div class='ocr_carea' id='block_1_62' title="bbox 2350 1680 2763 1738">
    <p class='ocr_par' dir='ltr' id='par_1_62' title="bbox 2350 1680 2763 1738">
     <span class='ocr_line' id='line_1_62' title="bbox 2350 1680 2763 1738; baseline 0 -1"><span class='ocrx_word' id='word_1_376' title='bbox 2350 1681 2578 1738; x_wconf 86' lang='lat' dir='ltr'><strong>CAPUT</strong></span> <span class='ocrx_word' id='word_1_377' title='bbox 2622 1680 2763 1737; x_wconf 79' lang='lat' dir='ltr'><strong>XIV.</strong></span> 
     </span>
    </p>
   </div>
   <div class='ocr_carea' id='block_1_63' title="bbox 2103 1788 3005 1861">
    <p class='ocr_par' dir='ltr' id='par_1_63' title="bbox 2103 1788 3005 1861">
     <span class='ocr_line' id='line_1_63' title="bbox 2103 1788 3005 1861; baseline 0 -17"><span class='ocrx_word' id='word_1_378' title='bbox 2103 1791 2378 1846; x_wconf 88' lang='lat' dir='ltr'><strong>Dominica</strong></span> <span class='ocrx_word' id='word_1_379' title='bbox 2410 1791 2468 1845; x_wconf 92' lang='grc'><em>11</em></span> <span class='ocrx_word' id='word_1_380' title='bbox 2502 1801 2615 1861; x_wconf 79' lang='lat' dir='ltr'><strong>post</strong></span> <span class='ocrx_word' id='word_1_381' title='bbox 2645 1788 3005 1846; x_wconf 85' lang='lat' dir='ltr'><strong>Pcntecosten.</strong></span> 
     </span>
    </p>
   </div>
   <div class='ocr_carea' id='block_1_64' title="bbox 1783 1902 3352 1974">
    <p class='ocr_par' dir='ltr' id='par_1_64' title="bbox 1783 1902 3352 1974">
     <span class='ocr_line' id='line_1_64' title="bbox 1783 1902 3352 1974; baseline -0.001 -15"><span class='ocrx_word' id='word_1_382' title='bbox 1783 1918 1795 1934; x_wconf 78' lang='grc'><strong>⁸</strong></span> <span class='ocrx_word' id='word_1_383' title='bbox 1832 1904 1889 1959; x_wconf 82' lang='grc' dir='ltr'>ιιι</span> <span class='ocrx_word' id='word_1_384' title='bbox 1938 1904 2052 1974; x_wconf 88' lang='lat' dir='ltr'><strong>ipsa</strong></span> <span class='ocrx_word' id='word_1_385' title='bbox 2100 1905 2440 1960; x_wconf 88' lang='lat' dir='ltr'><strong>hebdomada</strong></span> <span class='ocrx_word' id='word_1_386' title='bbox 2497 1904 2703 1960; x_wconf 81' lang='lat' dir='ltr'><strong>feriatis</strong></span> <span class='ocrx_word' id='word_1_387' title='bbox 2759 1905 2949 1959; x_wconf 89' lang='lat' dir='ltr'><strong>diebus</strong></span> <span class='ocrx_word' id='word_1_388' title='bbox 2987 1914 3207 1957; x_wconf 75' lang='lat' dir='ltr'><strong>cantent</strong></span> <span class='ocrx_word' id='word_1_389' title='bbox 3239 1902 3352 1959; x_wconf 78' lang='lat' dir='ltr'><strong>olli-</strong></span> 
     </span>
    </p>
   </div>
   <div class='ocr_carea' id='block_1_65' title="bbox 1759 1994 3352 2061">
    <p class='ocr_par' dir='ltr' id='par_1_65' title="bbox 1759 1994 3352 2061">
     <span class='ocr_line' id='line_1_65' title="bbox 1759 1994 3352 2061; baseline -0.002 -11"><span class='ocrx_word' id='word_1_390' title='bbox 1759 1996 1926 2061; x_wconf 85' lang='lat' dir='ltr'><strong>cium,</strong></span> <span class='ocrx_word' id='word_1_391' title='bbox 1955 1995 2199 2061; x_wconf 87' lang='lat' dir='ltr'><strong>Domine,</strong></span> <span class='ocrx_word' id='word_1_392' title='bbox 2230 1996 2283 2049; x_wconf 89' lang='lat' dir='ltr'><strong>in</strong></span> <span class='ocrx_word' id='word_1_393' title='bbox 2311 2005 2403 2049; x_wconf 89' lang='lat' dir='ltr'><strong>tua</strong></span> <span class='ocrx_word' id='word_1_394' title='bbox 2432 1996 2815 2049; x_wconf 86' lang='lat' dir='ltr'><strong>misericordia.</strong></span> <span class='ocrx_word' id='word_1_395' title='bbox 2842 1995 3092 2058; x_wconf 86' lang='lat' dir='ltr'><strong>Oremus,</strong></span> <span class='ocrx_word' id='word_1_396' title='bbox 3125 1994 3268 2046; x_wconf 81' lang='lat' dir='ltr'><strong>Deus</strong></span> <span class='ocrx_word' id='word_1_397' title='bbox 3294 1995 3352 2047; x_wconf 87' lang='lat' dir='ltr'><strong>in</strong></span> 
     </span>
    </p>
   </div>
   <div class='ocr_carea' id='block_1_66' title="bbox 1758 2086 3348 2157">
    <p class='ocr_par' dir='ltr' id='par_1_66' title="bbox 1758 2086 3348 2157">
     <span class='ocr_line' id='line_1_66' title="bbox 1758 2086 3348 2157; baseline -0.002 -17"><span class='ocrx_word' id='word_1_398' title='bbox 1758 2098 1804 2141; x_wconf 91' lang='lat' dir='ltr'><strong>te</strong></span> <span class='ocrx_word' id='word_1_399' title='bbox 1830 2088 2175 2156; x_wconf 79' lang='lat' dir='ltr'><strong>sperantinm.</strong></span> <span class='ocrx_word' id='word_1_400' title='bbox 2212 2086 2584 2157; x_wconf 83' lang='lat' dir='ltr'><strong>Evangelium,</strong></span> <span class='ocrx_word' id='word_1_401' title='bbox 2609 2086 2781 2139; x_wconf 87' lang='lat' dir='ltr'><strong>Homo</strong></span> <span class='ocrx_word' id='word_1_402' title='bbox 2805 2086 3020 2155; x_wconf 88' lang='lat' dir='ltr'><strong>quidam</strong></span> <span class='ocrx_word' id='word_1_403' title='bbox 3049 2095 3161 2139; x_wconf 85' lang='lat' dir='ltr'><strong>erat</strong></span> <span class='ocrx_word' id='word_1_404' title='bbox 3187 2086 3348 2139; x_wconf 72' lang='lat' dir='ltr'><strong>diros.</strong></span> 
     </span>
    </p>
   </div>
   <div class='ocr_carea' id='block_1_67' title="bbox 1760 2170 3350 2247">
    <p class='ocr_par' dir='ltr' id='par_1_67' title="bbox 1760 2170 3350 2247">
     <span class='ocr_line' id='line_1_67' title="bbox 1760 2170 3350 2247; baseline 0 -16"><span class='ocrx_word' id='word_1_405' title='bbox 1760 2178 1969 2231; x_wconf 73' lang='lat' dir='ltr'><strong>Exhinc</strong></span> <span class='ocrx_word' id='word_1_406' title='bbox 1993 2192 2224 2247; x_wconf 87' lang='lat' dir='ltr'><strong>namque</strong></span> <span class='ocrx_word' id='word_1_407' title='bbox 2243 2193 2412 2247; x_wconf 91' lang='lat' dir='ltr'><strong>usque</strong></span> <span class='ocrx_word' id='word_1_408' title='bbox 2432 2170 2635 2232; x_wconf 83' lang='lat' dir='ltr'><strong>adldus</strong></span> <span class='ocrx_word' id='word_1_409' title='bbox 2658 2176 2993 2247; x_wconf 86' lang='lat' dir='ltr'><strong>Septembris</strong></span> <span class='ocrx_word' id='word_1_410' title='bbox 3018 2186 3210 2247; x_wconf 87' lang='lat' dir='ltr'><strong>quarta</strong></span> <span class='ocrx_word' id='word_1_411' title='bbox 3236 2179 3350 2231; x_wconf 84' lang='lat' dir='ltr'><strong>sive</strong></span> 
     </span>
    </p>
   </div>
   <div class='ocr_carea' id='block_1_68' title="bbox 1758 2269 3350 2339">
    <p class='ocr_par' dir='ltr' id='par_1_68' title="bbox 1758 2269 3350 2339">
     <span class='ocr_line' id='line_1_68' title="bbox 1758 2269 3350 2339; baseline 0.001 -17"><span class='ocrx_word' id='word_1_412' title='bbox 1758 2277 1909 2323; x_wconf 76' lang='lat' dir='ltr'><strong>sexta</strong></span> <span class='ocrx_word' id='word_1_413' title='bbox 1951 2269 2079 2322; x_wconf 87' lang='lat' dir='ltr'><strong>feria</strong></span> <span class='ocrx_word' id='word_1_414' title='bbox 2105 2269 2355 2339; x_wconf 88' lang='lat' dir='ltr'><strong>jejunare</strong></span> <span class='ocrx_word' id='word_1_415' title='bbox 2390 2272 2624 2337; x_wconf 87' lang='lat' dir='ltr'><strong>debent;</strong></span> <span class='ocrx_word' id='word_1_416' title='bbox 2662 2273 2804 2328; x_wconf 90' lang='lat' dir='ltr'><strong>sicut</strong></span> <span class='ocrx_word' id='word_1_417' title='bbox 2832 2272 2995 2327; x_wconf 85' lang='lat' dir='ltr'><strong>Pater</strong></span> <span class='ocrx_word' id='word_1_418' title='bbox 3022 2282 3209 2326; x_wconf 78' lang='lat' dir='ltr'><strong>noster</strong></span> <span class='ocrx_word' id='word_1_419' title='bbox 3249 2271 3350 2325; x_wconf 86' lang='lat' dir='ltr'><strong>Be-</strong></span> 
     </span>
    </p>
   </div>
   <div class='ocr_carea' id='block_1_69' title="bbox 1760 2361 3352 2436">
    <p class='ocr_par' dir='ltr' id='par_1_69' title="bbox 1760 2361 3352 2436">
     <span class='ocr_line' id='line_1_69' title="bbox 1760 2361 3352 2436; baseline 0.003 -21"><span class='ocrx_word' id='word_1_420' title='bbox 1760 2361 2007 2416; x_wconf 87' lang='lat' dir='ltr'><strong>nedictus</strong></span> <span class='ocrx_word' id='word_1_421' title='bbox 2034 2362 2271 2418; x_wconf 77' lang='lat' dir='ltr'><strong>instituit</strong></span> <span class='ocrx_word' id='word_1_422' title='bbox 2294 2380 2405 2418; x_wconf 70' lang='lat' dir='ltr'><strong>sua:</strong></span> <span class='ocrx_word' id='word_1_423' title='bbox 2433 2364 2652 2436; x_wconf 77' lang='lat' dir='ltr'><strong>Regula:</strong></span> <span class='ocrx_word' id='word_1_424' title='bbox 2682 2381 2799 2435; x_wconf 82' lang='lat' dir='ltr'><strong>cap.</strong></span> <span class='ocrx_word' id='word_1_425' title='bbox 2834 2366 2921 2419; x_wconf 77' lang='grc'><strong>47.</strong></span> <span class='ocrx_word' id='word_1_426' title='bbox 2962 2366 3027 2421; x_wconf 84' lang='lat' dir='ltr'><strong>Et</strong></span> <span class='ocrx_word' id='word_1_427' title='bbox 3061 2368 3127 2419; x_wconf 89' lang='lat' dir='ltr'><strong>ah</strong></span> <span class='ocrx_word' id='word_1_428' title='bbox 3154 2366 3352 2419; x_wconf 84' lang='lat' dir='ltr'><strong>abbate</strong></span> 
     </span>
    </p>
   </div>
   <div class='ocr_carea' id='block_1_70' title="bbox 1762 2452 3353 2527">
    <p class='ocr_par' dir='ltr' id='par_1_70' title="bbox 1762 2452 3353 2527">
     <span class='ocr_line' id='line_1_70' title="bbox 1762 2452 3353 2527; baseline 0.003 -21"><span class='ocrx_word' id='word_1_429' title='bbox 1762 2452 1849 2506; x_wconf 83' lang='lat' dir='ltr'><strong>iila</strong></span> <span class='ocrx_word' id='word_1_430' title='bbox 1899 2453 2155 2508; x_wconf 82' lang='lat' dir='ltr'><strong>discretio</strong></span> <span class='ocrx_word' id='word_1_431' title='bbox 2200 2454 2314 2509; x_wconf 88' lang='lat' dir='ltr'><strong>lieri</strong></span> <span class='ocrx_word' id='word_1_432' title='bbox 2360 2457 2539 2519; x_wconf 80' lang='lat' dir='ltr'><strong>debet,</strong></span> <span class='ocrx_word' id='word_1_433' title='bbox 2593 2473 2755 2525; x_wconf 84' lang='lat' dir='ltr'><strong>quam</strong></span> <span class='ocrx_word' id='word_1_434' title='bbox 2822 2457 2936 2527; x_wconf 88' lang='lat' dir='ltr'><strong>ipse</strong></span> <span class='ocrx_word' id='word_1_435' title='bbox 3002 2456 3353 2511; x_wconf 89' lang='lat' dir='ltr'><strong>beatissimus</strong></span> 
     </span>
    </p>
   </div>
   <div class='ocr_carea' id='block_1_71' title="bbox 1768 2546 3353 2618">
    <p class='ocr_par' dir='ltr' id='par_1_71' title="bbox 1768 2546 3353 2618">
     <span class='ocr_line' id='line_1_71' title="bbox 1768 2546 3353 2618; baseline 0.001 -20"><span class='ocrx_word' id='word_1_436' title='bbox 1768 2555 2071 2612; x_wconf 70' lang='lat' dir='ltr'><strong>prmceptor</strong></span> <span class='ocrx_word' id='word_1_437' title='bbox 2108 2546 2269 2616; x_wconf 83' lang='lat' dir='ltr'><strong>jussit</strong></span> <span class='ocrx_word' id='word_1_438' title='bbox 2316 2557 2533 2615; x_wconf 85' lang='lat' dir='ltr'><strong>propter</strong></span> <span class='ocrx_word' id='word_1_439' title='bbox 2569 2546 2959 2618; x_wconf 78' lang='lat' dir='ltr'><strong>pusillanimes,</strong></span> <span class='ocrx_word' id='word_1_440' title='bbox 2982 2546 3067 2601; x_wconf 87' lang='lat' dir='ltr'><strong>vel</strong></span> <span class='ocrx_word' id='word_1_441' title='bbox 3096 2548 3239 2601; x_wconf 87' lang='lat' dir='ltr'><strong>aeris</strong></span> <span class='ocrx_word' id='word_1_442' title='bbox 3270 2547 3353 2599; x_wconf 84' lang='lat' dir='ltr'><strong>in-</strong></span> 
     </span>
    </p>
   </div>
   <div class='ocr_carea' id='block_1_72' title="bbox 1762 2638 3351 2708">
    <p class='ocr_par' dir='ltr' id='par_1_72' title="bbox 1762 2638 3351 2708">
     <span class='ocr_line' id='line_1_72' title="bbox 1762 2638 3351 2708; baseline 0.002 -19"><span class='ocrx_word' id='word_1_443' title='bbox 1762 2638 2125 2706; x_wconf 88' lang='lat' dir='ltr'><strong>temperiem,</strong></span> <span class='ocrx_word' id='word_1_444' title='bbox 2177 2648 2271 2691; x_wconf 87' lang='lat' dir='ltr'><strong>aut</strong></span> <span class='ocrx_word' id='word_1_445' title='bbox 2323 2639 2367 2693; x_wconf 89' lang='lat' dir='ltr'><strong>si</strong></span> <span class='ocrx_word' id='word_1_446' title='bbox 2423 2639 2577 2694; x_wconf 85' lang='lat' dir='ltr'><strong>labor</strong></span> <span class='ocrx_word' id='word_1_447' title='bbox 2616 2638 2788 2708; x_wconf 86' lang='lat' dir='ltr'><strong>major</strong></span> <span class='ocrx_word' id='word_1_448' title='bbox 2823 2640 2997 2693; x_wconf 85' lang='lat' dir='ltr'><strong>factus</strong></span> <span class='ocrx_word' id='word_1_449' title='bbox 3027 2638 3190 2693; x_wconf 83' lang='lat' dir='ltr'><strong>fuerit</strong></span> <span class='ocrx_word' id='word_1_450' title='bbox 3246 2638 3351 2692; x_wconf 87' lang='lat' dir='ltr'><strong>loci</strong></span> 
     </span>
    </p>
   </div>
   <div class='ocr_carea' id='block_1_73' title="bbox 1762 2726 3350 2801">
    <p class='ocr_par' dir='ltr' id='par_1_73' title="bbox 1762 2726 3350 2801">
     <span class='ocr_line' id='line_1_73' title="bbox 1762 2726 3350 2801; baseline 0.001 -21"><span class='ocrx_word' id='word_1_451' title='bbox 1762 2726 1934 2781; x_wconf 88' lang='lat' dir='ltr'><strong>illius.</strong></span> <span class='ocrx_word' id='word_1_452' title='bbox 1988 2728 2044 2781; x_wconf 88' lang='lat' dir='ltr'><strong>Si</strong></span> <span class='ocrx_word' id='word_1_453' title='bbox 2081 2739 2261 2783; x_wconf 82' lang='lat' dir='ltr'><strong>autem</strong></span> <span class='ocrx_word' id='word_1_454' title='bbox 2299 2731 2481 2784; x_wconf 85' lang='lat' dir='ltr'><strong>abbati</strong></span> <span class='ocrx_word' id='word_1_455' title='bbox 2519 2732 2599 2786; x_wconf 88' lang='lat' dir='ltr'><strong>vel</strong></span> <span class='ocrx_word' id='word_1_456' title='bbox 2639 2732 2804 2801; x_wconf 89' lang='lat' dir='ltr'><strong>priori</strong></span> <span class='ocrx_word' id='word_1_457' title='bbox 2837 2732 3012 2785; x_wconf 90' lang='lat' dir='ltr'><strong>visum</strong></span> <span class='ocrx_word' id='word_1_458' title='bbox 3048 2731 3234 2791; x_wconf 80' lang='lat' dir='ltr'><strong>fuerit,</strong></span> <span class='ocrx_word' id='word_1_459' title='bbox 3268 2739 3350 2793; x_wconf 90' lang='lat' dir='ltr'><strong>ut,</strong></span> 
     </span>
    </p>
   </div>
   <div class='ocr_carea' id='block_1_74' title="bbox 1760 2815 3354 2891">
    <p class='ocr_par' dir='ltr' id='par_1_74' title="bbox 1760 2815 3354 2891">
     <span class='ocr_line' id='line_1_74' title="bbox 1760 2815 3354 2891; baseline 0.004 -22"><span class='ocrx_word' id='word_1_460' title='bbox 1760 2815 1806 2869; x_wconf 91' lang='lat' dir='ltr'><strong>si</strong></span> <span class='ocrx_word' id='word_1_461' title='bbox 1852 2816 2186 2882; x_wconf 78' lang='lat' dir='ltr'><strong>reﬁciantur,</strong></span> <span class='ocrx_word' id='word_1_462' title='bbox 2216 2818 2319 2873; x_wconf 87' lang='lat' dir='ltr'><strong>hoc</strong></span> <span class='ocrx_word' id='word_1_463' title='bbox 2353 2820 2514 2874; x_wconf 90' lang='lat' dir='ltr'><strong>modo</strong></span> <span class='ocrx_word' id='word_1_464' title='bbox 2535 2829 2718 2891; x_wconf 87' lang='lat' dir='ltr'><strong>agant.</strong></span> <span class='ocrx_word' id='word_1_465' title='bbox 2763 2819 2885 2875; x_wconf 74' lang='lat' dir='ltr'><strong>Mox</strong></span> <span class='ocrx_word' id='word_1_466' title='bbox 2919 2829 2976 2873; x_wconf 87' lang='lat' dir='ltr'><strong>ut</strong></span> <span class='ocrx_word' id='word_1_467' title='bbox 3006 2820 3354 2875; x_wconf 80' lang='lat' dir='ltr'><strong>surrexerint</strong></span> 
     </span>
    </p>
   </div>
   <div class='ocr_carea' id='block_1_75' title="bbox 1761 2906 3356 2980">
    <p class='ocr_par' dir='ltr' id='par_1_75' title="bbox 1761 2906 3356 2980">
     <span class='ocr_line' id='line_1_75' title="bbox 1761 2906 3356 2980; baseline 0.003 -18"><span class='ocrx_word' id='word_1_468' title='bbox 1761 2906 1827 2962; x_wconf 88' lang='lat' dir='ltr'><strong>de</strong></span> <span class='ocrx_word' id='word_1_469' title='bbox 1855 2908 2111 2978; x_wconf 82' lang='lat' dir='ltr'><strong>capitulo,</strong></span> <span class='ocrx_word' id='word_1_470' title='bbox 2137 2918 2192 2966; x_wconf 86' lang='lat' dir='ltr'><strong>et</strong></span> <span class='ocrx_word' id='word_1_471' title='bbox 2222 2910 2273 2965; x_wconf 92' lang='lat' dir='ltr'><strong>in</strong></span> <span class='ocrx_word' id='word_1_472' title='bbox 2307 2909 2552 2966; x_wconf 86' lang='lat' dir='ltr'><strong>claustro</strong></span> <span class='ocrx_word' id='word_1_473' title='bbox 2586 2912 2871 2975; x_wconf 85' lang='lat' dir='ltr'><strong>venerint,</strong></span> <span class='ocrx_word' id='word_1_474' title='bbox 2907 2911 3131 2980; x_wconf 86' lang='lat' dir='ltr'><strong>jubente</strong></span> <span class='ocrx_word' id='word_1_475' title='bbox 3158 2911 3356 2966; x_wconf 74' lang='lat' dir='ltr'><strong>abbate</strong></span> 
     </span>
    </p>
   </div>
   <div class='ocr_carea' id='block_1_76' title="bbox 1762 3000 3355 3072">
    <p class='ocr_par' dir='ltr' id='par_1_76' title="bbox 1762 3000 3355 3072">
     <span class='ocr_line' id='line_1_76' title="bbox 1762 3000 3355 3072; baseline 0.002 -19"><span class='ocrx_word' id='word_1_476' title='bbox 1762 3008 1987 3054; x_wconf 82' lang='lat' dir='ltr'><strong>sonatur</strong></span> <span class='ocrx_word' id='word_1_477' title='bbox 2010 3000 2221 3071; x_wconf 88' lang='lat' dir='ltr'><strong>signum</strong></span> <span class='ocrx_word' id='word_1_478' title='bbox 2251 3002 2446 3063; x_wconf 87' lang='lat' dir='ltr'><strong>minus.</strong></span> <span class='ocrx_word' id='word_1_479' title='bbox 2482 3002 2977 3058; x_wconf 83' lang='lat' dir='ltr'><strong>uthebdomadarii</strong></span> <span class='ocrx_word' id='word_1_480' title='bbox 3004 3002 3274 3072; x_wconf 70' lang='lat' dir='ltr'><strong>coquinte,</strong></span> <span class='ocrx_word' id='word_1_481' title='bbox 3298 3009 3355 3057; x_wconf 87' lang='lat' dir='ltr'><strong>et</strong></span> 
     </span>
    </p>
   </div>
   <div class='ocr_carea' id='block_1_77' title="bbox 1765 3089 3353 3164">
    <p class='ocr_par' dir='ltr' id='par_1_77' title="bbox 1765 3089 3353 3164">
     <span class='ocr_line' id='line_1_77' title="bbox 1765 3089 3353 3164; baseline 0.003 -22"><span class='ocrx_word' id='word_1_482' title='bbox 1765 3089 1856 3144; x_wconf 86' lang='lat' dir='ltr'><strong>alii</strong></span> <span class='ocrx_word' id='word_1_483' title='bbox 1889 3089 2088 3146; x_wconf 87' lang='lat' dir='ltr'><strong>fratres</strong></span> <span class='ocrx_word' id='word_1_484' title='bbox 2124 3102 2430 3162; x_wconf 75' lang='lat' dir='ltr'><strong>prteparent</strong></span> <span class='ocrx_word' id='word_1_485' title='bbox 2447 3094 2653 3159; x_wconf 90' lang='lat' dir='ltr'><strong>omnia,</strong></span> <span class='ocrx_word' id='word_1_486' title='bbox 2678 3109 2797 3163; x_wconf 60' lang='lat' dir='ltr'><strong>qua:</strong></span> <span class='ocrx_word' id='word_1_487' title='bbox 2820 3094 3173 3164; x_wconf 70' lang='lat' dir='ltr'><strong>prtcparanda</strong></span> <span class='ocrx_word' id='word_1_488' title='bbox 3203 3103 3353 3158; x_wconf 88' lang='lat' dir='ltr'><strong>sunt,</strong></span> 
     </span>
    </p>
   </div>
   <div class='ocr_carea' id='block_1_78' title="bbox 1763 3183 3356 3253">
    <p class='ocr_par' dir='ltr' id='par_1_78' title="bbox 1763 3183 3356 3253">
     <span class='ocr_line' id='line_1_78' title="bbox 1763 3183 3356 3253; baseline 0.002 -18"><span class='ocrx_word' id='word_1_489' title='bbox 1763 3190 1818 3235; x_wconf 92' lang='lat' dir='ltr'><strong>et</strong></span> <span class='ocrx_word' id='word_1_490' title='bbox 1845 3191 2011 3253; x_wconf 84' lang='lat' dir='ltr'><strong>agant</strong></span> <span class='ocrx_word' id='word_1_491' title='bbox 2041 3183 2262 3239; x_wconf 86' lang='lat' dir='ltr'><strong>missam</strong></span> <span class='ocrx_word' id='word_1_492' title='bbox 2286 3184 2353 3239; x_wconf 88' lang='lat' dir='ltr'><strong>ad</strong></span> <span class='ocrx_word' id='word_1_493' title='bbox 2388 3186 2627 3251; x_wconf 90' lang='lat' dir='ltr'><strong>tertiam,</strong></span> <span class='ocrx_word' id='word_1_494' title='bbox 2662 3194 2717 3240; x_wconf 91' lang='lat' dir='ltr'><strong>et</strong></span> <span class='ocrx_word' id='word_1_495' title='bbox 2760 3185 3076 3239; x_wconf 82' lang='lat' dir='ltr'><strong>reﬁciantur</strong></span> <span class='ocrx_word' id='word_1_496' title='bbox 3115 3185 3181 3238; x_wconf 89' lang='lat' dir='ltr'><strong>ad</strong></span> <span class='ocrx_word' id='word_1_497' title='bbox 3231 3198 3356 3238; x_wconf 77' lang='lat' dir='ltr'><strong>sex-</strong></span> 
     </span>
    </p>
   </div>
   <div class='ocr_carea' id='block_1_79' title="bbox 1764 3276 3357 3348">
    <p class='ocr_par' dir='ltr' id='par_1_79' title="bbox 1764 3276 3357 3348">
     <span class='ocr_line' id='line_1_79' title="bbox 1764 3276 3357 3348; baseline 0.004 -22"><span class='ocrx_word' id='word_1_498' title='bbox 1764 3283 1897 3329; x_wconf 83' lang='lat' dir='ltr'><strong>tam.</strong></span> <span class='ocrx_word' id='word_1_499' title='bbox 1933 3276 1989 3331; x_wconf 83' lang='lat' dir='ltr'><strong>Si</strong></span> <span class='ocrx_word' id='word_1_500' title='bbox 2026 3290 2155 3331; x_wconf 82' lang='lat' dir='ltr'><strong>vero</strong></span> <span class='ocrx_word' id='word_1_501' title='bbox 2177 3276 2565 3347; x_wconf 85' lang='lat' dir='ltr'><strong>jejunavcrint,</strong></span> <span class='ocrx_word' id='word_1_502' title='bbox 2615 3287 2735 3348; x_wconf 84' lang='lat' dir='ltr'><strong>post</strong></span> <span class='ocrx_word' id='word_1_503' title='bbox 2764 3286 2973 3333; x_wconf 76' lang='lat' dir='ltr'><strong>sextam</strong></span> <span class='ocrx_word' id='word_1_504' title='bbox 3020 3277 3265 3346; x_wconf 86' lang='lat' dir='ltr'><strong>protinus</strong></span> <span class='ocrx_word' id='word_1_505' title='bbox 3296 3285 3357 3332; x_wconf 90' lang='lat' dir='ltr'><strong>ut</strong></span> 
     </span>
    </p>
   </div>
   <div class='ocr_carea' id='block_1_80' title="bbox 1763 3366 3357 3439">
    <p class='ocr_par' dir='ltr' id='par_1_80' title="bbox 1763 3366 3357 3439">
     <span class='ocr_line' id='line_1_80' title="bbox 1763 3366 3357 3439; baseline 0.002 -20"><span class='ocrx_word' id='word_1_506' title='bbox 1763 3366 2103 3420; x_wconf 80' lang='lat' dir='ltr'><strong>surrexerint</strong></span> <span class='ocrx_word' id='word_1_507' title='bbox 2150 3367 2432 3422; x_wconf 84' lang='lat' dir='ltr'><strong>meridiani</strong></span> <span class='ocrx_word' id='word_1_508' title='bbox 2478 3366 2636 3439; x_wconf 77' lang='lat' dir='ltr'><strong>[forte</strong></span> <span class='ocrx_word' id='word_1_509' title='bbox 2673 3385 2704 3422; x_wconf 88' lang='lat' dir='ltr'><strong>a</strong></span> <span class='ocrx_word' id='word_1_510' title='bbox 2734 3368 3029 3422; x_wconf 87' lang='lat' dir='ltr'><strong>meridiana</strong></span> <span class='ocrx_word' id='word_1_511' title='bbox 3050 3407 3064 3431; x_wconf 91' lang='lat'><strong>,</strong></span> <span class='ocrx_word' id='word_1_512' title='bbox 3097 3367 3151 3420; x_wconf 86' lang='lat' dir='ltr'><strong>id</strong></span> <span class='ocrx_word' id='word_1_513' title='bbox 3181 3378 3291 3433; x_wconf 85' lang='lat' dir='ltr'><strong>est,</strong></span> <span class='ocrx_word' id='word_1_514' title='bbox 3320 3384 3357 3422; x_wconf 83' lang='grc' dir='ltr'><strong>α</strong></span> 
     </span>
    </p>
   </div>
   <div class='ocr_carea' id='block_1_81' title="bbox 1762 3457 3355 3532">
    <p class='ocr_par' dir='ltr' id='par_1_81' title="bbox 1762 3457 3355 3532">
     <span class='ocr_line' id='line_1_81' title="bbox 1762 3457 3355 3532; baseline 0.001 -22"><span class='ocrx_word' id='word_1_515' title='bbox 1762 3474 1945 3511; x_wconf 85' lang='lat' dir='ltr'><strong>somno</strong></span> <span class='ocrx_word' id='word_1_516' title='bbox 1970 3468 2083 3527; x_wconf 84' lang='lat' dir='ltr'><strong>post</strong></span> <span class='ocrx_word' id='word_1_517' title='bbox 2114 3457 2430 3532; x_wconf 79' lang='lat' dir='ltr'><strong>meridiem],</strong></span> <span class='ocrx_word' id='word_1_518' title='bbox 2465 3460 2685 3515; x_wconf 88' lang='lat' dir='ltr'><strong>veniant</strong></span> <span class='ocrx_word' id='word_1_519' title='bbox 2710 3460 2863 3530; x_wconf 87' lang='lat' dir='ltr'><strong>pueri</strong></span> <span class='ocrx_word' id='word_1_520' title='bbox 2892 3469 3018 3513; x_wconf 85' lang='lat' dir='ltr'><strong>ante</strong></span> <span class='ocrx_word' id='word_1_521' title='bbox 3043 3462 3213 3513; x_wconf 85' lang='lat' dir='ltr'><strong>altare</strong></span> <span class='ocrx_word' id='word_1_522' title='bbox 3233 3475 3355 3513; x_wconf 51' lang='lat' dir='ltr'><strong>ora.</strong></span> 
     </span>
    </p>
   </div>
   <div class='ocr_carea' id='block_1_82' title="bbox 1767 3547 3357 3619">
    <p class='ocr_par' dir='ltr' id='par_1_82' title="bbox 1767 3547 3357 3619">
     <span class='ocr_line' id='line_1_82' title="bbox 1767 3547 3357 3619; baseline 0.002 -19"><span class='ocrx_word' id='word_1_523' title='bbox 1767 3549 1967 3602; x_wconf 86' lang='lat' dir='ltr'><strong>tionem</strong></span> <span class='ocrx_word' id='word_1_524' title='bbox 2012 3547 2223 3613; x_wconf 83' lang='lat' dir='ltr'><strong>facere;</strong></span> <span class='ocrx_word' id='word_1_525' title='bbox 2275 3565 2377 3617; x_wconf 91' lang='lat' dir='ltr'><strong>qua</strong></span> <span class='ocrx_word' id='word_1_526' title='bbox 2414 3550 2578 3613; x_wconf 86' lang='lat' dir='ltr'><strong>facta,</strong></span> <span class='ocrx_word' id='word_1_527' title='bbox 2613 3550 2896 3619; x_wconf 88' lang='lat' dir='ltr'><strong>imponant</strong></span> <span class='ocrx_word' id='word_1_528' title='bbox 2930 3549 3069 3603; x_wconf 88' lang='lat' dir='ltr'><strong>hanc</strong></span> <span class='ocrx_word' id='word_1_529' title='bbox 3101 3549 3357 3617; x_wconf 77' lang='lat' dir='ltr'><strong>antipho—</strong></span> 
     </span>
    </p>
   </div>
   <div class='ocr_carea' id='block_1_83' title="bbox 1765 3638 3356 3710">
    <p class='ocr_par' dir='ltr' id='par_1_83' title="bbox 1765 3638 3356 3710">
     <span class='ocr_line' id='line_1_83' title="bbox 1765 3638 3356 3710; baseline -0.001 -18"><span class='ocrx_word' id='word_1_530' title='bbox 1765 3654 1922 3703; x_wconf 91' lang='lat' dir='ltr'><strong>nam,</strong></span> <span class='ocrx_word' id='word_1_531' title='bbox 1965 3638 2230 3709; x_wconf 73' lang='lat' dir='ltr'><strong>Exsurge,</strong></span> <span class='ocrx_word' id='word_1_532' title='bbox 2262 3639 2502 3694; x_wconf 85' lang='lat' dir='ltr'><strong>Domine.</strong></span> <span class='ocrx_word' id='word_1_533' title='bbox 2538 3640 2689 3694; x_wconf 88' lang='lat' dir='ltr'><strong>Tunc</strong></span> <span class='ocrx_word' id='word_1_534' title='bbox 2715 3640 2913 3695; x_wconf 84' lang='lat' dir='ltr'><strong>faciant</strong></span> <span class='ocrx_word' id='word_1_535' title='bbox 2951 3638 3356 3710; x_wconf 81' lang='lat' dir='ltr'><strong>processionem</strong></span> 
     </span>
    </p>
   </div>
   <div class='ocr_carea' id='block_1_84' title="bbox 1765 3730 3355 3801">
    <p class='ocr_par' dir='ltr' id='par_1_84' title="bbox 1765 3730 3355 3801">
     <span class='ocr_line' id='line_1_84' title="bbox 1765 3730 3355 3801; baseline -0.001 -16"><span class='ocrx_word' id='word_1_536' title='bbox 1765 3744 1861 3800; x_wconf 86' lang='lat' dir='ltr'><strong>per</strong></span> <span class='ocrx_word' id='word_1_537' title='bbox 1892 3730 2140 3786; x_wconf 88' lang='lat' dir='ltr'><strong>ordinem</strong></span> <span class='ocrx_word' id='word_1_538' title='bbox 2172 3730 2312 3785; x_wconf 88' lang='lat' dir='ltr'><strong>sicut</strong></span> <span class='ocrx_word' id='word_1_539' title='bbox 2342 3730 2452 3799; x_wconf 86' lang='lat' dir='ltr'><strong>jam</strong></span> <span class='ocrx_word' id='word_1_540' title='bbox 2481 3732 2729 3787; x_wconf 85' lang='lat' dir='ltr'><strong>crebrius</strong></span> <span class='ocrx_word' id='word_1_541' title='bbox 2763 3732 3148 3801; x_wconf 89' lang='lat' dir='ltr'><strong>prompsimus.</strong></span> <span class='ocrx_word' id='word_1_542' title='bbox 3181 3730 3355 3784; x_wconf 86' lang='lat' dir='ltr'><strong>Evan-</strong></span> 
     </span>
    </p>
   </div>
   <div class='ocr_carea' id='block_1_85' title="bbox 1767 3820 3357 3892">
    <p class='ocr_par' dir='ltr' id='par_1_85' title="bbox 1767 3820 3357 3892">
     <span class='ocr_line' id='line_1_85' title="bbox 1767 3820 3357 3892; baseline -0.001 -16"><span class='ocrx_word' id='word_1_543' title='bbox 1767 3822 1905 3892; x_wconf 76' lang='lat' dir='ltr'><strong>gelia</strong></span> <span class='ocrx_word' id='word_1_544' title='bbox 1928 3820 2177 3889; x_wconf 79' lang='lat' dir='ltr'><strong>legantur</strong></span> <span class='ocrx_word' id='word_1_545' title='bbox 2208 3822 2259 3876; x_wconf 91' lang='lat' dir='ltr'><strong>in</strong></span> <span class='ocrx_word' id='word_1_546' title='bbox 2296 3821 2449 3877; x_wconf 82' lang='lat' dir='ltr'><strong>feriis</strong></span> <span class='ocrx_word' id='word_1_547' title='bbox 2481 3823 2620 3877; x_wconf 88' lang='lat' dir='ltr'><strong>sicut</strong></span> <span class='ocrx_word' id='word_1_548' title='bbox 2647 3823 2698 3878; x_wconf 91' lang='lat' dir='ltr'><strong>in</strong></span> <span class='ocrx_word' id='word_1_549' title='bbox 2731 3823 2867 3877; x_wconf 90' lang='lat' dir='ltr'><strong>libro</strong></span> <span class='ocrx_word' id='word_1_550' title='bbox 2892 3830 3357 3878; x_wconf 85' lang='lat' dir='ltr'><strong>sacramentorum</strong></span> 
     </span>
    </p>
   </div>
   <div class='ocr_carea' id='block_1_86' title="bbox 1765 3912 3356 3985">
    <p class='ocr_par' dir='ltr' id='par_1_86' title="bbox 1765 3912 3356 3985">
     <span class='ocr_line' id='line_1_86' title="bbox 1765 3912 3356 3985; baseline -0.003 -15"><span class='ocrx_word' id='word_1_551' title='bbox 1765 3916 2074 3985; x_wconf 89' lang='lat' dir='ltr'><strong>conscripta</strong></span> <span class='ocrx_word' id='word_1_552' title='bbox 2129 3915 2459 3971; x_wconf 88' lang='lat' dir='ltr'><strong>invenerint.</strong></span> <span class='ocrx_word' id='word_1_553' title='bbox 2512 3916 2720 3972; x_wconf 88' lang='lat' dir='ltr'><strong>Debent</strong></span> <span class='ocrx_word' id='word_1_554' title='bbox 2760 3916 2957 3985; x_wconf 84' lang='lat' dir='ltr'><strong>quippe</strong></span> <span class='ocrx_word' id='word_1_555' title='bbox 3010 3923 3166 3968; x_wconf 77' lang='lat' dir='ltr'><strong>sexta</strong></span> <span class='ocrx_word' id='word_1_556' title='bbox 3219 3912 3356 3968; x_wconf 79' lang='lat' dir='ltr'><strong>feria</strong></span> 
     </span>
    </p>
   </div>
   <div class='ocr_carea' id='block_1_87' title="bbox 1765 4007 3355 4071">
    <p class='ocr_par' dir='ltr' id='par_1_87' title="bbox 1765 4007 3355 4071">
     <span class='ocr_line' id='line_1_87' title="bbox 1765 4007 3355 4071; baseline -0.003 -7"><span class='ocrx_word' id='word_1_557' title='bbox 1765 4020 1992 4064; x_wconf 87' lang='lat' dir='ltr'><strong>cant-are</strong></span> <span class='ocrx_word' id='word_1_558' title='bbox 2047 4008 2269 4064; x_wconf 87' lang='lat' dir='ltr'><strong>missam</strong></span> <span class='ocrx_word' id='word_1_559' title='bbox 2321 4010 2373 4064; x_wconf 90' lang='lat' dir='ltr'><strong>in</strong></span> <span class='ocrx_word' id='word_1_560' title='bbox 2427 4010 2688 4065; x_wconf 85' lang='lat' dir='ltr'><strong>honorem</strong></span> <span class='ocrx_word' id='word_1_561' title='bbox 2719 4018 2921 4065; x_wconf 71' lang='lat' dir='ltr'><strong>sanctzn</strong></span> <span class='ocrx_word' id='word_1_562' title='bbox 2951 4007 3169 4071; x_wconf 88' lang='lat' dir='ltr'><strong>Crucis,</strong></span> <span class='ocrx_word' id='word_1_563' title='bbox 3208 4015 3265 4061; x_wconf 87' lang='lat' dir='ltr'><strong>et</strong></span> <span class='ocrx_word' id='word_1_564' title='bbox 3310 4007 3355 4060; x_wconf 91' lang='lat' dir='ltr'><strong>si</strong></span> 
     </span>
    </p>
   </div>
   <div class='ocr_carea' id='block_1_88' title="bbox 1767 4100 3361 4170">
    <p class='ocr_par' dir='ltr' id='par_1_88' title="bbox 1767 4100 3361 4170">
     <span class='ocr_line' id='line_1_88' title="bbox 1767 4100 3361 4170; baseline -0.003 -16"><span class='ocrx_word' id='word_1_565' title='bbox 1767 4100 1965 4170; x_wconf 88' lang='lat' dir='ltr'><strong>aliquis</strong></span> <span class='ocrx_word' id='word_1_566' title='bbox 1979 4109 2203 4156; x_wconf 89' lang='lat' dir='ltr'><strong>sanctus</strong></span> <span class='ocrx_word' id='word_1_567' title='bbox 2228 4101 2490 4167; x_wconf 83' lang='lat' dir='ltr'><strong>evenerit,</strong></span> <span class='ocrx_word' id='word_1_568' title='bbox 2513 4101 2652 4155; x_wconf 88' lang='lat' dir='ltr'><strong>unde</strong></span> <span class='ocrx_word' id='word_1_569' title='bbox 2676 4110 2785 4155; x_wconf 90' lang='lat' dir='ltr'><strong>tres</strong></span> <span class='ocrx_word' id='word_1_570' title='bbox 2814 4100 3072 4154; x_wconf 76' lang='lat' dir='ltr'><strong>lectiones</strong></span> <span class='ocrx_word' id='word_1_571' title='bbox 3102 4104 3361 4168; x_wconf 80' lang='lat' dir='ltr'><strong>agantur,</strong></span> 
     </span>
    </p>
   </div>
   <div class='ocr_carea' id='block_1_89' title="bbox 1766 4189 3363 4260">
    <p class='ocr_par' dir='ltr' id='par_1_89' title="bbox 1766 4189 3363 4260">
     <span class='ocr_line' id='line_1_89' title="bbox 1766 4189 3363 4260; baseline -0.004 -14"><span class='ocrx_word' id='word_1_572' title='bbox 1766 4200 1990 4247; x_wconf 83' lang='lat' dir='ltr'><strong>cantent</strong></span> <span class='ocrx_word' id='word_1_573' title='bbox 2038 4192 2261 4246; x_wconf 87' lang='lat' dir='ltr'><strong>missam</strong></span> <span class='ocrx_word' id='word_1_574' title='bbox 2298 4192 2365 4246; x_wconf 86' lang='lat' dir='ltr'><strong>de</strong></span> <span class='ocrx_word' id='word_1_575' title='bbox 2397 4192 2513 4260; x_wconf 87' lang='lat' dir='ltr'><strong>ipso</strong></span> <span class='ocrx_word' id='word_1_576' title='bbox 2541 4199 2750 4245; x_wconf 88' lang='lat' dir='ltr'><strong>sancto.</strong></span> <span class='ocrx_word' id='word_1_577' title='bbox 2788 4190 2853 4243; x_wconf 86' lang='lat' dir='ltr'><strong>Et</strong></span> <span class='ocrx_word' id='word_1_578' title='bbox 2888 4189 3103 4256; x_wconf 84' lang='lat' dir='ltr'><strong>quando</strong></span> <span class='ocrx_word' id='word_1_579' title='bbox 3132 4194 3363 4241; x_wconf 83' lang='lat' dir='ltr'><strong>sanctus</strong></span> 
     </span>
    </p>
   </div>
   <div class='ocr_carea' id='block_1_90' title="bbox 1767 4275 3361 4349">
    <p class='ocr_par' dir='ltr' id='par_1_90' title="bbox 1767 4275 3361 4349">
     <span class='ocr_line' id='line_1_90' title="bbox 1767 4275 3361 4349; baseline -0.005 -13"><span class='ocrx_word' id='word_1_580' title='bbox 1767 4298 1874 4336; x_wconf 89' lang='lat' dir='ltr'><strong>non</strong></span> <span class='ocrx_word' id='word_1_581' title='bbox 1920 4282 2320 4347; x_wconf 84' lang='lat' dir='ltr'><strong>adventaverit,</strong></span> <span class='ocrx_word' id='word_1_582' title='bbox 2362 4283 2548 4349; x_wconf 90' lang='lat' dir='ltr'><strong>quinta</strong></span> <span class='ocrx_word' id='word_1_583' title='bbox 2595 4280 2730 4335; x_wconf 80' lang='lat' dir='ltr'><strong>feria</strong></span> <span class='ocrx_word' id='word_1_584' title='bbox 2768 4280 2978 4349; x_wconf 79' lang='lat' dir='ltr'><strong>legatur</strong></span> <span class='ocrx_word' id='word_1_585' title='bbox 3011 4275 3361 4345; x_wconf 73' lang='lat' dir='ltr'><strong>Evangelium</strong></span> 
     </span>
    </p>
   </div>
   <div class='ocr_carea' id='block_1_91' title="bbox 1769 4365 3361 4445">
    <p class='ocr_par' dir='ltr' id='par_1_91' title="bbox 1769 4365 3361 4445">
     <span class='ocr_line' id='line_1_91' title="bbox 1769 4365 3361 4445; baseline -0.006 -19"><span class='ocrx_word' id='word_1_586' title='bbox 1769 4372 1939 4441; x_wconf 86' lang='lat' dir='ltr'><strong>ipsius</strong></span> <span class='ocrx_word' id='word_1_587' title='bbox 1971 4371 2099 4436; x_wconf 91' lang='lat' dir='ltr'><strong>diei,</strong></span> <span class='ocrx_word' id='word_1_588' title='bbox 2130 4371 2301 4424; x_wconf 89' lang='lat' dir='ltr'><strong>Homo</strong></span> <span class='ocrx_word' id='word_1_589' title='bbox 2347 4369 2563 4440; x_wconf 86' lang='lat' dir='ltr'><strong>quidam</strong></span> <span class='ocrx_word' id='word_1_590' title='bbox 2602 4379 2713 4423; x_wconf 87' lang='lat' dir='ltr'><strong>erat</strong></span> <span class='ocrx_word' id='word_1_591' title='bbox 2751 4365 3079 4445; x_wconf 62' lang='lat' dir='ltr'><strong>dires.&quot;l‘ota</strong></span> <span class='ocrx_word' id='word_1_592' title='bbox 3128 4378 3361 4432; x_wconf 80' lang='lat' dir='ltr'><strong>namque</strong></span> 
     </span>
    </p>
   </div>
   <div class='ocr_carea' id='block_1_92' title="bbox 96 4459 3360 4546">
    <p class='ocr_par' dir='ltr' id='par_1_92' title="bbox 96 4459 3360 4546">
     <span class='ocr_line' id='line_1_92' title="bbox 96 4459 3360 4546; baseline 0.002 -23"><span class='ocrx_word' id='word_1_593' title='bbox 96 4471 297 4528; x_wconf 82' lang='lat' dir='ltr'><strong>Alleluia</strong></span> <span class='ocrx_word' id='word_1_594' title='bbox 340 4476 411 4530; x_wconf 89' lang='lat' dir='ltr'><strong>de</strong></span> <span class='ocrx_word' id='word_1_595' title='bbox 438 4476 558 4545; x_wconf 89' lang='lat' dir='ltr'><strong>ipso</strong></span> <span class='ocrx_word' id='word_1_596' title='bbox 608 4474 748 4529; x_wconf 89' lang='lat' dir='ltr'><strong>festo</strong></span> <span class='ocrx_word' id='word_1_597' title='bbox 795 4476 1071 4544; x_wconf 86' lang='lat' dir='ltr'><strong>dicantur,</strong></span> <span class='ocrx_word' id='word_1_598' title='bbox 1125 4476 1386 4532; x_wconf 85' lang='lat' dir='ltr'><strong>lectiones</strong></span> <span class='ocrx_word' id='word_1_599' title='bbox 1431 4487 1554 4531; x_wconf 90' lang='lat' dir='ltr'><strong>octo</strong></span> <span class='ocrx_word' id='word_1_600' title='bbox 1598 4479 1742 4546; x_wconf 77' lang='lat' dir='ltr'><strong>del)</strong></span> <span class='ocrx_word' id='word_1_601' title='bbox 1771 4464 1884 4533; x_wconf 67' lang='lat' dir='ltr'><strong>ipsa</strong></span> <span class='ocrx_word' id='word_1_602' title='bbox 1958 4461 2300 4518; x_wconf 63' lang='lat' dir='ltr'><strong>bebdo&#39;llada</strong></span> <span class='ocrx_word' id='word_1_603' title='bbox 2366 4462 2433 4515; x_wconf 65' lang='lat' dir='ltr'><strong>ad</strong></span> <span class='ocrx_word' id='word_1_604' title='bbox 2488 4460 2798 4530; x_wconf 59' lang='lat' dir='ltr'><strong>Magniﬁca!</strong></span> <span class='ocrx_word' id='word_1_605' title='bbox 2878 4459 3075 4512; x_wconf 58' lang='grc' dir='ltr'><strong>δεθείη</strong></span> <span class='ocrx_word' id='word_1_606' title='bbox 3136 4465 3360 4511; x_wconf 55' lang='lat' dir='ltr'><strong>camare</strong></span> 
     </span>
    </p>
   </div>
   <div class='ocr_carea' id='block_1_93' title="bbox 95 4568 1668 4639">
    <p class='ocr_par' dir='ltr' id='par_1_93' title="bbox 95 4568 1668 4639">
     <span class='ocr_line' id='line_1_93' title="bbox 95 4568 1668 4639; baseline 0.004 -20"><span class='ocrx_word' id='word_1_607' title='bbox 95 4579 323 4621; x_wconf 84' lang='lat' dir='ltr'><strong>sermone</strong></span> <span class='ocrx_word' id='word_1_608' title='bbox 368 4569 547 4623; x_wconf 85' lang='lat' dir='ltr'><strong>sancti</strong></span> <span class='ocrx_word' id='word_1_609' title='bbox 596 4568 793 4623; x_wconf 85' lang='lat' dir='ltr'><strong>Leonis</strong></span> <span class='ocrx_word' id='word_1_610' title='bbox 826 4584 995 4639; x_wconf 84' lang='lat' dir='ltr'><strong>papae.</strong></span> <span class='ocrx_word' id='word_1_611' title='bbox 1025 4569 1288 4637; x_wconf 87' lang='lat' dir='ltr'><strong>Quartum</strong></span> <span class='ocrx_word' id='word_1_612' title='bbox 1331 4579 1583 4626; x_wconf 82' lang='lat' dir='ltr'><strong>octavum</strong></span> <span class='ocrx_word' id='word_1_613' title='bbox 1612 4584 1668 4626; x_wconf 88' lang='lat' dir='ltr'><strong>et</strong></span> 
     </span>
    </p>
   </div>
   <div class='ocr_carea' id='block_1_94' title="bbox 93 4657 1662 4729">
    <p class='ocr_par' dir='ltr' id='par_1_94' title="bbox 93 4657 1662 4729">
     <span class='ocr_line' id='line_1_94' title="bbox 93 4657 1662 4729; baseline 0.004 -18"><span class='ocrx_word' id='word_1_614' title='bbox 93 4657 454 4713; x_wconf 89' lang='lat' dir='ltr'><strong>duodecimum</strong></span> <span class='ocrx_word' id='word_1_615' title='bbox 515 4662 919 4729; x_wconf 85' lang='lat' dir='ltr'><strong>responsorium</strong></span> <span class='ocrx_word' id='word_1_616' title='bbox 979 4678 1008 4716; x_wconf 90' lang='lat' dir='ltr'><strong>a</strong></span> <span class='ocrx_word' id='word_1_617' title='bbox 1060 4663 1271 4717; x_wconf 86' lang='lat' dir='ltr'><strong>duobus</strong></span> <span class='ocrx_word' id='word_1_618' title='bbox 1330 4664 1662 4718; x_wconf 87' lang='lat' dir='ltr'><strong>cantabitur.</strong></span> 
     </span>
    </p>
   </div>
   <div class='ocr_carea' id='block_1_95' title="bbox 93 4744 1666 4821">
    <p class='ocr_par' dir='ltr' id='par_1_95' title="bbox 93 4744 1666 4821">
     <span class='ocr_line' id='line_1_95' title="bbox 93 4744 1666 4821; baseline 0.007 -22"><span class='ocrx_word' id='word_1_619' title='bbox 93 4744 303 4803; x_wconf 82' lang='lat' dir='ltr'><strong>Humilia</strong></span> <span class='ocrx_word' id='word_1_620' title='bbox 332 4750 399 4804; x_wconf 92' lang='lat' dir='ltr'><strong>de</strong></span> <span class='ocrx_word' id='word_1_621' title='bbox 427 4750 741 4821; x_wconf 80' lang='lat' dir='ltr'><strong>Evangelia,</strong></span> <span class='ocrx_word' id='word_1_622' title='bbox 777 4749 910 4805; x_wconf 86' lang='lat' dir='ltr'><strong>Erat</strong></span> <span class='ocrx_word' id='word_1_623' title='bbox 936 4752 1092 4807; x_wconf 81' lang='lat' dir='ltr'><strong>homo</strong></span> <span class='ocrx_word' id='word_1_624' title='bbox 1130 4769 1197 4807; x_wconf 81' lang='lat' dir='ltr'><strong>ea:</strong></span> <span class='ocrx_word' id='word_1_625' title='bbox 1240 4751 1529 4808; x_wconf 75' lang='lat' dir='ltr'><strong>Pbarisceis</strong></span> <span class='ocrx_word' id='word_1_626' title='bbox 1573 4770 1666 4810; x_wconf 75' lang='lat' dir='ltr'><strong>cx-</strong></span> 
     </span>
    </p>
   </div>
   <div class='ocr_carea' id='block_1_96' title="bbox 93 4837 1666 4908">
    <p class='ocr_par' dir='ltr' id='par_1_96' title="bbox 93 4837 1666 4908">
     <span class='ocr_line' id='line_1_96' title="bbox 93 4837 1666 4908; baseline 0.004 -16"><span class='ocrx_word' id='word_1_627' title='bbox 93 4838 361 4906; x_wconf 82' lang='lat' dir='ltr'><strong>positionis</strong></span> <span class='ocrx_word' id='word_1_628' title='bbox 406 4837 657 4908; x_wconf 76' lang='lat' dir='ltr'><strong>Gregorii</strong></span> <span class='ocrx_word' id='word_1_629' title='bbox 716 4838 1064 4895; x_wconf 85' lang='lat' dir='ltr'><strong>Nazianzeni.</strong></span> <span class='ocrx_word' id='word_1_630' title='bbox 1125 4841 1180 4896; x_wconf 93' lang='lat' dir='ltr'><strong>lu</strong></span> <span class='ocrx_word' id='word_1_631' title='bbox 1228 4842 1473 4898; x_wconf 89' lang='lat' dir='ltr'><strong>laudibus</strong></span> <span class='ocrx_word' id='word_1_632' title='bbox 1524 4844 1666 4899; x_wconf 75' lang='lat' dir='ltr'><strong>anti-</strong></span> 
     </span>
    </p>
   </div>
   <div class='ocr_carea' id='block_1_97' title="bbox 93 4929 1672 5007">
    <p class='ocr_par' dir='ltr' id='par_1_97' title="bbox 93 4929 1672 5007">
     <span class='ocr_line' id='line_1_97' title="bbox 93 4929 1672 5007; baseline 0.008 -27"><span class='ocrx_word' id='word_1_633' title='bbox 93 4929 283 4996; x_wconf 87' lang='lat' dir='ltr'><strong>phona,</strong></span> <span class='ocrx_word' id='word_1_634' title='bbox 316 4931 586 4994; x_wconf 77' lang='lat' dir='ltr'><strong>Alleluia,</strong></span> <span class='ocrx_word' id='word_1_635' title='bbox 641 4931 769 4985; x_wconf 87' lang='lat' dir='ltr'><strong>dum</strong></span> <span class='ocrx_word' id='word_1_636' title='bbox 822 4933 1225 5001; x_wconf 84' lang='lat' dir='ltr'><strong>complerentur.</strong></span> <span class='ocrx_word' id='word_1_637' title='bbox 1272 4935 1328 4989; x_wconf 92' lang='lat' dir='ltr'><strong>ln</strong></span> <span class='ocrx_word' id='word_1_638' title='bbox 1377 4936 1672 5007; x_wconf 81' lang='lat' dir='ltr'><strong>Evangelio</strong></span> 
     </span>
    </p>
   </div>
   <div class='ocr_carea' id='block_1_98' title="bbox 92 5019 1669 5091">
    <p class='ocr_par' dir='ltr' id='par_1_98' title="bbox 92 5019 1669 5091">
     <span class='ocr_line' id='line_1_98' title="bbox 92 5019 1669 5091; baseline 0.008 -19"><span class='ocrx_word' id='word_1_639' title='bbox 92 5021 372 5091; x_wconf 85' lang='lat' dir='ltr'><strong>antiphona</strong></span> <span class='ocrx_word' id='word_1_640' title='bbox 409 5039 422 5075; x_wconf 91' lang='lat'><strong>:</strong></span> <span class='ocrx_word' id='word_1_641' title='bbox 480 5019 628 5075; x_wconf 81' lang='lat' dir='ltr'><strong>Venit</strong></span> <span class='ocrx_word' id='word_1_642' title='bbox 678 5025 831 5076; x_wconf 79' lang='lat' dir='ltr'><strong>homo</strong></span> <span class='ocrx_word' id='word_1_643' title='bbox 858 5023 928 5076; x_wconf 85' lang='lat' dir='ltr'><strong>ad</strong></span> <span class='ocrx_word' id='word_1_644' title='bbox 971 5021 1181 5090; x_wconf 70' lang='lat' dir='ltr'><strong>Iesum,</strong></span> <span class='ocrx_word' id='word_1_645' title='bbox 1229 5027 1457 5080; x_wconf 89' lang='lat' dir='ltr'><strong>nomine.</strong></span> <span class='ocrx_word' id='word_1_646' title='bbox 1499 5027 1554 5081; x_wconf 90' lang='lat' dir='ltr'><strong>lu</strong></span> <span class='ocrx_word' id='word_1_647' title='bbox 1584 5029 1669 5084; x_wconf 89' lang='lat' dir='ltr'><strong>die</strong></span> 
     </span>
    </p>
   </div>
   <div class='ocr_carea' id='block_1_99' title="bbox 94 5112 1673 5187">
    <p class='ocr_par' dir='ltr' id='par_1_99' title="bbox 94 5112 1673 5187">
     <span class='ocr_line' id='line_1_99' title="bbox 94 5112 1673 5187; baseline 0.008 -27"><span class='ocrx_word' id='word_1_648' title='bbox 94 5122 313 5181; x_wconf 86' lang='lat' dir='ltr'><strong>namque</strong></span> <span class='ocrx_word' id='word_1_649' title='bbox 344 5112 451 5166; x_wconf 89' lang='lat' dir='ltr'><strong>hoc</strong></span> <span class='ocrx_word' id='word_1_650' title='bbox 482 5112 527 5167; x_wconf 90' lang='lat' dir='ltr'><strong>si</strong></span> <span class='ocrx_word' id='word_1_651' title='bbox 559 5112 741 5183; x_wconf 86' lang='lat' dir='ltr'><strong>aliqua</strong></span> <span class='ocrx_word' id='word_1_652' title='bbox 811 5112 948 5167; x_wconf 78' lang='lat' dir='ltr'><strong>festa</strong></span> <span class='ocrx_word' id='word_1_653' title='bbox 999 5116 1368 5179; x_wconf 88' lang='lat' dir='ltr'><strong>occurrerint,</strong></span> <span class='ocrx_word' id='word_1_654' title='bbox 1426 5127 1673 5187; x_wconf 83' lang='lat' dir='ltr'><strong>repetant</strong></span> 
     </span>
    </p>
   </div>
   <div class='ocr_carea' id='block_1_100' title="bbox 93 5201 1673 5276">
    <p class='ocr_par' dir='ltr' id='par_1_100' title="bbox 93 5201 1673 5276">
     <span class='ocr_line' id='line_1_100' title="bbox 93 5201 1673 5276; baseline 0.008 -25"><span class='ocrx_word' id='word_1_655' title='bbox 93 5201 435 5269; x_wconf 83' lang='lat' dir='ltr'><strong>antiphonam</strong></span> <span class='ocrx_word' id='word_1_656' title='bbox 481 5213 540 5257; x_wconf 87' lang='lat' dir='ltr'><strong>et</strong></span> <span class='ocrx_word' id='word_1_657' title='bbox 598 5212 765 5272; x_wconf 82' lang='lat' dir='ltr'><strong>agant</strong></span> <span class='ocrx_word' id='word_1_658' title='bbox 796 5204 1168 5259; x_wconf 87' lang='lat' dir='ltr'><strong>matutinalem</strong></span> <span class='ocrx_word' id='word_1_659' title='bbox 1213 5206 1457 5274; x_wconf 84' lang='lat' dir='ltr'><strong>missam,</strong></span> <span class='ocrx_word' id='word_1_660' title='bbox 1484 5207 1673 5276; x_wconf 83' lang='lat' dir='ltr'><strong>adjun-</strong></span> 
     </span>
    </p>
   </div>
   <div class='ocr_carea' id='block_1_101' title="bbox 94 5296 1672 5367">
    <p class='ocr_par' dir='ltr' id='par_1_101' title="bbox 94 5296 1672 5367">
     <span class='ocr_line' id='line_1_101' title="bbox 94 5296 1672 5367; baseline 0.006 -20"><span class='ocrx_word' id='word_1_661' title='bbox 94 5305 269 5364; x_wconf 81' lang='lat' dir='ltr'><strong>genles</strong></span> <span class='ocrx_word' id='word_1_662' title='bbox 295 5296 580 5353; x_wconf 81' lang='lat' dir='ltr'><strong>collectam</strong></span> <span class='ocrx_word' id='word_1_663' title='bbox 612 5298 777 5363; x_wconf 86' lang='lat' dir='ltr'><strong>Deus,</strong></span> <span class='ocrx_word' id='word_1_664' title='bbox 807 5298 899 5367; x_wconf 87' lang='lat' dir='ltr'><strong>qui</strong></span> <span class='ocrx_word' id='word_1_665' title='bbox 922 5298 1177 5352; x_wconf 83' lang='lat' dir='ltr'><strong>hodierna</strong></span> <span class='ocrx_word' id='word_1_666' title='bbox 1223 5300 1326 5355; x_wconf 86' lang='lat' dir='ltr'><strong>die.</strong></span> <span class='ocrx_word' id='word_1_667' title='bbox 1363 5299 1419 5355; x_wconf 90' lang='lat' dir='ltr'><strong>Si</strong></span> <span class='ocrx_word' id='word_1_668' title='bbox 1451 5310 1672 5357; x_wconf 86' lang='lat' dir='ltr'><strong>sanctus</strong></span> 
     </span>
    </p>
   </div>
   <div class='ocr_carea' id='block_1_102' title="bbox 94 5384 1671 5461">
    <p class='ocr_par' dir='ltr' id='par_1_102' title="bbox 94 5384 1671 5461">
     <span class='ocr_line' id='line_1_102' title="bbox 94 5384 1671 5461; baseline 0.006 -24"><span class='ocrx_word' id='word_1_669' title='bbox 94 5384 317 5456; x_wconf 79' lang='lat' dir='ltr'><strong>Spiritus</strong></span> <span class='ocrx_word' id='word_1_670' title='bbox 369 5398 662 5459; x_wconf 86' lang='lat' dir='ltr'><strong>perventus</strong></span> <span class='ocrx_word' id='word_1_671' title='bbox 710 5405 818 5443; x_wconf 88' lang='lat' dir='ltr'><strong>non</strong></span> <span class='ocrx_word' id='word_1_672' title='bbox 863 5390 1067 5455; x_wconf 71' lang='lat' dir='ltr'><strong>fuerit,</strong></span> <span class='ocrx_word' id='word_1_673' title='bbox 1125 5393 1194 5443; x_wconf 88' lang='lat' dir='ltr'><strong>ad</strong></span> <span class='ocrx_word' id='word_1_674' title='bbox 1238 5406 1450 5445; x_wconf 83' lang='lat' dir='ltr'><strong>sacram</strong></span> <span class='ocrx_word' id='word_1_675' title='bbox 1501 5393 1671 5461; x_wconf 83' lang='lat' dir='ltr'><strong>ipsam</strong></span> 
     </span>
    </p>
   </div>
   <div class='ocr_carea' id='block_1_103' title="bbox 95 5480 1670 5551">
    <p class='ocr_par' dir='ltr' id='par_1_103' title="bbox 95 5480 1670 5551">
     <span class='ocr_line' id='line_1_103' title="bbox 95 5480 1670 5551; baseline 0.004 -21"><span class='ocrx_word' id='word_1_676' title='bbox 95 5492 247 5533; x_wconf 85' lang='lat' dir='ltr'><strong>unam</strong></span> <span class='ocrx_word' id='word_1_677' title='bbox 298 5480 584 5551; x_wconf 83' lang='lat' dir='ltr'><strong>collectam</strong></span> <span class='ocrx_word' id='word_1_678' title='bbox 643 5480 957 5550; x_wconf 82' lang='lat' dir='ltr'><strong>persolvant</strong></span> <span class='ocrx_word' id='word_1_679' title='bbox 1017 5496 1140 5537; x_wconf 91' lang='lat' dir='ltr'><strong>cum</strong></span> <span class='ocrx_word' id='word_1_680' title='bbox 1195 5482 1511 5550; x_wconf 72' lang='lat' dir='ltr'><strong>pmfatione</strong></span> <span class='ocrx_word' id='word_1_681' title='bbox 1564 5483 1670 5538; x_wconf 89' lang='lat' dir='ltr'><strong>diei</strong></span> 
     </span>
    </p>
   </div>
   <div class='ocr_carea' id='block_1_104' title="bbox 94 5571 1675 5645">
    <p class='ocr_par' dir='ltr' id='par_1_104' title="bbox 94 5571 1675 5645">
     <span class='ocr_line' id='line_1_104' title="bbox 94 5571 1675 5645; baseline 0.002 -18"><span class='ocrx_word' id='word_1_682' title='bbox 94 5571 385 5629; x_wconf 82' lang='lat' dir='ltr'><strong>Paschalis.</strong></span> <span class='ocrx_word' id='word_1_683' title='bbox 429 5573 709 5631; x_wconf 87' lang='lat' dir='ltr'><strong>Processio</strong></span> <span class='ocrx_word' id='word_1_684' title='bbox 745 5573 803 5628; x_wconf 85' lang='lat' dir='ltr'><strong>lit</strong></span> <span class='ocrx_word' id='word_1_685' title='bbox 840 5575 980 5629; x_wconf 89' lang='lat' dir='ltr'><strong>sicut</strong></span> <span class='ocrx_word' id='word_1_686' title='bbox 1008 5575 1299 5645; x_wconf 65' lang='lat' dir='ltr'><strong>prteteritis</strong></span> <span class='ocrx_word' id='word_1_687' title='bbox 1340 5575 1528 5630; x_wconf 89' lang='lat' dir='ltr'><strong>diebus</strong></span> <span class='ocrx_word' id='word_1_688' title='bbox 1573 5576 1675 5630; x_wconf 85' lang='lat' dir='ltr'><strong>Do-</strong></span> 
     </span>
    </p>
   </div>
   <div class='ocr_carea' id='block_1_105' title="bbox 97 5663 1675 5729">
    <p class='ocr_par' dir='ltr' id='par_1_105' title="bbox 97 5663 1675 5729">
     <span class='ocr_line' id='line_1_105' title="bbox 97 5663 1675 5729; baseline 0.004 -14"><span class='ocrx_word' id='word_1_689' title='bbox 97 5663 325 5729; x_wconf 88' lang='lat' dir='ltr'><strong>minicis,</strong></span> <span class='ocrx_word' id='word_1_690' title='bbox 356 5674 597 5720; x_wconf 88' lang='lat' dir='ltr'><strong>attamen</strong></span> <span class='ocrx_word' id='word_1_691' title='bbox 626 5681 749 5720; x_wconf 90' lang='lat' dir='ltr'><strong>cum</strong></span> <span class='ocrx_word' id='word_1_692' title='bbox 787 5666 1038 5719; x_wconf 89' lang='lat' dir='ltr'><strong>venerint</strong></span> <span class='ocrx_word' id='word_1_693' title='bbox 1062 5665 1114 5719; x_wconf 91' lang='lat' dir='ltr'><strong>in</strong></span> <span class='ocrx_word' id='word_1_694' title='bbox 1148 5665 1422 5721; x_wconf 69' lang='lat' dir='ltr'><strong>redeundo</strong></span> <span class='ocrx_word' id='word_1_695' title='bbox 1452 5665 1504 5720; x_wconf 93' lang='lat' dir='ltr'><strong>in</strong></span> <span class='ocrx_word' id='word_1_696' title='bbox 1534 5668 1675 5721; x_wconf 88' lang='lat' dir='ltr'><strong>atrio</strong></span> 
     </span>
    </p>
   </div>
   <div class='ocr_carea' id='block_1_106' title="bbox 95 5756 1675 5831">
    <p class='ocr_par' dir='ltr' id='par_1_106' title="bbox 95 5756 1675 5831">
     <span class='ocr_line' id='line_1_106' title="bbox 95 5756 1675 5831; baseline 0.004 -27"><span class='ocrx_word' id='word_1_697' title='bbox 95 5766 211 5809; x_wconf 85' lang='lat' dir='ltr'><strong>ante</strong></span> <span class='ocrx_word' id='word_1_698' title='bbox 235 5757 383 5812; x_wconf 84' lang='lat' dir='ltr'><strong>fores</strong></span> <span class='ocrx_word' id='word_1_699' title='bbox 419 5756 677 5823; x_wconf 57' lang='lat' dir='ltr'><strong>ecclesiae.</strong></span> <span class='ocrx_word' id='word_1_700' title='bbox 715 5757 927 5811; x_wconf 88' lang='lat' dir='ltr'><strong>initicnt</strong></span> <span class='ocrx_word' id='word_1_701' title='bbox 960 5757 1098 5813; x_wconf 88' lang='lat' dir='ltr'><strong>hanc</strong></span> <span class='ocrx_word' id='word_1_702' title='bbox 1129 5757 1504 5826; x_wconf 84' lang='lat' dir='ltr'><strong>autiphonam,</strong></span> <span class='ocrx_word' id='word_1_703' title='bbox 1539 5757 1675 5831; x_wconf 50' lang='grc' dir='ltr'><strong>(ἕνης</strong></span> 
     </span>
    </p>
   </div>
   <div class='ocr_carea' id='block_1_107' title="bbox 1768 4549 3357 4625">
    <p class='ocr_par' dir='ltr' id='par_1_107' title="bbox 1768 4549 3357 4625">
     <span class='ocr_line' id='line_1_107' title="bbox 1768 4549 3357 4625; baseline -0.006 -15"><span class='ocrx_word' id='word_1_704' title='bbox 1768 4556 2095 4625; x_wconf 84' lang='lat' dir='ltr'><strong>autiphonas</strong></span> <span class='ocrx_word' id='word_1_705' title='bbox 2123 4570 2189 4610; x_wconf 83' lang='lat' dir='ltr'><strong>ex</strong></span> <span class='ocrx_word' id='word_1_706' title='bbox 2218 4553 2527 4625; x_wconf 73' lang='lat' dir='ltr'><strong>Evangelio,</strong></span> <span class='ocrx_word' id='word_1_707' title='bbox 2562 4552 2734 4606; x_wconf 86' lang='lat' dir='ltr'><strong>Homo</strong></span> <span class='ocrx_word' id='word_1_708' title='bbox 2770 4553 2981 4623; x_wconf 86' lang='lat' dir='ltr'><strong>quidem</strong></span> <span class='ocrx_word' id='word_1_709' title='bbox 3031 4560 3140 4604; x_wconf 85' lang='lat' dir='ltr'><strong>erat</strong></span> <span class='ocrx_word' id='word_1_710' title='bbox 3194 4549 3357 4613; x_wconf 74' lang='lat' dir='ltr'><strong>dices.</strong></span> 
     </span>
    </p>
   </div>
   <div class='ocr_carea' id='block_1_108' title="bbox 1768 4639 3362 4715">
    <p class='ocr_par' dir='ltr' id='par_1_108' title="bbox 1768 4639 3362 4715">
     <span class='ocr_line' id='line_1_108' title="bbox 1768 4639 3362 4715; baseline -0.006 -15"><span class='ocrx_word' id='word_1_711' title='bbox 1768 4644 2012 4701; x_wconf 85' lang='lat' dir='ltr'><strong>Sabbato</strong></span> <span class='ocrx_word' id='word_1_712' title='bbox 2083 4645 2151 4700; x_wconf 90' lang='lat' dir='ltr'><strong>ad</strong></span> <span class='ocrx_word' id='word_1_713' title='bbox 2220 4659 2504 4715; x_wconf 87' lang='lat' dir='ltr'><strong>vesperam</strong></span> <span class='ocrx_word' id='word_1_714' title='bbox 2578 4644 2987 4712; x_wconf 86' lang='lat' dir='ltr'><strong>rcponsorium,</strong></span> <span class='ocrx_word' id='word_1_715' title='bbox 3050 4639 3362 4708; x_wconf 74' lang='lat' dir='ltr'><strong>l’rtrparate</strong></span> 
     </span>
    </p>
   </div>
   <div class='ocr_carea' id='block_1_109' title="bbox 1767 4736 3361 4812">
    <p class='ocr_par' dir='ltr' id='par_1_109' title="bbox 1767 4736 3361 4812">
     <span class='ocr_line' id='line_1_109' title="bbox 1767 4736 3361 4812; baseline -0.003 -19"><span class='ocrx_word' id='word_1_716' title='bbox 1767 4740 1937 4795; x_wconf 86' lang='lat' dir='ltr'><strong>corda</strong></span> <span class='ocrx_word' id='word_1_717' title='bbox 1988 4752 2180 4796; x_wconf 79' lang='lat' dir='ltr'><strong>uestra.</strong></span> <span class='ocrx_word' id='word_1_718' title='bbox 2236 4741 2318 4796; x_wconf 84' lang='lat' dir='ltr'><strong>Ad</strong></span> <span class='ocrx_word' id='word_1_719' title='bbox 2386 4740 2695 4812; x_wconf 76' lang='lat' dir='ltr'><strong>Maguiﬁcat</strong></span> <span class='ocrx_word' id='word_1_720' title='bbox 2758 4741 3099 4811; x_wconf 86' lang='lat' dir='ltr'><strong>antiphona,</strong></span> <span class='ocrx_word' id='word_1_721' title='bbox 3156 4736 3361 4791; x_wconf 78' lang='lat' dir='ltr'><strong>Montes</strong></span> 
     </span>
    </p>
   </div>
   <div class='ocr_carea' id='block_1_110' title="bbox 1770 4829 1980 4887">
    <p class='ocr_par' dir='ltr' id='par_1_110' title="bbox 1770 4829 1980 4887">
     <span class='ocr_line' id='line_1_110' title="bbox 1770 4829 1980 4887; baseline 0 -1"><span class='ocrx_word' id='word_1_722' title='bbox 1770 4829 1980 4887; x_wconf 83' lang='lat' dir='ltr'><strong>Gelboe.</strong></span> 
     </span>
    </p>
   </div>
   <div class='ocr_carea' id='block_1_111' title="bbox 2378 4964 2756 5023">
    <p class='ocr_par' dir='ltr' id='par_1_111' title="bbox 2378 4964 2756 5023">
     <span class='ocr_line' id='line_1_111' title="bbox 2378 4964 2756 5023; baseline 0 -2"><span class='ocrx_word' id='word_1_723' title='bbox 2378 4964 2606 5022; x_wconf 80' lang='lat' dir='ltr'><strong>CAPUT</strong></span> <span class='ocrx_word' id='word_1_724' title='bbox 2641 4966 2756 5023; x_wconf 72' lang='lat' dir='ltr'><strong>XV.</strong></span> 
     </span>
    </p>
   </div>
   <div class='ocr_carea' id='block_1_112' title="bbox 2080 5062 3048 5138">
    <p class='ocr_par' dir='ltr' id='par_1_112' title="bbox 2080 5062 3048 5138">
     <span class='ocr_line' id='line_1_112' title="bbox 2080 5062 3048 5138; baseline 0.001 -20"><span class='ocrx_word' id='word_1_725' title='bbox 2080 5062 2360 5121; x_wconf 86' lang='lat' dir='ltr'><strong>Dominica</strong></span> <span class='ocrx_word' id='word_1_726' title='bbox 2398 5066 2495 5121; x_wconf 83' lang='grc' dir='ltr'><strong>ΙΙΙ</strong></span> <span class='ocrx_word' id='word_1_727' title='bbox 2534 5078 2646 5138; x_wconf 85' lang='lat' dir='ltr'><strong>post</strong></span> <span class='ocrx_word' id='word_1_728' title='bbox 2688 5066 3048 5122; x_wconf 85' lang='lat' dir='ltr'><strong>Pentecosteu.</strong></span> 
     </span>
    </p>
   </div>
   <div class='ocr_carea' id='block_1_113' title="bbox 1844 5197 3358 5271">
    <p class='ocr_par' dir='ltr' id='par_1_113' title="bbox 1844 5197 3358 5271">
     <span class='ocr_line' id='line_1_113' title="bbox 1844 5197 3358 5271; baseline -0.001 -16"><span class='ocrx_word' id='word_1_729' title='bbox 1844 5200 2035 5255; x_wconf 89' lang='lat' dir='ltr'><strong>Dicant</strong></span> <span class='ocrx_word' id='word_1_730' title='bbox 2058 5199 2450 5268; x_wconf 82' lang='lat' dir='ltr'><strong>invitatoriam,</strong></span> <span class='ocrx_word' id='word_1_731' title='bbox 2484 5202 2933 5270; x_wconf 73' lang='lat' dir='ltr'><strong>Prmoccupemus.</strong></span> <span class='ocrx_word' id='word_1_732' title='bbox 2954 5200 3215 5271; x_wconf 75' lang='lat' dir='ltr'><strong>Hymnus,</strong></span> <span class='ocrx_word' id='word_1_733' title='bbox 3242 5197 3358 5254; x_wconf 78' lang='lat' dir='ltr'><strong>No-</strong></span> 
     </span>
    </p>
   </div>
   <div class='ocr_carea' id='block_1_114' title="bbox 1772 5288 3358 5365">
    <p class='ocr_par' dir='ltr' id='par_1_114' title="bbox 1772 5288 3358 5365">
     <span class='ocr_line' id='line_1_114' title="bbox 1772 5288 3358 5365; baseline 0.001 -20"><span class='ocrx_word' id='word_1_734' title='bbox 1772 5302 1849 5346; x_wconf 89' lang='lat' dir='ltr'><strong>cte</strong></span> <span class='ocrx_word' id='word_1_735' title='bbox 1908 5302 2197 5363; x_wconf 84' lang='lat' dir='ltr'><strong>surgentes.</strong></span> <span class='ocrx_word' id='word_1_736' title='bbox 2256 5293 2540 5350; x_wconf 88' lang='lat' dir='ltr'><strong>Lectiones</strong></span> <span class='ocrx_word' id='word_1_737' title='bbox 2591 5304 2715 5349; x_wconf 92' lang='lat' dir='ltr'><strong>octo</strong></span> <span class='ocrx_word' id='word_1_738' title='bbox 2769 5295 2946 5365; x_wconf 87' lang='lat' dir='ltr'><strong>legant</strong></span> <span class='ocrx_word' id='word_1_739' title='bbox 2996 5294 3064 5349; x_wconf 90' lang='lat' dir='ltr'><strong>de</strong></span> <span class='ocrx_word' id='word_1_740' title='bbox 3120 5288 3358 5363; x_wconf 77' lang='lat' dir='ltr'><strong>regibus.</strong></span> 
     </span>
    </p>
   </div>
   <div class='ocr_carea' id='block_1_115' title="bbox 1778 5383 3361 5457">
    <p class='ocr_par' dir='ltr' id='par_1_115' title="bbox 1778 5383 3361 5457">
     <span class='ocr_line' id='line_1_115' title="bbox 1778 5383 3361 5457; baseline 0.003 -21"><span class='ocrx_word' id='word_1_741' title='bbox 1778 5383 2223 5454; x_wconf 76' lang='lat' dir='ltr'><strong>Responsorium,</strong></span> <span class='ocrx_word' id='word_1_742' title='bbox 2253 5386 2395 5440; x_wconf 87' lang='lat' dir='ltr'><strong>Deus</strong></span> <span class='ocrx_word' id='word_1_743' title='bbox 2418 5387 2668 5440; x_wconf 81' lang='lat' dir='ltr'><strong>omnium.</strong></span> <span class='ocrx_word' id='word_1_744' title='bbox 2728 5384 2784 5439; x_wconf 89' lang='lat' dir='ltr'><strong>In</strong></span> <span class='ocrx_word' id='word_1_745' title='bbox 2823 5386 2978 5441; x_wconf 86' lang='lat' dir='ltr'><strong>tertio</strong></span> <span class='ocrx_word' id='word_1_746' title='bbox 3026 5383 3213 5457; x_wconf 82' lang='lat' dir='ltr'><strong>[Supp.</strong></span> <span class='ocrx_word' id='word_1_747' title='bbox 3264 5399 3361 5440; x_wconf 78' lang='lat' dir='ltr'><strong>nc-</strong></span> 
     </span>
    </p>
   </div>
   <div class='ocr_carea' id='block_1_116' title="bbox 1775 5476 3359 5551">
    <p class='ocr_par' dir='ltr' id='par_1_116' title="bbox 1775 5476 3359 5551">
     <span class='ocr_line' id='line_1_116' title="bbox 1775 5476 3359 5551; baseline -0.003 -17"><span class='ocrx_word' id='word_1_748' title='bbox 1775 5478 1992 5551; x_wconf 89' lang='lat' dir='ltr'><strong>cturno]</strong></span> <span class='ocrx_word' id='word_1_749' title='bbox 2047 5480 2266 5534; x_wconf 89' lang='lat' dir='ltr'><strong>homilia</strong></span> <span class='ocrx_word' id='word_1_750' title='bbox 2314 5496 2379 5533; x_wconf 81' lang='lat' dir='ltr'><strong>ex</strong></span> <span class='ocrx_word' id='word_1_751' title='bbox 2434 5478 2726 5549; x_wconf 77' lang='lat' dir='ltr'><strong>Evangelio</strong></span> <span class='ocrx_word' id='word_1_752' title='bbox 2754 5495 2767 5530; x_wconf 91' lang='lat'>:</span> <span class='ocrx_word' id='word_1_753' title='bbox 2799 5476 2971 5531; x_wconf 89' lang='lat' dir='ltr'><strong>Homo</strong></span> <span class='ocrx_word' id='word_1_754' title='bbox 3000 5478 3211 5548; x_wconf 85' lang='lat' dir='ltr'><strong>quidam</strong></span> <span class='ocrx_word' id='word_1_755' title='bbox 3247 5484 3359 5531; x_wconf 87' lang='lat' dir='ltr'><strong>erat</strong></span> 
     </span>
    </p>
   </div>
   <div class='ocr_carea' id='block_1_117' title="bbox 1775 5568 3356 5641">
    <p class='ocr_par' dir='ltr' id='par_1_117' title="bbox 1775 5568 3356 5641">
     <span class='ocr_line' id='line_1_117' title="bbox 1775 5568 3356 5641; baseline -0.001 -18"><span class='ocrx_word' id='word_1_756' title='bbox 1775 5571 1935 5624; x_wconf 85' lang='lat' dir='ltr'><strong>dives.</strong></span> <span class='ocrx_word' id='word_1_757' title='bbox 2000 5570 2361 5641; x_wconf 82' lang='lat' dir='ltr'><strong>Responsoria</strong></span> <span class='ocrx_word' id='word_1_758' title='bbox 2414 5570 2479 5625; x_wconf 90' lang='lat' dir='ltr'><strong>de</strong></span> <span class='ocrx_word' id='word_1_759' title='bbox 2536 5570 2777 5640; x_wconf 81' lang='lat' dir='ltr'><strong>ejusdem</strong></span> <span class='ocrx_word' id='word_1_760' title='bbox 2833 5568 3054 5624; x_wconf 89' lang='lat' dir='ltr'><strong>historia</strong></span> <span class='ocrx_word' id='word_1_761' title='bbox 3103 5576 3356 5629; x_wconf 88' lang='lat' dir='ltr'><strong>cantent,</strong></span> 
     </span>
    </p>
   </div>
   <div class='ocr_carea' id='block_1_118' title="bbox 1776 5652 3360 5735">
    <p class='ocr_par' dir='ltr' id='par_1_118' title="bbox 1776 5652 3360 5735">
     <span class='ocr_line' id='line_1_118' title="bbox 1776 5652 3360 5735; baseline -0.004 -17"><span class='ocrx_word' id='word_1_762' title='bbox 1776 5678 1948 5735; x_wconf 90' lang='lat' dir='ltr'><strong>usque</strong></span> <span class='ocrx_word' id='word_1_763' title='bbox 1995 5660 2263 5735; x_wconf 84' lang='lat' dir='ltr'><strong>Kalendas</strong></span> <span class='ocrx_word' id='word_1_764' title='bbox 2312 5662 2558 5730; x_wconf 78' lang='lat' dir='ltr'><strong>Augusti.</strong></span> <span class='ocrx_word' id='word_1_765' title='bbox 2618 5662 2699 5715; x_wconf 89' lang='lat' dir='ltr'><strong>Ad</strong></span> <span class='ocrx_word' id='word_1_766' title='bbox 2732 5652 3125 5716; x_wconf 10' lang='lat' dir='ltr'><strong>rmatutinalem</strong></span> <span class='ocrx_word' id='word_1_767' title='bbox 3173 5662 3360 5715; x_wconf 89' lang='lat' dir='ltr'><strong>horam</strong></span> 
     </span>
    </p>
   </div>
   <div class='ocr_carea' id='block_1_119' title="bbox 1779 5753 3360 5825">
    <p class='ocr_par' dir='ltr' id='par_1_119' title="bbox 1779 5753 3360 5825">
     <span class='ocr_line' id='line_1_119' title="bbox 1779 5753 3360 5825; baseline -0.003 -16"><span class='ocrx_word' id='word_1_768' title='bbox 1779 5757 2030 5825; x_wconf 87' lang='lat' dir='ltr'><strong>hymnus,</strong></span> <span class='ocrx_word' id='word_1_769' title='bbox 2072 5753 2203 5809; x_wconf 83' lang='lat' dir='ltr'><strong>Ecce</strong></span> <span class='ocrx_word' id='word_1_770' title='bbox 2220 5754 2333 5823; x_wconf 81' lang='lat' dir='ltr'><strong>jam</strong></span> <span class='ocrx_word' id='word_1_771' title='bbox 2367 5756 2552 5809; x_wconf 86' lang='lat' dir='ltr'><strong>noctis.</strong></span> <span class='ocrx_word' id='word_1_772' title='bbox 2596 5754 2778 5824; x_wconf 77' lang='lat' dir='ltr'><strong>Usque</strong></span> <span class='ocrx_word' id='word_1_773' title='bbox 2820 5754 3085 5809; x_wconf 78' lang='lat' dir='ltr'><strong>Kalendas</strong></span> <span class='ocrx_word' id='word_1_774' title='bbox 3113 5753 3360 5810; x_wconf 78' lang='lat' dir='ltr'><strong>Octobris</strong></span> 
     </span>
    </p>
   </div>
  </div>
