3834 6304
114 317 220 376 um

1280 286 1656 344 DISCIPLINA
1697 242 2100 344 raarizxsxs.

3176 290 3321 349 129.3

110 426 233 486 luis.
267 415 326 471 Et
359 415 479 482 post
510 400 923 471 umqnodque
972 408 1318 465 nocturnum,
1371 400 1624 469 antipho-
1658 407 1700 464 Α
1731 401 1863 456 serit
1901 416 1965 453 ex
2013 413 2150 471 pane
2191 408 2244 453 et
2285 399 2407 455 vino
2444 399 2904 472 eleemosynarlns
2941 398 3188 471 accipiat.
3234 403 3316 457 Ad

104 532 203 575 nam
227 519 369 563 unam
408 500 673 569 imponant
703 510 767 548 ex
807 493 966 547 beato
1002 491 1228 558 Joanne,
1270 501 1325 547 et
1371 492 1627 548 lectiones

106 610 249 677 tegant
284 613 341 651 ex
388 592 588 647 eodem.
658 584 1018 655 Responsoria
1061 585 1126 637 de
1175 594 1362 639 sancto
1408 593 1625 648 canant,

112 691 309 753 similiter
332 688 379 740 in
407 680 658 737 laudibus.
682 678 931 748 Quinque
954 677 1263 747 antipboua:
1284 678 1334 732 in
1357 677 1625 743 laudibus,

109 795 146 840 ει
200 773 504 851 postmodum
570 776 814 837 repetant
888 767 1243 837 antiphonam
1309 766 1377 821 de
1438 776 1627 821 sancto

109 877 285 931 loanue.
322 864 395 919 Ad
437 859 657 933 primam
704 860 888 914 dicant
923 860 1143 914 missam
1188 874 1285 929 pro
1334 857 1624 914 defunctis.

107 966 163 1020 Ad
210 959 397 1016 tertiam
425 961 581 1023 agant
613 952 678 1007 de
707 952 928 1019 sanctis,
958 952 1316 1024 adjuugentes
1346 952 1626 1007 collectam

107 1074 153 1112 ex
180 1050 407 1121 Baptista,
446 1056 499 1101 et
537 1045 662 1100 alia.
698 1044 826 1098 Post
879 1045 1242 1115 expletionem
1294 1045 1470 1099 missae
1518 1043 1625 1100 elli-

106 1152 218 1205 t-iant
242 1142 403 1199 omnia
440 1155 503 1194 ex
542 1137 829 1209 magnifico
864 1137 1094 1192 Joanne.

157 1240 326 1294 Octava
358 1232 589 1301 ejusdem
620 1230 889 1300 magnifici
917 1228 1142 1285 Joannis
1174 1228 1410 1284 inalbent
1440 1243 1519 1282 se.
1549 1228 1628 1283 Ad

104 1327 411 1386 nn'itatorium
441 1323 544 1377 duo
567 1322 784 1386 fratres,
818 1321 1001 1391 Ipsum
1041 1338 1208 1391 regem
1228 1337 1625 1391 prarcursorem.

104 1424 297 1494 llymnus
322 1417 384 1471 Ut
420 1426 607 1489 queant
650 1414 810 1468 laxis.
849 1414 1174 1484 Antiphonti:
1201 1423 1255 1468 et
1285 1412 1627 1484 responsoria

102 1514 224 1569 sicuti
249 1511 295 1564 in
323 1507 432 1577 ejus
454 1507 732 1561 nativitate
759 1505 1125 1585 celebrarunt,
1151 1505 1222 1559 ita
1248 1505 1630 1576 persolvantur

101 1607 150 1659 ab
173 1604 413 1667 omnibus;
441 1607 799 1669 praeterquam
848 1597 1195 1668 responsoria
1231 1590 1516 1652 breviata:
1561 1596 1631 1650 At

76 1689 247 1743 ‘Gloria
279 1684 469 1741 Patria
506 1685 691 1755 pueris
728 1684 1127 1739 decantabitur.
1170 1682 1223 1736 In
1284 1683 1475 1754 primis
1528 1683 1626 1749 sic,

1730 508 1986 563 vesperas
2045 492 2151 547 duo
2198 495 2347 562 signa
2410 495 2617 564 pariter
2671 493 2972 565 pulsentur.
3023 494 3178 549 Cerei
3221 494 3315 550 Xll

1728 585 2062 639 collocentur
2114 594 2241 638 ante
2283 583 2471 639 altare.
2532 586 2837 657 Antiphona
2894 586 2960 642 ad
3008 602 3315 658 veSpemm,

1729 674 1881 728 Beati
1915 675 2082 740 eritis,
2115 674 2305 743 psalmi
2334 675 2400 729 de
2430 678 2542 743 ipsa
2586 678 2691 730 die.
2729 676 2937 742 Lectio,
2974 674 3164 733 Petrus
3203 682 3317 750 qui-

1728 762 1843 821 dem
1875 784 1893 823 :
1921 767 2365 838 Responsorium,
2394 766 2452 821 Si
2476 767 2652 836 diligis
2676 784 2774 822 me.
2808 768 2943 823 Tres
2969 771 3050 824 vel
3081 780 3315 841 quatuor

1731 857 1928 913 fratres
1979 868 2103 914 ante
2156 859 2327 913 altare
2378 867 2631 913 resonent
2678 859 2976 930 hymnum;
3022 861 3174 917 Felix
3223 881 3317 933 per

1730 964 1927 1015 omnes,
1961 959 2012 1004 et
2040 949 2411 1004 tantummodo
2449 949 2501 1003 in
2534 949 2636 1003 hac
2675 951 2867 1021 synaxi
2903 962 3141 1007 cantent.
3198 956 3316 1010 Duo

1731 1040 2043 1096 sacerdotes
2092 1040 2383 1095 induantur
2426 1040 2611 1111 cappis
2640 1042 2707 1095 ad
2735 1041 3082 1097 deferendum
3127 1045 3314 1100 incen-

1731 1148 1871 1187 sum.
1919 1132 2252 1202 Autipbona,
2281 1132 2323 1185 Τ
2326 1150 2359 1186 tt
2384 1149 2437 1187 es
2476 1132 2683 1199 Petrus,
2718 1143 2774 1188 et
2814 1135 3156 1204 postmodum
3205 1138 3317 1192 hsce

1734 1223 2132 1294 triumphaliter
2162 1224 2534 1294 explicabitur.
2565 1225 2817 1291 Oremus,
2851 1226 2991 1279 Deus
3031 1229 3121 1297 qui
3159 1229 3320 1283 eccle-

1730 1318 1865 1370 siam
1890 1329 2055 1379 tuam,
2081 1326 2135 1371 et
2162 1327 2406 1388 repetant
2427 1319 2776 1389 antiphonam
2796 1320 2864 1374 de
2885 1332 3073 1376 Sancto
3089 1320 3317 1377 Joanne.

1731 1404 1811 1459 Ad
1839 1406 2251 1476 completorium
2293 1409 2434 1462 hunc
2459 1425 2673 1465 versum
2699 1410 2978 1479 incipiant,
3017 1408 3117 1464 Vos
3140 1412 3321 1464 stcculi

1722 1500 1859 1569 justi
1882 1500 2140 1569 judices:
2178 1500 2251 1554 ita
2299 1501 2510 1555 dicatur
2555 1516 2649 1570 per
2691 1517 2879 1556 omnes
2909 1503 3093 1569 horas,
3153 1519 3325 1574 usque

1732 1582 1799 1643 ad
1829 1598 2100 1643 octavam.
2152 1591 2289 1645 Ante
2312 1590 2628 1645 nocturnale
2648 1593 2963 1660 obsequium
2992 1592 3326 1648 illumiuetnr

1737 1692 1847 1737 tota
1919 1683 2171 1737 ecclesia.
2240 1684 2406 1755 Signa
2476 1683 2657 1737 omnia
2721 1684 3001 1751 pulsentur
3062 1684 3320 1745 insimul,

102 1779 206 1833 Ecce
224 1779 329 1832 dedi
351 1776 494 1831 verba
520 1792 656 1829 mea.
702 1775 757 1828 In
795 1775 1052 1839 secundo,
1081 1773 1241 1845 Reges
1271 1776 1536 1830 ridebunt.
1572 1775 1628 1829 In
1665 1787 1707 1841 Β
1733 1774 2086 1845 quoadusque
2134 1774 2284 1844 pueri
2343 1774 2581 1828 veniant.
2656 1774 3028 1829 luvitatorium
3090 1784 3329 1845 quatuor

99 1870 245 1933 tertio,
274 1866 528 1921 Elisabetlt
572 1864 870 1919 Zachariaz.
920 1865 1207 1919 Lectiones
1253 1874 1397 1931 octo,
1439 1864 1504 1919 Et
1553 1869 1636 1936 fa-

97 1970 206 2012 ctum
228 1968 291 2011 est
328 1973 406 2010 ate
435 1966 635 2009 octaro.
673 1954 727 2008 In
764 1954 921 2009 tertio
965 1955 1185 2009 bomilia
1222 1971 1287 2009 ex
1324 1956 1634 2027 Evangelio,

98 2049 319 2104 Elisabeth
350 2048 611 2118 impletum
636 2059 730 2101 est.
771 2046 901 2102 Post
922 2047 1209 2102 lectionem
1235 2050 1633 2118 evangelicum,

96 2140 203 2193 hanc
224 2138 503 2193 orationem
531 2136 736 2191 dicant.
761 2135 1019 2201 Concede,
1054 2152 1375 2203 qutesumus,
1400 2138 1634 2206 omnipo-

96 2243 182 2285 lens
204 2231 341 2284 Deus.
366 2229 419 2283 In
444 2229 693 2283 laudibus
718 2229 956 2298 quinque
981 2228 1306 2299 antiphonas
1331 2230 1632 2299 imponant.

95 2321 411 2392 Autipbonam
461 2321 805 2391 postmodum
852 2335 977 2375 cum
1023 2318 1207 2374 Gloria
1255 2336 1321 2375 ex
1378 2321 1637 2392 apostolis

95 2421 314 2483 repetant.
353 2412 565 2466 Missam
596 2410 966 2466 matutinalem
1007 2409 1072 2464 de
1124 2413 1330 2467 sanctis
1382 2411 1640 2484 apostolis

90 2492 340 2558 celebrent.
368 2503 445 2558 Ad
473 2502 646 2572 majus
674 2502 929 2570 ollicium,
957 2504 1031 2558 De
1056 2515 1233 2557 ventre
1276 2505 1459 2559 matris
1488 2521 1636 2573 metr,

93 2597 207 2650 sicut
230 2595 276 2650 in
299 2596 407 2662 ejus
440 2595 733 2651 festivitate
761 2595 881 2650 fuit.
920 2595 1180 2662 Collecta,
1206 2582 1462 2662 Concede,
1491 2613 1637 2664 qua:-

93 2702 260 2753 sumus,
297 2689 617 2757 otnnipotens
664 2685 825 2752 Deus,
861 2695 917 2741 et
946 2686 1283 2757 sequentiam
1328 2687 1637 2742 decanteut.

90 2776 154 2829 ‘Ad
201 2792 488 2847 vesperam,
521 2776 833 2847 antipbouze
880 2778 1023 2833 sicut
1065 2779 1115 2832 in
1158 2778 1333 2847 primo
1371 2788 1641 2833 nocturno

92 2868 427 2935 praecinerunt.
467 2867 675 2924 Psalm.
712 2869 778 2923 de
822 2868 962 2924 festo
1006 2867 1165 2923 unius
1214 2869 1493 2941 martyris.
1535 2867 1641 2924 Re-

90 2957 409 3025 sponsorium,
456 2957 753 3035 Elisabetlt.
798 2957 1088 3029 “Hymnus,
1138 2956 1303 3010 Almis
1353 2959 1639 3028 propltette.

88 3047 372 3118 Antiphona,
399 3047 601 3103 Lumen
623 3049 761 3120 quod
784 3052 960 3103 animo
980 3048 1169 3103 cernis.
1198 3046 1386 3103 Oratio
1411 3049 1475 3103 de
1500 3049 1639 3119 ipso,

1743 1865 1793 1918 in
1832 1866 2017 1934 cappis
2058 1865 2263 1931 dicant,
2289 1863 2549 1918 Clu-istum
2580 1864 2770 1935 Regem
2802 1882 2977 1936 regum
3026 1868 3326 1934 adoremus,

1741 1955 1822 2009 vel
1868 1954 1947 2008 Tu
1987 1972 2041 2010 es
2081 1967 2261 2026 pastor
2293 1957 2460 2011 ovium
2490 1969 2507 2006 :
2537 1954 2799 2022 Hymnus,
2835 1958 3073 2011 Ea‘sullct
3121 1959 3326 2013 cte’um.

1739 2036 2027 2101 LectiOnes
2084 2056 2208 2101 octo
2258 2063 2325 2102 ex
2389 2062 2641 2102 sermone
2674 2042 2839 2101 ‘heati
2897 2048 3092 2104 Lconis
3137 2065 3326 2120 papze,

1742 2134 1992 2191 Omnium
2053 2137 2263 2209 quidem
2304 2150 2603 2191 sanctorum
2641 2138 3039 2194 solemnitatem.
3082 2141 3136 2195 lu
3172 2142 3329 2197 tertia

1740 2227 1949 2297 vigilia,
1982 2227 2202 2282 bomilia
2234 2227 2379 2281 beati
2426 2226 2757 2299 Hieronymi,
2795 2227 3070 2299 Philippus
3120 2232 3215 2284 iste
3252 2241 3329 2285 est

1740 2319 1909 2389 frater
1964 2317 2211 2372 Herodis.
2265 2317 2401 2373 Tres
2454 2317 2733 2373 lectiones.
2790 2319 3115 2374 Duodecima
3163 2322 3328 2387 dicta,

1739 2411 1916 2468 sancti
1964 2410 2155 2465 llilarii
2208 2410 2471 2481 episcopi,
2525 2408 2592 2465 In
2638 2426 2881 2479 processu
2934 2413 3209 2467 sermonis.
3248 2413 3331 2468 Ad

1742 2505 1959 2561 tertiam
1989 2514 2167 2559 autem
2200 2504 2487 2558 lectionem
2528 2503 2599 2558 sit
2633 2504 2889 2558 sacerdos
2921 2504 2974 2558 in
3014 2506 3199 2576 cappis
3236 2507 3329 2576 qui

1744 2598 1989 2654 iacenset
2017 2595 2187 2651 altare
2216 2594 2388 2663 majus
2421 2604 2629 2649 tantqu
2668 2603 2723 2650 et
2748 2597 2995 2650 chorum.
3030 2581 3334 2669 ReSponso-

1743 2690 1822 2745 ria
1852 2689 1958 2743 duo
1981 2694 2037 2741 et
2065 2686 2173 2741 duo
2204 2686 2495 2741 deeanteut
2537 2687 2742 2756 pariter
2773 2705 2784 2740 :
2817 2688 2884 2741 ad
2929 2687 3113 2743 Gloria
3154 2687 3330 2757 Patri,

1742 2778 2077 2848 adjiciantur
2127 2777 2344 2848 plures,
2390 2786 2445 2831 et
2493 2784 2616 2847 post
2666 2774 2847 2831 Gloria
2899 2779 3255 2849 recapituleut
3302 2797 3332 2834 a

1743 2871 1939 2941 capite.
2004 2870 2131 2926 Post
2183 2868 2544 2938 expletionem
2599 2869 2931 2933 lectionum,
2982 2870 3332 2942 Evangelium

1752 2962 1903 3017 Venit
1938 2961 2117 3016 Jesus.
2156 2961 2391 3018 Collecta
2423 2963 2490 3015 a'l
2524 2962 2818 3017 matutinas
2854 2958 3059 3019 laudes.
3097 2964 3337 3036 Respon-

1746 3054 1981 3117 sorium,
2027 3050 2723 3123 Quodcunque:ﬂymnus,
2779 3052 2952 3106 Aurea
3000 3052 3135 3108 luce.
3184 3055 3338 3109 Anti-

89 3147 132 3193 ct
160 3141 479 3209 postmodum
522 3150 776 3212 repetant
815 3140 1164 3210 antipbonam
1207 3141 1272 3196 de
1310 3140 1592 3211 apostolis.
1670 3137 1716 3199 C
1749 3144 1950 3216 phona,
1992 3140 2356 3213 Quodcunque
2400 3139 2680 3195 :Oremus
2706 3147 2759 3195 et
2786 3141 3078 3210 antipboua
3106 3143 3172 3199 de
3200 3158 3337 3216 pra:—

618 3231 849 3290 CAPUT
886 3232 1063 3288 XVIII.

516 3340 722 3380 V1GHJA
759 3340 947 3379 SANCTI
996 3340 1173 3381 PAULL

182 3412 365 3467 Taliter
397 3413 745 3484 apostolicum
783 3413 905 3468 colit
945 3414 1273 3469 observantia
1312 3414 1523 3484 festum.

142 3503 264 3557 Ante
292 3506 521 3574 primam
560 3505 830 3561 adornent
861 3513 1029 3560 totam
1061 3505 1348 3561 ecclesiam
1380 3522 1475 3577 per
1495 3506 1643 3560 ordi-

84 3608 207 3659 nem,
234 3596 365 3651 sicut
399 3595 500 3651 luit
530 3597 586 3652 in
626 3598 711 3652 die
739 3597 934 3652 natalis
960 3599 1192 3654 Domini.
1228 3598 1446 3653 Missam
1473 3606 1647 3653 rnatu-

85 3684 272 3742 tinalem
327 3697 493 3759 agant
549 3689 618 3744 de
680 3698 867 3745 sancto
918 3689 1099 3745 Leone
1147 3706 1305 3762 papa.
1367 3690 1645 3758 Oﬂicium,

83 3778 253 3834 Statuit
279 3782 346 3847 ei,
385 3783 566 3837 oratio
596 3782 664 3837 de
692 3792 885 3838 sancto
928 3782 1130 3846 Leone,
1164 3792 1217 3838 et
1246 3783 1469 3839 collecta
1502 3785 1645 3839 beati

80 3869 296 3939 Joannis,
316 3883 370 3929 et
393 3873 516 3928 alia:
543 3874 1037 3929 consuetudinaria:
1056 3889 1155 3943 pro
1176 3873 1329 3938 vivis,
1356 3876 1650 3944 adjnngcn-

82 3972 149 4016 tes
195 3962 507 4019 Sanctorum
563 3976 775 4019 tuorum
821 3966 1137 4021 novissime.
1185 3966 1446 4039 Epistula,
1516 3965 1647 4021 Ecce

78 4055 293 4108 sacerdos
342 4072 592 4126 magnus.
646 4054 1016 4126 Evangelium,
1077 4054 1273 4121 Videte,
1323 4058 1551 4127 vigilate,
1601 4067 1649 4111 et

80 4155 220 4198 orate.
258 4146 608 4203 Oﬂ'erendam
642 4146 843 4202 faciant
888 4163 1119 4202 omnes:
1150 4157 1271 4218 post
1311 4157 1542 4213 sextam,
1593 4156 1651 4201 ut

77 4237 326 4292 audierint
353 4241 604 4310 signum,
650 4246 871 4308 surgant
901 4253 931 4292 e
960 4238 1190 4304 lectulis,
1233 4240 1412 4293 lavent
1459 4255 1653 4294 manus

78 4335 218 4395 atque
247 4326 433 4395 facies,
459 4338 518 4384 et
540 4338 668 4383 eant
688 4329 841 4399 pueri
870 4328 921 4382 iu
946 4328 1230 4384 ecclesiam
1259 4329 1462 4399 absque
1492 4328 1651 4384 ullius

73 4418 230 4471 sonitu
258 4420 422 4490 signi.
464 4418 698 4475 Faciant
730 4419 1055 4485 orationem,
1086 4427 1140 4473 et
1178 4418 1435 4473 induatur
1471 4433 1652 4474 sacer-

1748 3255 1989 3295 cursore.

1818 3330 1978 3385 Missa
2009 3327 2343 3384 matutinalis
2370 3327 2473 3381 alia
2510 3343 2615 3382 non
2669 3326 2871 3398 agitur,
2901 3326 3005 3381 nisi
3050 3327 3137 3381 illa
3173 3341 3334 3397 quam

1749 3421 2061 3477 sacerdotes
2109 3418 2305 3489 populo
2334 3418 2621 3473 decantant
2650 3431 2749 3487 per
2786 3417 2996 3471 altaria.
3060 3416 3166 3472 Sed
3213 3432 3336 3471 mox

1749 3512 2051 3569 utesierint
2068 3512 2133 3567 de
2160 3510 2401 3582 capitulo
2422 3520 2575 3565 sonet
2597 3508 2845 3580 squillam
2866 3517 3048 3563 custos
3069 3508 3336 3563 ecclesim.

1750 3605 1910 3661 Pueri
1954 3613 2172 3669 exeant,
2228 3603 2410 3657 lavent
2468 3617 2679 3667 manus,
2734 3609 2896 3670 atque
2951 3601 3003 3655 in
3051 3600 3336 3667 ecclesiam

1751 3704 1993 3768 pergant.
2053 3693 2190 3748 Tum
2251 3692 2578 3748 secretarius
2636 3691 2811 3745 dcimo
2861 3689 3036 3760 pulset
3078 3689 3290 3760 signum
3320 3728 3337 3755 ,

1751 3788 2030 3861 quousque
2074 3787 2290 3842 veniant
2345 3784 2525 3839 facere
2574 3784 2875 3838 orationem
2931 3797 2946 3837 :
2995 3800 3100 3854 qua
3159 3781 3336 3847 facta,

1753 3876 2046 3938 induantur
2074 3897 2265 3937 omnes
2306 3890 2413 3934 tam
2454 3879 2690 3933 minores
2722 3893 2881 3947 quam
2916 3876 3151 3946 majores
3180 3874 3339 3929 albis.

1755 3974 1958 4030 Deinde
2014 3983 2237 4030 sonetnr
2292 3972 2503 4043 signum
2559 3978 2614 4023 et
2661 3977 2826 4039 agant
2886 3968 3122 4020 tertiam.
3188 3964 3340 4045 Tunc

1752 4067 2020 4137 accipiant
2049 4074 2364 4119 ornamenta
2407 4059 2856 4132 processionaria,
2885 4056 3340 4128 quemadmodum
3433 4078 3445 4091 ο

1752 4157 1840 4213 die
1888 4156 2082 4215 natalis
2125 4155 2337 4211 Domini
2394 4154 2563 4208 nostri
2612 4151 2735 4205 Jesu
2787 4150 3009 4204 Christi.
3058 4147 3342 4202 Armarius

1755 4247 1995 4316 imponat
2025 4245 2396 4313 antiphonam,
2435 4242 2572 4295 Dum
2604 4241 2882 4293 duceretur
2914 4237 3129 4299 Petrus,
3170 4243 3226 4289 et
3267 4236 3341 4290 ita

1756 4337 1979 4407 incipiat
2003 4335 2298 4406 processio.
2327 4343 2381 4388 et
2404 4341 2600 4386 exeant
2633 4332 2773 4385 sicut
2800 4338 3065 4383 venerunt
3094 4327 3343 4382 ordinate

1759 4444 1855 4499 per
1898 4427 2153 4481 claustra.
2207 4425 2340 4479 Cum
2387 4423 2590 4479 fuerint
2626 4423 2677 4476 in
2710 4421 2848 4475 atrio
2878 4428 3003 4473 ante
3034 4427 3343 4488 prmpareut

74 4508 155 4563 dos
179 4511 382 4578 casula,
414 4512 682 4568 diaconus
708 4510 1023 4576 dalmatica,
1045 4510 1412 4566 subdiaconus
1440 4512 1647 4567 tunica:
1683 4492 1730 4551 Ῐ)
1758 4492 1836 4584 ξε,
1860 4530 1917 4573 ιιι
1943 4535 2059 4574 mos
2085 4526 2189 4582 est,
2218 4517 2271 4571 in
2294 4516 2495 4582 choro;
2527 4525 2717 4569 cantor
2745 4512 2962 4568 inchoet
2993 4512 3343 4582 antiphonam

70 4611 302 4658 cantores
333 4604 388 4657 in
416 4605 593 4659 choro
616 4618 739 4658 cum
762 4617 932 4672 cappa
961 4620 975 4657 :
1002 4611 1112 4657 tres
1138 4604 1383 4658 conversi
1415 4604 1466 4658 in
1494 4603 1652 4671 albis,

70 4707 280 4760 quorum
331 4696 442 4751 duo
477 4695 727 4751 deferant
752 4695 1007 4751 candelas
1053 4705 1109 4750 et
1152 4692 1523 4795 th/dribulum;
1578 4698 1656 4752 in-

69 4784 226 4843 fantes
271 4803 470 4843 omnes
514 4790 623 4843 sint
663 4787 715 4841 in
756 4787 924 4853 albis;
976 4787 1084 4842 duo
1124 4784 1319 4843 fra'tres
1372 4788 1423 4842 in
1472 4788 1657 4859 cappis

67 4877 123 4929 ad
162 4884 600 4951 respoasorium,
640 4888 696 4934 et
750 4888 877 4935 tunc
919 4880 1203 4949 pulsentur
1248 4879 1428 4935 omnia
1478 4881 1653 4951 signa.

122 4966 387 5040 Ollicium,
437 4973 589 5027 Dixit
635 4971 886 5025 Dominus
918 4969 1074 5025 Petro
1100 4990 1119 5026 :
1156 4969 1366 5035 Oratio,
1409 4969 1651 5036 Prtesta,

62 5076 379 5131 qucrsumus,
438 5066 769 5133 ontnipoteus
800 5062 938 5117 Deus
988 5079 1007 5117 :
1058 5061 1523 5133 Responsorium,
1586 5062 1653 5117 In

63 5170 250 5210 omnem
308 5168 517 5212 terram
562 5170 581 5210 :
623 5155 990 5221 Oﬂ'ertorium,
1050 5152 1183 5207 Mihi
1230 5164 1404 5208 autem
1452 5156 1651 5221 nimis,

64 5252 230 5302 textus
291 5247 580 5319 Evangelii
646 5245 894 5303 deferant
940 5245 1008 5300 ad
1072 5258 1261 5300 omnes
1299 5262 1313 5299 :
1358 5245 1425 5299 ad
1465 5259 1653 5315 pacem

59 5350 235 5395 omnes
288 5342 598 5408 accedant;
661 5342 713 5396 in
769 5339 1060 5397 refectorio
1110 5338 1306 5392 tabulre
1364 5348 1651 5411 coopertus,

59 5430 358 5497 generalem
406 5433 594 5487 cuncti
625 5433 885 5497 habeant,
912 5441 1075 5502 atque
1123 5428 1428 5497 pitantiam,
1479 5431 1655 5503 quali-

58 5535 260 5591 cunque
306 5524 562 5579 evenerit
614 5524 719 5578 die.
789 5523 966 5595 Adeps
1009 5541 1110 5580 nec
1166 5525 1481 5581 comedatnr
1535 5526 1649 5595 ipsa

58 5612 166 5671 die.
198 5617 463 5673 Charitas
492 5619 807 5691 pr0pinetnr
841 5620 909 5674 ad
935 5634 1149 5688 omnes,
1180 5629 1234 5676 et
1265 5603 1407 5691 ψιδά
1439 5636 1669 5690 τθηιιιιιο,

1758 4606 1923 4677 hanc,
1957 4609 2114 4665 Ducti
2134 4620 2252 4663 sunt
2283 4607 2472 4662 Petrus
2499 4622 2519 4661 :
2547 4606 2745 4662 exhinc
2786 4603 3011 4675 incipiat
3059 4618 3343 4673 responso-

1763 4705 1919 4767 rium,
1979 4702 2057 4757 Tu
2099 4718 2154 4756 es
2191 4710 2374 4773 pastor
2414 4700 2606 4765 ouium,
2637 4708 2692 4755 et
2721 4699 2922 4753 intrent
2955 4696 3006 4751 in
3040 4695 3342 4751 basilicam.

1760 4793 1912 4847 Tunc
1954 4790 2369 4861 personantihus
2404 4789 2614 4845 cunctis
2668 4788 2859 4860 signis,
2902 4788 2992 4841 det
3020 4783 3342 4839 secretarius

1759 4885 2011 4941 omnibus
2044 4883 2301 4940 fratribus
2331 4897 2553 4955 cappas,
2600 4883 2784 4954 pueris
2822 4880 3048 4935 tunicas.
3096 4876 3339 4932 Officium

1763 4995 1792 5034 a
1826 4979 2110 5035 duodecim
2160 4980 2232 5033 sit
2274 4978 2621 5033 custoditum.
2680 4972 3038 5045 Responsoria
3089 4978 3341 5039 quatuor,

1766 5067 1977 5125 alleluia
2006 5084 2097 5124 sex
2124 5069 2175 5122 in
2201 5068 2314 5137 (27)
2350 5066 2579 5122 amboue
2601 5064 2928 5136 persolvant.
2971 5060 3212 5117 Ofﬁcium
3240 5060 3346 5112 dno

1765 5159 1968 5215 faciant
2012 5178 2025 5213 :
2071 5158 2139 5213 ad
2183 5157 2579 5213 inchoationem
2648 5168 2818 5209 sacrm
2872 5149 3151 5205 duodecim
3200 5146 3343 5201 cerei

1764 5254 2129 5308 accendantur
2174 5259 2300 5305 ante
2348 5249 2536 5303 altare.
2572 5247 2664 5329 ‘Ad
2705 5244 3133 5316 explanationem
3167 5241 3343 5295 missa:

1763 5344 1942 5399 omnia
1981 5344 2131 5414 signa
2172 5342 2468 5412 pulsentur.

1824 5436 1881 5491 In
1940 5422 2229 5493 refectorio
2267 5433 2449 5489 omnia
2476 5431 2712 5487 habeant
2756 5435 3052 5501 praeparata
3100 5426 3239 5481 sicut
3287 5422 3343 5477 in

1759 5528 1995 5599 pascha,
2046 5527 2345 5594 eademque
2403 5520 2708 5595 propinatio
2760 5522 2873 5575 fiat.
2935 5519 3015 5573 Ad
3064 5529 3343 5589 vesperam

1756 5622 2075 5693 antipbona,
2112 5619 2325 5674 Iuravit
2353 5614 2631 5685 Dominus,
2684 5625 2740 5672 et
2776 5615 2894 5671 alia:
2934 5606 3072 5670 sicut
3107 5627 3222 5667 mos
3260 5616 3345 5664 est

120 5750 230 5816 (27)
270 5752 476 5816 Ambo,
529 5751 810 5820 pulpitum,
841 5753 1073 5812 tribunal
1101 5753 1367 5816 ecclesiae,
1398 5753 1467 5808 ad
1512 5752 1656 5812 ouod
1688 5752 1947 5815 (trudibus
1975 5750 2307 5807 asecmlitm.
