3864 6314
447 344 592 404 ηἰό
672 408 675 411 ,

1536 333 1870 391 GUIDONIS
1905 330 2200 389 ABBATIS
2249 328 2636 386 FARFENSlS

3592 331 3719 387 Im

447 472 611 528 cgere
637 455 688 511 iu
730 430 965 509 uatilitio
1017 446 1402 523 apostolorum.
1454 446 1891 517 Rcsponsorium,
1945 444 2044 499 Pe—
2076 457 2120 513 Α
2145 443 2331 508 leluia,
2363 442 2475 512 Ego
2507 459 2592 497 vos
2624 443 2752 511 elegi
2782 458 2799 497 :
2830 436 3212 512 Evangeliuni,
3270 440 3385 496 Hoc
3425 453 3501 496 est
3558 462 3733 510 praes.

448 561 559 603 trus
590 546 854 618 apostolus
883 555 929 599 et
955 544 1157 598 Paulus
1180 558 1198 594 .'
1230 543 1493 613 Hymnus,
1531 537 1686 593 Felix
1716 556 1807 609 per
1829 554 2039 591 omnes:

446 640 695 696 Oremus.
730 638 867 693 Deus
887 637 977 706 qui
1006 634 1241 705 apostolo
1274 644 1363 687 tuo
1392 630 1549 686 Petro
1578 631 1799 685 collatis.
1837 630 2041 684 Deinde

449 744 699 803 repetant
738 733 802 785 de
854 738 1040 785 sancto
1080 727 1269 783 Paulo.
1319 725 1621 795 Antipltona
1668 739 1789 777 cum
1833 721 2039 775 Gloria.

445 826 631 880 Oratio
673 825 867 895 ipsius;
914 832 969 877 et
1003 819 1344 890 postmodum
1384 818 1450 871 de
1492 826 1679 871 sancto
1718 815 1949 870 Joanne.
1982 814 2039 868 Si

447 918 548 970 ista
576 915 843 970 festivitas
887 912 1130 967 evenerit
1176 910 1263 964 die
1305 909 1604 972 Dominico,
1636 908 2041 977 processionem

446 1008 651 1065 faciant
688 1009 829 1062 sicut
870 1006 922 1060 in
962 1002 1363 1059 resurrectione
1404 1000 1671 1054 fecerunt.

1039 1092 1265 1149 CAPUT
1306 1090 1447 1146 XIX.

911 1188 979 1242 In
1017 1189 1187 1241 sancti
1232 1184 1392 1238 Pauli
1434 1184 1587 1253 festo.

517 1281 575 1337 In
619 1280 794 1336 sancti
828 1278 975 1334 Pauli
1007 1322 1021 1345 ,
1067 1278 1130 1331 ad
1162 1276 1531 1331 invitatoriam
1564 1274 1669 1327 duo
1699 1272 1807 1326 sint
1838 1270 1889 1324 in
1920 1285 2045 1339 cap-

446 1372 552 1444 pis.
612 1370 891 1441 Hymnus,
942 1367 1178 1421 Exsul:et
1217 1364 1421 1418 uelum.
1472 1362 1656 1417 Primo
1705 1370 1758 1414 et
1806 1359 2043 1414 secundo

448 1475 713 1520 nocturno
764 1462 1026 1515 lectiones
1051 1466 1361 1513 sanctorum
1394 1455 1648 1515 Patrum,
1698 1449 1882 1503 Filioli
1908 1451 2032 1515 mei,

446 1555 627 1607 audite
649 1569 761 1615 nos,
787 1561 834 1603 et
871 1549 1087 1602 liberate
1115 1564 1218 1601 vos.
1251 1543 1637 1615 Responsoria,
1660 1542 1762 1607 Qui
1789 1550 2035 1610 aperalus

446 1655 522 1699 est
552 1642 1320 1708 Petro.Quartum,octavum,
1341 1633 1787 1689 etduodecimum
1815 1647 1842 1684 a
1870 1630 2045 1700 capite

447 1743 571 1804 post
605 1730 785 1785 Gloria
824 1729 1134 1799 incipiatur.
1167 1727 1223 1781 ln
1253 1725 1522 1789 laudibus,
1554 1723 1818 1794 llymuus,
1854 1721 2047 1775 Doctor

2145 545 2289 605 ptum
2324 550 2494 587 nteant
2525 550 2543 587 :
2580 531 2847 597 Olllcium,
2875 531 2941 586 In
2987 549 3194 586 omnem
3224 543 3424 587 terram
3452 551 3470 586 :
3494 534 3734 590 Commu-

2148 628 2258 692 uio,
2293 624 2418 691 Vos,
2447 626 2536 697 qui
2556 627 2721 679 secuti
2749 626 2872 681 estis
2893 626 3088 680 me.Ad
3117 641 3425 696 vesperam,
3452 628 3733 698 antipbona

2146 734 2265 788 quae
2309 733 2471 788 super
2515 717 2868 787 Evangelium
2897 717 2991 781 sit,
3020 732 3143 786 qua:
3174 719 3491 772 communis
3522 720 3595 772 sit
3636 737 3738 773 au-

2147 813 2364 878 borum,
2394 821 2451 865 et
2477 809 2670 879 psalmi
2711 811 2777 865 de
2809 810 2963 865 feria.
3010 811 3136 867 Post
3168 811 3391 866 tertiam
3438 824 3608 882 agant
3642 813 3737 866 (ἑο

2145 904 2288 959 Cium
2334 914 2670 957 mortuorum
2700 902 2843 957 sicut
2883 916 2999 956 mos
3026 910 3127 956 est.
3174 900 3230 955 Si
3278 913 3517 956 sanctus
3567 902 3739 972 aliquis

2145 995 2392 1051 evenerit
2430 995 2573 1050 unde
2630 1007 2740 1051 tres
2789 979 3053 1050 lectiones
3102 993 3384 1059 efﬁciant,
3446 996 3649 1052 faciant
3694 1006 3739 1050 tu

2148 1078 2470 1159 protulimus
2494 1087 2634 1143 infra
2657 1097 2880 1155 octavas
2908 1086 2967 1142 S.
2997 1086 3245 1143 Joannis.

2666 1176 3067 1233 CAPITULUM
3100 1175 3218 1233 XX.

2618 1268 2830 1323 Oetaeis
2887 1267 3273 1338 apostolorum.

2156 1367 2161 1372 ’
2219 1361 2437 1419 Octavis
2499 1361 2870 1431 apostolorum
2932 1359 3232 1429 antipbona
3304 1360 3377 1413 ad
3449 1374 3739 1430 vesperam.

2148 1455 2299 1511 Beati
2325 1456 2470 1509 eritis
2494 1471 2612 1508 cum
2636 1471 2745 1508 vos.
2766 1453 2966 1509 Psalmi
2993 1468 3056 1508 ex
3085 1451 3221 1507 feria
3245 1471 3257 1506 :
3283 1451 3573 1524 Hymnus,
3597 1454 3743 1505 Αιηι

2149 1545 2311 1601 luce:
2349 1543 2679 1615 Autipltona,
2731 1542 2831 1597 Isti
2876 1552 2995 1597 sunt
3039 1543 3264 1596 sancti:
3320 1540 3591 1607 Oremus,
3628 1542 3743 1595 Dm

2148 1638 2301 1708 cujus
2342 1636 2557 1691 dextera
2589 1652 2606 1690 :
2657 1634 3033 1690 luvitatoriuin
3060 1677 3075 1701 ,
3102 1632 3359 1688 Gaudete
3385 1645 3439 1688 et
3491 1634 3742 1696 exsultat,

2149 1729 2255 1783 duo
2290 1728 2487 1783 fratres
2513 1728 2803 1783 decantent
2826 1727 2876 1780 in
2907 1728 3110 1797 cappis.
3136 1727 3480 1780 Luminaria
3513 1728 3611 1780 tria
3641 1738 3742 1779 ante

448 1824 667 1895 egregie.
700 1823 1005 1891 Antipltoua
1047 1830 1102 1874 et
1146 1818 1322 1872 oratio
1350 1817 1520 1887 ipsius
1550 1833 1564 1869 :
1606 1825 1660 1869 et
1700 1814 2041 1883 postmodum
2079 1808 2118 1866 ll
2150 1820 2341 1887 altare,
2375 1822 2625 1892 hymnus,
2650 1820 2887 1874 Exsultet
2914 1819 3120 1873 ctnlunt.
3141 1819 3497 1888 Antiphoni:
3523 1818 3740 1889 plurimo-

450 1918 518 1970 de
574 1923 765 1969 sancto
808 1912 1012 1977 l’etro,
1063 1925 1185 1965 cum
1237 1908 1441 1963 Gloria.
1508 1906 1637 1960 Dein
1690 1905 1756 1959 de
1803 1903 2043 1974 Baptista

448 2005 679 2059 Joanne.
717 2004 797 2058 Ad
829 2004 1050 2057 missam
1096 1999 1469 2053 matutinalcm
1524 1998 1589 2051 de
1622 2006 1811 2051 sancto
1860 1995 2042 2060 Petro,

452 2099 611 2153 Nunc
640 2098 746 2150 scio
774 2113 908 2150 vere.
935 2094 1170 2150 Collecta
1189 2133 1203 2157 ,
1243 2090 1470 2155 Prwsta,
1517 2104 1839 2159 qua'sumus,
1874 2088 2043 2140 omni-

448 2200 629 2260 potens
676 2187 838 2251 Deus,
892 2196 943 2238 ut
984 2184 1165 2249 nullis,
1196 2192 1360 2253 atque
1404 2179 1629 2235 Joannis
1670 2178 1956 2247 Baptistm,
1990 2184 2045 2232 el

450 2280 590 2335 aliae.
642 2282 721 2334 Ad
770 2281 1026 2348 majorem
1055 2291 1243 2331 omnes
1296 2275 1405 2330 sint
1446 2272 1763 2328 circumdati
1824 2270 2039 2339 cappis,

447 2371 602 2441 pueri
641 2370 856 2424 tunicis.
884 2368 1129 2423 Ollieium
1165 2374 1520 2422 teneautsex.
1546 2363 1810 2432 Epistula,
1843 2358 2043 2414 Notum

450 2463 589 2533 facio
635 2462 773 2516 vobis
824 2461 1167 2531 Evangelium
1220 2473 1411 2513 meum.
1487 2454 1756 2510 Graduale
1810 2463 2044 2522 quatuor

451 2563 695 2609 cantent.
730 2552 959 2607 Alleluia
999 2567 1115 2615 sex,
1149 2551 1213 2605 ad
1245 2551 1406 2604 linem
1441 2549 1618 2602 missae
1665 2546 1847 2600 omnia
1888 2545 2040 2613 signa

450 2647 763 2701 sonitizent.
788 2644 842 2697 lu
875 2642 1023 2696 boris
1053 2642 1365 2711 antipboita:
1387 2655 1507 2709 quae
1531 2641 1640 2693 sint
1667 2639 1730 2692 de
1767 2636 2039 2699 laudibus,

449 2736 567 2792 sine
599 2735 847 2790 versibus
896 2733 1223 2803 sequacibus
1271 2740 1612 2801 promantur.
1659 2728 1739 2782 Ad
1786 2740 2041 2798 vesperas

448 2827 761 2899 antipbona:
797 2827 863 2881 de
907 2836 1176 2881 nocturno
1212 2824 1462 2879 dicantur
1495 2822 1614 2876 sine
1664 2820 1934 2875 versibus.
1982 2818 2039 2872 lu

447 2922 643 2993 primis
669 2920 774 2987 Qui
819 2930 1064 2990 operatus
1110 2929 1185 2972 est
1228 2916 1404 2981 Petro,
1439 2923 1493 2969 et
1531 2914 1668 2969 alite.
1728 2912 2040 2983 Responso-

449 3014 590 3071 rium
623 3011 701 3065 Tu
732 3028 784 3067 es
823 3029 912 3066 vas
940 3010 1227 3065 elcction's.
1285 3007 1558 3078 Hymnus,
1584 3005 1781 3059 Doc:or
1815 3003 2037 3073 egregie.

447 3103 799 3157 Postmodnm
832 3110 1081 3170 repetant
1114 3100 1465 3169 antipbonam
1490 3098 1556 3151 de
1591 3104 1781 3150 sancto
1809 3094 2035 3159 Joanne,

448 3195 574 3250 dein
605 3195 670 3249 de
721 3194 965 3263 apostolo
996 3192 1176 3247 Petro.
1226 3191 1283 3245 1n
1332 3190 1572 3245 crastino
1604 3204 1732 3244 vero
1763 3187 2039 3243 celebrent

447 3297 674 3344 octavas
722 3286 894 3341 sancti
929 3284 1154 3339 Joannis
1185 3285 1327 3338 sicut
1360 3283 1610 3352 superius
1644 3281 1907 3336 insertum
1939 3280 2036 3334 lia-

447 3380 662 3436 bemus.

482 3472 700 3527 Pridie
745 3471 924 3526 missre
970 3468 1039 3542 if.
1093 3466 1317 3542 mensis]
1371 3466 1499 3522 Julii
1538 3463 1771 3522 ollicium
1819 3463 2037 3535 plenum

447 3566 544 3623 flat
573 3573 780 3635 septem
810 3563 999 3619 diebus
1027 3576 1125 3634 pro
1174 3561 1388 3616 cunctis
1420 3558 1783 3613 familiaribus
1815 3557 2037 3623 nostris,

449 3659 608 3715 sicuti
646 3657 762 3712 ﬁeri
806 3671 923 3711 mos
960 3663 1043 3710 est
1068 3669 1167 3725 pro
1191 3652 1453 3708 fratribus
1485 3651 1687 3707 nostris
1727 3650 2038 3705 novembris

450 3746 646 3819 [suppl.
680 3744 912 3817 mense]

522 3840 666 3893 Infra
717 3848 941 3893 octavas
1002 3839 1195 3893 borum
1264 3816 1638 3908 apostolorum
1704 3835 1778 3889 ita
1852 3842 2069 3908 agant._

450 3930 638 3987 Genua
668 3945 774 3984 non
806 3931 1043 3985 flectant.
1074 3929 1477 3990 Invitatorium,
1532 3928 1719 3997 Regem
1769 3924 2037 3995 apostolo-

449 4040 600 4079 rum:
625 4024 888 4095 Hymnus,
920 4022 1156 4077 lixsultet
1175 4022 1381 4077 caelum.
1409 4022 1581 4093 Supra
1612 4020 1850 4092 psalmos
1879 4034 2036 4075 assu-

448 4125 600 4172 mant
623 4116 691 4170 de
721 4116 984 4185 apostolis
1023 4131 1143 4185 qua:
1169 4114 1499 4170 conveniant
1529 4132 1542 4168 :
1578 4122 1671 4167 aut
1702 4128 1766 4168 ex
1812 4112 2035 4168 historia

445 4207 717 4279 Principis
746 4208 1156 4279 apostolorum,
1202 4224 1322 4277 quae
1377 4208 1518 4262 inter
1565 4222 1624 4263 se
1680 4207 2033 4261 concordent.

446 4297 732 4355 Lectiones
778 4298 844 4355 de
891 4306 1204 4354 sanctorum
1263 4296 1483 4352 Patrum
1515 4297 1876 4353 sermonibus.
1930 4295 2038 4350 Rc-

444 4391 786 4460 sponsorium
842 4389 1069 4461 apostoli
1118 4388 1376 4458 principis
1410 4388 1666 4458 primum,
1732 4386 2034 4442 secundum

444 4480 621 4535 sancti
648 4480 818 4543 Pauli,
850 4483 1066 4535 tertium
1105 4479 1248 4535 Petri
1293 4480 1456 4534 beati.
1507 4479 1779 4533 Psalmum
1824 4479 2030 4532 nullum
2066 4509 2117 4568 υ

444 4581 567 4640 post
594 4581 884 4627 nocturnas
913 4581 1218 4637 assumant,
1246 4571 1341 4625 sed
1367 4570 1550 4625 statim
1578 4576 1773 4624 sonent
1816 4569 2030 4637 signum

443 4674 502 4717 et
529 4672 692 4734 agant
746 4664 1039 4719 matutinas
1100 4679 1167 4718 ex
1217 4663 1370 4731 luce,
1408 4672 1461 4718 et
1505 4664 1646 4717 lianc
1683 4662 2033 4731 antipbouam

446 4755 757 4823 imponant,
817 4753 932 4807 Hoc
988 4765 1061 4808 est
1129 4765 1445 4824 praeceptum
1498 4771 1688 4808 meum.
1754 4751 2031 4824 Hymnus,

444 4846 622 4899 Aurea
659 4846 794 4899 luce.
848 4844 1199 4901 Postmodnm
1240 4847 1291 4900 in
1344 4846 1452 4900 alio
1476 4846 1641 4900 cboro
1670 4855 1890 4900 cantent
1914 4859 2026 4899 ma-

444 4938 650 4992 tutinas
715 4937 955 4991 omnium
1011 4937 1333 4991 Sanctorum
1388 4946 1551 5007 atque
1611 4935 2029 5001 defunctorum,

442 5030 585 5086 Deus
611 5031 828 5084 auribus
857 5030 1079 5098 nostris,
1110 5029 1159 5085 ei
1203 5031 1441 5099 quinque
1474 5029 1717 5099 psalmos
1754 5044 1850 5100 pro
1878 5029 2031 5083 anni-

348 5192 352 5207 .
441 5124 700 5180 versariis
734 5122 989 5179 fratrum.
1016 5124 1095 5176 Ad
1126 5124 1357 5193 primam
1390 5123 1553 5177 missa
1594 5133 1951 5189 mortuorum.
1973 5120 2029 5176 In

442 5217 683 5273 claustro
701 5218 994 5288 loquantur
1019 5218 1160 5273 sicut
1186 5217 1305 5271 aliis
1335 5218 1555 5283 diebus;
1591 5218 1644 5271 in
1676 5218 1825 5273 boris
1846 5231 2030 5275 autem

442 5311 735 5380 antipbona
776 5311 1131 5381 plurimorum
1172 5311 1563 5381 apostolorum.
1596 5310 1666 5365 At
1715 5312 1806 5366 ubi
1852 5312 2030 5365 minus

442 5405 698 5459 eveniunt
737 5413 990 5473 promunt
1044 5406 1111 5460 de
1156 5404 1439 5475 propriis:
1504 5403 1757 5458 similiter
1794 5404 2028 5473 capitula

440 5504 603 5566 atque
634 5496 925 5551 orationes.
962 5496 1159 5551 Psalmi
1194 5496 1494 5551 familiares
1526 5511 1631 5550 non
1660 5496 2025 5564 imponantur.

441 5584 572 5640 Post
602 5588 816 5641 tertiam
847 5598 1011 5658 agant
1058 5589 1300 5643 missam.
1329 5587 1599 5655 Ollicium,
1650 5586 1785 5667 Mitti
1827 5597 2024 5641 autem.

441 5676 699 5742 Oremus,
749 5681 885 5734 Deus
934 5680 1085 5749 cujus
1135 5684 1347 5735 dezc'era
1392 5682 1714 5751 :Epistola,
1762 5678 1887 5733 Jant
1924 5696 2026 5733 non

440 5772 563 5826 estis
601 5770 822 5827 hospi/cs
854 5791 865 5823 :
900 5772 1317 5840 ltcsponsoriutu
1345 5818 1357 5839 ,
1406 5774 1578 5829 Nimis
1611 5776 1853 5830 honorati
1885 5789 1902 5827 :
1933 5772 2024 5827 Al-

2068 3154 2113 3217 C

2156 1928 2272 1965 rum
2315 1912 2680 1983 apostolorum
2715 1920 3085 1965 assumantur.
3116 1910 3435 1964 Lectiones
3462 1911 3532 1964 de
3563 1920 3739 1963 sancta-

2151 2018 2269 2055 rum
2306 2000 2527 2055 Patrum
2553 2000 2901 2056 sermouibns
2927 2000 3203 2069 legantur.
3248 1999 3632 2067 Responsoria
3652 2014 3739 2069 tay-

2151 2096 2286 2149 stice
2318 2102 2560 2159 cantent,
2592 2110 2757 2148 unum
2816 2102 3097 2147 assumant
3125 2108 3191 2147 ex
3224 2092 3477 2148 historia
3512 2093 3643 2147 beati
3662 2090 3740 2148 Pc-

2152 2186 2239 2250 tri,
2291 2194 2346 2239 et
2392 2185 2535 2239 aliud
2597 2185 2664 2239 de
2714 2183 2959 2254 apostolo
2992 2182 3158 2237 Pattlo
3189 2201 3204 2234 :
3239 2198 3376 2252 qum
3400 2185 3606 2250 omnia,
3630 2184 3739 2237 sicut

2150 2278 2240 2332 ubi
2273 2293 2410 2348 opus
2455 2276 2619 2331 fuerit
2651 2275 2992 2332 decantando
3042 2276 3427 2345 adimpleaut.
3482 2276 3737 2343 Quartum,

2156 2380 2409 2425 octavum
2457 2379 2511 2423 et
2556 2368 2936 2424 duodecimum
2968 2384 2997 2422 a
3023 2368 3240 2423 duobus
3272 2368 3739 2423 dccantenturJtl

2147 2460 2786 2532 cauticum,Antipltona,
2818 2459 3047 2514 Gloriosi
3067 2460 3343 2529 principes
3375 2471 3555 2517 terrm.
3590 2461 3739 2514 Evan-

2147 2554 2385 2625 gelium,
2434 2552 2604 2606 Jussit
2640 2552 2800 2606 Jesus
2840 2552 3128 2621 discipulos
3169 2569 3324 2606 suos.
3374 2551 3603 2606 llomilia
3631 2551 3742 2619 eius»

2144 2645 2265 2699 dem
2299 2644 2438 2698 beati
2473 2641 2804 2713 Hieronymi.
2836 2640 2893 2695 In
2918 2640 3167 2696 laudibus
3189 2643 3526 2710 antipbona,
3562 2641 3743 2707 (loca:

2143 2746 2458 2808 prceceptum
2497 2752 2690 2797 meum.
2721 2743 2775 2788 et
2803 2734 2921 2789 alite
2949 2749 3071 2805 qua:
3097 2745 3443 2803 sequuntur,
3497 2735 3741 2807 Hymnus,

2146 2847 2309 2884 aurea
2367 2828 2482 2883 luce
2519 2843 2537 2880 :
2575 2828 2905 2898 Atttipltona,
2974 2825 3240 2881 Sanctum
3272 2838 3322 2880 ct
3356 2845 3531 2881 rerum
3565 2829 3743 2881 (ms.

2145 2920 2516 2974 Matutinalem
2577 2918 2821 2984 missam,
2873 2917 2917 2971 si
2953 2915 3118 2971 fuerit
3157 2917 3280 2972 dies
3330 2916 3653 2981 Dominicus,
3685 2917 3748 2969 de

2148 3010 2263 3082 ipsa
2287 3010 2491 3075 dicunt,
2520 3006 2874 3080 adjungenles
2934 3007 3226 3063 collectam
3253 3010 3612 3078 apostolorum
3636 3024 3653 3069 ;
3698 3000 3745 3062 si

2144 3118 2275 3159 vero
2298 3119 2428 3170 non,
2458 3118 2524 3156 ex
2565 3100 2826 3171 apostolis
2852 3100 3143 3176 agant._Ad
3190 3101 3466 3171 majorem
3504 3101 3607 3155 sint
3631 3117 3740 3156 orm

2148 3213 2243 3253 nes
2298 3198 2478 3252 levita:
2527 3205 2692 3266 atque
2740 3195 3050 3251 sacerdotes
3083 3196 3136 3250 in
3170 3183 3389 3268 cappis.
3447 3198 3736 3252 Luminaria

2148 3306 2243 3346 sex
2301 3298 2428 3344 ante
2480 3289 2655 3344 altare
2701 3304 2825 3344 cum
2859 3288 2987 3353 illis,
3020 3304 3144 3357 qua:
3192 3290 3455 3346 conversi
3482 3288 3735 3345 delerunt.

2143 3382 2413 3449 Ollicium,
2454 3381 2733 3452 Sapientia
2758 3391 3064 3434 sanctorum
3090 3394 3109 3431 :
3145 3380 3411 3444 Oretnus,
3451 3382 3590 3437 Dens
3611 3382 3741 3443 cuius

2142 3477 2414 3531 dexteram
2442 3491 2460 3529 :
2490 3474 2747 3545 Epistola,
2801 3471 2873 3526 lli
2902 3483 3025 3526 sunt
3080 3473 3179 3526 viri
3217 3475 3646 3528 misericordias:
3672 3488 3742 3530 πε.

2141 3566 2503 3637 sponsorium,
2530 3564 2806 3619 Justorum
2832 3565 3022 3618 anima:
3054 3577 3074 3613 :
3104 3564 3363 3630 Alleluia,
3386 3565 3534 3619 Justi
3560 3567 3743 3635 sputa.

2140 3668 2262 3712 tur:
2288 3656 2654 3726 Evangelium,
2686 3654 2851 3710 Jussit
2876 3654 3060 3710 Iesus:
3079 3653 3354 3722 Ollicinm,
3382 3656 3741 3710 Exsultaiasti

2141 3750 2471 3816 communio,
2525 3749 2797 3803 Justorum
2862 3750 3065 3802 animle.
3119 3747 3446 3818 Antipltons
3486 3751 3552 3803 ad
3584 3763 3743 3816 \espe-

2143 3859 2278 3908 ramf
2324 3840 2538 3911 Virgam
2572 3841 2777 3894 virtutis
2805 3851 2908 3894 tua:
2940 3854 2957 3891 .'
2999 3839 3197 3908 Psalmi
3215 3880 3231 3910 ι
3278 3841 3435 3895 Dixit
3470 3842 3737 3895 Damius:

2140 3932 2354 3987 collocet
2413 3948 2530 3985 eum
2578 3945 2596 3982 :
2632 3931 2894 3984 venientes
2942 3931 3144 3984 venient
3182 3947 3203 3986 :
3262 3934 3604 4000 confortatus
3640 3944 3737 3986 cst:

2139 4024 2603 4095 Domiueprobusti
2633 4041 2713 4079 me
2738 4038 2754 4074 :
2785 4022 3235 4094 Responsorium.
3272 4024 3477 4081 Petrus
3506 4024 3739 4095 «puteis:

2139 4130 2187 4174 ct
2220 4117 2457 4172 Paulus:
2487 4116 2747 4189 Hymnus,
2777 4118 2951 4171 Aurea
2973 4117 3088 4171 luce
3119 4136 3132 4171 :
3161 4118 3737 4190 AntipbouaJstisut

2140 4213 2262 4267 dua:
2316 4211 2465 4266 oliva:
2493 4221 2540 4265 et
2574 4212 2679 4263 duo
2725 4210 3046 4264 candelabra
3072 4226 3090 4263 :
3126 4209 3401 4279 Oremus.
3452 4210 3737 4281 Dcuaju

2142 4303 2380 4358 dextera.

2734 4393 2965 4449 CAPUT
3006 4394 3169 4449 XXI.

2380 4483 2445 4539 In
2472 4485 2753 4553 festivitate
2773 4487 2945 4539 sancti
2966 4484 3117 4540 Petti
3142 4487 3212 4540 ad
3253 4486 3521 4544 Vincula.

2206 4577 2523 4632 Festivitate
2573 4578 2745 4634 sancti
2808 4578 2954 4633 Petri
3009 4579 3073 4633 ad
3117 4577 3354 4635 Vincula
3438 4581 3732 4652 (lapitultm.

2143 4668 2326 4724 Petrus
2364 4671 2570 4740 quidem
2619 4671 2924 4725 servabatur
2962 4672 3015 4725 in
3046 4688 3280 4741 carcere.
3311 4675 3732 4747 Responsoriottu

2138 4759 2206 4816 Si
2234 4760 2410 4831 diligis
2438 4778 2536 4815 me.
2592 4760 2857 4833 Hymnus,
2892 4762 3081 4817 Petrus
3109 4763 3301 4820 beatus
3325 4780 3535 4823 calente
3556 4770 3731 4837 laqueo.

2139 4855 2500 4926 Quodcunque
2523 4855 2730 4911 vinclis.
2763 4855 2948 4911 Gloria
2979 4857 3086 4912 Deo
3117 4876 3211 4928 per
3232 4862 3526 4917 itmueusa.
3554 4863 3727 4918 Sacen

2136 4946 2234 5000 dos
2268 4945 2340 4999 sit
2368 4945 2419 4997 in
2453 4945 2659 5014 cappis.
2695 4945 2939 5001 incensct
2969 4947 3166 5001 altare.
3200 4950 3551 5021 AttiipltOtta,
3578 4956 3730 5021 Auga-

2135 5032 2217 5091 lus
2248 5036 2461 5091 Domini
2522 5038 2748 5091 adstitit.
2801 5038 2869 5091 Et
2908 5040 3065 5094 tertia
3096 5040 3218 5095 vice
3250 5044 3597 5100 decantetur.
3618 5044 3731 5099 Ore-

2138 5145 2287 5194 mus,
2348 5130 2488 5185 Deus
2518 5131 2607 5201 qui
2640 5130 2844 5183 beatum
2885 5127 3104 5184 Petrum
3134 5136 3468 5201 apostolum.
3504 5138 3731 5191 luvium—

2136 5221 2303 5286 rium,
2332 5219 2409 5273 Tu
2434 5237 2488 5293 es
2524 5229 2709 5290 pastor
2736 5220 2931 5285 ovium,
2971 5221 3263 5291 ipsmuque
3302 5226 3416 5280 duo
3448 5225 3733 5282 fratresde—

2134 5322 2359 5367 cantent
2385 5312 2435 5367 iu
2457 5312 2663 5382 cappis.
2684 5311 2948 5383 Hymnus,
2973 5310 3217 5369 Ersultet
3250 5318 3468 5375 ca’lum.
3504 5321 3551 5372 In
3576 5319 3731 5388 primo

2135 5416 2425 5470 nocturno,
2459 5405 2781 5475 antipbona,
2824 5404 2890 5458 lu
2940 5421 3145 5460 omnem
3188 5420 3418 5465 terram.
3468 5412 3730 5467 Lectiones

2134 5505 2368 5565 quatuor
2395 5495 2461 5549 de
2488 5494 2715 5551 Actibus
2744 5495 3113 5567 apostolorum
3148 5512 3164 5551 :
3212 5498 3363 5552 Misit
3398 5501 3633 5555 Herodes
3654 5514 3729 5552 res

2131 5604 2345 5642 manus.
2381 5587 2439 5642 ln
2488 5589 2729 5644 secundo
2764 5589 2885 5644 alia:
2911 5599 3146 5658 quatuor
3184 5606 3249 5647 ex
3291 5608 3545 5648 sermone
3569 5592 3727 5648 sancti

2130 5680 2415 5749 Augustini
2470 5680 2725 5747 Audistis,
2783 5681 2973 5750 fratres
3019 5684 3342 5748 cltarissimi,
3391 5687 3723 5739 beatissim

2134 5771 2367 5829 Petrum.
2399 5774 2760 5845 Responsoria
2785 5777 2964 5833 omnia
2987 5787 3210 5837 cantent
3238 5794 3303 5835 ex
3333 5768 3723 5845 bistoriaipsius
