3864 6314
66 398 187 458 ηαδ

1148 376 1155 379 ’
1226 376 1636 439 'DISCIPLINA
1677 374 2081 433 FARFENSIS.

3168 365 3317 427 H16-

64 494 248 582 incipis.
276 506 459 564 Simon
489 499 661 568 Petre,
703 508 976 571 quartum,
995 505 1339 561 octavum,et
1358 491 1617 549 duodeci-

1749 492 1790 545 ia
1838 493 2010 547 sancti
2060 491 2365 561 Augustini,
2416 491 2595 552 Amen.
2644 505 2798 545 amen
2837 486 3168 555 dicovobt's,
3198 487 3327 543 nisi.

66 609 239 662 cimum
287 616 319 655 a
371 598 582 653 duobus
637 595 1020 657 dccauleutur,
1075 600 1129 644 et
1167 605 1196 645 a
1240 589 1417 659 capite
1446 587 1619 656 ipsum

68 672 367 749 duodenum
398 695 520 757 post
568 684 750 740 Gloria
792 680 1167 753 recapituleut.
1219 678 1299 733 Ad
1349 675 1619 732 canticum

71 780 354 852 antiphona,
380 776 527 831 Misit
546 774 802 837 Herodes,
820 771 902 826 vel
922 771 1058 825 misit
1087 769 1336 822 Dominus
1354 765 1619 836 angelum.

69 876 340 935 Canticum,
382 869 489 924 Vos
526 868 693 923 sancti
716 866 946 920 Domini.
967 862 1195 917 llomilia
1221 876 1286 915 ex
1317 858 1621 928 evangelio,

71 968 180 1021 venit
225 961 377 1017 Jesus
424 961 480 1015 in
523 969 715 1028 partes.
747 956 803 1010 lu
836 955 1013 1009 albam
1042 953 1192 1024 (‘28);
1230 948 1419 1004 Petrus
1445 960 1623 1003 autem

70 1054 363 1110 servabatur.
395 1050 731 1119 Antipltona,
779 1057 890 1102 erat
925 1043 1115 1099 Petrus
1144 1040 1433 1096 dormiens.
1458 1039 1622 1093 Anti-

73 1147 246 1215 phona,
265 1142 499 1212 Angelus
529 1138 761 1193 Domini.
791 1136 1055 1207 Hymnus,
1079 1130 1271 1187 Petrus
1292 1131 1488 1185 beatus.
1514 1130 1624 1184 Au-

74 1237 279 1308 tiphoua.
308 1233 691 1302 Quodcunque.

132 1327 200 1383 Ad
235 1328 454 1381 missam
516 1321 892 1377 tnatutinalem
941 1318 1197 1374 dicantur
1219 1316 1462 1373 collecta:
1487 1313 1629 1368 sicut

73 1422 117 1476 in
172 1418 441 1474 duodecim
503 1415 862 1476 lectionibus;
916 1413 985 1467 ad
1032 1409 1294 1479 majorem
1333 1407 1627 1462 induantur

77 1526 237 1568 names
284 1510 492 1580 cappis,
550 1509 713 1563 etiam
744 1506 1014 1568 conversi,
1050 1504 1142 1573 qui
1168 1503 1348 1559 sciunt
1378 1508 1625 1554 cantare.

75 1608 139 1661 Ad
160 1608 285 1660 hanc
308 1618 524 1659 sacram
550 1601 729 1656 adsint
758 1592 996 1654 candelae
1020 1605 1144 1650 ante
1168 1593 1361 1647 altare.
1380 1588 1627 1646 Ofﬁcium

78 1707 265 1754 teneant
294 1712 383 1752 sex
420 1696 643 1749 fratres.
694 1689 849 1746 Nunc
880 1690 988 1743 scio
1017 1702 1151 1742 vere.
1175 1685 1428 1745 Oremus,
1462 1680 1624 1743 Deus,

75 1791 147 1859 qui
163 1790 352 1842 beatum
380 1783 620 1839 Petrum.
641 1781 906 1853 Epistula,
941 1777 993 1832 Μ
1001 1777 1086 1831 isit
1112 1775 1367 1830 Herodes.
1388 1771 1631 1840 Respon-

1714 584 1946 651 yranum
1979 582 2252 651 frumenti,
2277 589 2331 634 et
2355 578 2631 637 cerei.duo
2651 588 2967 650 augeantur.
3154 638 3157 641 _

1793 673 1921 728 Post
1956 672 2306 743 Evangelium
2333 671 2636 731 recitatum,
2668 686 2910 733 oremus.
2946 670 3154 735 Excita,
3200 670 3313 728 Do-

1726 766 1882 819 mine.
1914 765 1967 819 ln
2004 764 2180 828 laude,
2217 764 2283 818 ad
2321 763 2609 817 stationem
2643 762 3071 830 respuusorium,
3119 761 3316 817 Beatus

1726 853 2065 908 Laurentius.
2110 853 2327 907 Missam
2377 850 2749 906 matutinalem
2785 860 3043 920 aganth
3085 851 3173 906 die
3211 853 3317 906 Ilo.

1725 948 1927 1002 utiuica
1970 946 2014 1001 si
2070 946 2323 1007 adfuerit,
2378 944 2731 1013 adjnngenlcs
2786 945 3089 999 orationem
3144 946 3316 1000 sancti

1725 1039 2028 1095 Laurentii.
2058 1038 2265 1103 Excita,
2294 1037 2531 1101 Domine,
2553 1045 2607 1091 et
2624 1036 2756 1091 alias
2788 1038 3319 1095 conmtctudiuarias.

1726 1131 1784 1185 In
1817 1131 1965 1186 horis
1988 1131 2266 1201 imponant
2291 1129 2640 1199 antiphouam
2666 1143 2729 1183 ex
2761 1128 3043 1182 matutinis
3072 1128 3320 1183 laudibus

1727 1223 1845 1278 sine
1891 1221 2159 1276 versibus.
2202 1219 2283 1274 Ad
2332 1220 2553 1273 missam
2610 1217 2870 1285 majorem
2906 1233 3097 1275 omnes
3142 1233 3322 1271 sacer-

1729 1315 1887 1369 dotes
1916 1320 2080 1381 atque
2108 1310 2284 1365 levita:
2305 1310 2411 1364 sint
2435 1310 2618 1364 amicti
2650 1310 2860 1379 cappis.
2890 1308 3110 1380 Septem
3136 1324 3324 1365 cereos

1729 1404 2029 1460 accendant
2077 1413 2203 1457 ante
2242 1417 2416 1456 aram.
2447 1401 2700 1467 Oremus,
2735 1399 2960 1467 Prtesta,
2997 1417 3323 1472 qua'suntus,

1730 1498 2053 1567 omnipotens
2120 1496 2277 1551 Dens.
2341 1496 2420 1550 Ad
2484 1511 2769 1565 vesperam
2847 1496 3146 1565 antiphona
3203 1511 3326 1567 quae

1730 1604 1896 1659 super
1954 1596 2222 1643 nocturno
2279 1586 2463 1650 fuerit,
2522 1586 2823 1655 imponant,
2873 1587 2992 1641 sine
3041 1586 3327 1641 versiculis

1731 1680 2104 1751 sequentibus.
2160 1677 2409 1733 Psalmos
2458 1693 2524 1732 ex
2573 1693 2680 1732 uno
2734 1688 2976 1753 martyre
3021 1685 3325 1733 assumant.

1736 1774 1869 1827 Tam
1906 1773 1959 1827 in
2004 1772 2106 1826 hac
2145 1772 2279 1825 hora
2313 1785 2476 1840 quam
2516 1770 2568 1824 in
2601 1769 2869 1825 matutino
2902 1785 3042 1825 unus
3076 1770 3331 1825 sacerdos

80 1880 277 1943 soritlm,
320 1876 631 1931 Constitues
669 1890 777 1939 eos,
828 1887 856 1924 a
889 1869 1096 1926 duobus
1143 1867 1462 1921 decantet'ur
1491 1860 1575 1915 vel
1603 1876 1632 1914 a
1667 1838 1710 1897 Β
1740 1866 1810 1920 sit
1838 1865 1890 1918 in
1916 1877 2085 1934 cappa
2116 1860 2183 1916 ad
2215 1862 2601 1915 iuceusaudum
2628 1860 2820 1917 altare.
2853 1859 3054 1916 Octava
3086 1860 3329 1931 ejusdem

82 1971 243 2027 tribus.
272 1968 524 2029 Alleluia,
552 1962 702 2020 Solve
716 1964 934 2032 jubente
963 1960 1092 2024 Deo,
1124 1973 1153 2012 a
1180 1964 1431 2027 quatuor.
1466 1954 1637 2007 Evan-

81 2063 268 2134 gelium,
300 2059 645 2116 Venitlesus.
664 2055 932 2119 Ollicittm,
958 2051 1257 2107 Constitues
1273 2064 1377 2103 eos.
1396 2046 1637 2102 (merta-

80 2132 148 2207 in
189 2153 283 2207 duo
339 2150 635 2221 accipiant.
693 2143 1035 2205 Communia,
1068 2140 1254 2196 Simon
1284 2136 1533 2190 Joannis.
1560 2132 1640 2188 Ad

85 2260 307 2316 vesperas
354 2244 679 2314 antiphoua,
716 2238 925 2293 Juruvit
971 2234 1246 2299 Dominus,
1288 2228 1373 2285 vel
1411 2228 1641 2299 prepria:

86 2340 230 2409 ipsius
272 2335 648 2394 noeturnaliaz.
695 2331 963 2403 Hymnus,
993 2324 1189 2381 Petrus
1243 2327 1446 2378 θεωρία.
1486 2321 1643 2375 Auti-

84 2433 252 2501 pbona,
280 2430 422 2485 Dixit
469 2426 658 2483 Simon
683 2423 873 2480 Petrus
906 2421 974 2476 ad
1013 2419 1219 2483 Jesum,
1263 2426 1317 2471 et
1337 2415 1559 2470 collecta
1587 2413 1639 2467 in

87 2525 182 2593 ipso
213 2524 292 2579 die
317 2522 513 2594 posita.

138 2617 378 2673 Dentium
404 2615 424 2669 ι
456 2628 645 2670 MENSIS
668 2611 931 2666 AUGUSTI.
965 2604 1206 2663 Sahbato
1231 2602 1297 2656 ad
1326 2615 1637 2671 vesperam,

90 2710 474 2779 responsorium,
521 2705 719 2760 Emitte
748 2701 992 2756 Domine.
1036 2696 1117 2751 Ad
1162 2692 1491 2763 Magni/ient.
1538 2692 1643 2744 Do-

88 2803 234 2855 minus
254 2800 472 2871 possedit
516 2814 618 2851 me.
651 2795 727 2851 De
762 2792 1056 2849 Salomone
1092 2790 1271 2859 legant
1313 2798 1420 2843 tatu
1460 2787 1511 2840 in
1557 2798 1642 2838 ως

91 2894 243 2960 «ιὶυείτι,
270 2908 423 2964 quam
453 2893 528 2947 ad
562 2888 937 2948 refectionem,
979 2899 1151 2954 usque
1197 2881 1399 2955 [δείρῃ.
1439 2880 1505 2935 ad
1547 2880 1647 2933 iui-

88 2982 233 3055 tium]
258 2982 451 3038 mensis
495 2978 856 3051 Scplctuhris.

627 3069 860 3127 CAPUT
901 3068 1064 3123 XXII.

489 3164 684 3237 l’igilia
723 3164 892 3218 sancti
930 3160 1219 3215 Laurentii.

151 3261 320 3334 Yig‘dia
379 3262 556 3318 sancti
609 3258 886 3314 Laurentii
950 3263 1073 3326 post
1142 3261 1352 3310 sextam
1403 3268 1528 3308 mox
1592 3263 1650 3307 ut

95 3356 302 3410 senuerit
330 3367 514 3411 custos
560 3351 804 3408 ecclesize
843 3350 1075 3419 signum,
1112 3354 1343 3417 surgant
1388 3359 1579 3401 omnes
1620 3358 1651 3398 e

97 3444 286 3511 let‘lit'ls,
317 3455 369 3501 et
399 3444 721 3517 provideant
747 3420 1027 3513 indigeriis
1056 3439 1188 3503 suis,
1222 3446 1277 3493 et
1296 3436 1649 3498 conveniant.

98 3538 247 3593 lavent
267 3555 453 3594 manus
485 3554 554 3593 ac
587 3535 753 3591 facies
780 3554 792 3588 :
824 3533 1058 3588 infantes
1093 3530 1297 3599 absque
1326 3528 1435 3584 ullo
1470 3528 1650 3583 sonitu

96 3630 210 3699 signi
236 3632 448 3687 veniant
481 3632 539 3685 in
572 3627 855 3684 ecclesiam
886 3634 1012 3679 ante
1044 3623 1231 3688 altare,
1268 3619 1499 3677 efﬁciant
1520 3636 1649 3675 ora-

100 3721 288 3789 tionem,
314 3732 516 3779 exeant
538 3730 591 3776 et
615 3735 674 3775 se
708 3719 928 3773 induant
956 3715 1295 3771 vestimentis
1322 3717 1493 3773 sacris
1522 3714 1651 3771 mis-

98 3828 157 3867 sse
195 3817 465 3885 coaptatis,
527 3813 784 3869 sacerdos
831 3825 953 3865 cum
1014 3808 1302 3873 ministris,
1345 3819 1399 3863 et
1454 3808 1650 3863 deinde

101 3902 253 3959 dicant
298 3907 517 3962 missam
562 3921 627 3959 ex
660 3902 839 3973 vigilia
887 3899 1055 3970 ipsius
1097 3899 1224 3955 diei.
1267 3899 1495 3955 Alleluia
1541 3916 1648 3954 nou

100 4009 284 4052 canant.
306 3999 359 4055 In
397 4002 515 4071 ipso
545 3998 632 4052 die
669 4012 767 4051 nec
806 3994 1018 4064 adipem
1056 3993 1363 4057 comedunt,
1398 3993 1535 4047 etin
1569 4007 1652 4047 re-

96 4086 314 4157 fectorio,
344 4090 607 4161 quidquid
642 4086 967 4142 remanserit
988 4086 1053 4141 de
1082 4098 1222 4156 pane
1249 4092 1301 4137 ct
1340 4083 1463 4137 vino
1509 4083 1652 4138 elec-

100 4191 411 4260 tuosynarius
433 4184 689 4257 accipiat.
727 4186 864 4239 Ante
894 4198 1173 4255 vesperam
1202 4188 1381 4235 custos
1410 4178 1653 4233 ecclesia:

97 4293 231 4338 ornet
262 4283 444 4339 altaria
498 4279 713 4344 sericis,
769 4286 819 4333 ct
867 4278 918 4330 in
962 4273 1205 4330 formulis
1250 4271 1443 4342 tapetia
1490 4286 1651 4340 supra

100 4376 339 4429 extendat.
370 4376 449 4429 Ad
486 4386 731 4442 vesperae
768 4367 1014 4441 synaxim
1043 4365 1282 4435 quinque
1304 4378 1495 4419 cereos
1527 4370 1654 4417 ante

96 4464 244 4521 altare
290 4479 506 4537 ponant.
562 4463 907 4534 Capitnlum,
947 4458 1247 4527 Con/itebor
1290 4457 1404 4521 tibi,
1433 4455 1653 4509 Domine

1740 1955 1968 2013 elliciant
2019 1955 2304 2009 duodecim
2358 1953 2638 2008 lectiones.
2680 1954 2763 2007 Ad
2802 1952 3178 2009 invitatoriam
3223 1953 3331 2009 duo

1736 2048 1939 2103 fratres
1963 2046 2015 2100 in
2041 2045 2198 2110 albis,
2222 2044 2408 2099 Justus
2436 2043 2662 2113 ﬂorebit.
2691 2042 2999 2109 Antiphona
3030 2050 3085 2098 et
3109 2056 3332 2115 reSpou’

1742 2140 1887 2194 soria
1924 2138 2067 2194 sicut
2110 2151 2274 2207 supra
2321 2137 2374 2191 in
2409 2134 2525 2204 ejus
2561 2149 2739 2190 sacro.
2780 2134 2914 2189 Nam
2956 2151 3161 2191 scimus
3201 2137 3327 2206 quia

1744 2234 1859 2287 lucc
1883 2229 2131 2301 repetitio
2161 2229 2321 2298 hujus
2352 2226 2663 2283 festivitatis
2691 2226 2831 2281 inira
2857 2237 3106 2283 octavam
3132 2229 3333 2285 beatis-

1742 2326 1894 2380 simm
1923 2320 2329 2377 Mariaeevenit.
2371 2318 2657 2375 Lectiones
2694 2317 2877 2389 legant
2912 2319 2979 2375 de
3016 2328 3331 2381 sanctorum

1744 2418 1963 2471 Patrum
1999 2412 2444 2488 {sermonibus},
2484 2414 2830 2484 responsuris
2857 2422 2980 2471 ueto
3008 2422 3235 2471 cantent
3265 2414 3333 2469 de

1750 2509 1959 2582 pra-fati
2012 2508 2187 2563 sancti
2238 2506 2484 2562 historia.
2532 2505 2589 2561 In
2642 2506 3055 2562 matutinalibus
3094 2507 3335 2579 quinque

1746 2604 2072 2673 antiphonas
2099 2607 2441 2671 promant,et
2463 2598 2685 2652 missam
2711 2597 2971 2666 majorem
3018 2599 3085 2653 ad
3118 2600 3331 2654 tertiam

1746 2712 1812 2752 ex
1847 2711 1912 2752 eo
1952 2703 2136 2765 agant.
2171 2691 2443 2757 Ollicium,
2478 2690 2720 2755 Domine,
2754 2691 2987 2760 probasti
3011 2706 3103 2746 cor
3137 2707 3333 2747 meum.

1748 2788 2007 2849 Collecta,
2043 2784 2256 2847 Excita,
2288 2782 2529 2837 Domine.
2551 2780 2812 2851 Epistola,
2838 2780 2943 2847 Qui
2966 2798 3145 2850 pacem
3177 2783 3335 2837 semi-

1748 2889 1860 2934 nat.
1906 2875 2355 2946 Ilcspousorium,
2401 2872 2707 2928 l’rtuoequti
2746 2890 2886 2927 eum.
2937 2871 3190 2937 Alleluia,
3233 2872 3337 2928 llic

1750 2982 1823 3027 est
1863 2987 1978 3026 vere
2020 2979 2239 3036 martyr.
2279 2966 2650 3036 Evangelium,
2704 2965 2764 3022 Si
2799 2966 2915 3036 quis
2950 2964 3058 3019 vult
3097 2975 3211 3034 post
3257 2981 3339 3019 me

1753 3064 1947 3118 venire.
1995 3060 2273 3125 Ofﬁcium,
2329 3057 2391 3112 In
2435 3061 2641 3112 virtute.
2698 3055 3336 3121 Catmuuuio,Posuisti.

1753 3156 1976 3212 Domi-ne
2000 3170 2020 3208 τ
2046 3164 2107 3211 et
2141 3154 2189 3210 si
2233 3154 2347 3208 haec
2383 3159 2573 3206 octava
2607 3149 2695 3205 die
2732 3148 3013 3203 Dominico
3036 3148 3338 3213 advenerit,

1753 3247 2018 3303 lectiones
2038 3254 2164 3301 octo
2187 3244 2372 3315 legant
2401 3242 2467 3297 de
2496 3241 2612 3311 ipso
2646 3241 2836 3302 beato;
2867 3237 2988 3293 alia:
3019 3247 3251 3308 quatuor
3274 3237 3341 3293 de

1753 3337 2056 3395 Dominica.
2092 3334 2324 3391 Ilonnlia
2350 3331 2593 3400 ejusdem
2618 3331 2744 3386 diei.
2772 3330 3088 3400 Sequuntur
3118 3329 3342 3385 matuti-

1755 3431 1902 3487 nales
1940 3430 2125 3485 laudes
2161 3426 2329 3497 ipsius
2369 3424 2681 3480 Dominicte.
2713 3422 2795 3476 Ad
2834 3421 3144 3485 collectam,
3183 3435 3343 3491 τερον

1762 3532 1880 3578 tant
1931 3521 2287 3590 autipltonam
2328 3532 2450 3572 cum
2495 3513 2679 3568 Gloria
2732 3514 2799 3568 de
2839 3512 3068 3583 prmfato
3106 3519 3337 3569 sancto:

1754 3613 1875 3670 dein
1912 3619 2167 3682 promunt
2201 3607 2555 3677 antiphonam
2603 3605 2671 3659 de
2719 3612 2905 3659 sancta
2955 3602 3146 3668 Maria,
3192 3612 3251 3657 et
3293 3603 3342 3658 si

1753 3719 2055 3775 congruum
2084 3702 2315 3767 videtur,
2347 3699 2565 3755 tertium
2597 3706 2921 3753 nocturnum
2940 3695 3033 3757 ﬁat
3055 3696 3122 3753 de
3149 3704 3343 3752 sancta

1755 3797 1922 3854 Maria
1953 3814 1966 3849 :
2007 3797 2179 3866 ipsius
2213 3810 2344 3849 vero
2379 3789 2645 3847 Dominici
2700 3789 2805 3845 diei
2839 3796 3038 3859 agatur
3080 3787 3245 3849 missa
3288 3787 3343 3847 in

1754 3890 2089 3963 qttotidtanis
2117 3888 2306 3945 diebus

2319 3975 2548 4033 CAPUT
2588 3973 2773 4030 XXIII.

1870 4075 2101 4148 Virginis
2131 4074 2466 4143 Assumptum
2491 4068 2667 4124 cuncti
2700 4069 2777 4122 sic
2805 4067 2980 4121 ducite
3010 4082 3231 4121 mecum.

1827 4167 2018 4238 Vigilia
2049 4161 2448 4233 Assumptionis
2475 4167 2681 4213 sauctte
2709 4155 2910 4213 Mariae.
2938 4155 3080 4213 Ante
3108 4155 3340 4222 primaut

1755 4269 1949 4316 ornent
1983 4257 2289 4321 ecclesiam,
2318 4253 2445 4308 hinc
2471 4260 2526 4306 et
2562 4249 2689 4303 inde
2717 4249 2955 4318 parietes
2978 4248 3207 4304 cortinis
3239 4263 3343 4303 nec

1756 4368 1863 4407 nou
1892 4349 2081 4421 palleis
2109 4348 2244 4419 (29),
2268 4346 2435 4400 choro
2456 4349 2580 4414 post
2601 4341 2761 4394 dorsa
2793 4339 3022 4394 fratrum
3051 4339 3107 4393 in
3134 4338 3342 4397 circum

1758 4451 1947 4513 aptent
1983 4439 2229 4498 hanealia
2280 4436 2419 4509 (50),
2470 4437 2522 4491 in
2578 4434 2827 4494 formulis
2852 4432 3048 4502 lapetia
3096 4448 3111 4485 :
3152 4432 3343 4490 altaria

102 4572 192 4610 res.
212 4558 646 4630 Responsorium,
682 4555 800 4621 Quo
820 4550 1173 4624 progrederis.
1201 4548 1472 4620 Hymnus,
1502 4545 1648 4599 Mar.
1685 4551 1733 4607 D
1759 4543 1955 4590 ornent
1984 4532 2096 4588 suis
2121 4528 2457 4585 ornamentis
2479 4545 2497 4581 ς
2525 4528 2578 4582 in
2603 4524 2793 4596 majori
2826 4538 3018 4579 oumes
3056 4522 3225 4578 libros
3251 4536 3346 4593 pa-

101 4650 207 4715 tyris
229 4650 433 4707 Christi.
468 4648 803 4712 Versiculus,
831 4644 1105 4714 Dispersit,
1141 4641 1283 4695 dedit
1314 4637 1655 4709 pauperibus.

103 4740 396 4810 Antiphona,
429 4742 607 4796 Levita
636 4738 968 4793 Laurentius.
988 4735 1240 4796 Oremus,
1258 4730 1471 4797 Adesto,
1490 4729 1655 4794 Deus,

103 4838 556 4904 supplicationibus.
586 4837 668 4891 Ad
710 4833 998 4889 stationem
1029 4827 1455 4897 respousorinm,
1478 4823 1655 4878 Levita

104 4923 281 4983 Laurea
300 4930 403 4985 ius.
435 4928 687 4993 Oremus,
722 4926 930 4989 Excita,
962 4921 1198 4987 Domine,
1234 4919 1289 4972 in
1314 4914 1548 4971 ecclesia.
1575 4914 1656 4969 Ad

106 5017 441 5078 invitatoriam
478 5028 713 5090 quatuor
747 5018 800 5072 in
846 5014 1055 5083 cappis,
1088 5009 1282 5065 Beatus
1320 5006 1653 5062 Laurentius.

106 5104 339 5178 Hymnus,
378 5111 575 5166 Devota
606 5118 796 5164 mente.
822 5106 1108 5162 Lectiones
1130 5109 1253 5157 octo
1283 5099 1349 5155 de
1388 5096 1503 5167 ejus
1535 5112 1661 5167 pas-

106 5198 252 5256 sione.
283 5200 702 5274 Bespousnrimn
738 5206 1016 5273 quartum,
1046 5201 1320 5255 octavum,
1361 5198 1416 5243 et
1455 5187 1655 5242 duode-

104 5291 276 5345 cimum
300 5294 439 5349 sicut
479 5307 595 5347 mos
628 5304 711 5346 est
753 5290 806 5345 in
845 5298 1079 5358 quatuor
1107 5282 1294 5353 cappis
1329 5288 1448 5350 post
1476 5278 1657 5333 Gloria

106 5385 512 5453 recapitulentur.
555 5384 742 5438 Primo
808 5392 865 5435 et
917 5376 1156 5433 secundo
1222 5381 1489 5429 nocturno
1550 5380 1658 5425 tres

108 5473 314 5529 candela:
337 5486 460 5531 ante
490 5475 662 5530 altare
696 5474 830 5537 sint,
868 5481 1015 5526 retro
1039 5484 1163 5523 una.
1198 5466 1257 5521 In
1288 5463 1451 5519 tertio
1482 5461 1659 5517 Immi-

111 5618 608 5747 adlmmlﬁgeudum
641 5622 779 5678 forte
809 5622 864 5674 in
898 5608 1043 5686 alba,
1075 5618 1174 5673 hoc
1198 5624 1284 5671 est
1317 5627 1536 5678 aurora,
1563 5628 1655 5668 seu

172 5759 272 5829 (39)
303 5762 498 5825 Palliis.
528 5762 910 5828 velis,sericis.
1000 5827 1004 5830 ἠ

174 5824 275 5901 (50)
311 5824 567 5898 Baucalia.
593 5824 717 5892 sunt
743 5834 905 5897 [latini
930 5827 1019 5901 qui
1049 5846 1211 5901 super
1234 5830 1390 5885 sedes
1417 5824 1496 5881 vel
1530 5826 1657 5879 ben-

510 5953 787 6015 Ρηιιοι..
833 5949 955 6011 CL.

1763 4634 1912 4680 ratos
1964 4632 2190 4692 portant,
2241 4629 2296 4676 et
2340 4617 2627 4675 duodecim
2680 4615 2918 4671 candela:
2967 4624 3093 4670 ante
3146 4616 3342 4685 ipsum.

1761 4717 1990 4774 Basilica
2023 4723 2227 4771 sancta:
2260 4711 2446 4770 Mariae
2468 4710 2673 4779 optime
2707 4709 2996 4763 decoretur
3027 4719 3136 4762 tam
3167 4705 3347 4777 palliis

1761 4825 1924 4879 quam
1963 4803 2303 4877 pbauonibus
2333 4801 2446 4873 (3|)
2475 4814 2608 4856 auro
2642 4799 2822 4856 textis.
2865 4799 3087 4855 Missam
3128 4796 3348 4854 matuti-

1761 4902 1936 4957 nalem
1981 4908 2144 4973 agant
2185 4897 2250 4952 de
2290 4904 2483 4952 sancto
2518 4896 2774 4962 Eusebio,
2818 4893 3174 4968 adjungeutes
3212 4891 3347 4950 alias

1760 5011 1859 5066 pro
1881 4991 2167 5049 defunctis.
2196 4988 2541 5047 Oﬂ‘ercndam
2567 5002 2758 5044 oumes
2788 4985 3009 5043 faciant.
3037 4982 3167 5037 l‘ost
3199 4980 3348 5049 rapi»

1764 5089 1931 5144 tnlum
1971 5084 2195 5139 veniant
2235 5098 2427 5139 omnes
2470 5081 2538 5137 ad
2583 5078 2899 5136 radendum.
2962 5074 3090 5130 Post
3134 5079 3345 5126 sextam

1761 5195 1883 5233 cum
1917 5176 2186 5231 audierint
2204 5175 2419 5242 signum
2445 5180 2673 5242 surgant
2706 5186 2737 5224 e
2770 5167 3002 5231 lectulis,
3028 5166 3208 5219 lavent
3231 5176 3348 5215 tua-

1760 5284 1864 5326 nus
1892 5278 2054 5339 atque
2080 5267 2267 5331 facies,
2296 5274 2352 5320 et
2379 5274 2502 5321 eam
2526 5265 2679 5333 pueri
2714 5263 2766 5315 iu
2806 5257 3093 5314 ecclesiam
3143 5253 3348 5322 absque

1760 5363 1939 5417 sonitu
1970 5361 2107 5430 signi
2146 5375 2160 5413 :
2195 5359 2395 5413 faciant
2426 5356 2723 5419 orationes,
2747 5362 2802 5406 et
2826 5351 3137 5414 induantur,
3173 5360 3328 5402 sacer

1761 5456 1857 5511 dos
1883 5455 2065 5509 casula
2119 5452 2379 5507 diaconus
2407 5448 2696 5506 dalmatica
2747 5443 3114 5501 subdiaconus
3142 5438 3343 5495 tunica.

1759 5627 1854 5667 cas
1883 5612 1936 5665 in
1966 5611 2135 5666 choro
2157 5614 2453 5679 ponuntur.
2489 5602 2573 5658 lla
2612 5598 2853 5666 Durand,
2896 5597 2988 5653 nb.
3026 5610 3065 5652 t.
3103 5586 3344 5659 Βαίου..

1779 5700 1812 5737 2.
1844 5696 1899 5737 5.
1944 5699 1997 5736 η.
2020 5696 2112 5735 ‘20.

1779 5722 1812 5737 ..
1986 5722 1997 5735 .
2060 5696 2112 5732 ο.

1760 5699 1789 5738 c
1834 5682 2292 5812 g’l’tnl’ianones,
2328 5747 2570 5801 fanoucs.
2603 5742 2784 5807 fanen.
2807 5739 2951 5806 vela,
2982 5736 3198 5793 vexilla.

2986 5918 3066 5984 39
