3834 6304
531 319 671 377 {227

1644 320 1967 379 CUIDONIS
2006 319 2293 378 ABBATiS
2342 322 2719 381 FARFENSIS
3621 334 3709 397 Im

524 433 731 490 Cantor
756 429 813 488 in
834 432 1007 489 choro
1042 432 1113 489 sit
1149 430 1279 501 cum:
1310 446 1509 503 cappa;
1557 442 1665 488 tres
1709 432 1957 489 conversi
2007 431 2093 485 at}:

2221 433 2355 488 lecta
2371 417 2684 504 promatur.
2713 435 2793 489 Ad
2821 433 3068 500 Sanetus,
3103 444 3318 490 sanctus
3346 450 3524 494 omnes
3548 439 3712 499 iralben‘

532 522 705 598 [albis
748 525 974 598 induti],
1039 541 1270 596 quorum
1308 527 1430 597 duo
1466 525 1714 581 deterant
1764 526 2141 593 candelabra,‘

528 618 722 673 tertius
764 618 1117 673 thuribulum.
1165 618 1407 673 Infantes
1448 634 1639 673 omnes
1680 619 1787 673 sint
1845 620 1898 673 in
1940 620 2111 681 albis;

523 700 847 763 duo‘l’ratres
872 708 922 763 in
948 708 1133 779 cappis
1154 709 1218 761 ad
1237 708 1635 763 decantandum
1664 710 2067 777 rcsponsorinm
2098 726 2111 763 :

521 805 575 850 ct
606 806 731 852 tunc
754 796 1043 865 pulsentur
1077 798 1262 851 omnia
1310 798 1479 867 signa.
1515 798 1649 851 Tres
1681 800 1824 851 cerei
1852 808 2112 867 conplen—

524 896 614 941 tur
671 888 737 942 ad
790 889 931 944 hanc
976 889 1197 943 missam
1243 898 1367 943 ante
1412 890 1600 942 altare.
1635 888 1899 955 Ollieium,
1932 888 2115 957 Salve,

520 990 704 1032 sancta
736 997 946 1050 parens.
987 980 1236 1042 Oremus,
1284 981 1423 1035 Deus
1456 982 1545 1051 qui
1576 981 1879 1052 rirg’nalem
1910 982 2112 1048 aulam,

519 1079 575 1124 ct
625 1071 743 1126 alite
794 1074 1306 1127 consnctnihnarize.
1352 1073 1638 1127 Lectiones
1696 1075 1763 1127 dc
1824 1074 2109 1143 sapientia,

521 1160 637 1232 Ego
687 1164 839 1233 quasi
890 1165 1004 1218 vitis
1054 1164 1390 1234 fructiﬁcavi.
1454 1163 1903 1233 Responsorium,
1950 1163 2114 1217 Bene-

521 1255 663 1308 dicta
690 1265 737 1308 et
770 1256 1094 1310 renerabilis.
1118 1256 1346 1311 Aileluia
1378 1256 1429 1310 in
1460 1257 1560 1311 bac
1586 1258 1715 1311 liora
1744 1272 1851 1310 non
1876 1257 2109 1312 canitur.

520 1345 897 1415 Evangelium,
941 1345 1212 1399 Extolleus
1241 1345 1481 1415 quicdam
1523 1344 1729 1399 mulier.
1764 1344 2110 1402 Oll'ertorinm

518 1435 680 1492 Felix
703 1453 950 1507 namque,
991 1444 1043 1491 et
1089 1436 1300 1490 dimidii
1343 1435 1442 1508 [Id
1483 1447 1583 1500 est,
1625 1437 1796 1490 media
1831 1452 1959 1506 pars
1998 1436 2109 1492 fra-

518 1526 702 1599 'trnm]
738 1527 992 1593 oll'erant,
1042 1528 1182 1582 sicut
1207 1527 1315 1595 ξιιεί
1360 1537 1487 1582 sunt
1534 1524 1862 1596 qttotid'ianis
1894 1529 2107 1584 diebus.

525 1619 869 1686 Communiu,
909 1620 1073 1673 Beata
1099 1622 1317 1673 riscera.
1360 1619 1477 1689 lpso
1510 1618 1598 1673 die
1635 1620 1846 1690 adipem
1877 1636 1984 1676 non
2017 1635 2111 1676 co-

518 1715 756 1776 medant,
788 1722 841 1768 et
869 1712 1126 1782 quidquid
1161 1712 1486 1768 remanserit
1517 1712 1574 1767 in
1603 1712 1911 1777 refectorio,
1953 1712 2106 1770 elec-

520 1804 864 1876 mosynarius
895 1805 1148 1874 accipiat.

587 1896 668 1949 Ad
710 1909 992 1965 vesperam
1038 1894 1091 1949 in
1138 1892 1330 1963 primis
1380 1894 1665 1963 pulsentur
1710 1895 1829 1950 dum
1878 1895 2104 1965 squillas,

516 1986 859 2057 postmodum
898 1984 1005 2039 duo
1035 1992 1091 2039 et
1139 1985 1246 2039 duo
1287 1984 1438 2054 signa
1478 1982 1834 2053 pulsabuntur
1862 2001 1875 2038 :
1906 1985 2109 2041 duofe-

516 2078 623 2132 cim
648 2077 790 2132 cerei
816 2086 942 2131 ante
966 2075 1156 2139 altare,
1192 2084 1342 2132 retro
1361 2076 1567 2131 decem.
1598 2076 1920 2145 Antiphonzc
1942 2093 2108 2147 super

504 2174 776 2241 psalmos,
810 2170 998 2226 Gaude
1026 2180 1073 2224 et
1118 2172 1317 2226 lentare.
1359 2171 1563 2226 Psalmi
1605 2171 1672 2226 de
1711 2172 1825 2242 ipsa
1866 2172 1978 2227 die.
2007 2172 2107 2227 Ca-

492 2262 769 2331 tpitulum,
801 2260 868 2315 In
898 2261 1140 2315 omnibus
1170 2264 1416 2332 requiem.
1449 2262 1896 2333 Responsorium,
1927 2261 2103 2317 Orna-

492 2364 625 2407 ‘tam
666 2352 968 2407 monilibus.
1026 2352 1293 2424 llymuus,
1358 2354 1489 2418 Quis
1536 2355 1696 2424 possit
1749 2353 1946 2423 amplo.
1992 2354 2106 2410 Duo

496 2448 833 2502 sacerdotes
865 2446 1161 2501 induantur
1191 2448 1379 2517 cappis
1405 2447 1472 2500 ad
1499 2446 1882 2501 circumdanda
1912 2446 2103 2502 altaria

502 2538 756 2593 incenso.
785 2537 1114 2609 Antiphone,
1148 2537 1349 2592 Sancta
1390 2537 1566 2591 Maria
1596 2554 1756 2593 exora
1804 2554 2025 2608 semper,
2051 2548 2105 2594 et

496 2628 921 2700 sriumphaliter
947 2638 1196 2684 canatur.
1222 2627 1477 2693 Oremus,
1505 2628 1647 2682 Deus
1675 2632 1764 2699 qui
1794 2628 2099 2699 virginalem

509 2720 715 2775 aulam.
738 2720 816 2775 Ad
847 2720 1138 2775 stationem
1169 2720 1484 2789 antiphona,
1506 2719 1681 2775 Mater
1703 2719 1912 2774 Domini
1941 2723 2105 2776 nostri

494 2811 641 2865 ‘Jesu
662 2811 895 2877 Christi;
924 2827 1136 2878 versus,
1166 2819 1331 2882 atque
1360 2813 1659 2867 orationem
1690 2812 1755 2868 de
1780 2813 1893 2881 ipsa
1925 2813 2102 2880 beata,

486 2920 672 2974 rquam
696 2904 887 2959 velint.
917 2904 1056 2959 Ante
1081 2903 1401 2959 nocturnale
1430 2905 1748 2974 obsequium
1780 2906 2096 2975 priusquam

510 3007 778 3052 sonentur
806 2997 982 3069 signa,
1007 2997 1379 3053 accendantur
1412 3013 1601 3053 omnes
1629 3014 1844 3054 corona:
1876 3000 2015 3071 (52),
2049 3010 2102 3057 et

492 3098 628 3144 .trcs
654 3088 891 3143 candela:
917 3098 1043 3144 ante
1070 3090 1242 3144 altare
1275 3090 1469 3160 majus,
1497 3099 1552 3145 et
1582 3100 1728 3145 retro
1755 3092 2103 3155 dum,deinde

513 3174 800 3251 pn‘lsentur
835 3180 1015 3234 omnia
1052 3181 1206 3252 signa
1260 3196 1540 3251 quousque
1584 3182 1821 3238 infantes
1862 3186 2100 3239 veniant.

484 3292 487 3295 ί
513 3273 595 3327 Ad
624 3272 995 3328 invitatoriam
1014 3283 1249 3343 quatuor
1274 3275 1571 3330 vestiantur
1599 3276 1804 3347 cappis.
1840 3277 2099 3349 llymnus,

515 3362 648 3430 Quis
702 3365 863 3435 possit
911 3364 1117 3436 amplo,
1163 3376 1254 3419 attt
1314 3366 1510 3421 Christi
1563 3369 1759 3437 pervia.
1822 3368 2107 3425 Lectiones

511 3455 764 3527 lcgantur
790 3472 982 3512 omnes
1006 3471 1071 3511 ex
1101 3472 1351 3512 sermone
1380 3459 1554 3513 sancti
1590 3459 1926 3531 Hieronymi.
1952 3460 2106 3531 Cogi-

414 3586 427 3595 κ
452 3564 462 3575 ο
508 3551 576 3603 tis
604 3566 708 3616 me,
741 3566 773 3604 ο
798 3548 995 3603 Paula.
1020 3549 1251 3604 Tractus
1269 3550 1379 3604 duo
1411 3561 1466 3606 et
1497 3551 1603 3605 duo
1632 3560 1868 3605 cantent.
1897 3551 2100 3616 Primo,

510 3638 751 3693 secundo
782 3647 837 3693 et
877 3638 1040 3693 tertio
1067 3646 1333 3695 nocturno
1361 3640 1614 3694 sacerdos
1648 3641 1904 3694 induatur
1936 3656 2102 3710 cappa

512 3743 636 3784 cum
687 3729 836 3793 alba,
893 3739 949 3787 et
993 3731 1119 3786 dum
1172 3731 1387 3787 tertiam
1440 3731 1722 3786 lectionem
1774 3733 2106 3787 inehoarerit

508 3817 703 3883 lector,
738 3819 856 3889 ipse
887 3820 959 3874 sit
990 3831 1327 3890 praeparatus
1360 3821 1410 3875 in
1451 3821 1776 3885 secretario,
1813 3822 1989 3876 mittat
2020 3823 2101 3877 in-

510 3925 735 3967 censum
776 3911 829 3966 in
881 3912 1243 3977 thuribulnm,
1277 3922 1333 3967 ct
1372 3922 1498 3968 tunc
1534 3913 1735 3979 veniat,
1784 3915 2101 3968 aromatizet

493 3999 682 4055 altare
704 3999 879 4071 majus
907 4001 1266 4067 solummodo,
1289 4000 1483 4057 deinde
1509 4000 1566 4055 io
1591 4002 1759 4055 choro
1787 4001 1982 4056 lratres
2010 4018 2104 4071 per

485 4091 778 4148 rordinem.
800 4093 882 4148 Ad
902 4094 1112 4149 cantica
1142 4093 1511 4149 accendantur
1533 4093 1849 4164 quindecim
1871 4096 2016 4151 cerei
2048 4095 2099 4149 in

484 4186 737 4255 pertica,
761 4194 814 4242 et
844 4200 1037 4242 novem
1066 4195 1192 4241 ante
1212 4185 1399 4249 altare,
1423 4195 1481 4241 et
1502 4196 1648 4242 retro
1670 4198 1903 4255 septem,
1926 4186 2102 4259 Eran-

484 4277 706 4347 tgelium
746 4292 847 4333 nec
872 4276 944 4349 [ι.
966 4275 1149 4349 cum]
1179 4275 1630 4347 prouuntiabitur.
1676 4275 2098 4347 Responsorium

507 4368 887 4424 duodecinmm
928 4377 1050 4438 post
1100 4366 1284 4422 Gloria
1337 4367 1663 4437 recipientes
1723 4365 2095 4436 recapitulent.

2224 530 2311 577 tur
2364 538 2393 577 a
2452 525 2676 580 minimo
2733 540 2903 595 usque
2956 524 3027 581 ad
3080 526 3401 579 maximum.
3443 526 3558 582 Cum
3587 546 3712 591 exacta

2223 614 2406 678 fuerit,
2446 621 2576 669 tunc
2616 616 2830 686 pulsent
2877 617 3092 688 signum
3136 627 3193 670 et
3233 617 3465 671 efficiant
3503 625 3710 681 oratioaea

2220 704 2401 757 simul.
2433 705 2501 759 Et
2531 716 2660 761 tunc
2690 706 2905 762 demum
2930 717 3126 764 sonent
3159 708 3400 779 signum,
3429 720 3480 764 et
3502 725 3623 781 agant
3644 727 3713 772 ιρι.

2219 797 2373 851 tiam.

2286 889 2570 944 Armarius
2595 899 2760 960 atque
2800 892 3125 946 sceretarius
3165 902 3470 961 pneparent
3495 907 3546 948 se
3566 910 3711 963 proces-

2216 979 2467 1035 sionariis
2492 982 2849 1049 ornamentis,
2878 984 3073 1038 deinde
3097 984 3398 1052 procedant
3432 985 3527 1039 duo
3551 1003 3599 1041 es
3611 987 3712 1056 jure-

2214 1073 2374 1127 nibus
2402 1082 2498 1127 ant
2526 1074 2841 1139 infantibus,
2867 1084 2922 1130 et
2950 1076 3174 1131 induant
3214 1090 3275 1132 se
3300 1077 3490 1133 tunicis
3520 1080 3573 1133 ad
3598 1091 3715 1140 textus

2215 1163 2489 1235 Evangelii
2521 1166 2904 1235 deportandos.
2937 1162 3003 1222 Et
3052 1179 3180 1223 tunc
3226 1169 3483 1224 accedant
3526 1176 3712 1239 conveni,

2215 1257 2309 1327 qui
2350 1257 2622 1326 accipiant
2660 1259 3011 1324 candelabra,
3044 1259 3152 1315 duo
3184 1259 3481 1323 tburihula,
3510 1267 3713 1334 unsstliy-

2214 1348 2490 1403 Iniamatis
2521 1350 2822 1415 materiem,
2856 1360 2910 1405 et
2957 1359 3073 1406 tres
3111 1365 3327 1405 cruces.
3372 1350 3559 1407 Ειιιίςεο
3596 1356 3713 1411 adsint

2211 1448 2444 1506 quatuor
2473 1440 2717 1495 seniores
2738 1441 2828 1510 qui
2876 1456 3091 1496 sacrum
3119 1441 3369 1497 ordinem
3398 1444 3614 1509 habeant,
3633 1449 3708 1515 qni-

2211 1545 2318 1599 que
2351 1541 2570 1599 portent
2620 1531 2885 1602 reliquias
2931 1533 3190 1599 minores,
3232 1543 3290 1588 et
3324 1533 3460 1589 alius
3485 1544 3607 1590 extra
3628 1539 3712 1592 istos

2210 1627 2492 1694 procedat,
2524 1636 2581 1681 et
2609 1627 2841 1695 accipiat
2869 1626 3107 1681 tabulam
3152 1642 3277 1681 cum
3307 1627 3531 1696 imagine
3570 1629 3710 1683 Domini

2210 1716 2386 1772 nostri
2416 1716 2547 1773 Jesu
2584 1716 2815 1783 Christi,
2860 1726 3025 1787 atque
3069 1718 3247 1788 ipsius
3292 1718 3571 1788 genitricis.
3612 1718 3713 1775 Tunc

2143 1789 2188 1850 Β
2213 1809 2605 1881 paraphonista
2619 1810 2859 1880 imponat
2886 1810 3024 1865 hanc
3041 1809 3420 1879 antiphonam,
3435 1808 3549 1863 Tota
3565 1810 3714 1880 ps'clira

2209 1916 2285 1955 es.
2315 1902 2498 1970 Atque
2523 1900 2707 1966 aliam,
2743 1901 2919 1968 Quam
2949 1901 3192 1970 pulchra.
3242 1902 3443 1957 Deinde
3470 1904 3643 1957 veniant
3661 1919 3718 1959 0t-

2211 1994 2395 2049 dinate
2426 1994 2564 2049 sicut
2590 1994 2643 2049 in
2678 1994 2764 2049 his
2792 1994 3078 2049 elementis
3114 1993 3399 2063 praeﬁxum
3425 2005 3645 2064 apparet:

2278 2085 2488 2154 Aquam
2533 2092 2796 2146 sanctam,
2907 2098 3154 2148 crucem,
3270 2084 3597 2139 thuritmlutu.

2278 2171 2554 2239 Candelm,
2665 2171 3081 2237 candelabrum,
3187 2172 3449 2228 candelae.

2283 2262 2572 2327 Sacerdos,
2665 2270 2966 2332 sceptrum.
3060 2262 3377 2327 brachium,
3456 2265 3715 2320 cruciﬁxum.

2278 2351 2465 2418 Cassa,
2564 2360 2800 2419 textum,
2905 2363 3136 2419 textum,
3223 2365 3494 2424 sceptrum
3522 2358 3714 2427 gloriosa.

2277 2442 2529 2509 Crucem,
2640 2443 2996 2510 tlturibulum,
3107 2446 3510 2501 candelabrum.

2277 2536 2550 2602 Candelte,
2668 2535 2867 2602 tabula,
2978 2552 3201 2607 pomum
3237 2537 3379 2607 (55).

2279 2628 2482 2685 Deinde
2536 2628 2770 2685 infantes
2801 2643 2924 2684 eum
2970 2631 3280 2700 magistris,
3328 2642 3382 2684 et
3415 2640 3516 2686 tum
3552 2632 3717 2687 domnus

2208 2718 2395 2782 abbas,
2422 2718 2621 2774 exhinc
2643 2719 2900 2774 sacerdos
2925 2726 2981 2773 et
3004 2719 3352 2787 postmodum
3380 2720 3555 2787 let-itm,
3587 2722 3713 2776 novis

2206 2809 2342 2863 sime
2374 2808 2644 2863 conversi.
2692 2808 2959 2874 Quannlin
2992 2808 3218 2862 veniunt
3246 2812 3484 2865 canendo
3510 2825 3587 2881 per
3616 2810 3720 2864 dau-

2207 2910 2402 2963 strnm,
2430 2901 2510 2954 sic
2558 2900 2792 2955 ordinati
2842 2900 3172 2969 procedant,
3222 2911 3281 2954 ut
3324 2901 3517 2972 absque
3542 2904 3717 2956 morain

2205 2994 2347 3048 atrio
2406 2992 2652 3048 ccclesize
2699 2992 2779 3047 sic
2824 3002 3125 3062 pergatur:
3172 3001 3226 3045 et
3270 3008 3394 3046 cum
3451 2994 3515 3047 ibi
3556 2993 3716 3052 fuerint,

2206 3091 2357 3138 stant
2392 3082 2639 3138 ordinata
2684 3084 3032 3151 proccssione
3076 3084 3126 3137 in
3177 3085 3379 3150 medio,
3425 3094 3715 3141 ntvencnmt.

2209 3176 2466 3231 Seniores
2513 3175 2773 3230 assistant
2804 3176 2969 3231 veluti
3014 3176 3066 3230 in
3096 3176 3268 3231 choro
3304 3192 3430 3231 usus
3461 3187 3536 3231 est
3570 3178 3718 3237 standi,

2205 3266 2390 3320 dicant
2425 3266 2499 3321 ibi
2547 3266 2648 3321 hoc
2697 3267 3129 3335 responsorium,
3176 3266 3352 3338 Super
3396 3268 3606 3323 salutem.
3638 3268 3719 3335 Quo

2205 3368 2425 3428 peracto
2458 3359 2662 3412 intrent
2688 3356 2977 3413 ecclesiam
3007 3357 3111 3412 hoc
3143 3360 3535 3429 responsorium
3576 3362 3720 3412 decan-

2208 3449 2393 3512 tando,
2421 3448 2699 3516 Assumpta
2754 3456 2829 3501 est
2876 3445 3053 3500 Maria
3107 3447 3161 3499 in
3213 3447 3423 3514 mlunt,
3468 3445 3721 3502 soaanibas

2204 3540 2419 3593 cunctis
2453 3537 2640 3607 signis.
2693 3535 2887 3592 Custos
2935 3538 3180 3593 ecclesia:
3236 3538 3438 3592 tribuat
3482 3552 3650 3607 cupps
3675 3538 3721 3589 al

2203 3646 2425 3697 omnes;
2455 3632 2521 3685 ad
2552 3628 2789 3685 infantes
2835 3630 3069 3685 tunicas.
3098 3631 3283 3699 Signis
3334 3631 3556 3685 dimissis
3579 3629 3722 3682 habent

2206 3724 2478 3778 armarius
2508 3733 2838 3793 praeparatas
2868 3724 3153 3778 duodecim
3185 3740 3389 3793 cappas
3439 3724 3486 3778 iu
3510 3723 3723 3785 clioro,et

2203 3817 2400 3886 quibus
2421 3816 2675 3869 annuerit
2706 3816 2896 3880 abbas,
2929 3816 3034 3871 illis
3077 3831 3135 3871 se
3188 3818 3441 3881 Vesllttlll,
3489 3828 3723 3882 secumque

2203 3907 2436 3964 olIicium
2466 3908 2744 3973 inchoent,
2777 3905 3114 3962 Gaudeamus
3222 3889 3239 3909 ’

2274 4000 2616 4057 Secretarius
2642 4009 2769 4054 ante
2796 3999 2966 4055 altare
2999 4001 3285 4056 duodecim
3317 4000 3560 4057 medelas
3579 4013 3727 4054 accen.

2203 4094 2314 4149 dat.
2348 4093 2622 4150 Graduale
2655 4102 2890 4162 quatuor
2909 4095 3222 4156 decantent,
3250 4092 3473 4164 Propter
3494 4094 3723 4147 ceritatem.

2200 4186 2427 4243 Alleluia
2473 4200 2588 4250 ses,
2627 4186 2908 4255 Assumpta
2939 4195 3012 4240 est
3050 4185 3249 4241 Maria.
3277 4186 3628 4256 Evangelium,
3654 4180 3726 4235 Re-

2200 4276 2339 4348 pleta
2368 4285 2442 4331 est
2485 4274 2687 4347 Spiritu
2727 4285 2907 4329 sancto
2942 4274 3234 4340 Elisabetls,
3288 4276 3372 4330 Vel
3411 4273 3725 4345 Evangelium,

2202 4367 2427 4424 Intravit
2452 4368 2709 4425 Dominus
2734 4370 2888 4425 Iesus
2917 4370 2971 4423 in
2995 4370 3261 4441 quoddam
3297 4369 3574 4424 castellum.
3599 4364 3724 4419 Credo

487 4459 881 4529 .Evangelium,
928 4458 1141 4529 Repleta
1178 4469 1272 4513 est.
1329 4459 1537 4523 Oratio,
1588 4458 1898 4514 Veneranda
1924 4459 2099 4525 nobis,
2130 4498 2174 4554 υ
2202 4460 2255 4515 in
2286 4477 2447 4515 unum
2476 4461 2662 4518 Deum.
2704 4459 2987 4518 Oﬂ'ertoria
3016 4476 3046 4515 a
3074 4461 3309 4545 duobus.
3354 4460 3507 4516 Missa
3538 4462 3721 4528 expleta.

486 4549 753 4605 Domine.
805 4552 861 4605 In
924 4551 1177 4607 laudilms
1236 4550 1670 4621 responsorium,
1728 4548 1982 4604 lixaltata
2020 4559 2094 4604 est

505 4649 690 4694 saneta
712 4640 807 4694 Dei
830 4642 1078 4711 genitrix.
1115 4641 1379 4712 Hymnus,
1406 4638 1526 4694 Lua:
1552 4639 1734 4693 mundi
1764 4639 2090 4693 beatissima.

505 4732 587 4786 Ad
636 4733 925 4787 stationem
977 4732 1376 4802 responsorinm
1417 4748 1431 4784 :
1472 4729 1604 4795 Qua:
1651 4738 1725 4784 est
1774 4730 1895 4784 ista.
1945 4729 2097 4784 Tunc

506 4824 761 4879 sacerdos
791 4824 938 4879 dicat
967 4839 1182 4878 versum
1212 4831 1375 4891 atque
1401 4822 1705 4876 orationem
1733 4835 1800 4876 ex
1834 4822 1948 4890 ipsa
1974 4821 2097 4876 Vir-

473 4916 629 4988 °gine
668 4917 932 4990 [Virginis
970 4915 1161 4987 missa}
1219 4930 1392 4970 sacra.
1430 4914 1487 4969 ιιι
1526 4916 1675 4971 horis
1719 4924 1827 4971 tres
1856 4915 2094 4970 candela:

490 5012 830 5065 ante-altare
865 5010 1255 5064 illuminentur.
1287 5008 1611 5079 Priusquam
1638 5017 1864 5065 sonetur
1892 5009 2090 5078 prima,

506 5112 777 5169 ponantur
805 5103 857 5156 in
892 5101 1067 5156 altare
1101 5099 1278 5170 majus
1309 5102 1490 5155 otnnia
1525 5111 1865 5166 ornamenta,
1895 5100 2092 5157 calices

507 5197 674 5257 aurei,
710 5204 764 5251 et
792 5197 897 5251 duo
927 5196 1253 5251 candelabra
1299 5196 1352 5251 in
1391 5198 1584 5252 eodem
1614 5196 1735 5253 loco
1781 5198 2093 5253 accendan-

474 5301 611 5352 'tur,
650 5298 867 5359 totaque
897 5290 983 5344 die
1016 5290 1262 5345 ardeant.
1304 5289 1465 5345 Missa
1503 5289 1838 5345 matutinalis
1864 5289 1916 5344 in
1949 5289 2095 5345 basi-

472 5380 604 5436 4iea
632 5389 836 5437 sancta:
862 5380 1044 5436 Mariae
1067 5382 1304 5447 dicatur,
1344 5392 1398 5436 et
1431 5395 1536 5436 una
1571 5380 1946 5437 tantummodo
1977 5381 2091 5438 col-

552 5535 685 5622 iss}
723 5536 1061 5622 candelabra
1102 5538 1156 5594 in
1184 5537 1404 5593 modum
1434 5551 1649 5593 coronae
1674 5534 2000 5602 fabrefacta,
2030 5544 2091 5591 ut

952 5692 1175 5732 aureum
1201 5678 1342 5732 inter
1365 5676 1662 5732 ministeria
1688 5688 1741 5733 et
1762 5685 2085 5746 ornamenta

489 5742 851 5803 sacra'etiam
885 5748 1160 5803 Hariull‘us
1186 5749 1222 5802 ι.
1253 5762 1317 5815 ιι,
1340 5762 1390 5802 c.
1424 5749 1508 5814 l0,
1546 5746 1731 5804 refert.
1770 5742 2085 5803 Bernardus

2199 4552 2381 4608 omnia
2408 4552 2561 4624 signa
2592 4554 2893 4624 pulsentur.
2929 4552 2985 4607 ιιι
3024 4536 3323 4609 refectorio
3359 4553 3489 4607 trina
3522 4550 3723 4623 propina-

2201 4644 2276 4699 tio
2306 4645 2419 4711 ﬁat,
2448 4645 2607 4700 siculi
2641 4647 2693 4701 in
2726 4645 2939 4701 Domini
2968 4643 3392 4700 Resurreclione
3427 4643 3721 4712 protulimus;

2196 4746 2252 4792 et
2285 4737 2467 4791 omnia
2514 4737 2567 4791 in
2604 4736 2877 4802 omnibus,
2904 4744 2961 4789 ut
2990 4736 3294 4806 repererint
3331 4737 3423 4802 ibi,
3446 4732 3718 4801 adimplen-

2200 4834 2305 4880 tur.
2337 4826 2415 4880 Ad
2438 4841 2719 4896 vesperam
2744 4826 3062 4896 antiphona,
3089 4825 3224 4879 Dum
3255 4837 3387 4881 esset
3419 4841 3521 4879 rex.
3546 4820 3720 4879 Psalmi.

2198 4917 2342 4973 Dixit
2379 4918 2652 4973 Dominus.
2680 4917 3012 4988 Antiphone,
3044 4916 3199 4973 Lan-a
3226 4919 3361 4988 ejus.
3397 4917 3611 4971 Laudat:
3631 4929 3721 4979 pse-

2196 5012 2260 5064 ri.
2293 5009 2524 5065 Lcetatus
2566 5026 2702 5064 sum.
2746 5010 3075 5081 Antipltona,
3107 5008 3282 5080 Nigra
3326 5027 3458 5065 sum.
3504 5007 3711 5065 Psalmis

2196 5098 2336 5154 Nisi.
2366 5100 2698 5171 Antipltona,
2730 5101 2853 5155 .lam
2883 5101 3080 5170 hyems.
3104 5099 3373 5166 Psalmus,
3402 5096 3590 5159 Lauda,
3616 5093 3709 5145 Ilie-

2194 5190 2443 5258 rusalem,
2463 5190 2761 5246 Dominum.
2788 5192 3236 5261 Responsorium,
3268 5190 3509 5245 Exaltata
3532 5197 3595 5241 est
3618 5199 3708 5237 sub
3798 5184 3799 5227 ἶ

2194 5292 2297 5336 cta.
2331 5282 2594 5353 llymnus,
2626 5284 2755 5349 Quis
2782 5286 2946 5355 possit
2975 5283 3175 5354 amplo.
3220 5284 3277 5339 ln
3321 5280 3587 5349 Erangelio
3607 5272 3709 5329 ante

2191 5375 2394 5444 pbona,
2426 5374 2473 5428 11
2481 5376 2596 5431 odie
2624 5375 2815 5430 Maria.

2189 5544 2322 5584 vero
2348 5530 2400 5583 in
2435 5529 2596 5584 Cons.
2626 5529 2783 5585 Clun.
2835 5527 3164 5583 mentionem
3195 5526 3323 5582 facit
3343 5524 3475 5599 pomi
3502 5523 3558 5577 de
3596 5529 3707 5599 ccta:

2190 5582 2280 5670 qui
2299 5582 2408 5668 per
2449 5582 2615 5654 totian
2639 5582 2878 5655 Vnoctem
2907 5599 3116 5670 ardeat;
3148 5600 3293 5668 quod
3343 5582 3477 5651 nullo

2191 5653 2335 5726 hunc
2365 5670 2539 5724 locum
2568 5653 2944 5795 explicandum
2978 5653 3182 5723 neferri'
3214 5676 3411 5740 potest°
3441 5662 3523 5723 sed
3561 5657 3618 5715 de
3641 5653 3708 5708 ω·

2191 5742 2337 5795 mine
2368 5749 2628 5795 nocturna
2657 5743 2668 5795 i
2701 5739 3168 5795 interpretandum
3197 5748 3300 5794 est.

2191 5742 2337 5798 mine
2368 5739 2668 5796 nocturnali
2701 5739 3168 5812 interpretandum
3197 5748 3300 5794 est.
