3834 6304
114 360 235 430 ως

1283 322 1659 415 nisurum
1700 355 2098 414 FARFENSlS.

3225 348 3353 419 tam

170 468 315 522 laetu
355 472 599 537 octavus
640 472 823 531 genua
851 470 958 513 non
1003 456 1243 512 ﬂectant.
1278 456 1442 527 Signa
1470 469 1669 511 sonen-
1698 463 1745 521 Α
1772 454 1855 507 die
1881 451 2057 506 Maria
2092 449 2274 521 Virgo,
2298 448 2380 503 vel
2415 446 2459 503 0
2480 463 2635 519 quam
2659 446 2877 518 pulchra
2897 465 2967 506 es.
2992 445 3073 503 vel
3101 446 3346 513 Altéltitn,

112 569 188 615 tur
230 564 286 610 ut
322 567 437 609 mos
470 561 557 607 est
606 550 942 622 qnotidianis
997 547 1205 605 diebus.
1269 545 1662 611 lnvitatorium,

112 650 283 706 Sancta
312 644 403 700 Dei
445 646 691 715 genitrix.
731 644 922 700 Lectio
949 642 1015 698 de
1043 655 1295 696 sermone
1321 641 1495 695 sancti
1543 639 1669 696 Hie-

115 738 316 812 ronymi.
344 737 765 805 Responsoriu‘m
801 737 865 792 de
894 736 1007 806 ipsa
1032 734 1212 788 beata.
1240 729 1303 784 in
1344 746 1667 801 unoquoque

120 838 342 889 tocturao
376 827 597 897 singula:
642 827 972 897 antiphbnte.
1018 826 1075 878 lu
1109 822 1359 877 laudibus
1386 838 1552 878 unum
1593 824 1668 879 si-

120 935 247 997 gnum
292 916 617 989 pulsabitur,
668 928 723 974 et
764 919 1007 989 psalmos
1053 917 1153 973 sub
1211 929 1317 969 una
1371 916 1665 987 anti‘pbona

116 1017 364 1084 premant:
393 1017 751 1062 veruntamen
799 1024 962 1062 unam
1002 1018 1070 1064 ex
1125 1008 1245 1062 istis
1286 1020 1384 1076 per
1427 1006 1667 1078 singulos

108 1101 240 1156 dies:
267 1098 541 1169 Assumpta
567 1111 641 1154 est
688 1100 862 1154 Maria
904 1101 1080 1171 Virgo.
1119 1100 1297 1157 Maria
1333 1102 1498 1172 Virgo
1526 1117 1665 1156 sem-

108 1208 182 1257 per
213 1191 484 1244 benedicta.
531 1190 766 1246 Pulchra
812 1208 887 1247 es.
919 1192 1377 1263 Responsorium,
1412 1194 1665 1249 Exaltata

106 1292 184 1337 est.
212 1281 263 1335 In
300 1280 603 1351 expletione
638 1286 1181 1341 commemorationis
1226 1296 1539 1342 sanctorum
1575 1301 1667 1342 ve-

107 1374 236 1427 niant
263 1373 311 1426 in
342 1372 506 1427 alium
534 1375 787 1443 chorum,
837 1385 893 1430 et
942 1378 1127 1433 dicant
1150 1379 1222 1435 ibi
1252 1380 1580 1446 matutinas;
1610 1388 1667 1435 et

106 1472 215 1518 tunc
240 1472 578 1518 revertantur
592 1468 881 1534 pauSando
904 1468 956 1521 in
985 1470 1387 1537 dormitorium,
1415 1473 1461 1526 si
1488 1472 1665 1527 adhuc

105 1553 203 1608 dies
229 1567 326 1608 non
352 1556 453 1608 est.
498 1556 580 1609 Ad
610 1551 843 1626 primam
880 1556 1095 1615 dicatur
1142 1562 1304 1618 missa
1338 1578 1436 1632 pro
1475 1562 1665 1618 defun-

102 1647 215 1711 ctis;
247 1646 295 1700 in
324 1646 884 1719 clanstroloquantur
934 1653 1078 1708 sicut
1114 1654 1167 1708 in
1194 1655 1315 1710 aliis
1337 1654 1527 1710 diebus
1560 1673 1573 1709 :
1608 1655 1662 1710 in

102 1737 233 1793 boris
262 1749 607 1795 assumantur
628 1742 940 1814 antipltonte
974 1746 1342 1812 nocturnales,
1380 1761 1501 1816 qum
1535 1761 1665 1801 con-

1768 548 2048 614 Assumpta
2068 553 2164 597 est.
2185 541 2312 596 Item
2337 540 2500 593 alium
2524 552 2761 603 vchnm,
2782 537 2906 594 Post
2928 551 3137 609 partum
3166 538 3346 610 Virgo.

1767 640 1941 709 Quem
1969 638 2057 708 qui
2089 646 2295 701 cantat,
2322 650 2486 689 ttnum
2517 645 2638 704 post
2663 632 2824 689 alium
2852 635 3015 691 dicat.
3031 634 3229 693 Clerus
3256 634 3349 707 qui

1765 732 1991 788 chorum
2022 738 2191 793 tenet,
2225 728 2338 785 sive
2365 727 2464 793 illi,
2496 729 2589 799 qui
2627 729 2679 782 in
2712 728 2930 798 longum
2963 729 3345 789 consistentes,

1768 837 1891 876 cum
1934 818 2351 890 repetitionibus
2400 833 2522 888 quae
2564 818 2694 873 inibi
2738 819 3065 874 conveniunt
3110 829 3350 874 cantent.

1768 912 2064 982 Sequentia
2112 908 2385 967 similiter.
2416 908 2791 980 Evangelium,
2838 906 3060 962 Intravit
3098 908 3353 963 Dominus

1764 1003 1942 1060 Iesus.
1968 1000 2342 1069 Oii'ertorinm,
2387 1003 2669 1072 Assumpta
2699 1010 2795 1055 est.
2821 998 3159 1063 Communia,
3188 999 3366 1054 Exal-'

1766 1104 1875 1149 tata
1908 1105 1984 1149 est
2030 1092 2212 1164 Virgo.
2244 1093 2324 1148 Ad
2364 1107 2648 1162 vesperam
2686 1089 2996 1160 antipbonze
3036 1105 3162 1144 cum
3212 1090 3356 1146 usa!—

1764 1187 1893 1254 mis,
1921 1185 2064 1241 sicut
2091 1185 2145 1242 in
2176 1185 2475 1242 festivitate
2504 1184 2695 1254 ipsius.

2341 1278 2573 1335 CAPUT
2616 1275 2782 1331 XXV.

2063 1372 2134 1429 In
2166 1372 2447 1443 festivitate
2475 1371 2643 1426 sancti
2673 1362 3073 1424 Bartltolomtri.

1836 1466 2160 1524 Festivitate
2187 1467 2360 1521 sancti
2387 1462 2768 1521 Bartholomaii
2800 1459 2868 1515 ad
2899 1476 3182 1532 vesperam
3216 1472 3361 1533 tape-

1767 1559 1842 1615 tia
1888 1568 2210 1629 coaptentur
2259 1560 2313 1614 in
2346 1557 2638 1624 formulas,
2684 1568 2740 1614 et
2782 1559 3021 1628 quinque
3051 1559 3194 1614 cerei
3235 1570 3361 1612 ante

1767 1652 1961 1707 altare.
2020 1651 2209 1707 Lectio
2263 1653 2423 1707 unius
2473 1651 2652 1725 [supp.
2707 1668 2771 1707 em
2810 1654 2882 1708 al.
2941 1666 3039 1707 ms.
3076 1649 3357 1722 apostoli].

1767 1743 2199 1815 Responsorium
2224 1740 2392 1800 breve
2418 1761 2447 1798 a
2472 1747 2654 1815 pueris
2681 1747 3020 1801 concinatur.
3052 1745 3131 1800 Ad
3159 1744 3361 1817 gradus

103 1829 312 1891 veniant,
347 1830 463 1885 sive
492 1831 560 1887 de
602 1831 871 1901 laudibus,
915 1851 1008 1890 seu
1040 1851 1106 1891 ex
1135 1836 1459 1907 Evangelia,
1481 1845 1576 1891 aut
1598 1836 1665 1891 de
1697 1851 1740 1910 Β
1768 1839 2022 1894 sacerdos
2052 1838 2123 1892 sit
2171 1837 2223 1891 in
2275 1838 2481 1907 cappis.
2510 1836 2764 1903 Oremus,
2794 1838 3131 1908 Omnipotens
3171 1838 3363 1907 sempi-

102 1922 315 1978 Canticis
335 1924 699 1981 canticorum.
722 1926 855 1983 Cum
881 1938 1066 1987 custos
1096 1931 1338 1987 ecclesia:
1359 1931 1664 1987 insonuerit

101 2013 308 2083 signum,
337 2024 465 2071 eant
492 2031 705 2084 omnes,
741 2027 798 2075 et
829 2019 1033 2075 faciant
1083 2022 1409 2088 orationem,
1438 2030 1493 2078 et
1536 2032 1666 2077 tunc

102 2101 365 2157 induantur
414 2104 553 2160 albis
602 2107 700 2175 illi,
728 2108 923 2178 quibus
954 2108 1022 2164 ad
1058 2125 1273 2166 sacrant
1304 2110 1509 2167 servire
1537 2126 1667 2166 con-

99 2205 285 2247 cessum
314 2203 417 2250 est.
453 2195 707 2253 Pulsante
749 2199 904 2270 signo
936 2210 1100 2271 agant
1132 2202 1375 2258 tertiam.
1422 2202 1667 2258 Psatmos

101 2281 368 2341 familiares
396 2286 449 2342 in
478 2288 734 2344 horarum
767 2292 964 2348 finibus
992 2309 1097 2348 non
1120 2293 1663 2365 imponant.Expleta

101 2376 259 2442 tertia,
290 2386 453 2448 agant
475 2377 710 2434 cilicium
728 2379 1093 2449 Gaudeamus,
1128 2392 1223 2438 aut
1257 2383 1467 2438 Vultum
1494 2394 1663 2439 tuum.

100 2462 212 2518 Item
237 2465 374 2521 aliud
405 2464 561 2523 Salve
582 2480 761 2524 sancta
782 2488 995 2539 parens.
1022 2472 1471 2544 Responsorium,
1495 2474 1666 2530 Bene-

101 2555 223 2609 dicta
247 2566 294 2609 et
319 2558 655 2615 venerabilis.
699 2560 950 2628 Alleluia,
989 2561 1212 2634 PrOpter
1254 2565 1541 2633 veritatem.
1578 2565 1667 2621 Al-

99 2647 257 2714 leluia,
283 2648 327 2705 0
355 2664 518 2722 quam
555 2654 778 2723 pulchra
810 2670 884 2709 es.
932 2656 1184 2722 Alleluia,
1235 2656 1518 2727 Assttmpta
1566 2670 1664 2716 est.

98 2739 324 2806 Alleluia,
354 2741 533 2798 Hodie
571 2743 769 2799 Maria.
802 2744 1071 2817 Ollicintn,
1096 2747 1377 2819 Assumpta
1404 2759 1501 2803 est.
1531 2749 1669 2806 Alle«

97 2827 214 2900 luia,
245 2831 395 2888 Felix
430 2851 659 2907 namque
693 2852 767 2903 es,
820 2837 906 2892 vel
938 2838 1042 2893 Ave
1078 2838 1276 2893 .lIaria.
1323 2840 1665 2909 Communia,

102 2926 332 2982 Exaltata
378 2940 458 2985 cst
497 2930 661 3001 Virgo
692 2931 893 2998 Maria,
923 2932 1008 2989 vel
1054 2932 1220 2987 Beata
1270 2934 1489 2988 viscera.
1528 2934 1672 2990 Alle-

99 3016 210 3084 luia,
234 3019 496 3076 Dilexisti.
533 3019 782 3095 Vespera:
810 3024 912 3079 sub
936 3041 1040 3080 una
1071 3026 1364 3096 antipltona
1396 3027 1667 3092 dicantur,

97 3109 266 3179 psalmi
300 3111 547 3168 feriales.
597 3114 969 3171 Servitoribus
992 3118 1317 3172 exeuntibus
1348 3118 1413 3172 de
1435 3118 1669 3173 refecto-

1767 1940 1911 1984 terne
1940 1929 2102 1984 Deus.
2152 1929 2230 1983 Ad
2270 1929 2559 1985 stationem
2607 1934 3033 2001 responsorum.
3064 1926 3217 1986 Cives
3262 1929 3362 1984 Dei

1766 2019 2155 2090 Apostolorum.
2197 2018 2429 2075 Oremus
2468 2020 2535 2074 de
2565 2021 2699 2090 ipso.
2729 2021 2808 2075 Ad
2855 2016 3223 2077 invitatorium
3251 2020 3360 2076 duo

1766 2113 1820 2168 in
1852 2113 2059 2184 cappis.
2089 2110 2347 2170 Gaudete.
2362 2112 2614 2169 Candelu:
2641 2123 2751 2170 tres
2778 2125 2903 2170 ante
2926 2115 3125 2171 altare.
3147 2113 3358 2171 Lectioo

1765 2221 1862 2261 nes
1896 2215 1955 2261 et
1988 2206 2327 2277 responsoria
2382 2205 2449 2261 de
2495 2207 2610 2277 ipso
2640 2207 2797 2261 beato
2832 2224 2845 2260 :
2888 2216 3141 2277 quartum
3199 2216 3357 2261 octa-

1766 2310 1928 2362 vum,
1956 2302 2011 2351 et
2057 2291 2435 2351 duodecimum
2486 2310 2516 2349 a
2560 2294 2770 2353 duobus
2816 2295 3051 2352 dicatur.
3103 2298 3158 2352 In
3198 2296 3361 2353 tertio

1770 2388 1989 2443 homilia
2023 2388 2168 2444 beati
2217 2387 2466 2458 Gregorii
2496 2403 2647 2459 papa:
2676 2404 2742 2444 ex
2783 2389 3089 2461 evangelio,
3120 2389 3237 2444 Hoc
3282 2399 3360 2446 est

1766 2490 2079 2549 praeceptum
2110 2497 2304 2536 meum.
2336 2479 2491 2537 Cerei
2519 2482 2626 2536 dtto
2659 2492 2956 2554 augeantur
2977 2485 3044 2538 ad
3073 2500 3245 2539 aram.
3278 2483 3362 2540 Ad

1768 2573 2059 2627 stationem
2092 2574 2519 2643 responsorium,
2555 2573 2797 2630 Fuerunt
2825 2577 2937 2630 sine
2959 2576 3191 2647 querela.
3228 2577 3360 2631 Mis-

1768 2678 1886 2719 sam
1927 2663 2300 2720 matutinalem
2331 2681 2395 2720 ex
2420 2680 2505 2719 eo.
2539 2666 2618 2720 Att
2665 2666 2925 2735 majorem
2956 2683 3146 2723 omnes
3176 2684 3361 2724 sacer-

1769 2754 1948 2818 dotes,
1982 2765 2038 2811 et
2068 2755 2246 2811 levita:
2290 2756 2702 2812 circumdantur
2751 2760 2955 2828 cappis.
2986 2757 3359 2825 Olfertorinm,

1770 2847 1907 2904 Mitti
1937 2858 2112 2903 autem
2146 2849 2322 2904 nimis.
2356 2849 2647 2915 Gratittalc,
2674 2860 2730 2904 et
2758 2852 2939 2905 omnia
2968 2850 3110 2906 sicut
3146 2852 3198 2905 in
3230 2866 3362 2920 apo.

1769 2940 2031 2996 stolarum
2070 2940 2207 2997 festo
2231 2944 2561 3005 continetur.
2603 2944 2675 2997 ita
2725 2944 2876 2997 ftant.
2906 2944 3192 3015 Vesperas,
3221 2945 3362 3001 sicut

1771 3050 1889 3090 mos
1905 3043 1990 3089 est
2009 3033 2061 3089 in
2089 3034 2373 3089 nativitate
2393 3036 2551 3090 unius
2584 3036 2812 3103 apostoli
2839 3036 3113 3107 agere,sic
3135 3035 3361 3092 faciant.

1773 3129 1829 3185 Si
1861 3130 1976 3184 lucc
2018 3126 2339 3182 soletnnitas
2369 3127 2456 3182 die
2502 3128 2783 3183 Dominico
2827 3128 3142 3194 advenerit,
3175 3128 3363 3187 omnia

96 3200 194 3266 rio,
223 3214 382 3273 agant
426 3204 664 3260 cilicium
695 3216 1055 3262 mortuorum.
1112 3208 1169 3263 Si
1222 3210 1432 3264 venerit
1472 3210 1667 3281 aliquis
1694 3213 1735 3269 C
1772 3232 1951 3277 tamen
1983 3220 2048 3275 de
2078 3220 2322 3292 apostolo
2356 3220 2509 3275 fiant.

95 3306 321 3362 sanctus,
357 3297 505 3353 unde
531 3298 616 3368 agi
646 3298 846 3354 debent
890 3309 1000 3355 tres
1022 3300 1302 3367 lectiones,
1337 3314 1464 3357 tunc
1488 3302 1662 3374 legant

97 3402 382 3443 sermonem
415 3390 485 3446 de
533 3400 723 3445 sancta
777 3391 968 3455 Maria,
998 3403 1053 3448 et
1103 3402 1334 3449 tractum
1383 3396 1448 3449 de
1478 3404 1669 3450 sancto

95 3492 346 3548 premant,
387 3492 448 3538 et
492 3483 551 3538 in
581 3482 832 3541 laudibus
863 3488 1107 3556 quinque
1137 3487 1452 3556 antiphonte
1480 3488 1667 3542 dican-

98 3580 189 3636 tur,
213 3582 268 3628 et
289 3574 355 3628 ad
400 3576 621 3629 tertiam
658 3576 824 3630 missa
851 3593 917 3631 ex
946 3591 1012 3631 eo
1055 3576 1381 3633 celebretur.
1431 3578 1669 3635 Sabbato

96 3664 177 3719 fiat
205 3668 267 3721 ad
296 3678 544 3723 sanctam
574 3683 813 3723 crucem.
858 3668 914 3724 Si
943 3670 1059 3724 dies
1107 3668 1383 3725 Dominica
1416 3683 1669 3725 occurre-

96 3757 158 3810 rit
194 3760 369 3813 omnia
418 3768 585 3829 agant
619 3760 686 3815 de
723 3760 878 3815 beata
928 3759 1171 3829 Virgine,
1218 3770 1274 3816 et
1300 3761 1352 3815 in
1383 3762 1544 3816 tertio
1573 3775 1670 3815 [ιο-

92 3856 272 3903 cturno
301 3850 667 3919 pronuntient
699 3848 1076 3919 Evangelium,
1109 3849 1193 3917 Ite,
1216 3849 1320 3904 leta
1362 3860 1436 3904 est
1468 3849 1670 3919 Spiritu

91 3951 279 3995 sancto.
311 3940 448 3995 Etsi
476 3940 672 4012 aliquis
695 3949 917 3997 santtus
946 3957 1051 3996 non
1095 3943 1269 4007 adest,
1308 3942 1528 3997 missam
1558 3958 1670 3996 ma-

96 4032 362 4089 tutinalem
388 4043 556 4103 agant
582 4049 650 4089 ex
678 4049 774 4099 ea;
807 4041 861 4088 et
887 4032 1025 4088 infra
1071 4034 1242 4104 ipsam
1274 4033 1671 4089 hebdomadam

92 4121 263 4178 dicant
289 4123 674 4181 dominicalem
705 4139 915 4179 sacram
958 4124 1100 4195 (34).
1141 4123 1405 4179 Similiter
1453 4134 1670 4193 quarta,

94 4224 142 4270 et
190 4226 341 4273 sexta
388 4217 527 4274 feria
582 4217 940 4289 adjungentes
1000 4214 1293 4286 Evangelia
1343 4214 1513 4284 ipsius
1567 4215 1671 4270 diei

92 4310 237 4367 aﬂxa
267 4313 321 4368 in
354 4312 519 4371 libro.

646 4424 874 4483 CAPUT
916 4424 1104 4481 XXIV.

541 4518 735 4574 Octava
766 4528 962 4572 sancta:
996 4516 1203 4571 Maritc.

154 4613 355 4671 Octava
393 4622 600 4671 sanctae
651 4611 835 4666 Maria:
881 4610 950 4665 ad
994 4609 1367 4665 invitatoriam
1401 4611 1511 4664 sint
1535 4624 1673 4680 qua-

91 4716 204 4763 tuor
231 4709 286 4763 in
320 4707 529 4779 cappis,
584 4714 638 4759 et
675 4704 814 4759 hanc
863 4704 1220 4773 antipltonam
1254 4703 1456 4768 dicant,
1498 4701 1675 4758 Venite

88 4799 359 4856 adoremus
402 4800 591 4871 Regem
645 4814 851 4869 regum,
899 4796 981 4852 vel
1018 4796 1163 4851 Odor
1209 4806 1331 4851 tuus
1362 4806 1544 4850 sancta
1579 4791 1677 4849 Dei

87 4894 327 4963 genitrix.
351 4892 622 4957 Psalmus,
655 4889 854 4944 Venite.
881 4889 1147 4961 Hymnus,
1175 4886 1264 4942 Fit
1287 4900 1437 4959 porta
1461 4888 1676 4944 Christi.

88 4986 142 5040 ln
169 4986 349 5056 primo
393 4994 665 5040 nocturno
696 4981 1028 5053 antipltontc,
1062 4982 1202 5038 sicut
1231 4982 1284 5037 in
1318 4980 1435 5050 ejus
1474 4980 1680 5037 festivi-

90 5087 217 5141 tate,
252 5078 326 5132 ita
354 5076 625 5133 dicantur.
660 5074 948 5129 Lectiones
988 5082 1113 5129 octo
1140 5073 1206 5129 de
1231 5088 1485 5129 sermone
1507 5073 1678 5128 sancti

89 5167 423 5242 Hieronymi,
453 5168 699 5238 Legimus
721 5183 841 5237 ergo
864 5180 1023 5238 quam
1045 5182 1181 5237 sa’pe
1206 5166 1274 5220 ad
1296 5165 1506 5236 funera,
1535 5174 1581 5219 et
1611 5165 1679 5218 ad

89 5260 406 5330 sepulturas.
462 5258 828 5329 Responsoria
892 5258 1060 5329 ipsius
1114 5260 1306 5313 beatae.
1384 5257 1679 5314 Homiliam

88 5349 281 5419 legant,
319 5349 543 5405 Intravit
573 5349 828 5404 Dominus
856 5348 909 5402 in
940 5349 1205 5419 quoddam
1230 5348 1522 5403 castellum.
1557 5348 1675 5409 li:c(

88 5438 247 5494 lectio
302 5440 573 5509 superiori
626 5438 996 5508 pulcherrima
1047 5440 1258 5495 ratione
1316 5441 1679 5496 connectitur.

88 5530 164 5585 Ad
195 5533 422 5586 missam
450 5530 809 5595 oﬂertorium,
835 5529 1172 5586 Gaudeamus
1201 5548 1397 5587 omnes.
1425 5532 1678 5600 Oremus,

91 5619 446 5701 Famulorum
492 5633 725 5676 tuorum.
774 5621 999 5685 Lectio,
1051 5621 1116 5675 In
1139 5622 1377 5677 omnibus
1430 5624 1677 5693 requiem.

93 5712 339 5768 Oremus.
374 5712 668 5778 Graduale,
702 5710 928 5782 Propter
967 5713 1251 5767 veritatem.
1281 5713 1506 5769 Alleluia
1529 5755 1543 5780 ,
1579 5713 1686 5769 IIo-

161 5826 277 5898 (35)
320 5826 379 5881 ld
400 5834 501 5894 est,
534 5826 753 5882 missam
778 5824 1061 5881 dominica:
1085 5825 1459 5896 prrecedentis.

2340 3310 2571 3369 CAPUT
2609 3309 2798 3369 XXVI.

2111 3403 2180 3460 In
2211 3403 2491 3474 festivitate
2518 3406 2688 3457 sancti
2717 3398 3019 3472 Augustini.

1841 3498 1924 3553 Ad
1952 3514 2256 3569 vesperam,
2305 3497 2442 3551 Ecce
2476 3489 2721 3551 sacerdos
2750 3514 2989 3567 magnus.
3028 3497 3359 3568 Antiphonti,

1772 3589 1840 3647 In
1856 3590 2307 3646 medio‘ecclesia'.
2330 3588 2583 3656 Oremus,
2609 3588 2897 3643 Ecclesium
2924 3600 3091 3655 luant,
3120 3589 3364 3647 Domine.

1772 3685 1852 3739 Ad
1884 3686 2173 3741 stationem
2206 3686 2634 3757 responsorium,
2666 3685 2732 3742 In
2766 3679 2938 3742 medio
2964 3683 3211 3739 ecclesite.
3257 3683 3367 3739 Rc-

1775 3773 1918 3843 liqna
1953 3774 2005 3829 in
2033 3777 2205 3830 sancti
2237 3772 2462 3831 Joannis
2483 3769 2846 3847 Evangelistze
2868 3770 3032 3841 festo,
3063 3784 3119 3831 et
3146 3790 3366 3831 oremus

1775 3864 1843 3919 de
1891 3864 2229 3922 confessore.
2295 3859 2670 3923 lnvitatorium
2739 3864 2931 3939 Regem
2989 3860 3364 3935 Confessorttm

1776 3958 2081 4016 Dominum.
2113 3960 2403 4017 Lectiones
2427 3970 2550 4017 octo
2578 3961 2646 4016 de
2667 3960 2786 4031 ejus
2808 3960 2940 4015 vita.
2985 3959 3073 4015 Ea:
3098 3959 3369 4031 provincia

1775 4067 1898 4121 ergo
1929 4051 2207 4120 Africana.
2241 4051 2604 4122 Responsoria
2629 4052 2695 4108 de
2724 4050 3167 4109 confessoribus:
3197 4065 3367 4121 quar-

1778 4150 1914 4208 tum,
1942 4151 2216 4207 octavum,
2245 4151 2302 4197 et
2326 4143 2705 4198 duodecimum
2746 4159 2775 4195 a
2826 4142 3010 4211 pueris
3050 4144 3370 4196 decantetur

1776 4249 1901 4289 cum
1932 4230 2136 4288 Gloria.
2175 4233 2422 4289 lntroitio
2461 4242 2526 4289 ex
2557 4233 2780 4288 ltontilia
2814 4233 2986 4288 sancti
3015 4230 3263 4301 Gregorii
3296 4246 3368 4286 ex

1777 4324 2089 4393 cvangelio,
2125 4318 2295 4378 "amo
2342 4324 2557 4395 quidam
2606 4340 2842 4394 peregre,
2879 4323 2964 4377 vel
3001 4321 3229 4391 Vigilate
3268 4322 3372 4376 ita-

1776 4434 1898 4489 que.
1926 4417 2006 4472 Ad
2048 4417 2359 4482 stationem,
2390 4412 2526 4471 Ecce
2554 4432 2669 4470 vere
2696 4416 2964 4469 Israelita.
3006 4415 3165 4471 Missa
3195 4423 3371 4470 matu-

1780 4509 1964 4564 tinalis
1991 4508 2205 4564 dicatur
2252 4508 2321 4563 de
2358 4508 2500 4580 ipso,
2539 4508 2623 4562 vel
2652 4509 2697 4564 si
2749 4506 2943 4578 aliquis
2970 4515 3188 4563 sanctus
3218 4508 3372 4571 adest

1779 4600 1994 4655 dicatur
2028 4596 2096 4655 de
2126 4599 2262 4670 ipso.
2306 4600 2385 4655 Ad
2417 4599 2595 4669 majus
2624 4599 2881 4664 cilicium,
2912 4598 2977 4653 In
3009 4600 3370 4656 medioeccle-

1779 4690 1892 4744 sitv.
1916 4689 2200 4744 Ecc'esiam
2222 4700 2390 4759 tuam,
2413 4689 2655 4745 Domine.
2680 4690 2961 4746 Lectiones
2989 4689 3057 4744 de
3072 4689 3370 4761 Sapientia,

1783 4780 1992 4852 Optavi,
2026 4791 2073 4837 et
2101 4781 2257 4835 datus
2282 4792 2380 4837 est.
2426 4780 2813 4851 Responsoria,
2842 4791 2897 4837 et
2937 4784 3120 4838 omnia
3154 4784 3221 4838 de
3244 4797 3374 4838 coa-

1786 4871 2106 4929 fessoribus.
3314 4890 3319 4899 ·

1853 4966 1907 5021 lat
1948 4965 2291 5022 Nntvtrn‘e
2322 4974 2509 5019 SANCTI
2540 4963 2750 5019 lutum
2796 4979 3068 5021 mantus
3118 4964 3375 5019 invitato-

1785 5058 1927 5115 rium
1958 5060 2067 5114 duo
2095 5058 2148 5112 in
2196 5056 2403 5128 cappis.
2449 5054 2717 5119 Psalmns,
2749 5055 2935 5109 Justus
2965 5052 3377 5124 Itarebit..Psalo

1784 5166 1906 5206 mus
1964 5148 2143 5205 Venite
2169 5158 2226 5205 et
2274 5149 2455 5204 omnia
2488 5147 2555 5202 de
2584 5147 2745 5203 unius
2778 5146 3054 5219 martyris.
3086 5144 3375 5200 Festivitas

1785 5243 1927 5300 sicut
1950 5238 2006 5298 in
2031 5242 2239 5297 duobus
2270 5240 2482 5311 eappis,
2509 5240 2590 5294 sic
2617 5240 2731 5293 ttat.

2340 5330 2566 5387 CAPUT
2610 5329 2819 5385 XXVII.

2143 5424 2207 5479 In
2232 5424 2576 5479 decollatione
2600 5424 2768 5477 sancti
2803 5422 3028 5478 Joannis

1871 5518 2113 5590 desperata
2164 5517 2479 5588 priusquam
2513 5523 2802 5580 sonentur,
2847 5517 3146 5570 adornctur
3198 5514 3370 5569 altare

1786 5612 2004 5668 nomine
2054 5609 2223 5679 ipsius
2280 5606 2587 5661 dedicatum
2625 5606 2860 5673 optime,
2903 5613 2957 5659 et
2993 5619 3131 5660 unus
3183 5619 3374 5660 cereus

1785 5712 2150 5775 anteponatur
2181 5718 2195 5754 :
2229 5700 2299 5755 ad
2328 5698 2504 5770 majus
2538 5698 2799 5769 quinque.
2823 5695 3162 5769 Capitulum,
3187 5695 3372 5754 Sancti
