3834 6304
469 394 602 460 1251

469 512 721 573 ludibria.
760 498 1218 575 Responsorium,
1273 489 1581 547 Pra'cursor
1635 484 1847 540 Domini
1897 480 2050 535 venit.
2087 479 2131 537 Α

467 607 744 678 Hymnus,
802 605 1044 653 Assertor
1100 588 1381 662 tequitatis.
1426 581 1661 645 Versus,
1720 575 2053 678 Magnanest

468 660 635 771 glbria
665 696 797 765 ejus.
827 660 1168 760 Antiphona,
1221 679 1582 750 Interrogatus
1637 670 1889 727 Joannes.
1921 660 2057 722 Ore-

468 758 612 855 inus,
639 786 819 842 Sancti
869 758 1092 837 Joannis
1150 776 1424 845 Baptista;
1476 778 1521 822 et
1570 764 1814 834 martyris
1858 760 1955 815 tui.
1990 758 2055 814 Et

471 896 596 937 tunc
648 884 895 947 repetant
934 870 1281 940 antipbonam
1334 865 1399 919 de
1448 868 1632 916 sancta
1665 854 1833 909 Maria
1892 851 2049 906 Savi-

470 992 535 1027 na
564 943 1106 1042 (35).vlnvitatorium
1156 960 1260 1016 duo
1299 957 1351 1011 in
1400 952 1583 1023 cappis
1628 949 1830 1010 dicant,
1865 943 2051 999 xEter-

469 1081 615 1126 nunt,
645 1062 943 1127 trinumque
990 1052 1291 1109 Dominum.
1344 1044 1609 1116 llymuus,
1646 1038 1786 1092 Deus
1818 1046 2050 1089 tuorum.

466 1124 804 1221 Antipliona,
842 1124 922 1201 ald
980 1143 1153 1198 omnia
1185 1155 1324 1211 qutc.
1372 1135 1511 1219 ltemi
1547 1128 1784 1193 alleluia,
1842 1124 2055 1180 Audiuit

472 1218 732 1305 Herodes,
764 1249 818 1294 et
844 1246 1035 1293 extera
1073 1233 1231 1289 sicuti
1263 1218 1554 1300 capitulata
1595 1230 1721 1278 sunt
1747 1221 1800 1274 in
1829 1218 2056 1273 authen-

471 1338 602 1390 tico.
636 1331 899 1389 V'ersiculi
938 1329 1096 1383 unius
1127 1323 1378 1405 martyris
1443 1319 1716 1375 dicantur.
1769 1311 2057 1367 Lectiones

468 1441 594 1487 octo
616 1430 679 1485 de
701 1441 951 1483 sermone
976 1422 1145 1479 sancti
1170 1417 1391 1474 Joannis
1420 1411 1678 1485 episcopi,
1711 1409 1761 1464 ll
1767 1410 1882 1465 odie
1908 1407 2056 1462 nobis

468 1522 692 1581 Joannis
725 1521 907 1585 virtus,
948 1513 1173 1571 Herodis
1198 1513 1401 1581 feritas.
1436 1504 1881 1579 Responsorium,
1911 1500 2055 1555 Misit

472 1616 729 1683 Herodes.
757 1613 1043 1679 Quartum,
1067 1616 1320 1662 octavum
1344 1610 1399 1658 et
1421 1599 1798 1657 duodecimum
1826 1596 1929 1650 duo
1961 1593 2057 1648 de-

471 1718 716 1771 eantcnt.
740 1705 797 1760 In
832 1704 990 1759 tertio
1024 1709 1286 1755 nocturno
1313 1693 1693 1767 pronuntietur
1714 1686 2057 1759 evangelium

471 1801 770 1861 secundum
801 1796 1131 1859 Mattbtenm,
1160 1790 1225 1845 In
1250 1790 1340 1843 illo
1368 1799 1620 1857 tempore,
1653 1782 1850 1838 audivit
1890 1778 2058 1833 Hero-

472 1892 583 1950 des.
616 1889 845 1947 Humilia
874 1887 1028 1943 Beda:
1061 1881 1385 1956 presbyteri.
1419 1877 1690 1940 Natalem,
1720 1875 1908 1944 fratres
1941 1872 2063 1925 cha-

471 1983 685 2051 tissimi,
719 1982 852 2037 beati
896 1977 1121 2033 Joannis
1170 1975 1307 2028 diem
1331 1970 1666 2026 celebrantes.
1694 1962 1943 2022 Candela:
1969 1978 2065 2016 au-

460 2083 696 2148 rgescant
722 2074 849 2151 dua:
896 2079 1039 2127 aula:
1067 2083 1242 2123 aram.
1271 2065 1327 2120 In
1364 2063 1614 2118 laudibus
1641 2057 2062 2130 responsorium,

474 2169 658 2230 Gloria
686 2179 732 2224 et
770 2168 986 2221 honore.
1020 2163 1279 2233 llymuus,
1318 2155 1439 2211 Non
1469 2154 1570 2225 fuit
1605 2152 1753 2207 vatis.
1796 2150 2064 2221 Antipho-

472 2278 577 2328 na,
628 2260 790 2317 Misso
822 2257 1079 2313 Herodes.
1134 2253 1297 2308 Missa
1353 2245 1687 2303 matutinalis
1738 2255 1933 2323 agatur
2002 2242 2068 2297 de

474 2361 667 2409 sancta
721 2350 919 2405 Savina
952 2342 1205 2421 [Sabina]
1245 2342 1507 2397 addentes
1560 2320 1843 2393 collectam
1891 2332 2067 2387 sancti

475 2434 700 2500 Ioannis
724 2452 887 2511 atque
912 2432 1436 2495 consuetudinarias.
1469 2430 1549 2485 Ad
1574 2428 1856 2500 majorem,
1880 2439 2070 2481 onmes

476 2537 677 2607 gradus
702 2534 1045 2591 sacerdotum
1078 2539 1243 2599 atque
1295 2526 1581 2581 levitarum
1611 2521 1798 2591 eappis
1838 2519 2073 2573 circum-

476 2628 694 2692 dentur.
721 2626 945 2697 Septem
982 2619 1259 2692 lampades
1280 2616 1668 2672 accendantur.
1700 2611 2069 2674 Oilei-torium,

477 2719 555 2775 De
583 2728 754 2773 uentre
798 2716 982 2771 matris
1030 2729 1177 2777 meat,
1211 2711 1355 2783 quod
1396 2724 1490 2765 sex
1545 2714 1787 2762 teneant.
1822 2704 2071 2768 Oremus,

476 2810 666 2875 Sancti
704 2808 929 2862 Joannis
981 2805 1255 2874 Baptistre.
1306 2798 1567 2872 Epistola,
1598 2797 1781 2852 Sancti
1822 2794 2072 2849 ludibria.

476 2899 930 2971 Responsorium,
968 2896 1308 2965 Priusquam,
1343 2892 1448 2946 duo
1476 2884 2072 2951 decantent._Alleluia,

482 2992 631 3047 Inter
657 3000 808 3045 natos
839 2988 1140 3053 mulierum,
1176 2996 1286 3039 tres
1318 2980 1649 3054 persolvant.
1694 2977 2075 3048 Evangelium,

481 3082 629 3138 Misit
662 3080 897 3135 Herodes
934 3096 995 3131 ac
1024 3076 1186 3131 tenuit
1216 3072 1503 3128 Joannem.
1533 3069 1908 3136 Oll'ertorium,
1958 3066 2079 3121 Μα-

482 3162 585 3245 gna
610 3183 705 3238 cst,
736 3171 823 3226 vel
875 3168 1123 3223 Posuisti.
1155 3163 1497 3221 Communio.
1536 3160 1791 3226 Posuisti,
1824 3158 2065 3213 Domine.
2096 3186 2144 3248 ο

484 3262 544 3317 1η
576 3258 868 3317 rel‘cctorio
919 3257 1115 3311 tabula:
1151 3253 1558 3322 cooperiantur.
1600 3250 1655 3305 In
1685 3247 1833 3305 boris
1859 3245 2070 3316 capitua

486 3353 597 3407 tum
633 3351 792 3405 unius
828 3347 1107 3419 martyris.
1156 3345 1444 3402 Orationes
1475 3343 1539 3397 de
1564 3341 1733 3412 ipsius
1760 3338 2072 3400 Nativitate,

488 3460 610 3516 qua:
646 3442 1005 3506 conveniant,
1040 3438 1122 3493 vel
1181 3437 1247 3493 de
1299 3445 1537 3506 martyre
1589 3440 1958 3487 assumantur.
1992 3428 2073 3481 Ad

476 3529 774 3607 "vesperam
805 3533 1112 3601 antipbomc
1145 3530 1211 3584 de
1248 3524 1529 3581 nocturnis
1575 3523 1844 3579 dicantur.
1873 3518 2075 3575 Psalmi

474 3624 652 3684 iunius
701 3625 980 3695 martyris.
1029 3618 1490 3692 Rcsponsorium,
1524 3614 1781 3679 Posuisti,
1831 3611 2074 3666 Domine.

490 3721 756 3792 Hymnus,
786 3719 1049 3772 Assertor.
1082 3714 1414 3783 Antiphona,
1450 3708 1624 3763 Medio
1655 3706 1881 3760 carceris
1905 3702 2076 3757 stabat

484 3813 671 3867 beatus
698 3810 953 3865 Joannes.
987 3805 1197 3872 Oratio,
1230 3802 1413 3861 Sancti
1438 3802 1661 3857 Joannis
1696 3797 1968 3868 Baptism.

1038 3959 1265 4018 CAPUT
1304 3956 1541 4013 XXVIII.-

774 4077 1041 4132 Domintca
1071 4074 1239 4146 prima
1268 4068 1460 4125 mensis
1488 4065 1826 4137 Septembris.

562 4188 665 4251 Hic
716 4192 1022 4250 dimittatur
1076 4196 1282 4244 tactus
1326 4184 1507 4239 brevis
1538 4195 1707 4251 usque
1740 4180 1791 4233 in
1849 4177 2074 4232 Pascha.

460 4342 463 4343 ,
495 4286 736 4343 Sahbato
768 4284 835 4338 ad
882 4296 1163 4350 vesperam
1204 4274 1636 4347 responsorium,
1664 4271 1955 4340 Antequam
1986 4284 2078 4320 co—

492 4381 701 4435 snedam
731 4378 937 4447 suspiro
972 4388 989 4427 :
1020 4373 1315 4443 antipbona
1338 4369 1405 4424 ad
1434 4366 1773 4436 Magni/ient,
1824 4379 1939 4416 cum
1984 4378 2081 4413 au-

494 4474 653 4526 disset
680 4470 801 4525 Job.
830 4468 1104 4539 Legautur
1147 4476 1253 4519 tam
1296 4459 1594 4516 Dominicis
1641 4457 1831 4509 diebus
1861 4463 1913 4507 et
1947 4452 2079 4521 vigi-

460 4565 607 4627 ,liis.
638 4577 800 4632 quam
849 4537 1179 4631 quotidianis
1233 4549 1546 4610 refectionis
1597 4546 1748 4603 boris
1777 4544 1901 4600 libri
1954 4542 2077 4601 Job.
2111 4537 2157 4596 Ι)

464 4726 469 4731 ¹
498 4652 719 4718 Tobias,
750 4650 1027 4727 Juditb'et
1070 4647 1264 4702 llester
1284 4653 1341 4699 et
1378 4642 1569 4707 Esdra,
1602 4651 1657 4694 ct
1686 4655 1747 4693 ea
1777 4653 1897 4692 cum
1930 4651 2081 4690 com-

499 4741 957 4807 mentationibus,
1007 4752 1287 4819 quousque
1326 4734 1577 4793 Octobris
1629 4732 1831 4787 mensis
1884 4740 2085 4800 praesto

491 4834 576 4918 sit
598 4842 884 4899 tractatus,
916 4832 981 4886 de
1003 4831 1205 4886 eisdem
1246 4828 1399 4884 libris
1430 4833 1737 4881 eantentur.

574 4927 630 4983 In
672 4926 758 4982 lll.
813 4927 1103 4989 Doututcs,
1157 4922 1223 4976 de
1253 4920 1477 4975 historia
1511 4916 1713 4972 Tobiae.
1754 4911 1990 4965 Sabbato
2021 4910 2088 4964 ad

493 5012 789 5091 ’Ὓθδρθηηι
822 5014 1247 5089 responsorium,
1284 5010 1328 5065 0
1377 5010 1515 5063 mitis
1540 5016 1686 5076 pater
1711 5003 1921 5057 benerlic
1955 5018 1973 5054 :
2008 5001 2087 5055 Ad

505 5112 838 5183 Hagniﬁcat,
887 5109 1205 5179 autiphona,
1251 5104 1332 5158 Ne
1377 5098 1751 5155 reminiscaris.
1803 5093 1991 5149 Lectio
2022 5093 2088 5146 ad

504 5208 744 5275 vigiliam
784 5206 850 5261 de
887 5203 1025 5257 libro
1081 5200 1249 5271 ipsius
1279 5195 1483 5258 Τοὺίίρ,
1518 5191 1706 5245 Tobias
1749 5205 1812 5243 ea:
1866 5187 2005 5240 tribu
2039 5195 2087 5239 ct

503 5299 710 5356 civitate
744 5295 1036 5367 Nephtali:
1075 5300 1306 5353 tractus,
1340 5286 1463 5341 l’eto
1494 5284 1731 5339 Domine.

578 5389 843 5459 Douuvtcs
896 5386 985 5440 IV.
1025 5381 1224 5437 Mensis
1275 5376 1609 5450 Septembris
1647 5376 1713 5429 de
1753 5373 1958 5427 Juditb.
2013 5371 2091 5423 Ad

504 5480 850 5536 nocturualia
884 5475 1141 5545 obsequia
1183 5472 1340 5528 lectio
1369 5470 1573 5539 prima,
1604 5467 1873 5536 Arphaxat
1908 5466 2087 5531 itaque

509 5572 623 5629 Rea:
646 5571 944 5633 Medorum,
973 5578 1027 5621 et
1071 5566 1189 5621 alia:
1212 5580 1332 5636 qu'.e
1361 5570 1658 5631 sequuntur
1694 5574 1762 5612 ex
1790 5554 1980 5610 eodem
2030 5553 2094 5605 li-

508 5668 649 5724 bro:
683 5675 912 5730 tractus,
948 5660 1331 5716 Tribulationes
1360 5656 1605 5711 civitat’s.

587 5821 697 5892 (35)
739 5819 957 5882 Sucina,
982 5817 1206 5881 Sabina,
1239 5817 1264 5868 b
1299 5815 1453 5868 litera
1483 5826 1607 5865 cum
1637 5827 1662 5863 υ
1694 5807 2017 5863 alternante.

1575 362 1897 429 GUIDONlS
1928 356 2215 417 ABBATIS
2242 350 2630 415 FARFENSIS

3581 347 3681 409 ως

2716 454 2943 521 CAPUT
2983 457 3178 519 XXIX.

2270 570 2549 639 l‘heotocos
2586 586 2767 645 ortum
2798 574 3052 631 celebrent
3082 574 3155 628 sic
3188 571 3341 627 verba
3372 570 3605 632 clientum.

2180 750 2183 753 γ
2224 696 2284 752 in
2331 692 2613 751 nativitate
2650 698 2855 745 sancta:
2902 686 3083 743 Mariae
3125 684 3439 757 priusquam
3484 695 3688 742 sanentur

2156 804 2397 859 vespera:
2429 796 2691 843 ornentur
2732 781 2925 838 altaria
2956 790 3013 835 et
3055 760 3235 833 omnis
3276 775 3519 830 ecclesia.
3556 776 3690 848 super

2157 880 2364 937 formas
2399 887 2650 934 sternant
2700 872 2929 945 tapetias
2978 878 3107 924 ante
3160 880 3446 937 vesperam
3479 883 3490 918 :
3519 854 3693 923 ornetur

2156 970 2561 1042 presbyterium
2593 977 2759 1037 atque
2801 965 3025 1019 chorus.
3066 958 3400 1031 Capitulum,
3435 957 3693 1026 Egmliuur

2170 1060 2327 1131 l'irga
2364 1077 2384 1114 :
2425 1057 2835 1130 responsorium
2863 1096 2878 1121 ,
2934 1051 3192 1107 Gloriosa:
3256 1048 3483 1120 Virginis
3535 1049 3695 1106 Mario.

2157 1155 2329 1211 Pallio
2356 1153 2494 1226 (36),
2528 1152 3065 1218 etcircumcoaptent
3086 1142 3376 1199 bancalia:
3414 1154 3529 1198 ante
3554 1160 3696 1198 artum

2159 1245 2453 1301 extendant
2488 1242 2735 1314 pallium,
2761 1249 2927 1296 testes
2967 1236 2987 1309 ι
3016 1233 3219 1305 textus]
3257 1232 3634 1304 Evatigeliorum
3661 1235 3697 1287 iu

2161 1338 2335 1393 altare
2375 1351 2564 1392 omnes
2609 1340 2814 1405 ponant
2853 1348 2869 1386 :
2919 1330 3158 1400 quinque
3201 1324 3350 1397 cerei
3395 1327 3700 1380 accendantur

2161 1439 2289 1487 ante
2320 1428 2516 1499 ipsum,
2549 1426 2602 1482 in
2635 1425 2995 1480 instrumento
3028 1428 3157 1481 tres,
3180 1417 3236 1471 in
3265 1414 3374 1470 alia
3398 1415 3573 1471 altaria
3598 1432 3702 1469 unus

2162 1519 2559 1582 tantummodo,
2614 1525 2670 1572 et
2727 1513 2838 1569 sint
2876 1510 3071 1568 sericis
3118 1510 3375 1565 decorata
3419 1526 3432 1561 :
3476 1517 3573 1562 tant
3610 1509 3701 1573 ista,

2162 1628 2322 1683 quam
2352 1611 2444 1664 illa
2472 1623 2595 1679 quae
2636 1605 2894 1674 inscripta
2924 1610 3071 1658 sunt.
3115 1600 3292 1673 Super
3328 1599 3572 1655 formulas
3605 1611 3705 1655 stct-

2165 1714 2296 1759 nant
2321 1703 2540 1773 tapetia.
2574 1698 2880 1770 Capitulum
2903 1737 2918 1762 ,
2951 1695 3270 1766 Egredietur
3302 1692 3462 1763 Virga
3494 1706 3513 1743 .‘
3533 1708 3703 1762 respon-

2165 1795 2394 1860 sorium,
2412 1791 2669 1848 Gloriosa:
2699 1787 2934 1859 Virginis
2959 1784 3173 1851 Moriar,
3189 1784 3274 1840 vel
3298 1782 3465 1838 Corde
3483 1795 3524 1837 ct
3542 1784 3703 1837 enim:

2168 1886 2434 1959 llymnus,
2457 1884 2561 1939 Ave
2591 1882 2752 1937 maris
2784 1877 2958 1934 stella.
2990 1876 3260 1934 Sacerdos
3296 1875 3533 1930 inccnset
3557 1874 3706 1930 altaria

2168 1980 2538 2041 circumdatus
2565 1992 2760 2049 cappa.
2791 1974 3127 2043 Antipltona,
3151 1968 3311 2026 Felix.
3348 1983 3591 2040 namque:
3616 1985 3707 2024 ver-

2168 2090 2285 2141 sus,
2333 2074 2437 2131 Are
2493 2070 2672 2125 Maria
2713 2084 2732 2122 :
2776 2067 2974 2131 oratio,
3021 2062 3445 2135 supplicationes
3494 2077 3706 2117 sonorum

2171 2176 2382 2220 tuorum
2420 2178 2441 2218 :
2468 2171 2522 2217 et
2558 2166 2806 2229 repetant
2839 2154 3192 2225 antipbonam
3222 2151 3293 2207 de
3318 2159 3501 2206 sancto
3519 2149 3709 2205 Adriano

2172 2256 2238 2312 ad
2268 2256 2579 2319 stationem,
2623 2249 2779 2304 Felix
2819 2264 3065 2319 namque,
3090 2259 3309 2307 versus,
3349 2243 3453 2299 Are
3481 2242 3709 2307 Matis,et

2172 2348 2346 2403 oratio
2382 2342 2553 2415 ipsius
2600 2343 2794 2398 beat-.e.
2837 2337 3239 2402 invitatoriam,
3268 2332 3596 2387 Natirilalem
3624 2332 3712 2388 Vir.

2172 2441 2307 2512 ginis
2346 2437 2557 2503 Μανίαν,
2600 2434 2744 2505 quod
2791 2433 3081 2489 decantent
3135 2425 3469 2497 incapitulo
3507 2435 3709 2497 quatuor.

2175 2534 2443 2603 Hymnus,
2479 2529 2643 2596 Quem
2686 2536 2829 2581 terra
2868 2535 3084 2595 pontus,
3122 2522 3210 2577 vel
3256 2518 3345 2573 Fit
3372 2528 3515 2588 porta
3539 2515 3709 2572 Christi.

2176 2624 2304 2679 Tria
2334 2620 2621 2677 luminaria
2650 2618 2949 2674 accendant
2982 2625 3109 2671 ante
3149 2614 3349 2678 altare,
3394 2621 3532 2669 retro
3565 2626 3709 2667 unum.

2176 2716 2468 2773 Lectiones
2522 2720 2648 2770 octo
2703 2711 2771 2767 de
2817 2708 3047 2766 canticis
3107 2707 3449 2767 canticorum
3496 2703 3713 2771 legantur,

2178 2808 2461 2867 Osculetur
2510 2824 2611 2873 me,
2671 2803 2755 2861 vel
2819 2801 3129 2873 approbata:
3184 2797 3598 2856 consuetudinis.
3640 2795 3718 2850 lie-

2178 2899 2522 2970 sponsorinm
2580 2904 2832 2967 quartum
2882 2894 2990 2949 duo
3038 2898 3320 2962 proruunt,
3369 2896 3601 2944 octavum
3635 2896 3721 2947 tres

2179 2988 2560 3044 duodecimum
2593 2992 2825 3055 quatuor
2855 3001 2867 3035 :
2897 2990 3018 3052 post
3039 2981 3223 3036 Gloria
3243 2994 3274 3034 a
3296 2980 3476 3050 capite
3500 2987 3715 3047 repetant.

2180 3079 2261 3134 Ad
2286 3077 2558 3134 canticum
2588 3081 2881 3146 augescant
2907 3070 3218 3142 quindecim
3261 3069 3514 3125 candelas
3550 3070 3595 3123 in
3627 3082 3719 3137 per-

2182 3171 2315 3225 tica.
2364 3166 2715 3235 Evangelium
2758 3161 3160 3233 pronuntietur,
3202 3159 3364 3214 Liber
3401 3158 3720 3230 generationis,

2178 3269 2232 3316 et
2254 3256 2608 3328 expositionis
2638 3254 2812 3310 sancti
2838 3251 3152 3323 Hieronymi
3185 3267 3293 3306 :ex
3325 3249 3511 3305 eadem
3533 3248 3722 3303 lectione

2181 3353 2233 3407 in
2260 3350 2526 3405 laudibus.
2576 3348 2659 3404 Ad
2702 3345 2990 3401 stationem
3030 3343 3464 3414 responsorium,
3505 3339 3722 3395 Natirita-

2170 3455 2300 3517 tem.
2333 3441 2492 3497 Missa
2543 3436 2880 3493 matutinalis
2910 3435 2976 3488 de
3013 3444 3208 3488 sancto
3239 3432 3501 3487 Adriano.
3532 3431 3578 3485 la
3614 3430 3724 3486 basi-

2179 3536 2282 3592 lica
2327 3543 2529 3589 saneta:
2585 3530 2769 3585 Maria:
2812 3529 3036 3582 audiant
3086 3536 3142 3581 et
3188 3525 3476 3581 collectam
3522 3524 3577 3579 de
3609 3524 3723 3594 ipsa;

2180 3630 2381 3691 dicunt,
2414 3636 2467 3682 et
2492 3624 2730 3678 alleluia.
2777 3620 2967 3677 Oratio
3012 3618 3517 3674 consuetudinaria.
3545 3617 3617 3670 Ad
3642 3629 3726 3667 ms—

2174 3720 2349 3792 jorcm
2386 3732 2575 3774 omnes
2618 3715 2933 3772 sacerdotes
2967 3721 3130 3781 atque
3165 3711 3348 3765 levita:
3378 3708 3728 3764 circumdennzr

2181 3811 2387 3882 cappis,
2411 3819 2464 3863 et
2497 3808 2731 3863 infantes
2757 3806 2970 3860 tunicis.
2997 3803 3377 3867 Ollet‘lorium,
3401 3798 3727 3854 Gaudeamus:

2180 3915 2274 3959 aut
2326 3899 2482 3956 Salve
2528 3910 2713 3952 sancta
2763 3912 2953 3966 parens
2984 3911 3001 3949 :
3030 3894 3234 3959 oratio,
3283 3891 3729 3965 Supplicationem:

2182 3998 2366 4065 lectio,
2397 3993 2655 4059 Dominus
2697 3990 2925 4063 possedit
2974 4005 3055 4042 me
3084 4002 3105 4040 .'
3138 3988 3560 4059 responsorium,
3600 3982 3732 4037 Bent-

2180 4091 2341 4154 dicza,
2369 4086 2514 4158 quod
2544 4094 2653 4140 tres
2677 4085 2881 4148 dicant,
2910 4080 3125 4137 alleluia
3163 4088 3428 4152 quatuor,
3473 4076 3733 4133 Natt'sitslis

2179 4180 2422 4250 gloriosa:
2444 4191 2463 4229 :
2499 4174 2879 4246 Evangelium,
2922 4171 3075 4227 Liber
3120 4170 3475 4241 generationis
3502 4186 3521 4224 :
3554 4167 3732 4223 oﬂerto-

2184 4273 2346 4336 rium,
2377 4268 2532 4324 Felix
2564 4283 2786 4338 namque
2816 4283 2894 4332 es,
2920 4275 2977 4321 et
3010 4264 3116 4320 duo
3147 4263 3421 4336 accipiant
3450 4260 3694 4317 oilertoria
3720 4276 3732 4312 :

2182 4362 2512 4425 communio,
2563 4359 2731 4414 Beata
2779 4359 3003 4413 viscera.
3068 4356 3191 4410 Mox
3252 4365 3312 4410 ut
3364 4356 3523 4410 missa
3562 4353 3733 4422 expleta

2186 4455 2367 4519 luerit,
2394 4452 2576 4507 onmia
2607 4451 2760 4522 signa
2790 4449 3090 4521 pulsentur.
3132 4446 3215 4501 Ad
3249 4462 3502 4510 vesperas
3538 4445 3738 4515 quinque

2185 4548 2327 4603 cerei
2353 4556 2476 4600 ante
2514 4560 2663 4598 aram
2706 4543 2837 4609 sint,
2880 4552 2989 4596 tres
3028 4548 3197 4596 retro.
3241 4539 3574 4608 Antiphona,
3605 4535 3738 4590 Beato

2186 4640 2325 4691 dicta
2357 4653 2373 4690 :
2403 4635 2673 4705 psalmus,
2715 4631 2859 4685 Dixit
2910 4630 3166 4684 Dominus
3201 4646 3219 4684 :
3254 4628 3582 4699 antipltona,
3620 4625 3736 4681 Sicut

2186 4726 2399 4798 myrrha
2435 4737 2454 4775 .'
2495 4721 2766 4792 psalmus,
2805 4718 3041 4774 Latratus
3085 4736 3103 4775 :
3154 4720 3475 4787 antipltona,
3527 4716 3645 4770 "(PC
3682 4726 3736 4766 est

2187 4834 2303 4890 qua:
2342 4816 2599 4870 nescivit:
2639 4812 2903 4883 psalmus,
2945 4810 3066 4864 Nisi
3112 4810 3411 4875 Dominus;
3463 4809 3738 4878 antipliona.

2189 4909 2267 4962 De
2282 4908 2381 4977 [ru
2400 4915 2454 4959 tu
2475 4918 2491 4956 :
2510 4904 2770 4973 psalmus,
2790 4900 3073 4967 Memento,
3095 4899 3340 4969 Domine,
3366 4900 3529 4953 Darid
3554 4915 3571 4952 :
3596 4896 3738 4955 lectio,

2154 5008 2155 5011 ‘
2191 4998 2310 5053 Una
2358 5008 2432 5051 est
2473 4994 2713 5050 columba
2749 5010 2862 5060 mea
2897 4992 3375 5061 :rcsponsorium,
3415 4989 3663 5043 Natiritas
3686 4997 3741 5041 est

2190 5092 2361 5144 hodie.
2394 5088 2660 5160 llymnns,
2688 5084 2845 5138 Nunc
2871 5085 2962 5138 tibi
2986 5085 3147 5152 rirgo.
3167 5084 3497 5153 Autipbona,
3522 5080 3742 5134 Natiritas

2191 5186 2282 5234 tua
2315 5198 2331 5235 :
2363 5179 2560 5242 oratio,
2589 5175 2830 5231 Famulis
2863 5176 2987 5229 tuis.
3031 5174 3086 5228 Si
3137 5177 3352 5229 venerit
3385 5177 3471 5228 die
3505 5171 3739 5227 Domiuiro

2193 5273 2306 5340 ipsa
2366 5270 2651 5333 festivitas,
2713 5268 2778 5321 ad
2822 5266 3224 5335 processionem
3275 5274 3396 5337 post
3442 5264 3733 5319 benedictae
3814 5274 3815 5340 ς

2194 5383 2411 5435 aquam,
2456 5375 2509 5420 et
2557 5364 2813 5433 Asperges
2865 5379 2967 5427 me,
3025 5373 3150 5418 tunc
3185 5361 3452 5415 inchoent
3494 5371 3735 5429 responso

2196 5460 2355 5521 rium,
2386 5458 2547 5511 Beata
2585 5456 2854 5526 progenies
2896 5455 3031 5507 unde
3070 5452 3312 5507 Christus
3348 5461 3506 5506 natus
3543 5463 3612 5505 est
3626 5467 3643 5514 ;
3676 5456 3740 5499 aut

2194 5550 2565 5629 antipbonam,
2584 5547 2753 5613 Quam
2778 5545 2982 5613 pulchri
3012 5553 3169 5609 sunt;
3192 5552 3421 5614 pergant
3446 5542 3517 5598 ad
3537 5548 3742 5597 sant-wn

2196 5641 2441 5702 Mariam,
2467 5637 2611 5692 dicta
2646 5637 2889 5690 oratione
2916 5650 3079 5704 super
3118 5634 3364 5689 infirmes
3389 5631 3620 5698 fratres;
3648 5640 3741 5701 ρετ·

2268 5801 2377 5876 (ὅτε)
2420 5800 2516 5856 llic
2544 5800 2877 5855 desideratur
2902 5795 3125 5867 aliquid.
