3864 6314
136 368 283 427 {9.33

133 496 264 539 acto
314 481 661 552 responsorio
722 478 944 534 Oremus
987 492 1002 530 :

135 587 380 636 versum,
408 569 532 625 Post
560 580 770 637 partum
795 568 971 638 Virgo.
999 561 1724 634 Oratio.Supplicationibus.

132 662 239 717 Per
279 660 578 717 claustrum
631 661 813 715 dicant
861 658 1209 727 antipbonas,
1252 667 1307 711 et
1356 656 1727 726 responsoria.

720 789 948 845 CAPUT
989 788 1155 844 XXX.

660 878 845 933 Idibus
878 881 1217 950 Septembris.

201 992 265 1048 In
296 993 548 1048 omnibus
578 1007 797 1062 semper
837 993 915 1047 sie
958 992 1249 1061 incipiatur
1283 1007 1313 1046 a
1344 990 1516 1044 vobis.
1552 990 1729 1060 Agunt

125 1088 366 1156 primam
395 1082 552 1142 sicuti
587 1088 754 1156 prius,
785 1088 1016 1154 denique
1038 1088 1155 1157 ipso
1191 1088 1277 1141 die
1308 1087 1565 1156 incipiant
1590 1084 1729 1155 jeju-

125 1180 284 1231 nium
326 1180 470 1250 quod
507 1179 687 1249 regula
730 1178 867 1250 [Cap
918 1178 1009 1250 Η]
1042 1180 1305 1249 prmcipit.
1338 1178 1468 1234 Post
1523 1178 1728 1247 capitu-

124 1271 243 1325 lum
289 1283 518 1326 sanetur
557 1271 738 1325 tabula
785 1273 927 1327 sicut
970 1272 1110 1328 solet
1152 1273 1377 1342 privatis
1421 1272 1634 1335 diebus,
1672 1279 1729 1325 et

126 1361 433 1430 loquamur
477 1376 645 1430 usque
685 1362 813 1415 dum
852 1372 1067 1417 sonetm
1113 1363 1293 1416 tertia.
1328 1361 1465 1425 Post
1509 1361 1725 1416 tertiam

125 1449 401 1504 fratribus
440 1464 563 1504 cum
606 1449 825 1504 silentio
865 1452 1228 1506 residentibus
1262 1452 1315 1506 in
1353 1453 1614 1516 claustro,
1645 1452 1727 1506 in-

122 1540 314 1595 rantes
343 1549 399 1595 et
431 1540 628 1595 infirmi
654 1542 875 1596 veniant
900 1542 952 1596 in
982 1541 1493 1599 refectorium.Post
1515 1552 1723 1599 sextam

119 1640 255 1684 eant
289 1633 341 1685 in
371 1631 748 1687 dormitorium
797 1634 862 1686 ad
905 1634 1270 1704 pausandum,
1297 1643 1351 1688 et
1382 1635 1510 1689 dum
1541 1634 1726 1704 pulsa-

120 1733 244 1775 tum
274 1721 439 1777 l'uerit
471 1724 689 1793 signum
725 1733 953 1794 surgant
981 1734 1035 1779 et
1067 1726 1388 1797 provideant
1422 1727 1719 1782 necessita-

1358 354 1737 415 DlSClPLlX’A
1780 346 2165 408 FARFENSIS

1055 476 1237 532 dicam
1299 487 1515 529 sacrum
1581 471 1726 524 hunc
1754 470 1802 527 Α
1833 473 1975 517 tuam
1999 460 2306 517 adoramus.
2342 456 2573 511 Domine.
2594 455 2861 521 Psalmtts,
2895 456 3210 511 Misereatur
3230 463 3419 509 nostri.

3284 345 3422 400 1⁵254

1836 552 1988 620 Quod
2028 566 2128 621 per
2165 564 2354 603 omnes
2404 562 2588 600 versus
2642 548 2995 617 antiphonam
3050 555 3318 615 repetant,
3369 558 3424 602 et

1833 649 2049 704 interim
2080 646 2197 702 alize
2222 646 2472 698 dican'ur
2497 644 2821 713 antipbonm,
2850 643 2892 697 0
2923 660 3053 698 crux
3075 642 3419 712 splendidior.

1833 759 1863 795 ο
1890 758 2023 796 crux
2053 740 2217 796 viride
2258 739 2477 808 lignum.
2512 736 2800 805 Posujuam
2832 737 3054 789 adorata
3091 736 3256 790 fuerit
3286 751 3419 791 crux

1835 834 2120 902 levataque
2164 843 2292 885 ante
2328 844 2501 893 aram,
2545 828 2927 896 parapbonista
2970 829 3262 898 statimque
3295 842 3419 881 cum

1833 926 2225 995 clerojintonat
2265 924 2406 978 lianc
2452 922 2826 993 antipbouam,
2862 918 3031 983 Super
3072 922 3245 981 omnia
3277 920 3421 989 tigna

1831 1016 2131 1079 cedrorum,
2155 1024 2212 1069 et
2247 1021 2454 1083 ponant
2483 1009 2739 1085 [ponunt]
2771 1024 2985 1063 crucem
3012 1010 3063 1062 in
3088 1020 3213 1078 apto
3245 1008 3361 1062 loco
3403 1025 3418 1061 :

1836 1118 1950 1162 tum
1991 1108 2188 1161 dentur
2229 1106 2297 1159 ad
2335 1116 2780 1173 unumquemque
2825 1100 3053 1154 fratrum
3096 1114 3299 1170 cappa‘,
3350 1100 3419 1152 ad

1833 1200 2075 1254 infantes
2108 1198 2324 1252 tunicae.
2360 1197 2415 1249 ln
2448 1196 2617 1248 altare
2647 1194 2820 1263 majus
2849 1191 3066 1263 pallium
3095 1200 3343 1260 coaptent
3366 1200 3422 1243 et

1830 1293 2044 1358 albam;
2076 1300 2282 1362 septem
2312 1288 2551 1344 candelte
2576 1302 2697 1341 cum
2729 1286 2831 1351 eis,
2852 1298 2988 1352 quas
3009 1283 3264 1336 deserunt
3288 1292 3420 1335 con-

1828 1384 2001 1447 versi,
2035 1384 2126 1452 qui
2164 1383 2359 1437 adsunt
2388 1382 2455 1435 ad
2493 1382 2735 1435 missam.
2764 1379 2894 1431 Dein
2930 1375 3145 1447 pulsent
3175 1375 3325 1445 signa
3364 1383 3420 1428 et

1829 1478 2091 1547 incipiant
2113 1475 2370 1539 oﬂicium,
2400 1472 2464 1527 In
2493 1472 2697 1527 nomine
2721 1470 2934 1524 Domini
2966 1485 3117 1522 omne
3163 1484 3297 1537 genu
3326 1466 3421 1536 ﬂe-

1827 1580 2022 1633 ctatur,
2047 1581 2100 1624 et
2128 1584 2220 1623 sex
2262 1568 2460 1622 fratres
2498 1573 2715 1619 teneant
2748 1565 2994 1618 cbormu.
3044 1560 3251 1625 Oratio,
3277 1560 3419 1615 Dens

1825 1660 1913 1728 qui
1938 1657 2212 1728 unigeniti.
2246 1654 2506 1725 Epistola,
2531 1652 2771 1707 Christus
2798 1651 2969 1721 [actus
3000 1661 3073 1704 est
3107 1666 3204 1714 pro
3245 1651 3415 1715 nobis,

1826 1749 1893 1804 Et
1917 1748 2343 1819 reSponsorium,
2366 1743 2607 1799 Christus
2638 1744 2807 1813 factus
2840 1752 2936 1796 est.
2971 1742 3219 1805 Alleluia,
3254 1741 3416 1795 Dulce

120 1813 277 1867 tibus
308 1814 441 1877 suis,
459 1823 513 1869 ct
532 1815 659 1868 dum
687 1829 877 1870 manus
904 1824 958 1870 et
976 1815 1141 1871 facies
1163 1817 1699 1885 babuerintablutas,
1737 1832 1779 1888 Β
1806 1813 2025 1911 lignum:
2082 1840 2147 1895 Et
2194 1840 2486 1893 (ιρρςιηιριιι
2528 1835 2876 1905 Evangelium
2942 1833 3100 1888 Nunc
3152 1834 3406 1893 iudicium

118 1905 367 1960 infantes
393 1906 596 1976 absque
630 1906 739 1962 ullo
779 1908 958 1963 sonitu
1001 1909 1301 1979 procedant
1342 1910 1392 1964 in
1432 1911 1720 1967 ecclesiam

115 2009 255 2055 ante
297 2000 491 2067 altare,
530 2010 586 2056 et
622 2010 784 2055 orent
831 2004 1218 2069 comnmniter,
1272 2004 1466 2059 deinde
1496 2012 1724 2074 surgant

115 2102 182 2147 et
219 2092 370 2167 dicat
400 2108 536 2147 unus
563 2109 629 2148 ex
676 2093 808 2164 ipsis
850 2093 1093 2149 litaniam
1126 2112 1141 2149 :
1178 2093 1439 2150 sacerdos
1465 2110 1587 2151 cum
1622 2096 1722 2149 mi-

119 2185 319 2239 nistris
348 2194 540 2255 pergat
562 2182 614 2239 in
636 2186 1021 2251 secretarium,
1049 2194 1103 2240 et
1131 2186 1318 2240 induat
1347 2201 1407 2242 se
1431 2188 1723 2243 vestimen-

117 2278 194 2332 tis
221 2272 420 2346 sacris,
447 2287 501 2332 et
529 2277 802 2349 persolvat
831 2279 1013 2333 munia
1250 2336 1253 2337 ν

196 2370 328 2424 Post
355 2369 575 2425 missam
603 2368 819 2439 pulsato
846 2372 1002 2442 signo
1024 2370 1237 2442 pariter
1257 2380 1418 2427 orent
1444 2380 1501 2427 et
1527 2372 1722 2429 exinde

111 2461 217 2529 qui
257 2461 517 2531 servituri
547 2471 673 2516 sunt
698 2460 963 2518 fratribus
986 2463 1191 2519 victum
1220 2464 1509 2534 accipiant,
1524 2476 1578 2520 et
1600 2475 1723 2535 post

116 2550 472 2617 intervallum
517 2552 668 2619 illud,
704 2552 849 2609 dicta
887 2568 1057 2617 nona,
1100 2554 1327 2609 veniant
1367 2556 1435 2609 ad
1480 2556 1723 2613 reficien-

112 2644 276 2699 dum.
322 2643 453 2698 Post
488 2658 741 2715 vesperas
773 2644 958 2700 dicant
998 2644 1233 2701 ndicium
1279 2657 1638 2714 mortuorum,
1667 2657 1722 2704 et

116 2733 328 2789 deinde
367 2735 581 2804 pulsato
629 2736 882 2807 cymbalo
925 2737 1252 2792 conveniant
1291 2738 1361 2791 ad
1407 2738 1717 2794 bibendum.

113 2826 285 2880 Feria
317 2835 511 2895 quarta
542 2834 598 2882 et
628 2836 782 2883 sexta
810 2827 1015 2882 faciant
1044 2827 1468 2898 processionem.
1503 2828 1557 2883 ln
1588 2830 1723 2883 dno-

114 2914 303 2971 decim
356 2915 677 2971 lectionibus
724 2914 949 2983 faciant,
1001 2916 1139 2971 sicut
1190 2916 1335 2971 soliti
1375 2926 1521 2971 sunt.
1574 2917 1721 2973 Reli—

113 3021 294 3077 quum
328 3020 483 3061 usum
513 3016 678 3077 agant
699 3016 759 3061 ut
789 3022 974 3078 supra.

693 3119 923 3175 CAPUT
962 3119 1157 3176 XXXI.

477 3209 543 3263 In
588 3210 914 3266 exaltatione
935 3222 1134 3267 sancta:
1172 3212 1364 3267 crucis.

192 3298 472 3359 Ornentur
505 3300 697 3355 altaria
722 3303 932 3357 sericis.
969 3302 1025 3358 In
1053 3302 1279 3373 majoris
1306 3304 1600 3361 medietate
1625 3321 1721 3377 po-

112 3406 327 3452 nantur
375 3396 494 3451 libri
534 3395 707 3465 parati
740 3405 789 3452 et
829 3397 1067 3466 quinque
1116 3397 1260 3452 cerei
1302 3399 1718 3454 accendantur:

114 3491 179 3544 in
227 3489 476 3544 formulis
517 3490 717 3560 tapetia
743 3489 1087 3544 ordinentur.
1114 3489 1195 3544 Ad
1228 3504 1507 3559 vesperam
1537 3490 1717 3557 lectio,

116 3581 241 3635 Hoc
264 3582 402 3634 enim
430 3584 614 3636 sentite
656 3583 710 3635 in
737 3581 897 3636 vobis.
928 3580 1375 3651 Responsorium,
1409 3582 1583 3653 Super
1608 3601 1723 3638 om-

114 3675 212 3727 nia
237 3673 403 3743 ligna.
425 3671 918 3743 llymnusgVexilla
957 3673 1115 3743 regis.
1135 3672 1357 3738 Versus,
1379 3673 1491 3727 Hoc
1512 3675 1719 3745 signum

115 3762 732 3831 crucis.,Antipbona.
797 3760 842 3815 Ο
890 3760 1037 3816 Crua:
1098 3762 1450 3817 admirabilis.
1507 3762 1715 3829 Oratio,

113 3855 266 3909 Deus
291 3854 383 3925 qui
411 3855 687 3925 unigeniti.
715 3852 909 3909 Postea
941 3868 971 3909 e
1004 3854 1554 3920 sanctismartvribus
1574 3857 1719 3912 dica-

115 3959 215 4001 tur
258 3947 575 4016 antipltoua,
618 3962 742 4001 enim
795 3942 1002 4000 Gloria.
1060 3946 1458 4013 lnvitatorium,
1525 3948 1719 4018 Regem

116 4038 449 4107 Martyrum.
504 4040 617 4093 Duo
660 4039 765 4093 sint
814 4039 867 4092 ir.
920 4039 1126 4108 cappis.
1179 4039 1447 4111 Hymnus,
1490 4040 1718 4095 After-na

114 4130 321 4187 Christi
376 4147 618 4185 munera.
682 4130 867 4187 PrTmo
934 4141 991 4187 et
1038 4132 1279 4187 secundo
1332 4142 1597 4188 nocturno
1651 4135 1718 4189 de

113 4223 331 4279 sanctis
359 4224 563 4279 dicant.
589 4223 1014 4292 Responsorium
1047 4235 1325 4294 quartum,
1355 4235 1630 4292 octavum,
1663 4236 1717 4281 et

114 4315 503 4371 duodecimum
541 4316 650 4369 duo
702 4314 900 4371 fratres
946 4317 1254 4371 decantent.
1303 4317 1384 4373 Ad
1447 4303 1715 4373 canticum

112 4408 439 4477 antipliona,
460 4394 641 4478 Super
668 4408 846 4461 omnia
869 4407 1011 4478 ligna
1034 4408 1197 4462 cedri.
1225 4406 1475 4474 Alleluia,
1496 4408 1718 4478 Propter

113 4504 328 4572 lignum
368 4501 494 4571 facti
530 4519 713 4556 sumus
751 4504 905 4563 servi.
957 4501 1039 4558 vel
1091 4504 1299 4558 Audivi.
1350 4504 1627 4558 Dividatnr
1663 4504 1714 4557 in
1749 4537 1794 4594 υ

114 4592 225 4644 tria
266 4588 470 4644 Gloria.
510 4589 859 4662 Evangelinm
903 4590 1064 4646 Nunc
1093 4592 1358 4661 judicium
1417 4603 1491 4646 est
1532 4592 1714 4647 mandi

112 4681 526 4753 pronuntietur,
588 4692 646 4736 ct
693 4697 813 4753 qua:
864 4692 1166 4752 sequuntur
1204 4684 1383 4737 ontnia
1425 4683 1490 4737 de
1529 4691 1715 4737 sancta

113 4787 288 4827 cruce
311 4772 503 4828 festive
530 4773 892 4828 celebrentur.
928 4773 982 4829 In
1006 4773 1254 4829 laudibus
1286 4776 1713 4843 responsorinm,

113 4863 176 4919 11
182 4881 245 4918 oc
272 4868 475 4934 signum
499 4865 690 4920 crucis.
729 4866 989 4935 Hymnus,
1015 4865 1162 4922 Crux
1186 4867 1471 4921 benedicta.
1497 4866 1578 4920 Ad
1609 4876 1721 4920 sta-

112 4957 328 5010 tionem
362 4957 679 5027 antipltona,
720 4956 889 5027 Super
926 4960 1124 5011 omnia.
1173 4957 1335 5013 M'ssa
1383 4959 1718 5012 matutinalis

114 5048 346 5101 dicatur
376 5048 443 5102 de
472 5058 696 5102 sanctis.
731 5048 806 5102 Ad
837 5050 1053 5104 tertiam
1101 5064 1292 5104 omnes
1340 5049 1537 5104 fratres
1579 5050 1717 5104 albis

110 5141 306 5196 vestiti
341 5142 688 5209 conveniant,
722 5153 776 5196 et
803 5144 946 5197 dicta
980 5143 1139 5198 tertia
1169 5146 1477 5215 expandant
1514 5148 1712 5216 tapctia

110 5242 249 5287 ante
275 5233 464 5301 altare,
498 5244 554 5289 et
590 5235 899 5305 praecedant
927 5236 1034 5290 duo
1061 5235 1236 5291 levita:
1275 5238 1363 5293 ubi
1401 5238 1571 5308 posita
1601 5238 1716 5293 fne-

109 5336 203 5381 rat
246 5335 435 5381 saneta
476 5342 633 5393 crux,
677 5338 733 5382 et
779 5327 978 5382 ducant
1013 5344 1134 5385 eam
1166 5340 1289 5385 ante
1318 5330 1488 5385 altare
1518 5330 1713 5400 majus,

108 5420 590 5490 discooperientes
623 5430 679 5475 et
707 5420 1108 5476 conclamantes
1158 5422 1295 5477 hanc
1337 5423 1714 5493 antipbonam,

109 5509 262 5568 Ecce
299 5512 497 5584 lignum
534 5514 727 5566 crucis.
770 5514 914 5569 Illico
940 5504 1175 5569 ﬂectant.
1201 5531 1375 5585 genua
1417 5531 1627 5579 omnes,
1662 5525 1716 5568 et

108 5609 310 5664 veniat
341 5624 444 5663 una
473 5621 598 5678 pars
637 5607 890 5671 fratrum,
917 5616 1229 5677 prosternat
1254 5624 1335 5674 se,
1368 5620 1484 5663 oret
1520 5609 1570 5662 in
1603 5610 1714 5678 pri-

110 5699 247 5764 mis,
281 5710 335 5755 et
361 5710 487 5755 tunc
512 5698 794 5753 osculetur
822 5713 1064 5760 crucem.
1098 5707 1155 5752 et
1200 5699 1538 5775 pbilaeteria.
1568 5700 1712 5753 Can-

109 5805 203 5851 ter
228 5794 445 5851 inchoet
475 5792 850 5866 antipbonam,
878 5801 938 5854 et
970 5801 1215 5867 repetant
1247 5793 1460 5848 interim
1495 5791 1711 5847 Crucem

1821 1942 1896 1986 est
1932 1932 2140 1998 mundi,
2185 1944 2375 2000 usque,
2416 1926 2480 1981 Ut
2528 1927 2626 1996 lilii
2669 1926 2801 1980 lucis
2850 1927 2987 1980 sitis.
3038 1923 3410 1989 Olicrtorimn,

1826 2021 2074 2091 Protege,
2109 2021 2350 2075 Domine.
2392 2016 2732 2083 Communio,
2762 2015 2863 2069 Per
2891 2016 3096 2084 signum
3137 2015 3325 2067 crucis.
3358 2015 3412 2067 ln

1826 2111 1977 2167 boris
2000 2111 2237 2179 capitula
2270 2119 2432 2179 atque
2461 2108 2736 2175 versiculi,
2777 2122 2876 2162 nec
2920 2122 3026 2161 non
3056 2114 3109 2158 et
3138 2106 3413 2161 orationes

1822 2205 1963 2260 tales
1994 2205 2267 2271 dicantur,
2298 2218 2419 2273 qua:
2455 2202 2781 2256 conveniant
2819 2200 2885 2253 ad
2930 2200 3104 2269 ipsum
3140 2197 3303 2251 (lieni.
3331 2198 3410 2251 Ad

1823 2310 2077 2367 vesperae
2108 2296 2344 2366 quinque
2388 2293 2671 2348 luminaria
2723 2293 2833 2345 sint
2872 2300 2926 2345 et
2970 2293 3108 2345 banc
3164 2289 3410 2358 antipbo-

1821 2403 1946 2443 nam
2001 2388 2307 2458 persolvant
2352 2404 2475 2442 cum
2526 2386 2776 2448 Psalmis,
2818 2384 2931 2438 Nos
2974 2394 3146 2437 autem
3172 2383 3412 2450 gloriari.

1821 2481 2092 2546 Psalmus,
2127 2481 2272 2534 Dixit
2318 2480 2592 2533 Dominus.
2625 2476 2872 2532 Salvator
2900 2476 3102 2530 mundi.
3146 2475 3415 2539 Psannns,

1822 2571 1954 2627 Cum
1985 2574 2167 2643 fueris.
2205 2572 2539 2643 Antiphonti,
2581 2570 2877 2625 Adoramus
2906 2578 2976 2634 te,
3014 2564 3237 2620 Christe.
3271 2564 3417 2620 Psal-

1822 2683 1963 2734 mus,
1998 2665 2215 2721 Beatus.
2266 2664 2599 2735 Antiphona,
2645 2663 2806 2719 Salva
2857 2678 2977 2723 nos,
3003 2658 3227 2714 Christe.
3267 2657 3417 2712 Psal-

1822 2774 1963 2823 mus,
2006 2757 2245 2811 Laudato
2288 2758 2463 2827 pueri.
2526 2755 2732 2818 Lectio,
2786 2752 3027 2807 Christus
3087 2752 3260 2821 factus
3318 2758 3413 2803 cst.

1800 2849 2268 2920 illesponsorium:
2299 2847 2412 2902 Hoc
2434 2849 2641 2917 signant
2674 2847 2865 2900 crucis.
2902 2844 3167 2915 Hymnus,
3212 2841 3416 2897 Vexilla

1823 2943 1979 3012 regis.
2004 2942 2349 3011 Antiphonta,
2376 2938 2420 2994 0
2452 2955 2583 2993 crux
2611 2938 2901 2999 benedicta,
2941 2946 3028 2990 aut
3073 2935 3217 2988 Crux
3243 2932 3416 3002 ﬁdelis

1823 3034 1961 3087 inter
2025 3051 2224 3087 omnes.
2288 3032 2635 3088 Postmodum
2706 3031 2887 3085 dicant
2939 3028 3287 3097 antipbonam
3350 3025 3417 3080 de

1826 3127 2035 3182 sanctis
2075 3126 2529 3196 praecedentibus,
2569 3134 2625 3179 et
2661 3121 3141 3196 subsequentibus,
3172 3130 3225 3172 et
3269 3118 3313 3173 si
3363 3119 3419 3171 in

1748 3190 1794 3253 θ
1827 3220 1928 3276 hac
1958 3218 2255 3275 festivitate
2283 3218 2529 3273 evenerit
2561 3217 2676 3271 dies
2721 3215 3053 3288 Dominicus,
3080 3212 3264 3269 omnia
3299 3208 3415 3264 eilia

1790 3338 1793 3341 ν
1823 3310 1971 3365 ciant
2016 3310 2176 3366 sicuti
2226 3308 2613 3379 pra‘sigualum
2654 3306 2886 3361 habetur
2922 3323 2934 3359 :
2966 3305 3129 3361 etiam
3165 3301 3421 3369 similiter

1824 3400 2080 3469 prostrati
2111 3401 2336 3454 adorent
2364 3413 2606 3453 crucem.

2379 3489 2609 3544 CAPUT
2648 3485 2861 3542 XXXII.

2146 3582 2211 3637 In
2237 3581 2446 3650 jejunio
2483 3579 2724 3644 Quatuor
2752 3577 3081 3647 Temporum.

1898 3673 2056 3730 Feria
2104 3681 2296 3743 quarta
2348 3670 2551 3739 faciant
2596 3668 2999 3738 processionem
3048 3664 3208 3719 sicuti
3259 3661 3421 3743 soliti:

1823 3776 1968 3823 sunt.
1999 3765 2283 3820 Lectiones
2312 3763 2484 3816 amba:
2517 3760 2766 3833 legantur
2812 3760 2863 3812 in
2914 3767 3041 3812 tono
3084 3757 3240 3812 siculi
3286 3756 3405 3839 epis

1824 3860 1982 3916 stola.
2014 3857 2435 3927 Responsorium
2469 3856 2534 3909 ad
2566 3866 3004 3922 unamquamque
3039 3850 3243 3905 dicant.
3282 3850 3413 3903 Adi-

1824 3968 1945 4023 pcm
1984 3952 2101 4005 istis
2146 3951 2317 4003 tribus
2345 3948 2534 4003 diebus
2577 3962 2677 4000 nec
2706 3945 3015 4000 comedant.
3058 3943 3216 3997 Feria
3260 3952 3419 4003 sexta

1823 4042 2078 4097 similiter
2100 4049 2265 4108 agant
2296 4039 2720 4107 processionem.
2752 4035 2992 4093 Sabbato
3018 4044 3139 4103 post
3179 4042 3412 4096 sextam,

1822 4150 1947 4188 mox
1974 4141 2034 4185 ut
2062 4130 2332 4184 audierint
2359 4130 2595 4199 signum,
2623 4135 2875 4199 surgant,
2894 4136 2948 4181 et
2978 4127 3286 4197 provideant
3314 4140 3412 4179 ne-

1820 4223 2167 4278 cessitatibus
2182 4221 2314 4285 suis,
2333 4220 2511 4283 lavent
2526 4234 2715 4273 manus
2728 4234 2792 4273 ac
2816 4217 3005 4280 facies,
3021 4226 3146 4270 eant
3163 4216 3214 4267 in
3239 4214 3414 4268 ecclee

1819 4318 1957 4372 siam
1990 4317 2139 4385 pueri
2167 4315 2372 4381 absque
2402 4313 2604 4377 sonitu,
2634 4320 2689 4364 et
2716 4318 2875 4364 orent
2897 4307 3059 4362 simul
3085 4324 3098 4368 ;
3129 4315 3412 4375 surgentes

1820 4409 2085 4477 praecedat
2121 4408 2379 4461 sacerdos
2410 4404 2460 4457 in
2491 4402 2790 4460 sacrarium
2822 4409 2877 4454 et
2906 4400 3089 4452 induat
3112 4416 3169 4453 se
3200 4398 3415 4465 casula,

1820 4500 2082 4553 diaconus
2111 4499 2231 4551 alba
2273 4509 2329 4551 et
2375 4495 2535 4559 stola,
2564 4503 2801 4562 quatuor
2835 4493 3033 4546 fratres
3076 4491 3235 4556 albis,
3274 4507 3411 4560 quo-

1824 4606 1941 4643 rtnn
1988 4591 2091 4643 duo
2134 4596 2353 4642 cantent
2395 4585 2848 4649 benedictionem,
2887 4583 3125 4648 alleluia,
3172 4600 3411 4650 versum,

1824 4690 2087 4745 tractum,
2142 4693 2197 4735 et
2244 4681 2532 4742 conversi,
2574 4677 2666 4747 qui
2714 4678 2956 4731 deferant
3009 4676 3303 4739 candelas,
3355 4686 3411 4729 et

1826 4775 2064 4827 infantes
2091 4790 2281 4827 exultes
2309 4772 2746 4827 circumdant.se
2778 4770 2936 4824 albis.
2970 4770 3155 4823 Lectio
3191 4787 3294 4823 non
3328 4770 3415 4822 die

1824 4875 1983 4919 catur
2008 4866 2059 4919 in
2094 4867 2193 4919 liae
2240 4867 2426 4928 missa,
2453 4874 2509 4918 et
2537 4863 2678 4918 illico
2701 4872 2761 4917 ut
2804 4872 3101 4931 praeparata
3133 4871 3257 4915 sunt
3293 4876 3403 4914 υιιι-

1823 4962 1931 5022 nia,
1976 4961 2158 5013 veniat
2207 4968 2399 5014 cantor
2434 4960 2487 5011 in
2543 4958 2730 5023 cboro,
2777 4967 2832 5010 et
2885 4956 3112 5024 incipiat
3151 4954 3405 5011 alliciunt.

1822 5052 2090 5106 Sacerdos
2123 5053 2382 5122 procedat
2410 5053 2476 5106 ad
2498 5051 2688 5114 altare,
2714 5057 2833 5103 oret
2868 5057 2923 5103 et
2959 5058 3083 5116 agat
3106 5046 3408 5116 confessio-

1826 5162 1949 5199 nem
1983 5163 2104 5198 cnm
2136 5145 2297 5198 levita
2328 5156 2381 5198 et
2417 5154 2543 5199 tunc
2575 5145 2722 5199 dicat
2764 5140 2986 5194 Oremus
3018 5147 3073 5192 et
3099 5137 3406 5200 collectam,

1820 5240 1959 5292 sicut
1992 5238 2043 5291 in
2083 5248 2552 5291 sacramentorum
2581 5235 2891 5290 continetur
2918 5232 3075 5286 libro.
3118 5230 3409 5285 Lectiones

1820 5330 2003 5399 legant
2057 5330 2304 5399 juniores
2351 5338 2405 5383 et
2462 5329 2804 5399 postmodum
2852 5328 3062 5396 priores
3108 5325 3408 5380 :similiter

1782 5470 1783 5473 η
1823 5422 2167 5491 responsoria
2204 5421 2565 5476 decantentur
2604 5419 2673 5474 ab
2700 5434 2805 5474 uno
2848 5417 3140 5488 incipiente
3165 5427 3220 5471 et
3256 5425 3406 5487 post-

1828 5516 2047 5568 modum
2090 5522 2345 5567 cantores
2388 5512 2439 5566 in
2491 5513 2659 5566 choro
2683 5546 2700 5564 .
2734 5548 2749 5564 .
2780 5549 2795 5565 .
2828 5547 2844 5564 .
2874 5510 2942 5565 de
2973 5510 3152 5580 capite
3180 5526 3192 5563 :
3222 5518 3402 5565 tamen

1820 5606 1887 5667 ab
1921 5604 2039 5674 ipso
2078 5604 2192 5660 solo
2224 5603 2443 5658 liniatnr
2470 5618 2662 5658 versus
2696 5619 2725 5657 a
2758 5620 2865 5673 quo
2901 5613 3114 5673 emptus
3140 5612 3242 5657 est.
3278 5602 3406 5655 Dine

1820 5699 2062 5752 candelae
2090 5708 2218 5751 ante
2256 5697 2449 5760 altare,
2484 5706 2544 5750 ut
2594 5698 2785 5754 diebus
2824 5700 3071 5769 privatis,
3101 5699 3403 5754 accendam

1819 5802 1919 5845 tur.
1949 5788 2249 5857 Lectiones,
2280 5789 2502 5846 Locutus
2543 5800 2616 5849 est
2650 5790 2933 5857 Dominus,
2954 5790 3396 5863 Responsorium,
