3864 6314
462 317 601 376 1335

1534 317 1858 379 GUIDONIS
1881 319 2172 378 ABBATIS
2202 318 2584 378 FARFENSIS

3586 319 3716 379 {356

464 440 743 497 Protector
788 445 981 497 noster.
1057 436 1277 502 Lectio,
1331 435 1562 493 Locutus
1627 450 1703 493 est
1765 440 2045 495 Dominus.
2077 447 2123 504 Α
2154 448 2693 509 promant,octavum
2722 446 2855 501 tres,
2885 433 3263 491 duodecimum
3290 444 3531 506 quatuor
3557 454 3606 492 tu
3626 455 3724 495 no-

461 530 911 603 Rcsponsorium,
949 527 1283 594 Convertere,
1305 527 1545 597 Domine,
1578 529 1666 584 vel
1712 529 1943 586 Factum
1971 541 2046 586 est

470 627 682 681 verbum
724 622 959 678 Domini.
1010 621 1462 691 Responsorium,
1492 620 1786 692 Dirigatur.
1836 623 2046 688 Lectio,

475 716 699 785 Angelus
746 715 975 781 Domini,
1007 714 1215 783 legatur
1255 726 1449 782 usque,
1491 712 1770 769 Cherubim
1816 725 1863 769 et
1893 732 2047 785 super

465 807 753 861 exaltatum
800 808 857 863 iu
900 803 1137 869 sa‘cula;
1172 812 1298 857 tunc
1348 815 1709 875 prosequatur
1740 807 2049 863 benedictio

467 912 584 965 qua:
635 896 813 951 minor
859 904 979 950 est:
1021 910 1126 963 qua
1176 904 1395 964 peracta
1446 896 1631 951 veniat
1671 898 1930 953 sacerdos
1981 896 2049 951 ad

466 991 660 1051 altare,
695 989 840 1042 dicat
863 986 1120 1042 Dominus
1152 985 1435 1053 vobiscum,
1468 1000 1522 1044 et
1547 990 1876 1057 orationem,
1910 991 2051 1045 Deus

465 1083 552 1148 qui
584 1080 749 1133 tribus
780 1096 1089 1148 puerorum.
1122 1081 1254 1139 Alia:
1284 1099 1415 1139 vero
1454 1084 1677 1138 minime
1717 1086 2052 1153 subsequan-

471 1180 579 1222 tur.
612 1166 775 1223 Lecta
813 1168 1040 1237 epistola
1088 1181 1302 1240 promat
1341 1180 1602 1236 tractum,
1655 1170 1894 1225 Laudato
1940 1171 2051 1225 Do-

466 1262 693 1325 minuat,
714 1278 888 1314 omnes
914 1271 1107 1331 gentes.
1137 1263 1367 1318 Textum
1406 1263 1682 1329 osculare,
1729 1272 1785 1318 et
1823 1262 2054 1318 offeren-

470 1354 593 1406 dam
628 1368 787 1425 agere
810 1354 1147 1410 solummodo
1174 1354 1341 1411 abbas
1372 1355 1555 1421 faciat,
1582 1355 1665 1410 vel
1693 1356 1777 1410 cui
1801 1354 2052 1426 jusserit.

472 1448 552 1502 llli
579 1459 813 1518 quatuor
841 1449 1060 1514 fratres,
1090 1449 1180 1520 qui
1222 1459 1582 1504 cantaverunt
1620 1448 2053 1503 benedictionem

469 1550 632 1611 atque
662 1550 891 1595 tractum
927 1542 1132 1610 absque
1182 1540 1289 1595 ulla
1322 1540 1541 1596 licentia
1581 1550 1791 1595 exuant
1832 1557 1913 1596 se.
1954 1540 2055 1594 Pa-

470 1648 588 1690 cem
636 1648 777 1686 unus
813 1632 1066 1701 accipiat,
1116 1631 1162 1686 si
1209 1630 1493 1688 duodecim
1542 1631 1803 1688 lectiones
1855 1630 2059 1687 fuerint

471 1725 591 1793 ipso
626 1722 714 1778 die
759 1722 823 1776 de
859 1721 1039 1790 aliquo
1088 1728 1296 1774 sancto.
1321 1722 1403 1776 Ad
1456 1721 1612 1776 istam
1663 1722 1882 1776 missam
1949 1737 2054 1776 non

2152 534 2243 588 dio
2274 531 2539 588 ecclesiae.
2568 528 2795 584 Humilia
2824 529 2889 583 de
2916 528 3035 598 ipso
3056 527 3143 582 die
3178 529 3587 598 pronuntietur.
3614 529 3725 585 ita:

2150 623 2389 679 candelae
2435 629 2756 691 augeantur.
2780 619 2862 673 Ad
2898 618 3191 674 stationem
3214 628 3348 673 eaut
3384 620 3453 672 ad
3493 631 3721 674 sanetam

2152 731 2398 771 crucem.
2444 712 2778 769 Matutinalis
2804 712 2966 767 missa
2992 711 3064 765 ibi
3093 720 3372 773 cantetur,
3403 720 3460 764 et
3490 712 3595 766 hoc
3629 711 3721 764 clli-

2152 808 2316 872 cium,
2350 806 2421 861 Os
2442 806 2598 876 justi,
2625 803 2707 860 vel
2733 803 2797 859 de
2822 802 3122 873 Sapientia,
3156 799 3355 855 Beatus
3382 802 3463 855 vir
3496 804 3587 871 qui
3610 803 3715 853 itum

2154 898 2252 951 nit.
2298 895 2745 967 Rcsponsorium,
2787 893 2983 947 Beatus
3021 893 3101 945 rir
3144 892 3235 961 qui
3281 893 3453 945 timet.
3500 892 3715 956 Alleluia

2152 987 2267 1059 Ego
2294 1005 2400 1043 vos.
2421 985 2769 1057 Evangelium
2806 986 2877 1039 de
2909 985 3047 1053 ipso.
3071 982 3450 1050 Ollertorium,
3482 983 3714 1047 Posuisti,

2154 1078 2395 1134 Domine.
2422 1078 2767 1143 Commuuio,
2793 1075 3022 1146 Magnus
3048 1091 3128 1128 es.
3155 1075 3233 1130 Ad
3265 1076 3537 1146 majorem
3569 1092 3727 1131 omnes

2154 1171 2266 1226 sint
2287 1170 2603 1225 sacerdotes
2624 1185 2687 1224 ac
2716 1167 2893 1224 levitas
2922 1167 2975 1221 in
3003 1167 3209 1237 cappis,
3258 1167 3511 1222 nutantes
3531 1170 3587 1220 in
3613 1168 3735 1221 tuni-

2156 1264 2256 1318 cis.
2283 1262 2632 1318 Odertorium
2660 1262 2715 1315 in
2772 1260 2948 1315 medio
2987 1258 3236 1314 ecclesia.-
3276 1277 3499 1331 quoque
3544 1277 3633 1315 ses
3669 1273 3735 1313 tc-

2156 1367 2324 1411 neaut
2382 1374 2395 1410 :
2454 1356 2692 1425 quinque
2741 1353 2884 1409 cerei
2944 1353 3323 1411 itluminentttr
3386 1362 3594 1423 praeter
3640 1352 3737 1404 illos

2132 1464 2293 1520 quos
2312 1447 2561 1504 conversi
2585 1445 2856 1502 deferunt.
2880 1444 3137 1510 Collecta,
3163 1446 3316 1501 Beati
3346 1446 3610 1500 llatthiri.
3634 1444 3738 1515 Epi-

2158 1541 2314 1604 stola,
2350 1540 2654 1597 Similitudo
2680 1536 2884 1594 vultus.
2916 1538 3353 1611 Responsorium
3386 1538 3499 1592 duo
3541 1537 3739 1599 fratres,

2160 1634 2457 1690 Constitues
2486 1649 2594 1688 eos.
2624 1632 2852 1691 Alleluia
2878 1646 2963 1692 ter
2987 1634 3192 1689 dicunt.
3226 1631 3461 1693 Versus,
3498 1631 3579 1681 Ad
3610 1629 3737 1684 Sion.

2160 1725 2533 1797 Evangelium,
2585 1724 2718 1780 Cum
2768 1729 3016 1784 transiret
3064 1725 3259 1789 Iesus,
3311 1722 3442 1777 vidit
3504 1722 3740 1774 hominem

472 1820 727 1875 mittatur
770 1815 879 1870 nisi
928 1828 1033 1867 una
1073 1810 1275 1880 hostia,
1328 1826 1385 1869 et
1429 1812 1581 1884 pueri
1622 1829 1726 1867 non
1760 1814 2059 1883 procedant

2177 1818 2442 1873 sedentem.
2490 1815 2861 1885 Oﬂ‘ertorium,
2893 1819 2959 1874 In
3007 1833 3214 1873 omnem
3250 1825 3480 1870 terram.
3509 1814 3739 1867 Corano-

472 1910 541 1965 ad
574 1910 865 1964 tenendum
897 1922 1096 1977 corpus
1146 1905 1358 1961 Domini
1407 1903 1475 1959 ad
1503 1902 2013 1958 communicandum
2040 1920 2055 1966 ;

471 2004 599 2074 quia
630 2003 698 2056 ad
729 1990 1040 2057 missam'de
1070 2009 1262 2055 sancto
1286 1999 1385 2053 hoc
1410 2006 1783 2070 patraverunt.
1832 1997 1888 2052 ln
1923 1997 2063 2053 refe-

474 2100 649 2156 ctorio
673 2097 933 2168 quidquid
970 2091 1291 2153 remanserit
1313 2090 1776 2162 elcemosynarius
1809 2089 2058 2160 accipiat.

547 2192 686 2247 Sunt
716 2204 931 2260 quoque
962 2198 1016 2243 ct
1051 2195 1285 2257 quatuor
1318 2181 1580 2247 Sabbata,
1616 2184 1668 2236 in
1701 2183 1899 2252 quibus
1937 2191 2065 2236 sunt

472 2283 684 2355 jejunia
708 2284 996 2340 constituta
1026 2290 1082 2335 et
1124 2277 1299 2333 ollicia
1341 2275 1636 2331 lectionum
1667 2284 1723 2330 et
1751 2277 2061 2331 orationum

478 2377 690 2447 majora
726 2393 749 2430 :7
770 2375 821 2431 id
849 2384 934 2430 est
956 2368 1414 2429 Sabbato'Martio
1442 2384 1628 2425 mense
1669 2370 1870 2439 primo,
1907 2368 2063 2439 juxta

476 2466 916 2523 observationem
929 2461 1370 2531 Quadragesiuue
1386 2478 1552 2517 verno
1566 2471 1829 2532 tempore,
1848 2460 2064 2529 quando

474 2558 681 2615 mensis
725 2551 989 2613 novorum
1037 2553 1179 2623 apud
1221 2555 1441 2614 Judauos
1481 2554 1824 2610 habebatur:
1860 2551 2065 2607 mensis

476 2650 656 2722 quarti
707 2649 888 2706 Idibus
940 2648 1084 2706 Junii
1132 2650 1373 2707 secundo
1421 2647 1667 2703 Sabbato
1714 2647 1767 2701 in
1800 2643 2061 2716 jejunio:

476 2744 661 2800 Idibus
700 2745 769 2801 de
804 2744 1053 2815 frugibus
1085 2744 1243 2815 primi
1290 2744 1446 2814 panis
1488 2741 1714 2796 Domino
1741 2739 2067 2793 offerebatur

484 2847 541 2892 et
566 2836 736 2892 Otium
767 2838 933 2906 ipsius
965 2838 1071 2894 diei
1107 2837 1537 2892 custodiebatur.
1581 2832 1810 2904 Septimi
1842 2831 2062 2893 mensis,

476 2930 533 2985 id
580 2939 665 2986 est
713 2930 1072 3001 Septembris.
1118 2928 1303 2985 Tertio
1345 2925 1585 2982 Sabbato
1630 2924 1873 2980 autumni
1928 2932 2067 2978 lem-

479 3038 652 3092 poro:
685 3023 771 3079 hic
809 3023 1013 3078 mensis
1053 3030 1199 3078 totus
1236 3028 1359 3076 erat
1397 3018 1689 3083 solemnis,
1716 3018 1778 3072 in
1812 3031 1920 3086 quo
1951 3015 2067 3070 dies

481 3115 877 3185 expiatiouum,
902 3123 959 3170 et
979 3114 1200 3171 alﬂictio
1228 3112 1424 3169 animae
1444 3120 1500 3167 et
1525 3126 1631 3165 non
1663 3108 1912 3165 faciendo
1933 3124 2068 3178 opus

480 3205 787 3261 scrviledie
826 3206 1193 3279 Scenopegizc,
1218 3205 1271 3261 id
1294 3216 1380 3260 est
1403 3206 1533 3261 lixio
1565 3203 2065 3270 tabernaculorum,

481 3299 673 3367 quinta
698 3299 909 3355 decima
939 3298 1027 3354 die
1051 3309 1259 3371 septem
1281 3298 1472 3354 diebus
1489 3297 1689 3353 decimi
1715 3296 1939 3364 mensis,
1972 3295 2073 3351 hoc

481 3398 566 3444 est
609 3388 942 3444 Decembris.
978 3388 1186 3456 Quarto
1227 3387 1467 3445 Sabbato
1506 3396 1634 3443 ante
1674 3387 1819 3443 diem
1875 3386 2074 3441 natalis

482 3481 725 3548 Domini,
771 3491 898 3538 ante
936 3481 1188 3539 videlicet
1224 3492 1459 3553 quatuor
1494 3482 1734 3538 Sabbata
1783 3482 1836 3537 in
1882 3479 2073 3537 eadem

483 3573 826 3637 hebdomada
859 3588 1078 3645 semper
1109 3581 1304 3644 quarta
1336 3583 1393 3631 ct
1416 3583 1570 3629 sexta
1601 3573 1735 3628 feria
1759 3571 1985 3644 jejunia,
2017 3580 2075 3627 et

485 3668 794 3722 orationum
840 3679 895 3723 et
922 3669 1212 3725 lectionum
1266 3668 1527 3725 solemnia
1569 3676 1695 3723 sunt
1723 3666 2073 3722 celebranda.

488 3757 587 3813 llis
624 3759 824 3812 ctenim
869 3759 1063 3815 diebus
1102 3759 1239 3815 linunt
1255 3758 1411 3828 juxta
1443 3759 1661 3814 decreta
1695 3756 1893 3813 Gclasii
1926 3772 2077 3826 papa;

487 3848 880 3905 ordinationes.
941 3851 1065 3906 Haec
1114 3850 1376 3905 solemnia
1426 3859 1663 3920 quatuor
1710 3846 2075 3903 Sabbatorum

496 3941 785 3995 Duodecim
841 3941 1088 3996 lectiones
1146 3940 1305 4011 vulgo
1352 3940 1724 4009 appellantur,
1783 3938 1909 4007 quia
1952 3954 2075 3992 cum

490 4032 628 4103 ipsis
656 4032 982 4088 lectionibus
1009 4043 1065 4086 et
1094 4032 1327 4086 canticis
1354 4032 1436 4085 vel
1470 4030 1698 4101 psalmis
1722 4030 1815 4100 qui
1861 4044 2073 4085 canun-

493 4135 601 4188 μιν,
628 4124 717 4178 hic
740 4139 1004 4178 numerus
1026 4120 1375 4191 adimpletur.

1025 4213 1257 4271 CAPUT
1305 4213 1546 4269 XXXIII.

948 4304 1141 4374 Vigilia
1165 4306 1332 4359 sancti
1362 4303 1619 4357 Matthtci.

567 4398 760 4470 Vigilia
811 4398 997 4453 sancti
1047 4396 1283 4450 Matthxi
1326 4392 1555 4464 apostoli
1611 4407 1736 4447 mox
1780 4402 1840 4447 ut
1883 4392 2081 4448 fratres

493 4491 765 4548 audierint
816 4492 1031 4562 signum
1062 4498 1184 4561 post
1224 4495 1435 4543 sextam
1464 4495 1715 4555 surgant,
1746 4485 1931 4541 lavent
1967 4500 2082 4539 ma—

496 4599 600 4641 nus
642 4599 700 4640 et
748 4583 941 4649 facies,
983 4592 1039 4639 et
1095 4592 1220 4639 tunc
1268 4593 1499 4656 pergant
1545 4579 1699 4652 pueri
1752 4581 1871 4635 sine
1904 4578 2086 4646 aliquo

495 4678 678 4736 sonitu
725 4678 779 4734 in
816 4678 1137 4745 ecclesiam;
1171 4677 1374 4733 faciant
1429 4691 1622 4747 preces
1655 4684 1782 4730 ante
1812 4689 1987 4741 aram,
2032 4681 2088 4728 et

497 4774 765 4844 incipiant
792 4773 1055 4829 lectiones
1088 4791 1100 4826 :
1138 4788 1263 4828 nam
1298 4769 1482 4827 statim
1515 4779 1572 4825 ut
1604 4784 1663 4825 se
1691 4768 2084 4823 levaverint....

466 4866 776 4933 Ofﬁcium,
798 4866 909 4937 Ego
947 4875 1126 4931 autem
1156 4866 1290 4920 sicut
1339 4864 1504 4924 oliva.
1547 4860 1758 4920 Oratio.
1798 4858 1878 4913 Da
1912 4857 2084 4923 nobis,

462 4959 821 5029 omnipotens
869 4956 1034 5023 Deus,
1066 4955 1151 5010 vel
1198 4956 1263 5010 de
1311 4953 1623 5024 Sapientia,
1665 4950 1862 5005 Beatus
1911 4948 2087 5002 homo.

499 5050 951 5119 Ilesponsorium,
977 5047 1188 5102 Justus.
1228 5043 1761 5117 Evangeliumﬂidit
1800 5040 1959 5096 Iesus
1992 5057 2092 5109 pu-

498 5146 763 5200 blicanum
784 5144 991 5198 nomine
1014 5140 1156 5196 ﬁeri.
1184 5138 1556 5201 Oll'ertorium,
1580 5135 1770 5193 Gloria.
1788 5144 1836 5189 et
1870 5135 2087 5188 honore.

501 5237 848 5303 Communia,
870 5236 1139 5303 Posuisti,
1155 5233 1398 5290 Domine.
1425 5231 1506 5287 Ad
1534 5230 1759 5285 missam
1788 5224 2088 5283 sicutsoliti

503 5340 634 5386 sunt
681 5331 734 5385 in
773 5329 975 5399 vigiliis
1014 5327 1432 5399 apostolorum:
1464 5333 1522 5379 et
1569 5323 1967 5392 eleemosynam
2011 5318 2094 5373 sic

505 5421 730 5477 faciant.
762 5420 844 5475 Ad
878 5434 1159 5488 vesperam
1210 5417 1395 5478 lectio.
1443 5416 1614 5481 Quam
1657 5412 1876 5483 speciosi
1913 5408 2090 5479 pedes.

508 5512 957 5584 Responsorium,
982 5510 1111 5565 Cum
1136 5512 1292 5581 spirat
1311 5508 1589 5563 animalia.
1616 5505 1880 5577 Hymnus,
1900 5501 2095 5556 Exsul-

508 5615 576 5665 εει
623 5604 830 5658 caelum.
886 5602 1217 5671 Antipltoua,
1269 5600 1602 5657 Similitndo.
1656 5596 1841 5652 Oratio
1901 5594 2088 5662 ipsius.

508 5695 712 5753 Versus
758 5694 812 5747 in
860 5692 1068 5761 cappis,
1104 5689 1341 5745 Gaudete
1389 5700 1436 5743 ct
1480 5687 1760 5742 ersultate.
1807 5684 2096 5753 Lectiones

513 5797 641 5852 acto
669 5789 735 5850 de
766 5785 1018 5852 passione
1053 5784 1188 5845 eius.
1229 5783 1652 5846 Iktsoousor-ium
1694 5789 1958 5857 quartum
1991 5778 2094 5835 duo

2165 1909 2278 1976 nio,
2322 1908 2549 1980 Magnus
2587 1926 2660 1964 es.
2701 1911 2782 1966 Ad
2827 1926 3109 1983 vesperam
3161 1909 3409 1979 quinque
3448 1906 3739 1959 luminaria.

2165 2001 2504 2073 Antiphonas
2531 2013 2693 2075 atque
2716 2003 2955 2074 psalmos
2979 2009 3263 2055 assumant
3286 2000 3356 2053 de
3388 1997 3738 2068 apostolorum

2168 2093 2342 2165 [supp.
2375 2094 2608 2168 oﬂicio];
2653 2095 2851 2167 quibus
2897 2093 3129 2163 expletis
3168 2092 3364 2145 dicant
3408 2089 3743 2158 autipboaam

2166 2189 2232 2243 de
2254 2196 2444 2243 sancto
2470 2189 2731 2244 Mauricio
2763 2186 3147 2255 sociorumque
3166 2180 3307 2251 ejus.

2239 2278 2299 2334 Si
2344 2279 2461 2338 lucc
2505 2294 2744 2351 namque
2780 2278 3048 2334 fesﬁvitas
3083 2273 3332 2329 evenerit
3385 2272 3535 2328 infra
3571 2269 3745 2339 ieiunia

2168 2388 2405 2448 quatuor
2424 2385 2752 2446 temporum,
2781 2371 2963 2426 omnia
3000 2378 3179 2423 tamen
3221 2365 3605 2426 celebrentur,
3634 2362 3749 2417 sicut

2166 2469 2486 2539 praedictum
2520 2472 2621 2521 cst.
2648 2463 2778 2519 Post
2818 2460 3113 2531 capitulum
3164 2456 3409 2525 denique
3458 2451 3747 2509 sedeautin

2167 2561 2403 2618 claustro
2439 2574 2612 2627 usque
2639 2555 2774 2611 dum
2795 2555 3007 2624 signum
3066 2548 3378 2605 insonuerit
3416 2547 3560 2601 hora
3596 2543 3748 2601 tertia.

2169 2663 2225 2709 et
2261 2661 2388 2706 tunc
2421 2659 2550 2705 eant
2578 2649 2629 2703 in
2679 2646 2991 2712 ecclesiam,
3028 2643 3354 2711 faciantque
3384 2638 3751 2694 orationemet

2171 2745 2468 2799 induantur
2495 2754 2685 2796 omnes
2730 2737 3045 2794 sacerdotes
3089 2744 3145 2790 et
3192 2733 3378 2789 levitas
3411 2730 3579 2785 albis.
3624 2728 3750 2782 Dicta

2174 2832 2331 2889 tertia
2352 2828 2694 2887 circumdent
2720 2843 2778 2883 se
2804 2826 3010 2897 cappis,
3039 2834 3095 2881 et
3132 2822 3420 2880 celebrent
3445 2822 3687 2883 missam,
3706 2827 3756 2871 ut

2170 2939 2332 2993 supra
2385 2919 2707 2977 taxavimus.
2737 2917 2819 2972 Ad
2867 2932 3064 2971 nonam
3100 2926 3268 2984 agant
3296 2928 3522 2969 sacram
3555 2913 3620 2965 de
3641 2908 3758 2979 jeju-

2174 3016 2291 3081 nio,
2321 3015 2463 3070 sicut
2492 3027 2608 3067 mos
2635 3020 2739 3077 est,
2772 3017 2826 3064 et
2852 3010 2899 3064 si
2930 3007 3045 3064 sola
3080 3007 3264 3078 vigilia
3301 3005 3562 3061 evenerit
3588 3002 3755 3071 adjun-

2173 3115 2361 3176 geutes
2416 3102 2788 3158 tantummodo
2829 3100 3112 3156 collectam
3172 3106 3522 3152 mortuorum
3564 3112 3579 3148 :
3620 3104 3672 3147 et
3717 3094 3753 3145 si

2174 3196 2414 3252 Sabbato
2444 3193 2827 3251 adventaverit
2864 3191 2980 3258 ipsa
3028 3189 3235 3260 vigilia,
3269 3189 3437 3243 missa
3484 3184 3757 3241 matutina-

2172 3283 2241 3339 lis
2269 3281 2523 3338 similiter
2558 3281 2623 3336 de
2665 3276 2924 3349 capitulo,
2946 3284 3001 3331 et
3032 3274 3403 3345 adjuugantur
3425 3290 3497 3329 ex
3518 3313 3567 3329 ..
3586 3312 3603 3326 .
3650 3270 3763 3339 vigi-

2176 3376 2246 3431 lia
2274 3376 2341 3431 dc
2363 3374 2592 3446 jejunio.
2623 3372 2786 3427 Missa
2818 3368 3154 3425 matutinalis
3183 3377 3382 3440 agatur
3408 3368 3487 3423 de
3509 3364 3757 3437 apostolo,

2176 3478 2233 3524 et
2255 3467 2618 3537 adiunguntur
2646 3464 2923 3521 orationes
2960 3460 3466 3516 consuetudinaria:
3494 3474 3597 3528 pro
3624 3457 3759 3515 rivis,

2177 3575 2273 3616 seu
2306 3574 2403 3631 pro
2428 3557 2722 3619 defunctis,
2770 3554 3089 3610 Sanctorum
3121 3562 3360 3608 tuorum.

2717 3644 2947 3704 CAPUT
2986 3642 3229 3701 XXXIV.

2348 3746 2580 3817 Agmiuis
2600 3746 2809 3801 a'therei
2828 3756 3045 3817 pergant
3074 3744 3150 3800 sic
3175 3740 3377 3812 gaudia
3407 3738 3615 3791 cuncti.

2252 3838 2307 3893 In
2340 3838 2635 3893 festivitate
2671 3838 2842 3892 sancti
2889 3836 3171 3893 Michaelis
3210 3833 3280 3887 ad
3318 3825 3766 3900 resperamCapio

2184 3930 2379 3995 tuium,
2403 3926 2637 3982 Factum
2656 3941 2727 3982 est
2756 3927 3044 3982 silentium.
3071 3923 3533 3994 Responsorium,
3566 3919 3633 3973 In
3661 3936 3765 3970 (σεο

2181 4032 2358 4089 spectu
2395 4020 2722 4089 angelorum.
2768 4020 3075 4089 Antiphoua
3098 4058 3112 4080 ,
3147 4015 3375 4069 Factum
3402 4022 3481 4066 est
3520 4012 3766 4065 silentium
3862 4018 3864 4089 ί

2184 4116 2237 4169 in
2265 4113 2411 4168 calo.
2440 4113 2693 4184 Quinque.
2722 4113 2789 4167 ad
2823 4114 2982 4168 linem
3008 4111 3171 4182 hujus
3199 4108 3405 4166 cantici
3445 4108 3625 4163 tribus
3652 4106 3769 4158 vici-

2185 4207 2284 4261 bus
2318 4213 2567 4275 repetant
2601 4220 2631 4258 a
2672 4205 2849 4274 capite
2888 4206 3060 4276 ipsam
3102 4203 3484 4273 autiphonam.
3529 4199 3767 4254 Tantum-
3862 4199 3864 4276 ξ

2183 4295 2343 4350 modo
2369 4296 2421 4349 in
2463 4295 2577 4364 ipsa
2611 4294 2700 4350 die
2738 4295 2939 4349 faciant
2970 4295 3312 4360 orationem,
3341 4291 3491 4346 Deus
3516 4290 3622 4359 'qui
3653 4287 3767 4338 Itiro

2184 4388 2389 4442 ordine.
2446 4386 2528 4441 Ad
2570 4386 3043 4442 aromatizandum
3084 4385 3280 4439 altaria
3334 4399 3480 4438 unus
3534 4380 3767 4437 sacerdos
3862 4380 3864 4431 Ξ

2190 4480 2410 4537 ofﬁciat.
2436 4482 2517 4536 Ad
2544 4481 2839 4536 stationem
2876 4480 3314 4551 responsorium,
3345 4475 3561 4531 Fidelis
3600 4489 3767 4528 seruo.

2202 4573 2578 4628 luvitatorium
2607 4574 2658 4627 in
2694 4572 2881 4643 cappis
2915 4572 3041 4635 duo,
3086 4569 3281 4640 Regem
3325 4566 3767 4638 archangelum

2191 4665 2457 4737 Hymnus,
2495 4664 2706 4721 Christe
2738 4675 3039 4720 sanctorum
3077 4664 3237 4717 decus
3283 4662 3624 4734 angelorum.
3662 4657 3771 4711 Tres

2191 4758 2434 4813 candela:
2477 4758 2585 4814 sint
2616 4767 2744 4813 ante
2772 4758 2965 4820 altare,
3011 4767 3157 4810 retro
3194 4770 3326 4808 una.
3373 4753 3568 4808 Primo
3608 4761 3662 4807 et
3700 4763 3767 4801 Sb

2191 4851 2370 4906 condo
2414 4860 2681 4906 nocturno
2728 4850 2991 4905 loetioues
3040 4859 3165 4904 octo
3215 4847 3286 4902 de
3330 4848 3558 4903 humilia
3620 4844 3768 4901 sani

2191 4942 2420 5011 Gregori
2450 4942 2687 5013 legenda
2710 4950 2836 4997 sunt
2871 4956 3033 5010 super
3056 4940 3428 5011 evangelium,
3453 4941 3770 4993 Accesserat

2194 5034 2268 5088 ad
2288 5033 2474 5089 Iesum
2510 5034 2779 5104 publicant
2814 5048 2836 5087 :
2890 5032 3152 5103 incipiant
3199 5031 3251 5085 in
3302 5031 3429 5086 loco
3478 5030 3771 5099 Angela":

2192 5126 2382 5197 quippe
2409 5135 2459 5180 et
2495 5124 2772 5179 hominum
2799 5134 3069 5177 naturam.
3112 5120 3403 5176 Canticum
3431 5162 3446 5183 ,
3474 5120 3617 5173 Deus
3648 5119 3771 5168 nise

2195 5230 2378 5274 reatur
2408 5219 2593 5272 nostri.
2628 5215 2875 5271 lntroitio
2907 5215 3125 5269 humilia
3164 5213 3339 5268 sancti
3378 5210 3695 5280 Hieronymi
3720 5207 3772 5255 de

2195 5308 2499 5381 evangelio,
2542 5306 2885 5359 Accesserant
2923 5304 2993 5358 ad
3030 5302 3215 5358 Iesum
3241 5301 3503 5374 .discipuli
3546 5298 3665 5367 ejus
3705 5294 3769 5345 di-

2197 5414 2388 5463 rentes,
2419 5400 2550 5467 Quis
2583 5412 2763 5470 putas.
2789 5395 3212 5469 Responsorium
3246 5402 3501 5463 quartum
3542 5390 3655 5442 duo
3682 5386 3771 5435 ira.

2199 5507 2311 5551 tres
2339 5502 2613 5565 promant,
2639 5478 3193 5559 octavum'quatuor,
3224 5484 3609 5541 duodecimum
3641 5476 3772 5546 quil-

2197 5604 2333 5659 que;
2363 5584 2650 5656 quindenm
2678 5583 2918 5643 candelae
2945 5578 3390 5636 accendanturin
3408 5573 3639 5647 pertica.
3668 5570 3767 5620 ἀπα

2199 5688 2499 5750 augeantur
2538 5687 2664 5733 ante
2697 5677 2867 5732 altare
2898 5673 3093 5741 majus,
3118 5668 3373 5725 similiter
3401 5675 3705 5725 extrorsum
3730 5664 3765 5711 α

2200 5789 2297 5853 per
2319 5784 2756 5849 unamquamque
2782 5782 2932 5833 aram
2965 5762 3338 5827 illumiuetur.‘
