3834 6304
97 380 211 439 1257

1260 379 1634 437 DlSCll’LtNA
1672 381 2079 441 FARFENSIS.

3174 335 3325 435 sese

152 497 201 551 ln
244 491 645 550 matutinalibus
693 495 1127 567 responsorium,
1175 494 1365 554 Sancte
1415 496 1641 553 Michael
1671 503 1715 563 Α
1745 500 2017 557 Exeuntes
2066 516 2095 555 a
2137 500 2428 558 refectione
2476 502 2759 558 confestim
2811 502 3031 556 veniant
3080 498 3135 552 in
3182 476 3329 551 clau-

93 584 383 657 arcltangcle,
413 585 631 654 defende
658 603 750 642 nos
781 589 832 642 ia
852 588 1054 659 prwlio.
1082 588 1281 644 Patris.
1313 591 1538 655 Versus,
1573 590 1641 646 Ut

96 700 178 738 non
211 691 475 749 pereamus
522 678 575 730 in
625 681 892 734 tremendo
926 680 1153 751 judicio.
1199 681 1475 753 Hymnus,
1530 680 1645 737 Tibi

97 774 265 828 Christe
302 771 563 842 splendor.
613 770 843 835 Versus,
877 770 941 825 In
989 783 1265 842 conspectu
1312 772 1641 842 angelorum.

98 861 392 930 Autipltoua,
428 862 569 916 Dum
605 878 815 917 sacrum,
858 864 1181 932 mysterium.
1219 863 1530 934 Triplieiter
1578 863 1644 937 [Ῑ.

95 951 384 1025 triplicatur}
436 952 505 1008 ad
558 951 765 1008 Gloria.
810 951 1018 1010 Oratio.
1048 955 1211 1021 Deus,
1254 957 1343 1024 qui
1383 957 1533 1010 miro.
1563 957 1646 1011 Ad

94 1044 347 1100 stationem
380 1046 812 1116 responsorium,
830 1047 1143 1117 Arcltaugeli
1167 1046 1459 1102 Michaelis.
1485 1047 1645 1103 Missa

93 1151 225 1192 mane
257 1134 425 1205 prima
474 1137 539 1192 de
580 1147 768 1193 sancto
799 1137 1058 1193 Michaele
1098 1146 1152 1192 et
1181 1153 1371 1193 omnes
1403 1138 1648 1194 collecta:

90 1243 190 1299 quae
224 1228 390 1284 solita:
439 1238 565 1284 sunt
608 1229 876 1285 dicantur.
928 1231 1208 1300 Epistula,
1250 1230 1318 1285 Et
1350 1232 1546 1300 factum
1573 1242 1647 1287 est

88 1319 320 1391 praelium.
357 1318 563 1387 Lectio,
596 1318 823 1374 Factum
866 1331 938 1375 est
982 1322 1243 1392 prtelium.
1295 1323 1374 1376 Ad
1426 1325 1648 1378 missam

93 1412 319 1482 majorem
342 1426 531 1467 omnes
559 1412 873 1468 sacerdotes
902 1422 1065 1483 atque
1096 1412 1269 1467 levita:
1305 1425 1560 1469 eoornent
1592 1430 1649 1471 se

90 1503 269 1573 cappis.
303 1501 357 1555 In
386 1501 557 1558 altare
597 1502 801 1573 majore
829 1502 935 1557 duo
963 1503 1121 1573 pallia
1149 1511 1205 1557 et
1233 1504 1413 1557 {llillllll
1444 1520 1647 1574 suppo-

92 1604 240 1651 naut:
272 1603 475 1665 septem
506 1596 648 1650 cerei
680 1595 908 1650 ardeant
938 1613 1058 1650 cum
1091 1596 1192 1650 illis
1227 1610 1361 1666 quos
1398 1595 1647 1651 conversi

92 1684 330 1748 delerunt,
358 1694 413 1739 et
440 1695 548 1740 tres
588 1696 751 1739 retro.
785 1682 1029 1740 Ollicium
1058 1701 1155 1740 sex
1194 1695 1410 1740 teneant
1432 1726 1447 1751 ,
1479 1685 1649 1739 Bene-

90 1778 225 1832 tlicite
243 1777 544 1841 Dominum,
564 1773 670 1843 vel,
696 1776 1020 1847 Signiﬁcavit
1046 1777 1205 1831 Dens.
1229 1777 1646 1846 Rcsputtsm'ittttt

1748 598 1939 654 stram.
1973 600 2027 646 et
2058 593 2387 648 meditentur
2424 592 2681 648 lectiones
2714 606 2994 662 quousque
3038 588 3330 644 servitores

1749 682 1815 736 de
1868 683 2155 737 refectorio
2200 685 2419 739 veniant
2446 668 2463 735 :A
2514 682 2656 737 illico
2695 692 2751 736 ut
2789 682 2888 751 ipsi
2942 682 2993 735 in
3042 678 3329 733 ecclesiam

1747 775 1989 845 perventi
2036 776 2274 841 fuerint,
2307 785 2491 845 custos
2544 783 2704 828 sonet
2740 774 2950 844 signum
2981 770 3123 842 quod
3157 768 3330 838 majus

1748 877 1832 923 est
1864 869 2086 933 tamdiu,
2119 882 2400 939 quousque
2444 867 2678 922 infantes
2706 867 2945 930 veniant,
2990 872 3045 918 et
3086 870 3212 917 ante
3256 860 3332 917 al-

1751 970 1864 1014 tare
1894 960 2190 1031 procedant
2230 959 2531 1015 orationem
2573 956 2752 1012 facere
2782 970 2796 1010 :
2840 969 2947 1025 qua
2980 955 3142 1019 facta,
3178 959 3335 1006 sonet

1749 1050 1943 1107 iterum
1993 1050 2205 1122 signum
2260 1061 2315 1107 et
2358 1059 2550 1122 agatur
2598 1049 2753 1105 hora.
2804 1045 3066 1118 Expleta,
3120 1044 3330 1115 pulsato

1752 1144 1998 1216 cymbala
2027 1144 2247 1199 veniant
2280 1144 2333 1197 in
2378 1141 2759 1198 refectorium:
2808 1139 3005 1195 exhinc
3047 1151 3183 1207 aqua
3226 1150 3331 1191 non

1752 1236 2149 1291 ministrabitur
2179 1250 2347 1306 usque
2389 1236 2454 1290 ad
2502 1234 2835 1289 Dnminicam
2882 1231 2936 1285 in
2981 1228 3200 1284 Palmis.
3245 1225 3334 1283 Sir

1752 1328 1954 1383 militer
1981 1329 2240 1383 continuo
2269 1337 2329 1383 ut
2352 1328 2424 1383 ibi
2454 1326 2617 1382 fuerit
2643 1328 2757 1382 sive
2778 1324 2945 1396 prior,
2971 1322 3087 1377 sive
3116 1321 3169 1375 in
3201 1334 3338 1389 prac—

1749 1435 1876 1476 sens
1911 1422 2105 1481 fuerit.
2137 1420 2332 1485 abbas,
2366 1420 2634 1492 percutiat
2665 1417 2914 1488 squillam
2948 1424 3003 1471 et
3039 1414 3333 1483 unusquis-

1750 1529 1856 1585 que
1888 1515 1954 1570 de
1982 1515 2106 1570 vino
2137 1513 2279 1587 quod
2327 1514 2578 1569 habuerit
2622 1520 2747 1566 ante
2786 1525 2844 1566 se
2880 1492 3067 1575 bibat,
3089 1507 3343 1580 justiti-.c-

1751 1623 1855 1677 que
1898 1607 2145 1679 (57)su:e
2192 1622 2253 1661 os
2298 1601 2883 1679 apponentes,deinde
2929 1599 3103 1655 tribus
3133 1598 3345 1659 vicibus

1750 1697 1945 1765 squilla
1983 1697 2340 1767 percutiatur.
2384 1695 2682 1766 Surgentes
2716 1700 3062 1748 revertantur
3097 1689 3150 1745 in
3186 1688 3340 1753 clau—

1753 1798 1926 1843 strum
1954 1806 1966 1842 :
2002 1789 2054 1843 in
2087 1788 2238 1843 festis
2268 1787 2456 1844 diebus
2494 1784 2854 1856 similiterque
2881 1789 3143 1855 peragant
3170 1796 3343 1850 usque

93 1887 183 1927 non
210 1871 405 1926 dicant.
454 1871 682 1927 Alleluia
730 1879 1001 1941 quatuor:
1053 1869 1327 1925 oll‘crtoria
1363 1870 1467 1924 duo
1508 1869 1652 1925 acci—
1682 1860 1725 1919 Β
1755 1883 1823 1937 ad
1852 1881 2198 1937 [ρδιξγειίηρω
2225 1882 2401 1936 sane“
2425 1878 2662 1935 Martini.

89 1963 235 2032 piant.

150 2055 221 2108 Ad
243 2053 567 2109 offerendam
610 2054 716 2109 duo
744 2054 1013 2109 thuribula
1046 2068 1207 2108 aurea
1245 2053 1483 2107 habeant
1514 2067 1654 2123 pra!-

88 2152 255 2216 parata
296 2144 399 2197 duo
430 2144 658 2209 fratres;
695 2160 816 2198 mox
862 2154 919 2198 ut
947 2144 1229 2198 dixorint:
1282 2144 1417 2196 Data
1465 2151 1585 2195 sunt
1608 2150 1655 2203 ei

87 2238 280 2288 incensa
322 2233 512 2299 multa,
545 2243 670 2287 tunc
714 2234 872 2288 detur
919 2236 986 2287 ad
1013 2233 1352 2287 sacerdotem
1385 2248 1552 2286 unum
1588 2245 1655 2285 ex

88 2322 374 2388 thuribulis,
403 2331 462 2376 ιιι
488 2323 731 2377 ineeuset
764 2322 991 2378 calicem
1018 2340 1031 2376 :
1058 2338 1164 2391 quo
1206 2330 1423 2393 recepto
1454 2335 1658 2391 przcce-

86 2417 201 2470 dant
234 2414 336 2470 duo
360 2415 669 2470 sacerdotes
693 2415 745 2468 in
769 2415 951 2484 cappis
975 2424 1027 2468 et
1049 2423 1192 2468 stent
1214 2428 1243 2467 a
1275 2415 1443 2467 latere
1466 2412 1657 2467 altaris

88 2508 201 2562 hinc
228 2516 282 2561 et
328 2506 451 2561 inde
484 2514 730 2562 tenentes
770 2505 876 2560 duo
913 2504 1186 2560 thuribula
1232 2503 1655 2575 tltymiatltizan-

90 2610 159 2652 tes
186 2612 330 2652 aram
352 2597 602 2667 desuper,
638 2611 919 2666 quousque
940 2595 1071 2650 dum
1106 2594 1357 2664 repetitio
1387 2594 1452 2648 de
1474 2608 1654 2647 versu.

88 2688 146 2742 Et
182 2689 406 2743 ascendit
431 2689 630 2758 fumus,
663 2699 916 2743 cantores
958 2687 1233 2742 finierint:
1278 2694 1331 2740 et
1363 2694 1489 2740 tunc
1530 2692 1659 2739 eant

87 2782 147 2836 aJ
172 2779 358 2835 altaria
386 2796 507 2850 qua:
531 2782 629 2834 sita
654 2788 779 2835 sunt
807 2789 934 2850 post
961 2777 1156 2848 majus,
1188 2777 1299 2843 illa,
1321 2790 1579 2845 aramque
1602 2777 1657 2831 in

86 2870 248 2927 medio
281 2873 557 2926 incenseut
604 2872 763 2926 ambo
808 2870 990 2937 simul,
1033 2879 1089 2926 et
1126 2879 1253 2926 tunc
1293 2870 1553 2941 procedat.
1590 2869 1658 2923 ad

84 2966 206 3019 alias
235 2980 359 3019 aras
408 2964 780 3035 unusquisque
817 2963 947 3019 hinc
993 2972 1049 3018 et
1090 2963 1217 3018 inde
1267 2960 1658 3017 circumdaudo

84 3060 368 3129 incensum.
416 3056 640 3125 Expleta
691 3057 856 3111 missa
903 3064 1098 3111 sonent
1145 3055 1328 3111 omnia
1375 3054 1546 3126 signa.
1576 3050 1659 3107 Ad

84 3162 328 3219 vesperas
358 3147 598 3217 quinque
638 3146 879 3202 candelae
910 3144 1275 3202 accendantur
1313 3156 1439 3201 ante
1466 3160 1652 3211 arant;

79 3244 386 3313 antiphona,
434 3243 588 3299 Stetit
642 3241 887 3309 Angelus.
946 3240 1228 3307 Psalmus,
1282 3238 1448 3293 Dixit.
1498 3237 1657 3292 Anti-

80 3334 278 3402 phona,
302 3333 438 3387 Data
465 3344 584 3387 sunt
612 3332 680 3387 ei.
710 3330 972 3396 Psalmus,
991 3329 1184 3384 Beatus
1204 3331 1302 3383 vir.
1326 3328 1657 3398 Antiphoua,

82 3426 317 3479 Ascendit
341 3425 540 3494 fumus.
567 3424 835 3478 Psalmus.
868 3422 1105 3476 Laudate
1133 3421 1301 3491 pueri.
1326 3420 1659 3491 Antiphonti,

80 3515 142 3571 In
169 3528 445 3587 conspectu
481 3517 820 3587 Angelorum.
859 3514 1139 3585 Psalutus,
1169 3512 1489 3582 Conﬂtebor.
1558 3512 1663 3567 lie-

79 3614 446 3683 sponsorium,
483 3612 636 3669 Stetit
666 3610 910 3683 Angelus.
953 3609 1230 3680 Hymnus,
1281 3607 1396 3662 Tibi
1436 3606 1659 3661 Christe.

80 3706 379 3777 Antiphone
411 3709 477 3759 ad
510 3705 841 3775 Magni/tqu,
871 3702 1123 3773 Princeps
1145 3701 1538 3771 gloriosissime,

618 3821 848 3877 CAPUT
887 3819 1104 3875 XXXV.

546 3913 613 3969 In
649 3915 820 3969 sancti
863 3912 1190 3981 Hieronymi.

72 4012 73 4017 “
144 4008 226 4061 Ad
258 4021 540 4077 vesperam
570 4005 895 4073 antiphona,
930 4000 999 4056 In
1032 4003 1201 4055 medio
1241 4000 1492 4055 ecclesiw.
1526 3998 1663 4055 Ora-

78 4100 169 4163 tio,
198 4097 497 4153 Ecclesiam
547 4106 716 4160 tuam,
750 4094 908 4160 Deus,
960 4091 1246 4165 Lectiones
1285 4101 1411 4147 octo
1448 4093 1514 4146 de
1551 4090 1667 4160 ejus

80 4192 207 4245 vita.
244 4190 303 4244 In
343 4189 504 4245 tertio
542 4184 853 4259 [nocturno]
894 4184 1162 4254 expositio
1199 4184 1371 4238 sancti
1422 4181 1665 4253 Gregorii

76 4297 225 4352 papa:
255 4282 326 4338 de
372 4280 686 4350 evangelio,
722 4276 1131 4347 Iiomqquidam
1157 4292 1387 4347 peregre.
1419 4275 1497 4328 Ad
1539 4275 1669 4327 mis-

77 4390 190 4429 sam
230 4373 494 4439 oﬂicium,
538 4371 603 4426 In
629 4371 799 4425 medio
836 4369 1087 4424 ecclesitc.
1119 4367 1338 4432 Oratio,
1375 4366 1665 4421 Ecclesium

73 4475 242 4530 uiam,
283 4465 486 4534 velrde
523 4461 832 4532 Sapientia,
883 4458 1073 4526 Optavi
1121 4470 1169 4513 et
1213 4461 1368 4514 datus
1418 4468 1491 4512 est
1543 4459 1667 4512 milii

1826 1974 2057 2029 Pri‘atis
2085 1982 2264 2029 autem
2292 1974 2480 2029 diebus
2508 1970 2711 2026 mensis
2749 1968 2918 2041 ipsius
2940 1965 3190 2022 Octobris
3220 1973 3341 2035 post

1757 2065 2050 2122 matutinas
2079 2074 2421 2121 revertantur
2450 2065 2515 2119 ad
2545 2063 2741 2119 lectula
2775 2061 2992 2116 fratres.
3022 2058 3155 2113 Cum
3195 2059 3338 2110 diem

1756 2158 2247 2229 videritapparere,
2271 2167 2451 2212 custos
2472 2156 2715 2211 ecclesia:
2739 2162 2895 2208 sonet
2920 2152 3096 2205 minus
3123 2149 3337 2221 signum

1757 2251 1989 2316 modice,
2019 2261 2072 2307 et
2097 2252 2215 2307 sine
2242 2266 2390 2304 mura
2427 2248 2706 2304 venientes
2736 2246 2802 2302 ad
2827 2244 3116 2300 ecclesiam
3149 2240 3345 2295 fratres

1757 2344 2254 2414 cantentprimam,
2280 2349 2482 2412 etpost
2512 2348 2717 2410 septem
2763 2336 3000 2406 psalmos
3049 2333 3292 2387 litaniam
3328 2348 3341 2383 :

1762 2435 1888 2491 inde
1938 2436 2219 2489 venientes
2265 2433 2490 2488 sedeant
2537 2432 2603 2485 ad
2645 2429 2907 2483 lectiones
2939 2439 3065 2480 suas
3096 2436 3219 2478 cum
3269 2423 3343 2473 si-

1760 2525 1949 2582 lentio.
1999 2527 2157 2581 Pueri
2214 2525 2466 2597 primitus
2516 2522 2623 2577 alta
2680 2506 2809 2575 voce
2883 2519 3095 2588 legant,
3157 2521 3345 2584 postea

1760 2618 2000 2685 suavius,
2032 2619 2112 2674 vel
2146 2627 2396 2681 cantent;
2439 2615 2638 2669 fratres
2667 2619 2847 2666 autem
2894 2610 3121 2665 honeste
3150 2603 3349 2661 debent

1760 2715 1844 2770 vel
1875 2716 2052 2786 legere
2088 2711 2172 2766 vel
2198 2720 2445 2766 cantare.
2470 2702 2889 2762 llebdomadarii
2920 2699 3169 2769 coquinm
3192 2739 3206 2761 ,
3232 2694 3350 2752 cel-

1762 2808 1966 2875 lerarii,
2001 2816 2054 2862 et
2081 2804 2291 2868 decaui,
2328 2800 2408 2855 vel
2438 2799 2633 2870 quibus
2660 2798 2724 2852 de
2755 2795 2887 2849 foris
2927 2791 3130 2862 aliquid
3166 2788 3356 2857 injunw

1756 2911 1907 2958 ctum
1930 2906 2015 2956 est
2040 2895 2383 2959 obcdicntim,
2409 2892 2609 2947 debent
2628 2905 2689 2945 se
2714 2884 3051 2944 solummodo
3077 2880 3363 2943 calcearea

1763 2991 1897 3048 Cum
1936 3000 2151 3058 tempus
2195 2986 2361 3040 fuerit.
2408 2980 2673 3054 regularis
2726 2981 2905 3044 horze,
2960 2982 3120 3030 sonet
3165 2982 3347 3026 custos

1765 3083 1944 3138 minus
1974 3081 2185 3151 signum
2220 3076 2432 3132 modice
2470 3082 2525 3129 et
2564 3080 2849 3143 pergentes
2878 3069 2932 3122 in
2969 3063 3347 3121 dormitorium

1760 3174 1989 3230 calcient
2037 3186 2118 3234 se,
2158 3168 2354 3223 deinde
2400 3165 2583 3220 lavent
2634 3177 2829 3217 manus
2877 3174 2941 3214 ac
2993 3156 3159 3211 facies
3201 3170 3349 3211 suas.

1766 3262 2123 3320 Venientibus
2169 3272 2350 3313 autem
2401 3255 2466 3311 ad
2506 3253 2793 3312 ecclesiam
2833 3247 3150 3310 infantibus,
3178 3243 3352 3317 majus

1764 3356 1976 3426 signant
2025 3358 2271 3414 sonetur,
2304 3356 2361 3403 et
2412 3347 2465 3401 in
2510 3346 2681 3401 choro
2728 3340 2886 3397 simul
2915 3351 3103 3396 omnes
3146 3336 3355 3389 faciant

1766 3444 1963 3499 trinam
1994 3442 2331 3504 orationem;
2366 3437 2562 3506 quibus
2614 3433 2782 3487 finitis
2833 3429 3098 3484 inclinent
3138 3441 3196 3480 se
3224 3431 3355 3477 aute

1763 3546 1817 3594 et
1848 3544 2013 3591 retro.
2059 3532 2260 3588 lterum
2310 3528 2490 3583 minus
2527 3527 2737 3595 signum
2783 3523 3074 3591 pulsetur:
3132 3524 3355 3570 cantent

1767 3629 2008 3693 tertiam,
2044 3633 2231 3697 postea
2268 3622 2512 3677 missam.
2543 3617 2703 3673 Missa
2738 3622 2957 3684 peracta
2983 3620 3140 3667 sonet
3177 3609 3350 3680 prior,

1761 3721 1983 3793 jubeute
2011 3718 2057 3774 si
2082 3730 2318 3789 praesens
2347 3712 2512 3767 fuerit
2541 3708 2736 3766 abbate
2754 3748 2768 3772 ,
2808 3706 3020 3775 signum
3043 3701 3110 3756 ad
3141 3700 3351 3771 capitu-

1768 3789 1899 3878 lum,
1930 3820 1981 3866 et
2014 3825 2109 3881 per
2139 3808 2381 3863 ordinem
2410 3805 2553 3860 sicut
2597 3800 2673 3856 ibi
2704 3797 2919 3855 censori
2962 3794 3060 3868 [aL
3108 3789 3337 3861 sessuri]

1771 3914 1913 3971 sunt,
1948 3902 2072 3957 illuc
2097 3900 2294 3955 fratres
2316 3897 2557 3953 veniant.
2593 3893 2710 3962 Quo
2736 3898 2956 3962 peracto
2981 3888 3165 3942 dicant
3188 3884 3348 3954 quin-

1767 4011 1873 4066 que
1932 3992 2169 4065 psalmos
2198 4006 2294 4061 pro
2332 3989 2675 4058 his..quorum
2710 3990 2839 4039 sunt
2866 3979 2937 4035 ibi
2973 3978 3191 4035 nomina
3227 3988 3353 4044 pra-

1769 4085 2035 4142 nuntiata.
2102 4081 2305 4137 Deinde
2360 4085 2517 4134 sonet
2569 4075 2719 4147 prior
2785 4069 3022 4127 tabulam
3079 4073 3359 4125 annuente

1769 4178 1986 4242 abbate,
2037 4183 2094 4229 et
2136 4173 2322 4243 jubeat
2354 4172 2469 4242 ipse
2498 4166 2738 4238 singulos
2776 4162 2842 4218 ad
2883 4160 3056 4215 ollicia
3097 4172 3192 4212 sua
3230 4170 3354 4225 per-

1771 4284 1921 4341 gere.
1953 4266 2112 4324 Pueri
2144 4265 2356 4320 veniant
2383 4261 2452 4317 ad
2485 4257 2804 4327 capitulum,
2836 4262 3021 4325 postea
3045 4250 3098 4304 in
3131 4246 3357 4301 refecto-

1774 4378 1936 4418 I‘lllllla

1845 4450 1903 4508 Si
1934 4449 2024 4520 qui
2066 4455 2192 4503 sunt
2223 4444 2329 4499 alio
2374 4442 2459 4498 die
2501 4438 2585 4495 vel
2631 4436 2790 4513 tertio
2832 4433 3030 4489 fratres
3078 4428 3358 4499 sanguinis

73 4574 279 4612 sensus.
311 4522 757 4631 Responsoriunr,
790 4522 980 4606 Justus
1002 4561 1057 4604 ut
1078 4552 1277 4621 palma.
1307 4550 1563 4613 Alleluia,
1596 4549 1667 4605 Os
1701 4550 1748 4609 D
1774 4542 2131 4599 diminutione
2152 4537 2379 4601 debiles,
2410 4532 2609 4589 debent
2635 4530 2687 4585 in
2734 4525 3082 4631 refectorium
3110 4522 3206 4631 ‘i're
3252 4528 3360 4623 sta.—

64 4652 222 4720 justi.
278 4649 656 4720 Evangeliutn,
708 4648 882 4703 Ilomo
910 4648 1130 4719 quidam
1170 4661 1399 4716 peregre.
1441 4642 1671 4698 Oll‘erto-

73 4743 233 4807 rium,
271 4741 467 4795 Justus
494 4749 549 4793 ut
576 4740 775 4810 palma.
805 4738 1146 4802 (iommunio,
1180 4736 1378 4791 Beatus
1402 4735 1508 4789 ille.
1546 4736 1671 4791 Ves-

71 4850 216 4905 per-.e
245 4842 485 4904 agantur
513 4833 581 4888 de
608 4832 942 4888 confessore.

616 4926 845 4982 CAPUT
894 4925 1037 4980 XXX
1053 4926 1135 4979 Vl.

496 5020 769 5073 Dominicn
808 5020 978 5086 prium
999 5017 1241 5070 Octobris

142 5112 399 5165 Sabbato
447 5112 515 5165 ad
558 5125 809 5179 vesperas
842 5108 1246 5177 responset-ium
1275 5147 1289 5169 .
1324 5104 1435 5160 Tua
1465 5115 1542 5159 est
1581 5122 1675 5174 po-

67 5205 256 5260 tentia.
285 5203 603 5273 Antipltona
632 5203 697 5257 ad
724 5202 1027 5272 Magniﬁcat
1053 5216 1071 5253 :
1108 5202 1187 5255 Da
1208 5218 1408 5269 pacem,
1430 5199 1674 5263 Domine,
1730 5252 1733 5255 .

68 5300 122 5348 in
168 5297 371 5350 diebus
418 5296 631 5350 nostris.
672 5295 755 5349 Ad
802 5303 1124 5350 nocturnum
1163 5294 1369 5347 dicatur
1407 5294 1674 5361 hymnus,

68 5386 260 5441 Primo
283 5385 519 5439 dierum.
548 5384 782 5456 Legatur
807 5384 1033 5440 historia
1061 5383 1511 5437 Machabazorum.
1571 5379 1676 5433 Re-

68 5477 464 5549 sponsorium,
484 5477 769 5545 Adaperiat
797 5468 1073 5531 Dominus.
1104 5476 1184 5530 Ad
1200 5476 1387 5531 laudes
1418 5476 1675 5545 hymnus,

68 5570 310 5628 £terne
334 5586 515 5624 rerum
544 5569 807 5636 conditor.
836 5570 956 5640 Ipso
993 5569 1225 5638 denique
1255 5567 1341 5622 die
1372 5568 1678 5622 dimittatur

73 5662 425 5728 meridiana,
477 5676 583 5731 qua
632 5661 828 5716 fratres
879 5660 1054 5717 solent
1089 5659 1144 5715 in
1183 5667 1371 5717 testate
1414 5657 1673 5718 dormire.

138 5818 263 5893 (37)
306 5816 565 5885 Iustitia,
593 5830 844 5872 mensura
874 5814 999 5869 vtni.

1774 4636 1867 4690 tim
1936 4644 1995 4687 ut
2039 4629 2270 4687 exierint
2312 4642 2343 4681 e
2386 4623 2652 4696 capitulo,
2693 4629 2746 4675 et
2787 4617 2881 4674 det
2919 4617 2997 4671 eis
3044 4612 3365 4670 cellerarius

1776 4727 1878 4782 tria
1908 4721 2287 4794 pulmentaria.
2316 4718 2425 4773 Nec
2457 4716 2617 4771 debet
2644 4720 2827 4767 custos
2851 4710 2941 4764 illa
2969 4708 3100 4762 hora
3133 4702 3360 4759 mandu-

1773 4793 1929 4874 caudi
1972 4827 2320 4886 quemquam,
2363 4816 2558 4880 praeter
2606 4805 2855 4859 abbatem
2908 4805 3227 4870 exspectare
3278 4793 3361 4869 vel

1774 4909 2035 4979 priorem,
2068 4918 2191 4959 cum
2225 4897 2540 4973 prmviderit
2565 4894 2811 4968 synaxim
2838 4900 3047 4946 sextam
3077 4886 3363 4942 advenisse

1776 4978 1862 5055 die
1907 4999 2041 5069 ipso.
2094 4995 2225 5051 Post
2268 5001 2481 5048 sextam
2528 4988 2707 5043 nullus
2738 4986 2987 5055 loquatur
3020 4980 3075 5035 in
3102 4978 3361 5041 claustro,

1778 5094 1954 5149 donec
1981 5091 2215 5145 infantes
2252 5096 2450 5141 exeant
2476 5083 2544 5137 de
2569 5079 2797 5135 ecclesia

1851 5205 1909 5259 Si
1940 5202 2061 5273 quis
2087 5217 2155 5256 ex
2199 5197 2459 5253 fratribus
2487 5191 2716 5248 voluerit
2753 5186 3033 5256 sauginem
3081 5181 3359 5239 minuere,

1782 5307 1911 5352 tunc
1942 5306 2155 5365 tempus
2202 5304 2285 5349 est
2328 5292 2599 5346 licentiam
2638 5298 2854 5357 petere,
2889 5294 2944 5340 et
2970 5281 3255 5338 cellerario
3285 5279 3365 5333 di-

1779 5405 1930 5453 cere,
1963 5397 2021 5442 nt
2039 5386 2221 5441 omnia
2251 5401 2373 5455 qua:
2404 5382 2709 5437 necessaria
2741 5387 2868 5433 sunt
2907 5376 3145 5432 inveniat
3172 5380 3365 5442 parata

1782 5494 1908 5534 mox
1952 5486 2012 5531 ut
2043 5474 2381 5545 evangelium
2421 5473 2615 5527 lectum
2647 5470 2831 5535 fuerit,
2875 5469 2929 5523 in
2968 5467 3087 5531 loco
3118 5465 3361 5519 decreto.

1783 5571 1924 5626 Item.
1954 5570 2125 5624 frater
2170 5567 2260 5637 qui
2302 5564 2532 5619 voluerit
2581 5562 2897 5632 sanguinem
2950 5559 3195 5619 minuere
3243 5562 3375 5624 post:

1783 5664 2158 5726 refectionem,
2193 5669 2318 5719 tunc
2351 5658 2508 5715 debet
2536 5661 2747 5717 lacere;
2787 5665 2838 5709 ct
2867 5663 2987 5724 post
3025 5649 3376 5722 vesperasin.
