3864 6314
489 296 627 354 {239

486 500 785 554 crastinum
822 498 874 551 in
908 494 1319 551 nocturnalibus
1344 491 1643 555 ambulent,
1668 498 1723 543 et
1753 489 1838 544 liis
1860 487 2070 543 duobus

486 593 675 647 diebus
706 590 809 644 tria
857 589 1154 661 pulmenta,
1203 584 1344 642 sicut
1389 598 1553 655 supra
1593 580 1795 637 dictum
1823 589 1937 644 est,
1975 581 2071 633 lia-

467 684 687 737 'licant:
720 690 912 751 quarta
953 680 1040 733 die
1082 687 1275 744 quarta
1318 690 1444 746 pars
1493 674 1651 729 casei
1682 680 1806 743 post
1850 671 2069 726 missam

485 775 644 826 detur
680 760 989 839 unicuique.
1019 768 1221 835 Quarta
1258 775 1313 822 et
1348 773 1499 821 sexta
1529 764 1663 818 feria
1706 769 1827 831 post
1859 770 2069 814 sextam

486 861 630 916 fat-to
661 877 829 933 parvo
856 859 1145 916 intervallo
1176 866 1334 913 sonet
1365 856 1576 927 signum
1608 853 1936 909 secretarius
1958 867 2073 905 mo-

485 956 625 1019 dice,
654 963 708 1010 et
734 952 1048 1009 discalcient
1086 967 1146 1007 se
1173 966 1384 1006 omnes.
1419 947 1623 1002 Deinde
1649 945 1827 999 lavent
1855 958 2068 1006 manus,

484 1060 537 1103 ct
578 1056 805 1120 pergant
853 1048 905 1101 in
952 1045 1236 1101 ecclesiam
1276 1043 1549 1098 orationes
1596 1038 1660 1112 [Ῑ.
1716 1045 1956 1100 orantes,
1997 1036 2073 1089 rei

485 1136 667 1208 supple
692 1135 902 1209 dicanti
947 1136 1278 1206 generaliter
1310 1152 1323 1187 :
1357 1140 1644 1203 surgentes
1686 1128 1948 1198 incipiant
1978 1143 2072 1179 an-

489 1229 759 1298 tiphonas,
791 1238 953 1297 atque
982 1226 1387 1297 processionem
1415 1230 1575 1293 agant
1605 1220 1746 1275 sicut
1773 1234 1891 1275 mos
1910 1229 2012 1272 est.

559 1321 615 1375 In
662 1321 785 1375 aliis
822 1318 1012 1374 diebus
1060 1327 1181 1388 post
1228 1325 1459 1381 sextam,
1508 1313 1648 1368 facta
1695 1311 1876 1381 aliqua
1920 1325 2072 1365 mora

488 1414 753 1484 magister
792 1411 955 1465 faciat
982 1410 1223 1482 labluere
1263 1408 1477 1463 illorum
1527 1403 1817 1460 infantium
1860 1418 2068 1464 manus,

486 1507 580 1576 qui
600 1504 797 1560 debent
825 1503 1034 1558 servire
1062 1502 1129 1556 ad
1167 1501 1414 1556 missam.
1450 1500 1652 1554 Deinde
1682 1508 1868 1555 custos
1901 1495 2073 1550 cccle-

486 1598 580 1653 sia:
605 1611 728 1651 cum
761 1594 954 1649 viderit
991 1603 1204 1663 tempus
1230 1606 1351 1647 esse
1371 1631 1386 1654 ,
1417 1600 1572 1646 sonet
1612 1590 1825 1661 signum
1850 1591 1915 1645 ad
1946 1588 2074 1643 mis-

486 1703 627 1751 sam,
652 1695 706 1742 et
730 1693 857 1740 tunc
886 1683 1181 1755 procedant
1212 1695 1403 1737 omnes
1435 1680 1490 1734 in
1521 1681 1817 1747 basilicam,
1840 1680 2075 1737 cfliciant

1551 282 1873 344 GUIDONIS
1908 282 2201 339 ABBATIS
2230 275 2623 337 FABFENSIS

488 406 837 465 rofetrtorinm
866 406 978 475 ire,
1004 406 1098 462 sed
1132 413 1188 462 et
1216 401 1419 474 aliquid
1448 399 1731 456 cliaritatis
1761 398 1979 454 habere.
2008 396 2065 452 ln
2100 402 2147 461 Α

3612 259 3741 319 ηω

2689 384 2919 443 CAPUT
2963 380 3248 438 XXXVIII.

2250 546 2253 549 γ
2539 481 2730 552 Vigilia
2774 477 3023 531 Omnium
3067 472 3385 529 Sanctorum

2244 580 2546 647 Antequam
2573 570 2807 629 secunda
2847 576 3040 639 agatur
3064 606 3080 631 ,
3106 564 3405 620 decoretur
3440 569 3612 617 totum
3649 579 3746 619 mo-

2173 673 2473 731 nasterium
2519 667 2717 738 palliis.
2755 664 2861 719 Per
2889 663 3118 718 chorum
3150 660 3205 714 in
3232 659 3437 714 circum
3471 657 3747 713 extendas.

2174 777 2262 822 tur
2286 762 2556 825 banealia,
2588 768 2643 813 ct
2667 770 2833 812 suoer
2861 752 3120 808 formulas
3151 751 3354 820 tapetia
3380 790 3395 813 ,
3424 759 3597 818 atque
3626 748 3747 803 sha-

2176 860 2253 913 ria
2280 858 2637 917 decorentur;
2674 861 2729 905 et
2771 849 2824 903 in
2862 845 3125 917 majorem
3151 850 3333 897 textos
3363 839 3580 912 [textus
3608 853 3747 895 emt-

2175 943 2460 1021 geliorum]
2485 950 2710 1013 ponant.
2744 938 2929 993 Altare
2956 943 3163 990 sanctae
3189 932 3374 988 Maria:
3402 932 3591 1003 palliis
3612 940 3747 1000 atque

2175 1042 2365 1099 sericis
2410 1039 2743 1094 adoriretur:
2779 1034 2835 1087 in
2876 1029 3117 1101 capitulo
3158 1026 3409 1083 baneslia
3454 1024 3781 1095 CORPIMI.‘

2176 1133 2441 1190 Similiter
2491 1125 2766 1185 refcctorii
2827 1128 3244 1195 procuratores,
3296 1119 3562 1173 mantiles
3614 1125 3749 1185 atque

2180 1229 2426 1288 bancalia
2465 1226 2733 1297 accipiant
2767 1224 2836 1277 ad
2867 1216 3225 1277 decorandam
3264 1215 3465 1271 aedem.
3497 1212 3559 1268 Si
3587 1209 3755 1279 aliquis

2176 1333 2397 1379 sanctus
2417 1319 2663 1376 evenerit
2693 1319 2745 1371 in
2779 1315 2896 1385 ipso
2929 1312 3016 1368 die
3036 1351 3052 1375 ,
3076 1309 3223 1363 unde
3249 1315 3416 1377 agant
3450 1314 3565 1357 tres
3590 1301 3752 1355 lecti»-

2178 1432 2293 1481 nes,
2332 1424 2460 1468 tunc
2491 1414 2678 1467 dicant
2702 1408 2924 1462 missam
2960 1399 3335 1457 matutinalcm
3359 1413 3428 1453 ex
3458 1410 3555 1455 eo.
3592 1393 3735 1461 adiuti

2177 1519 2365 1582 gentes
2394 1506 2679 1563 collectam
2701 1516 2803 1572 pro
2824 1497 3113 1561 defunctis,
3143 1501 3198 1548 et
3220 1490 3463 1547 offerant
3480 1488 3687 1544 cuncti.
3707 1485 3753 1537 Si

2178 1576 2357 1673 {vigilia
2389 1596 2671 1653 advenerit
2718 1600 2915 1662 quarta
2963 1585 3049 1640 vel
3101 1594 3251 1640 sexta
3298 1580 3464 1644 feria,
3511 1588 3644 1632 tunc
3680 1576 3759 1629 ist

2179 1669 2455 1764 processio
2488 1706 2501 1742 :
2528 1696 2581 1742 et
2607 1684 2654 1738 si
2688 1685 2741 1738 in
2777 1680 2883 1734 alia
2906 1677 3040 1732 feria
3073 1675 3263 1734 fuerit,
3288 1679 3491 1727 sonent
3509 1669 3732 1739 signem.

485 1795 705 1851 preces;
756 1779 952 1850 quibus
994 1776 1381 1847 surgentibus,
1433 1773 1580 1827 dicat
1623 1789 1764 1829 unus
1794 1776 1861 1830 de
1891 1773 2074 1844 pueris
2108 1782 2149 1839 Β
2181 1755 2195 1764 ’
2251 1782 2379 1836 post
2418 1792 2651 1840 sextam,
2695 1779 2824 1827 eant
2856 1778 2913 1823 et
2959 1765 3161 1820 faciant
3207 1760 3540 1821 orationem,
3594 1755 3760 1810 deinde

486 1872 750 1935 litaniam,
780 1880 836 1926 et
859 1880 987 1924 tunc
1017 1869 1251 1923 vestiant
1293 1880 1385 1932 se,
1418 1865 1509 1934 qui
1557 1865 1919 1921 ministraturi
1949 1876 2074 1921 sunt

485 1964 555 2019 ad
585 1963 827 2018 missam.
859 1960 1059 2025 Finita,
1108 1959 1355 2031 pulsetur
1396 1956 1608 2025 signum
1649 1959 1717 2014 ad
1762 1974 1983 2021 nonam,
2021 1967 2076 2012 et

486 2056 733 2112 oratione
760 2052 901 2108 facta
930 2053 1130 2107 vadant
1159 2053 1568 2109 liebdomadarii
1603 2052 1871 2122 coquinae,
1917 2049 2079 2105 celle-

486 2148 665 2204 rarius
694 2155 752 2203 et
782 2147 956 2202 lector
992 2145 1045 2199 in
1070 2143 1416 2201 refcctorium
1445 2155 1503 2200 ut
1531 2145 1801 2215 accipiant
1836 2142 2076 2197 mistum.

487 2238 717 2296 Fratres
770 2239 862 2293 alii
906 2238 1132 2293 sedeant
1177 2238 1230 2292 in
1283 2239 1475 2304 choro,
1520 2239 1694 2293 donec
1724 2236 1833 2292 alio
1871 2235 2080 2289 minore

488 2331 645 2402 signo
667 2329 899 2401 pulsato,
924 2326 1135 2383 cunctis
1163 2328 1626 2404 convenientibus,
1654 2327 1836 2381 dicant
1858 2338 2077 2379 nonam.

491 2423 619 2480 Post
643 2437 842 2478 nouam
888 2424 1111 2479 veniant
1160 2421 1226 2477 ad
1274 2435 1541 2477 mensam.
1591 2417 1913 2474 Rcfectionc
1941 2416 2083 2470 cclc-

488 2515 667 2584 bratc,
697 2516 919 2572 sedeant
947 2517 1001 2570 in
1026 2516 1283 2571 claustro.

1017 2606 1248 2664 CAPUT
1291 2603 1555 2660 XXXVII.

528 2699 594 2754 In
625 2710 925 2754 sanctorum
944 2697 1302 2769 apostolorum
1324 2696 1556 2751 Simonis
1583 2704 1629 2749 et
1662 2692 1822 2749 Judte
1847 2691 2045 2762 vigilia.
2076 2728 2080 2732 ι

563 2793 620 2848 in
668 2803 981 2848 sanctorum
1023 2790 1393 2861 apostolorqu
1438 2788 1681 2843 Simonis
1717 2794 1775 2842 et
1803 2784 1955 2841 ludat
2006 2783 2085 2837 vi-

493 2882 642 2955 gilia,
672 2882 739 2937 ad
788 2882 1008 2937 missam
1040 2879 1298 2944 officium,
1328 2878 1495 2933 Intret
1537 2879 1593 2931 in
1628 2886 1921 2947 conspectu.
1950 2875 2085 2929 Ora-

496 2976 596 3041 tio,
630 2973 887 3041 Concede,
930 2989 1252 3045 qua'sumns,
1288 2972 1613 3040 omnipotens
1652 2969 1818 3032 Deus,
1854 2978 1907 3022 ut
1948 2966 2084 3021 sicut

495 3066 851 3136 apostolorum
888 3079 908 3118 ε
957 3076 1012 3119 et
1063 3065 1166 3119 alia
1211 3069 1493 3127 consueta,
1542 3060 1818 3114 Justorum
1865 3059 2077 3111 anima’.

2180 1875 2365 1930 dicant
2402 1869 2644 1925 litauiam
2676 1882 2689 1917 :
2722 1863 2875 1932 signa
2904 1875 3009 1914 non
3038 1856 3344 1927 pulsentur,
3381 1865 3487 1904 nec
3508 1862 3687 1916 capp:
3705 1845 3763 1900 sit
3860 1886 3861 1927 1

2181 1968 2233 2021 in
2255 1966 2446 2027 choro,
2476 1960 2571 2015 sed
2599 1952 2974 2011 tantummodo
3005 1950 3268 2004 diaconus
3301 1943 3527 1998 indutus
3554 1938 3693 1999 alba.
3716 1949 3763 1990 et
3860 1962 3861 2021 Ξ

2180 2056 2346 2120 stola,
2396 2065 2452 2109 et
2507 2050 2872 2106 subdiaconus
2914 2040 3165 2097 similiter
3208 2035 3350 2090 alin.
3391 2030 3763 2089 Oll‘ertorimn.

2183 2149 2378 2204 Timete
2441 2143 2746 2197 Dominum.
2797 2134 3056 2195 Collecta,
3128 2128 3353 2183 Domine
3396 2124 3543 2177 Dm
3594 2131 3762 2175 noua.

2185 2242 2387 2300 Deinde
2411 2238 2566 2307 alim.
2598 2232 2837 2304 Epistola
2861 2271 2874 2296 ,
2908 2230 3045 2284 Ecce
3071 2239 3169 2293 ego
3192 2221 3429 2275 Joannes
3458 2216 3570 2270 ridi
3600 2217 3653 2268 in
3680 2229 3767 2265 ue-

2182 2337 2272 2389 dio
2299 2305 2491 2388 tiu-(ini.
2522 2325 2975 2396 Responsorium,
3006 2312 3361 2372 Exsultabunt
3396 2306 3618 2364 Sancti.

2185 2426 2294 2482 lu'a
2316 2440 2419 2478 non
2435 2430 2518 2476 est
2547 2418 2871 2474 canendum.
2888 2410 3259 2480 Evangelium,
3277 2398 3619 2458 Descendens
3634 2393 3767 2452 Jan

2185 2519 2249 2573 de
2285 2524 2476 2571 monte.
2510 2507 2855 2567 Oll'ercudam
2892 2503 3057 2558 faciat
3090 2499 3312 2554 dimidia
3342 2509 3473 2566 pars
3495 2534 3509 2553 ,
3539 2488 3769 2546 similiter

2184 2623 2395 2680 pacem.
2443 2599 2817 2661 Offertorium,
2860 2591 3159 2649 La'tamim'.
3208 2583 3575 2645 Communio,
3606 2580 3769 2638 Am,

2187 2669 2340 2755 itineri
2384 2696 2503 2751 dico
2551 2693 2713 2748 vobis.
2760 2688 2945 2758 Adeps
2997 2698 3104 2738 non
3159 2677 3483 2737 comedatur
3523 2674 3648 2744 ipso
3678 2669 3770 2723 die.

2186 2793 2386 2848 Panem
2412 2796 2467 2843 et
2493 2786 2702 2846 vinum,
2736 2796 2857 2852 quae
2888 2782 3172 2833 remanent
3206 2774 3261 2827 in
3285 2767 3610 2829 refectorio.
3648 2762 3773 2818 eleb

2186 2882 2529 2955 mosynarius
2573 2875 2826 2945 accipiat.
2876 2871 2960 2925 Ad
3003 2879 3286 2938 vesperam
3324 2864 3375 2917 in
3431 2859 3637 2930 primis
3684 2868 3775 2909 non

2185 2947 2448 3049 pulsetur,
2478 2971 2581 3026 nisi
2607 2967 2803 3039 squilla
2837 2962 2951 3019 sola
2990 2981 3002 3015 :
3047 2970 3105 3015 et
3134 2957 3323 3028 Viginti
3354 2962 3607 3024 quatuor
3640 2947 3773 3001 iuni-

2186 3047 2339 3121 naria
2379 3063 2490 3119 sint
2519 3073 2745 3116 accensa
2778 3063 2905 3109 autc
2927 3051 3098 3106 altare
3123 3047 3329 3115 majus,
3361 3052 3419 3097 et
3442 3051 3569 3112 post
3600 3052 3775 3091 unus-

499 3158 945 3229 liesponsorium,
992 3157 1238 3220 Vindica,
1265 3155 1503 3208 Domine.
1552 3152 1926 3222 Evangelium,
1969 3149 2080 3219 Ego

2188 3159 2439 3227 quodque
2461 3154 2527 3207 de
2557 3150 2676 3205 aliis
2698 3161 2886 3201 unum.
2914 3141 3247 3210 Antipltoua,
3273 3134 3341 3188 In
3370 3130 3605 3187 consilio
3624 3130 3773 3198 jar

494 3266 612 3305 sum
641 3249 776 3304 vitis.
811 3247 1183 3312 Oiierlorium,
1225 3244 1575 3300 Exsultabunt
1600 3244 1788 3298 sancti.
1829 3243 2083 3298 Conmm-

498 3343 610 3408 nio,
634 3341 910 3397 Justorum
936 3342 1145 3395 animae.
1177 3338 1233 3394 In
1265 3339 1381 3410 ipso
1408 3337 1492 3392 die
1520 3352 1624 3391 non
1657 3335 1945 3391 eomedant
1970 3333 2084 3388 adi-

495 3436 643 3508 pem,
692 3443 750 3489 et
799 3434 941 3504 quod
992 3432 1311 3488 remanserit
1361 3430 1413 3484 in
1465 3428 1776 3493 refcctorio,
1813 3427 2086 3496 accipiant

497 3543 785 3600 pauperes.
832 3528 1027 3582 Custos
1056 3523 1305 3581 ecclesia:
1343 3524 1658 3594 priusquam
1701 3529 1926 3576 sonctur
1966 3530 2084 3572 ves-

501 3633 658 3689 pera,
686 3626 910 3674 eocrnet
950 3615 1141 3670 altaria
1169 3614 1379 3681 sericis,
1409 3623 1463 3669 et
1501 3628 1659 3683 super
1686 3610 1887 3667 formas
1910 3608 2087 3662 mittat

497 3709 721 3778 tapetia.
750 3708 831 3762 Ad
878 3707 1124 3778 synaxim
1151 3719 1392 3774 vesperae
1434 3703 1805 3760 accendantur
1844 3700 2086 3771 quinque

500 3804 735 3859 lucernae
763 3812 887 3858 ante
910 3803 1101 3857 altare.
1135 3802 1464 3871 Capitulum,
1491 3801 1615 3855 Jam
1666 3815 1769 3853 non
1822 3797 1943 3851 estis
1992 3796 2085 3848 Ito-

500 3897 681 3966 spites.
710 3894 925 3959 Oratio,
957 3893 1215 3948 Concede.
1256 3890 1627 3947 invitatoriam
1665 3890 1771 3944 duo
1802 3888 1854 3942 in
1881 3885 2084 3956 eappis.

502 3989 790 4043 Lectiones
831 3985 1063 4053 octolde
1123 3983 1343 4039 homilia
1385 3983 1556 4038 sancti
1608 3979 1916 4051 Augustini.
1976 3976 2091 4032 Me-

500 4089 727 4135 mentote
772 4078 1028 4134 sermonis
1086 4076 1209 4130 mei.
1260 4074 1396 4129 Tres
1440 4070 1676 4127 candela:
1727 4079 1855 4125 ante
1909 4082 2086 4132 aram,

503 4181 654 4227 retro
703 4186 831 4225 una.
882 4167 1130 4223 introitio
1162 4164 1383 4220 homilia
1415 4163 1588 4220 sancti
1618 4161 1865 4231 Gregorii
1912 4173 2085 4230 papae,

501 4262 800 4333 Designavit
833 4260 1109 4322 Dominus,
1140 4267 1192 4313 et
1228 4267 1528 4327 augeantur
1586 4254 1695 4308 duo
1723 4250 1927 4306 lumina
1963 4259 2088 4304 ante

499 4354 696 4409 altare.
726 4353 1089 4424 Antiphonem
1116 4364 1279 4421 atque
1308 4357 1541 4404 tracttun
1566 4347 1635 4402 de
1667 4343 1928 4416 apostolis
1953 4357 2085 4398 can-

504 4455 637 4511 tent,
676 4455 731 4500 et
770 4454 1067 4516 augeantur
1111 4443 1217 4497 duo
1259 4440 1584 4496 candelabra
1633 4447 1759 4491 ante
1799 4450 1990 4501 aram;
2035 4443 2088 4488 ct
2123 4475 2167 4528 Β

500 4545 777 4606 quartum,
806 4546 859 4589 et
885 4545 1156 4595 octavum,
1188 4542 1354 4602 atque
1381 4529 1667 4585 duodecim
1690 4529 1795 4583 duo
1830 4528 2010 4582 dicant
2037 4534 2091 4580 et

501 4628 679 4697 ipsum
709 4626 1012 4680 duodenum
1051 4632 1170 4694 post
1203 4618 1385 4677 Gloria
1419 4639 1449 4676 a
1484 4621 1664 4690 capite
1707 4617 2087 4688 recapitulent.

501 4718 583 4771 Ad
624 4717 842 4771 missam
876 4716 984 4769 sint
1026 4728 1217 4785 omnes
1253 4712 1562 4767 sacerdotes
1601 4720 1656 4766 et
1696 4710 1873 4767 levita:
1920 4709 2089 4763 induti

503 4808 688 4878 cappis
726 4813 826 4860 :‘et
862 4817 986 4861 octo
1033 4804 1318 4858 luminaria
1362 4802 1747 4857 accendantur.
1806 4800 2090 4862 Oliieium,

506 4902 969 4955 [inclamaret-unt.
1020 4896 1271 4958 Oremus,
1321 4894 1459 4949 Dens
1505 4894 1595 4964 qui
1661 4891 1915 4962 apostolis
1966 4890 2089 4945 tuis.

501 4990 765 5061 Epistula,
800 4988 1025 5044 Stabunt
1044 4987 1203 5056 justi.
1235 4985 1687 5055 licspousorium,
1719 4982 1893 5035 Nimis
1920 4982 2086 5035 Itono-

503 5086 623 5137 rati.
656 5082 906 5145 Alleluia,
946 5080 1127 5135 Venite
1152 5080 1220 5133 ad
1247 5095 1326 5132 me
1352 5094 1548 5133 onmes.
1582 5075 1958 5147 Evangelum,
1991 5073 2092 5127 De-

502 5177 725 5246 signavit
768 5174 1047 5228 Dominus.
1093 5171 1467 5237 Offcrlorium,
1513 5168 1580 5223 In
1628 5183 1832 5222 omnem
1875 5178 2090 5223 terram.

500 5267 759 5330 Collecta,
800 5264 899 5319 Vos
924 5266 1013 5335 qui
1037 5265 1200 5317 secuti
1223 5262 1347 5317 estis
1370 5277 1472 5314 me.
1502 5261 1557 5314 ln
1586 5259 1871 5314 refectorio
1902 5257 2094 5312 tabul:e

503 5359 906 5430 cooperiantur,
950 5368 1005 5411 et
1032 5358 1294 5428 Optimam
1341 5353 1690 5408 refectionem
1733 5351 2002 5417 habeant,
2040 5359 2095 5405 et

506 5453 574 5507 ad
606 5466 889 5522 vesperam
931 5450 1169 5522 quinque
1204 5447 1481 5517 lampades
1515 5445 1903 5500 accendantur.
1941 5442 2094 5498 Anti-

508 5545 703 5613 phonta
730 5552 782 5597 et
812 5542 1028 5614 psalmi,
1053 5542 1213 5597 sicuti
1259 5541 1311 5594 in
1339 5539 1704 5609 apostolorum
1743 5535 1960 5593 solitum
1989 5548 2091 5603 est,

505 5638 786 5700 dicantur;
817 5636 1084 5700 videlicet,
1130 5633 1343 5705 Virgam
1368 5633 1595 5696 virtutis,
1627 5629 1875 5687 Collocet.
1900 5627 2093 5685 Euntes

507 5727 671 5782 ibunt.
700 5727 1036 5795 Confertatus
1058 5736 1129 5778 est
1155 5743 1167 5778 ε
1190 5733 1244 5778 ct
1273 5723 1375 5778 alia
1397 5722 1481 5777 liis
1512 5720 1733 5777 similia.

2187 3223 2329 3304 rum.
2353 3223 2427 3303 Ὲι
2455 3245 2574 3299 alia:
2611 3257 2730 3313 qua:
2775 3244 3095 3307 sequuntur.
3130 3227 3468 3299 Capitulum,
3512 3223 3660 3277 Ecce
3700 3234 3775 3286 ego

2185 3342 2433 3396 Joannes.
2487 3331 2939 3405 iicsponsurinm,
2997 3324 3231 3378 Laudem
3282 3318 3468 3372 dicite.
3523 3315 3774 3394 "Im,

2187 3434 2412 3498 Christe,
2437 3442 2745 3484 sanctorum
2775 3422 3066 3489 redemptor
3088 3414 3347 3470 omnium.
3367 3410 3431 3464 Et
3466 3410 3578 3462 duo
3602 3407 3777 3460 fratns

2188 3524 2358 3580 induti
2391 3496 2502 3576 sint
2529 3519 2714 3587 cappis
2747 3515 2813 3568 ad
2842 3513 3126 3567 incensum
3152 3502 3537 3561 deferendum.
3572 3496 3773 3550 Versus.

2190 3614 2469 3671 Lwtnmini
2494 3613 2549 3665 in
2580 3584 2831 3663 Domino.
2854 3600 3162 3670 Autiphona
3187 3596 3255 3648 ad
3290 3590 3565 3661 Magniﬁc.
3588 3596 3612 3642 ι
3632 3598 3657 3640 :
3678 3584 3777 3639 Sei-

2187 3717 2337 3761 tmor
2371 3702 2575 3767 mund’,
2605 3699 2749 3754 salva
2795 3713 2910 3749 nos.
2940 3689 3193 3753 Alleluia,
3232 3684 3278 3740 0
3302 3698 3466 3753 quam
3505 3681 3776 3750 glori”

2188 3809 2261 3852 est
2289 3811 2531 3867 regnum.
2558 3791 2627 3847 Et
2656 3790 2797 3845 trina
2821 3788 2944 3841 vice
2981 3788 3249 3853 repetant.
3285 3772 3633 3845 Capitulum.
3668 3768 3776 3824 Post

2187 3860 2397 3957 partum
2426 3884 2591 3949 virgo,
2627 3889 2683 3935 et
2710 3878 2831 3932 aliae
2868 3888 2988 3945 quas
3020 3871 3198 3925 solent
3231 3867 3422 3921 dicere
3446 3868 3513 3917 de
3539 3860 3777 3915 omnibus

2190 3953 2414 4035 sanctis.
2465 3975 2733 4039 Oremus,
2784 3968 3124 4031 Omnipotens
3170 3959 3485 4028 sempiterne
3524 3953 3700 4017 Dus,
3730 3961 3777 4004 et

2192 4080 2319 4127 tunc
2376 4075 2620 4139 repetant
2667 4062 3018 4133 autipltonam
3053 4056 3123 4112 de
3164 4052 3375 4109 sanctis
3423 4063 3550 4102 cum
3584 4044 3777 4101 Clarii.

2190 4163 2375 4221 Oratio
2403 4162 2469 4217 de
2496 4160 2612 4229 ipso
2642 4158 2822 4218 beato,
2852 4160 2908 4207 et
2941 4149 3287 4221 postmodum
3316 4146 3385 4201 de
3413 4154 3603 4201 sancta
3630 4154 3775 4194 cur:

2191 4256 2309 4309 sine
2350 4251 2567 4314 Gloria,
2597 4255 2654 4301 et
2677 4245 2851 4300 oratio
2882 4239 3147 4309 eiusdem.
3184 4235 3319 4291 Post
3348 4236 3471 4291 [me
3510 4233 3559 4287 si
3593 4230 3777 4297 aliqu

2190 4346 2430 4418 psalmus
2463 4340 2748 4411 impositus
2789 4347 2874 4390 eSt
2911 4348 3010 4404 pro
3050 4330 3188 4383 vivis
3216 4327 3300 4382 vel
3327 4324 3641 4385 defunctis.
3666 4332 3771 4379 ωε

2193 4440 2377 4495 dicant
2408 4446 2462 4491 et
2506 4433 2716 4489 finiant.
2765 4430 2844 4484 Ad
2884 4436 3182 4481 nocturnos
3216 4422 3543 4492 priusquam
3569 4426 3775 4472 sos-em

2192 4529 2387 4600 Squil'a
2413 4524 2781 4580 accendantur
2808 4530 2998 4573 omnes
3027 4513 3333 4582 lampades,
3357 4518 3417 4565 ct
3445 4519 3567 4579 post
3594 4520 3769 4559 cuna-

2193 4621 2442 4692 quodque
2470 4617 2642 4671 altare
2681 4615 2752 4667 sit
2780 4625 2883 4665 una
2915 4627 2927 4662 :
2977 4616 3034 4661 et
3072 4620 3198 4660 mox
3235 4612 3297 4657 ut
3342 4602 3619 4656 canticum
3662 4610 3774 4666 grs-

2192 4712 2357 4767 duum
2384 4708 2544 4763 fuerit
2574 4716 2873 4775 peractum,
2908 4709 3018 4754 tres
3046 4696 3306 4752 candelas
3333 4704 3464 4751 ante
3487 4708 3641 4747 ara-
3666 4705 3774 4744 m-

2189 4804 2365 4875 jorem
2399 4802 2701 4870 imponant.
2730 4796 2810 4849 Ad
2834 4790 3212 4847 invitatoriam
3240 4796 3480 4856 quatuor
3505 4784 3707 4839 fratres
3730 4782 3773 4829 is

2194 4868 2399 4961 cappis.
2435 4868 2711 4960 Hymnus,
2758 4884 2914 4938 Jesus
2961 4890 3167 4934 auctor.
3216 4876 3509 4931 Lectiones
3551 4882 3677 4927 octo
3719 4868 3771 4921 de

2195 4998 2444 5039 sermone
2465 4980 2635 5037 sancti
2668 4976 2857 5032 Bonifa
2894 4976 2931 5029 ii
2956 4987 3130 5043 papm.
3170 4970 3422 5041 Legimus
3454 4970 3505 5020 in
3532 4964 3771 5020 ecclesii-

2194 5079 2339 5133 sricis
2368 5074 2625 5130 historiis.
2654 5068 3020 5140 Rcsponsoria
3054 5066 3163 5119 duo
3188 5073 3247 5119 et
3276 5062 3383 5115 duo
3413 5058 3765 5131 [ποιιυοιῦωιμ

2198 5174 2300 5230 Per
2320 5167 2741 5238 unumquodque
2768 5172 3094 5219 nocturnum
3120 5157 3193 5212 sit
3219 5154 3474 5210 sacerdos
3500 5151 3551 5205 in
3572 5146 3767 5216 αψῄη.

2194 5266 2288 5338 qui
2320 5266 2564 5319 incensct
2589 5258 2760 5312 altare
2792 5253 2966 5323 majus
2999 5248 3408 5311 tantummodo,
3433 5253 3485 5298 et
3509 5238 3763 5294 inlusis

2197 5330 2414 5414 claroro.
2444 5355 2525 5408 Ad
2564 5350 2839 5406 canticum
2880 5344 3213 5414 autiphona,
3252 5338 3490 5395 Gaudent
3521 5335 3573 5403 in
3616 5330 3765 5385 edn-

2197 5447 2463 5508 l‘salmus,
2512 5441 2613 5495 Vos
2651 5439 2819 5493 sancti
2862 5435 3101 5488 Domini.
3141 5431 3379 5495 Versus,
3430 5422 3763 5479 lfth

2196 5541 2384 5598 sancti.
2422 5537 2625 5592 Novem
2653 5531 2891 5588 candela:
2922 5537 3228 5600 augeantur
3250 5533 3373 5579 ante
3401 5535 3566 5574 arato.
3592 5516 3760 5571 Eua-

2197 5636 2394 5706 geliuut
2426 5632 2792 5702 pronuntient.
2858 5625 3048 5681 Videas
3099 5623 3276 5678 turbas
3324 5618 3489 5673 Iesus.
3544 5612 3757 5665 [locis

2200 5702 2369 5779 sancti
2402 5722 2596 5778 Leonis
2628 5735 2799 5791 papae,
2836 5714 3163 5770 l’m-dicantc
3186 5704 3513 5773 dilectissimi.
3535 5702 3759 5770 801:3-
