3864 6314
179 302 289 361 l2“

1314 296 1688 355 DISCII‘LINA
1710 298 2122 357 FARFENSIS.

3254 304 3396 362 12.12

178 416 346 473 sorium
371 408 733 466 duodecimum
780 417 902 479 post
929 409 1111 464 Gloria
1145 424 1176 465 a
1204 410 1379 481 capite
1427 411 1706 483 incipiant.
1738 418 1785 477 Λ
1816 412 1915 470 bus
1936 414 2145 470 exactis
2170 423 2298 470 eant
2330 414 2382 469 in
2410 413 2573 469 alium
2608 414 2836 470 chorum
2866 423 2922 471 et
2960 415 3144 472 dicant
3171 417 3394 471 matuti.

175 513 220 566 lu
244 501 653 565 matutinalibus,
678 503 971 572 antiphona
994 543 1008 567 ,
1059 503 1178 558 l'idi
1205 506 1410 558 turbam
1440 521 1708 575 magnam.

174 601 237 656 Ad
258 594 462 651 Alleluia
504 600 759 662 quatuor.
791 592 1043 647 Lectio...
1079 594 1534 663 Responsorium,
1564 594 1710 649 Justi

171 689 391 745 antetulit:
432 695 731 755 perpetuum
759 686 949 739 virent.
980 684 1198 753 Versus,
1239 695 1288 740 et
1335 687 1477 755 apud
1524 686 1711 741 Domi-

169 794 288 831 num.
317 775 567 846 Hymnus,
608 772 814 827 Christe
854 774 1146 844 redemptor
1185 776 1436 830 omnium.
1486 775 1705 846 Versus,

165 866 425 921 tutamini.
470 865 779 935 Autipboua
811 865 873 920 in
911 866 1287 937 evangelium,
1339 866 1409 921 Te
1444 868 1706 937 gloriosus

166 961 510 1030 Apostolorum,
538 969 594 1016 et
638 969 720 1015 ter
767 969 1033 1031 repetant.
1078 963 1329 1028 Oremus,
1369 961 1706 1032 Omnipotens

162 1052 433 1119 sempitern
460 1050 617 1104 Deus.
648 1050 955 1119 Antiphone
986 1050 1053 1105 de
1075 1065 1234 1105 cruce
1252 1090 1268 1113 ,
1299 1050 1597 1105 rideremus
1624 1061 1697 1119 te,

164 1144 355 1209 Christe,
378 1143 530 1198 Salva
556 1160 671 1210 nos,
708 1142 930 1209 Christe,
960 1142 1108 1198 Servi
1137 1143 1263 1212 facti
1288 1160 1489 1199 sumus.
1517 1143 1705 1200 Oratio

162 1236 404 1303 ejusdem:
437 1233 562 1287 Post
587 1235 699 1289 haec
725 1234 908 1288 dicant
938 1235 1176 1303 quinque
1210 1234 1449 1303 psalmos
1473 1249 1571 1304 pro
1605 1235 1702 1290 de-

162 1325 345 1378 functis.
390 1325 526 1380 Ante
569 1323 800 1395 primam
843 1334 1048 1393 ponant
1089 1325 1286 1380 calices
1315 1340 1510 1380 aureos
1541 1340 1705 1396 super

159 1423 319 1486 altare,
341 1430 395 1477 et
417 1421 523 1475 alia
548 1432 866 1478 ornamenta
895 1440 1015 1493 quae
1039 1425 1105 1479 de
1134 1423 1526 1481 consuetudine
1549 1429 1698 1478 sunt.

215 1514 262 1569 lu
304 1515 447 1569 horis
485 1515 729 1569 candelae
777 1516 1165 1571 illumineutur.
1214 1514 1582 1584 Antipbouam
1620 1514 1701 1566 di-

158 1613 263 1658 cant
284 1619 396 1673 quae
417 1604 483 1659 de
510 1604 604 1659 illo
633 1620 792 1673 supra
823 1605 999 1677 [somn
1030 1602 1197 1675 dicto]
1232 1602 1520 1673 Evangelio
1550 1610 1694 1656 sunt.

157 1696 340 1751 Nisam
366 1696 736 1750 matutinslem
759 1706 924 1767 agant
944 1699 1011 1752 de
1030 1706 1228 1751 sancto
1254 1694 1524 1750 Caesareo.
1558 1695 1698 1750 Ante

1814 520 1913 560 nas
1960 506 2202 560 omnium
2241 513 2573 569 sanctorum,
2626 515 2680 561 et
2734 521 2831 561 sex
2879 506 3115 576 psalmos
3161 523 3261 579 pro
3298 510 3395 562 de-

1810 594 2030 649 functis.

1880 685 1965 740 Ad
2005 683 2233 741 missam
2273 684 2649 740 matutinalem
2695 686 3062 741 accendantur
3105 685 3389 740 duodecim

1809 777 2048 833 candelae
2096 786 2225 832 ante
2278 791 2476 831 aram:
2513 791 2651 830 unus
2691 791 2825 846 puer
2872 778 2941 832 sit
2980 776 3033 831 in
3066 768 3236 832 choro
3265 792 3387 831 cum

1807 883 2001 939 cappa,
2025 877 2082 922 et
2120 867 2262 921 alius
2293 867 2346 921 in
2390 866 2572 920 casula
2602 867 2692 936 qui
2722 866 3003 935 epistolam
3030 867 3297 937 proferat,
3335 876 3391 921 et

1807 961 1916 1015 duo
1943 960 2031 1014 alii
2070 960 2123 1015 in
2156 960 2313 1021 albis.
2346 975 2376 1013 a
2400 960 2602 1029 quibus
2649 958 3055 1026 responsorium
3086 967 3341 1012 cantetur
3370 976 3385 1011 :

1806 1061 1860 1105 et
1886 1051 1992 1105 duo
2020 1052 2221 1105 fratres
2249 1059 2483 1104 tractum
2529 1048 2607 1102 De
2641 1047 2941 1118 profundis.
2972 1045 3231 1101 Similiter
3254 1047 3389 1102 albis

1807 1144 1977 1199 induti
2017 1144 2126 1198 sint
2163 1151 2219 1198 et
2260 1152 2372 1199 tres
2413 1143 2688 1206 conversi,
2723 1156 2955 1210 quorum
2997 1142 3108 1196 duo
3142 1141 3390 1198 deferant

1805 1235 2153 1298 candelabra,
2178 1234 2375 1290 tertius
2398 1235 2760 1299 thurihulum,
2789 1245 2844 1289 et
2882 1244 3011 1289 tunc
3041 1234 3287 1290 etunium
3316 1237 3387 1290 si-

1805 1344 1907 1400 gna
1949 1327 2251 1399 pulsentur.
2297 1326 2616 1384 Offerendas
2660 1342 2852 1381 onmes
2904 1326 3130 1391 faciant,
3181 1337 3231 1381 et
3284 1328 3387 1381 has

1802 1422 2079 1474 orationes
2119 1420 2263 1475 dicat
2302 1420 2581 1486 sacerdos,
2633 1419 2895 1473 Fidelium
2944 1420 3083 1474 Deus
3129 1420 3385 1485 omnium,

1802 1515 2102 1585 adiungens
2128 1527 2227 1583 pro
2252 1513 2653 1576 anniversario,
2684 1510 2888 1567 Prtesta
2920 1529 3243 1583 qntesumus,
3278 1513 3385 1567 Do-

1801 1607 1959 1661 mine.
1988 1605 2191 1661 Omnes
2230 1604 2464 1674 denique
2510 1605 2822 1659 sacerdotes
2854 1604 2972 1673 ipso
3015 1605 3101 1659 die
3133 1605 3384 1675 privatim

1803 1696 1996 1751 missas
2030 1696 2307 1750 celebrent
2342 1710 2440 1763 pro
2468 1696 2654 1765 requie
2680 1695 2922 1750 ontnium
2973 1697 3278 1750 animarum
3317 1697 3384 1750 li-

154 1786 338 1840 tertiam
365 1787 469 1840 sint
488 1800 686 1841 omnes
725 1788 779 1840 in
818 1787 956 1843 albis
989 1806 1002 1841 :
1030 1798 1085 1842 et
1116 1803 1239 1842 mox
1269 1798 1327 1842 ut
1358 1790 1499 1843 dicta
1533 1787 1696 1841 fuerit
1732 1804 1773 1860 Β
1800 1788 2024 1853 delintn,
2057 1788 2438 1843 tantummodo
2466 1802 2590 1842 eutn
2623 1802 2786 1856 supra
2819 1786 2978 1841 dictis
3010 1786 3260 1842 collectis
3287 1803 3383 1856 pro

151 1880 261 1933 hora
293 1880 505 1933 induant
529 1895 590 1934 se
618 1882 805 1950 cappis
846 1897 1052 1942 annus.
1097 1881 1261 1936 etiam
1303 1881 1570 1943 conversi,
1611 1881 1691 1935 in-

151 1971 297 2026 fantes
328 1973 538 2026 tunicis.
603 1974 780 2042 Super
825 1973 997 2028 altare
1030 1974 1252 2027 mittant
1308 1974 1416 2028 duo
1447 1972 1608 2042 pallia
1638 1981 1694 2027 et

148 2062 300 2116 album
338 2063 588 2133 desuper.
641 2063 933 2119 Duodecim
973 2066 1119 2120 cerei
1173 2074 1297 2120 ante
1330 2081 1503 2130 aram,
1548 2074 1694 2120 retro

145 2153 325 2206 dacem.
361 2152 635 2216 Ofﬁcium,
692 2152 1054 2218 Gaudeamus,
1094 2165 1221 2211 octo
1267 2157 1464 2211 fratres
1496 2171 1692 2227 procu-

142 2251 261 2297 rent.
291 2242 547 2312 Epistula.
579 2243 714 2300 Ecce
734 2263 829 2317 ego
874 2245 1111 2301 Joannes
1140 2248 1244 2301 ridi
1279 2246 1501 2302 alterum
1529 2265 1691 2319 ange-

139 2334 248 2389 lum.
298 2333 744 2405 Responsorium,
802 2338 995 2393 Timete
1048 2339 1327 2392 Dominum
1381 2354 1411 2393 a
1461 2350 1695 2409 quatuor

138 2425 364 2481 fratribus
379 2428 705 2483 tlecantetur
728 2448 741 2484 :
769 2430 996 2483 Alleluia
1017 2445 1133 2491 sex.
1169 2428 1279 2483 Vos:
1302 2429 1688 2486 exsultationis.

137 2516 479 2587 Evangelium,
509 2520 702 2575 Videas
726 2522 907 2575 turbas
926 2519 1493 2586 Jesus.0lfertorintn,
1520 2520 1692 2574 Mira-

134 2606 231 2661 bilis
244 2608 368 2664 Deus
381 2612 647 2665 instructis
671 2611 802 2663 suis.
819 2608 1106 2665 Oﬂ‘erloria
1121 2612 1226 2665 duo
1240 2612 1693 2680 accipiant.Com-

132 2699 305 2762 munio,
321 2698 475 2755 Gaud
480 2713 583 2765 etr,
590 2701 748 2769 justi,
762 2702 814 2754 in
833 2699 1080 2765 Domino,
1100 2710 1193 2754 aut
1208 2700 1305 2755 Isti
1318 2711 1439 2755 sunt
1453 2703 1547 2754 viri
1567 2719 1692 2754 san-

132 2787 207 2839 cti.
235 2789 441 2859 Expleta
466 2791 635 2845 Inissa
671 2799 869 2845 sonent
894 2790 1078 2844 omnia
1109 2790 1281 2859 signa.
1311 2790 1366 2844 In
1403 2788 1690 2845 refectorio

130 2879 247 2933 sicut
289 2882 338 2935 iu
391 2883 685 2953 prmeipuis
737 2880 892 2938 festis
946 2882 1018 2935 ita
1086 2890 1271 2953 agant,
1318 2890 1686 2950 prazterquam

127 2970 249 3038 quod
293 2973 454 3027 semel
517 2974 794 3028 miscetur.
854 2973 938 3027 Ad
989 2988 1273 3042 vesperam
1319 2973 1688 3027 accendantur

125 3058 377 3112 duodecim
420 3060 669 3114 eandelze
714 3068 842 3114 ante
881 3075 1055 3127 aram,
1106 3068 1254 3114 retro
1289 3060 1494 3113 decem.
1532 3062 1684 3113 Antio

1797 1882 2086 1937 defunctis.
2120 1880 2386 1937 Similiter
2413 1880 2662 1938 dicantur
2686 1879 2753 1933 ad
2799 1893 3084 1948 vesperum
3124 1878 3242 1932 sine
3270 1892 3385 1933 ma-

1802 1974 1979 2030 tutino
2016 1974 2147 2045 ipsa:
2178 1974 2437 2036 colleetze,
2475 1981 2531 2027 et
2557 1972 2838 2025 duodecim
2877 1971 3203 2041 pauperibus
3243 1971 3384 2024 refe-

1795 2067 2004 2123 ctioncs
2062 2075 2439 2136 praeparentur
2487 2063 2701 2119 abunde
2759 2064 2873 2133 ipsa
2920 2063 3029 2117 die.
3067 2062 3123 2116 Si
3193 2063 3246 2116 in
3294 2060 3381 2115 die

1798 2158 1988 2212 feriato
2023 2158 2262 2212 evenerit
2305 2158 2419 2211 lucc
2465 2154 2805 2217 constitutio,
2847 2152 3083 2211 vieiliam
3140 2161 3381 2208 mortuo—

1796 2266 1915 2305 rum
1947 2250 2150 2305 faciant
2179 2258 2301 2319 post
2329 2247 2648 2303 nocturnale
2686 2247 3030 2315 obsequium.
3064 2246 3131 2300 Et
3167 2255 3225 2299 ut
3276 2246 3377 2299 hoc

1796 2342 2073 2396 decretum
2107 2350 2427 2411 perpetuum
2451 2340 2689 2409 vigorem
2731 2339 2997 2399 obtineat,
3029 2337 3278 2391 volumus
3323 2347 3380 2391 et

1794 2434 2050 2504 petimus,
2092 2441 2150 2487 ct
2195 2431 2539 2502 prtecipimus
2573 2439 2680 2483 tam
2726 2428 2779 2483 in
2807 2430 2909 2484 hoc
2953 2428 3072 2484 loco
3116 2446 3276 2499 quam
3322 2431 3375 2484 in

1793 2526 2006 2580 eunetis
2059 2524 2213 2589 locis,
2270 2523 2337 2579 ad
2388 2524 2550 2577 istum
2610 2522 2782 2576 locum
2833 2522 3253 2591 pertinentibus,
3317 2530 3378 2577 ut

1796 2627 2049 2673 servetur
2084 2637 2095 2671 :
2124 2619 2247 2673 etsi
2296 2616 2492 2686 aliquis
2524 2616 2626 2670 ista
2662 2625 2846 2669 nostra
2893 2613 3033 2669 fideli
3066 2616 3377 2669 inventione

1792 2710 2087 2779 sumpserit
2134 2708 2460 2779 exetnplum,
2500 2706 2773 2777 particeps
2822 2706 3066 2759 omnium
3110 2706 3376 2761 bonorum

1794 2802 2060 2857 elliciatur
2093 2814 2340 2858 votorum
2371 2805 2504 2872 (59).

2332 2897 2559 2953 CAPUT
2597 2897 2842 2952 XXXIX.

2269 3004 2527 3043 KALENDAZ
2568 3004 2888 3044 NOYEIBllIS.

1994 3090 2100 3134 stos
2136 3078 2443 3135 Novembris
2479 3097 2648 3135 mares
2687 3094 2885 3135 servate
2930 3077 3203 3135 Kalendis.

124 3147 297 3240 “mat
325 3149 413 3240 _I”
474 3150 696 3205 “mmo
737 3149 1330 3240 j'momm'n‘wcmim
1385 3152 1687 3220 “"990'50'
1716 3162 1761 3223 C
1866 3176 2119 3231 Kalenda:
2146 3176 2465 3232 Novembris
2489 3178 2533 3230 si
2578 3178 2665 3232 die
2691 3175 2970 3231 Dominica
2994 3175 3264 3240 venerint,
3296 3173 3377 3229 fe-

126 3236 263 3300 riam,
311 3238 597 3294 Lretarnini
643 3241 699 3294 in
754 3240 1003 3295 Domino.
1040 3238 1302 3313 llymuus,
1363 3242 1567 3296 Christe
1607 3260 1685 3297 re-

120 3329 346 3395 demptor.
380 3331 757 3399 Antiphonam
798 3340 948 3385 terna
979 3332 1094 3385 vice
1122 3340 1388 3400 repetant.
1429 3331 1682 3398 Oremus,

117 3414 432 3489 Omnipotens
480 3426 789 3493 sempiterne
820 3424 978 3478 Deus.
1013 3423 1377 3492 Antiphonam
1406 3425 1471 3478 de
1496 3433 1685 3480 sancto

113 3521 219 3564 cum
268 3511 475 3578 Gloria,
516 3524 614 3568 aut
659 3515 955 3585 antiphona
988 3515 1055 3570 de
1102 3528 1262 3568 cruce
1308 3516 1427 3570 sine
1464 3514 1683 3579 Gloria,-

111 3613 295 3671 propter
338 3606 548 3675 lignum
595 3608 730 3661 servi
769 3608 898 3676 {acti
942 3605 1354 3674 sumus..0ratio
1394 3607 1678 3677 ejusdem:

112 3703 273 3761 postea
314 3697 514 3765 psalmi
544 3712 641 3767 pro
667 3697 964 3765 defunctis;
999 3709 1054 3755 et
1100 3711 1226 3756 tunc
1256 3698 1471 3771 pulsent
1500 3702 1680 3753 outnia

109 3786 266 3856 signa.
291 3788 559 3844 Dicantur
596 3805 833 3860 vesperae
876 3802 1214 3848 mortuorum
1257 3812 1383 3852 eum
1425 3794 1681 3862 antipho—

112 3879 364 3936 nis:nam
399 3892 454 3937 et
491 3883 544 3936 in
585 3882 685 3937 hoc
718 3882 807 3937 die
846 3886 1160 3941 festivitatis
1216 3900 1335 3956 post
1379 3888 1675 3957 capitulum

108 3969 325 4028 decumus
346 3983 402 4030 et
433 3975 755 4029 cellerarius
780 3974 1129 4031 refectionem
1162 3979 1399 4032 tribuant
1424 3981 1677 4035 omnibus

106 4066 603 4131 supervenientibus
624 4066 972 4135 pauperibus,
1004 4068 1145 4122 sicut
1173 4084 1290 4124 mos
1316 4078 1401 4125 est
1428 4086 1589 4141 agere
1623 4072 1674 4125 in

103 4166 242 4210 corna
283 4156 543 4223 Domini;
595 4169 653 4212 et
690 4159 951 4229 quidquid
1000 4161 1113 4229 ipsa
1145 4163 1229 4216 die
1259 4174 1381 4232 post
1424 4165 1673 4233 synaxitn

104 4259 329 4318 vespera:
351 4250 421 4305 de
452 4250 753 4306 refectione
782 4252 836 4307 in
873 4266 1027 4307 eaana
1066 4252 1293 4307 fratrum
1328 4257 1651 4310 remanserit

97 4337 550 4413 eleemosynarius
574 4344 825 4413 accipiat.

156 4432 527 4491 Constitntum
573 4446 660 4491 est
721 4453 826 4492 tina
874 4453 997 4492 eum
1050 4454 1314 4494 consensu
1368 4450 1421 4497 et
1484 4451 1670 4512 rogatu

92 4527 320 4582 omnium
356 4532 752 4584 monachorum
783 4531 1151 4586 (lluniensium
1177 4534 1312 4604 (58),
1341 4543 1399 4588 ut
1440 4535 1582 4589 sicut
1615 4536 1667 4590 in

93 4612 342 4673 Ecclesiis
382 4621 479 4674 Dei
518 4635 641 4689 qum
678 4637 773 4690 per
817 4622 1004 4675 orbem
1056 4631 1215 4678 teme
1260 4624 1415 4694 longe
1456 4625 1669 4695 lateque

87 4721 410 4768 constructae
463 4723 610 4778 sunt,
648 4714 700 4768 in
742 4716 829 4770 die
874 4716 1235 4771 Kalendarum
1285 4717 1666 4773 Novembrium

86 4800 256 4870 agitur
288 4803 568 4859 festivitas
596 4807 838 4861 omnium
889 4819 1222 4871 sanctorum,
1276 4810 1346 4863 ita
1392 4809 1531 4879 apttd
1571 4824 1670 4865 nos

86 4902 272 4963 agatur
307 4897 513 4952 festivo
541 4913 690 4953 more
729 4902 1178 4955 commemoratio
1216 4900 1447 4955 lidelimn
1480 4900 1669 4955 defun-

80 5000 288 5043 ctorum
319 4990 415 5044 tali
471 4991 629 5046 modo
664 4993 759 5046 :in
800 4994 1041 5047 crastino
1074 4993 1284 5048 etiamsi
1327 4993 1446 5047 dies
1480 4992 1667 5047 Domi-

78 5080 192 5135 nica
241 5082 435 5144 fuerit,
472 5084 556 5138 vel
606 5085 674 5139 de
715 5086 897 5156 aliquo
943 5096 1134 5140 sancto
1182 5087 1325 5142 unde
1381 5086 1665 5140 duodecim

76 5170 336 5229 lectiones
385 5174 648 5240 fecerint;
682 5176 763 5231 sic
791 5186 968 5232 tamen
1002 5193 1125 5231 mox
1151 5187 1209 5232 ιιι
1254 5176 1508 5247 suffragia
1544 5191 1665 5231 tan-

77 5273 284 5322 ctorum
341 5268 563 5340 expleta
621 5269 842 5333 fuerint,
897 5270 1108 5340 pulsent
1152 5270 1335 5324 omnia
1383 5271 1559 5338 signa,
1613 5279 1667 5324 et

70 5369 234 5426 agant
260 5360 511 5416 cilicium
556 5372 893 5418 mortuorum
929 5372 985 5419 et
1034 5366 1327 5419 matutinas
1378 5365 1659 5435 ipsorum;

68 5451 529 5505 elaccendantur
556 5452 840 5508 duodecim
877 5454 1116 5509 candela:
1160 5464 1286 5510 ante
1325 5470 1508 5520 aram;
1541 5457 1663 5525 qui-

157 5606 253 5669 38)
297 5605 419 5662 Sub
456 5604 514 5661 S.
541 5606 764 5662 0dilone
790 5607 1214 5663 Cluniacensinm
1246 5610 1450 5664 abbate.

158 5676 256 5747 59)
286 5677 368 5752 Es
401 5678 508 5752 hoc
531 5678 759 5752 aniplius
779 5691 989 5752 constat
1020 5682 1331 5752 prepagatio
1357 5682 1494 5735 facta
1516 5697 1663 5737 com-

52 5746 489 5824 ’metnurationis
519 5746 751 5805 fidelium
780 5746 1291 5819 delimetorusifab
1326 5752 1549 5810 0dilonc
1581 5754 1659 5809 in-

1789 3271 2002 3325 stivitas
2053 3269 2306 3325 Omnium
2366 3270 2690 3325 Sanctorum
2750 3270 3077 3325 celebratur.
3129 3268 3377 3338 Reliquis

1789 3370 1969 3417 autem
2007 3361 2361 3433 hebdomadis
2406 3363 2633 3432 privatis
2674 3363 2863 3417 diebus
2910 3362 3133 3431 triginta
3176 3361 3371 3431 psalmi

1786 3465 1914 3509 ante
1959 3464 2253 3509 nocturnos
2293 3454 2546 3508 dicantur
2574 3470 2588 3508 :
2618 3455 2878 3509 lectiones
2915 3453 3086 3524 longa
3132 3469 3197 3508 ex
3239 3452 3372 3508 Eze-

1786 3546 1975 3601 chielis
2031 3546 2311 3617 prophetia
2359 3545 2606 3614 legantur
2658 3564 2671 3599 :
2726 3545 2778 3599 in
2838 3546 3030 3613 primis
3080 3560 3370 3613 responso-

1788 3636 1890 3702 ria,
1926 3633 2044 3689 Vidi
2079 3634 2365 3689 Dominum
2388 3635 2670 3699 sedentem,
2698 3634 2892 3689 deimle
2918 3634 3121 3689 Daniel.
3151 3635 3264 3704 (tu)
3286 3636 3371 3690 Ad

1785 3728 1948 3783 tinem
1982 3727 2255 3793 lectionis,
2288 3725 2366 3781 Tu
2395 3736 2569 3781 autem
2588 3726 2808 3782 Domine
2831 3727 3039 3789 dicant.
3072 3725 3367 3782 Duodecim

1786 3819 2080 3890 prophetiae
2127 3835 2249 3874 cum
2301 3818 2566 3890 leguntur,
2614 3816 2738 3873 llaec
2788 3819 2915 3873 dicit
2968 3817 3233 3873 Dominus
3285 3819 3370 3873 di-

1783 3921 1954 3975 cant,
1987 3919 2043 3966 et
2091 3912 2135 3965 si
2176 3911 2289 3981 ipsa
2332 3911 2612 3981 prophetia
2656 3912 2709 3965 in
2768 3910 3002 3965 lectione
3046 3910 3266 3972 linierit,
3311 3910 3364 3963 in

1782 4002 2144 4073 (plalicunque
2193 4002 2431 4071 ipsorum
2483 4002 2646 4065 libro,
2702 4001 2871 4055 lector
2932 4002 3009 4065 in,
3063 3999 3140 4055 Tu
3191 3998 3363 4054 autem

1785 4092 2024 4157 Domine,
2052 4091 2284 4161 expleat.
2346 4090 2589 4147 Oliieium
2646 4103 2980 4146 mortuorum
3037 4089 3193 4144 simul
3240 4106 3362 4144 cum

1782 4183 2062 4238 matutinis
2090 4192 2272 4252 agant.
2320 4182 2521 4237 Deinde
2564 4198 2687 4236 cum
2725 4181 3017 4251 antiphona
3053 4180 3273 4233 veniant
3310 4181 3363 4234 iu

1779 4273 2245 4337 alium'chorum,
2287 4273 2359 4327 ibi
2411 4272 2706 4327 matutinas
2748 4272 2814 4325 de
2864 4269 3117 4324 omnibus
3155 4271 3361 4323 sanctis

1779 4366 1979 4431 dicant,
2010 4374 2064 4419 et
2100 4364 2357 4433 psalmos,
2402 4363 2541 4417 Deus
2579 4361 2796 4415 auribus
2842 4361 3067 4426 nostris;
3104 4370 3157 4415 et
3198 4361 3240 4415 si
3268 4361 3362 4415 de-

1781 4459 2025 4513 functum
2054 4456 2369 4521 habuerint,
2412 4454 2581 4511 Verba
2616 4470 2749 4508 mea.
2784 4452 2977 4508 Postea
3027 4454 3078 4507 in
3103 4454 3364 4508 dormito-

1780 4550 1917 4601 rium
1960 4546 2193 4601 infantes
2224 4546 2500 4601 ambulent
2541 4561 2663 4600 cutn
2707 4543 2978 4599 custodia.
3004 4544 3132 4600 Inde
3180 4560 3362 4599 rever-

1774 4647 1969 4697 tentes.
2002 4637 2159 4691 sicuti
2200 4637 2382 4709 regula
2430 4638 2694 4707 prmcipit,
2725 4647 2975 4702 cantum,
3008 4637 3360 4706 quemadmo-

1770 4729 1899 4783 dum
1928 4740 2012 4785 est
2060 4730 2445 4794 necessarium,
2479 4730 2532 4783 in
2560 4729 2796 4800 capitulo
2832 4730 3088 4784 sedentes
3126 4730 3354 4783 discant.

1771 4819 1999 4874 Fratres
2031 4820 2083 4873 in
2120 4819 2288 4873 choro
2333 4821 2554 4873 sedeant
2586 4819 2897 4888 psalmodiis
2943 4828 2997 4874 et
3019 4818 3358 4875 orationibus

1772 4914 1987 4968 intenti.
2023 4911 2079 4967 Si
2104 4912 2190 4967 cui
2216 4913 2484 4967 secretius
2512 4928 2673 4966 orare
2707 4912 2942 4977 libuerit,
2969 4911 3099 4967 furis
3127 4912 3354 4965 ehorutn

1772 5004 2078 5057 orationem
2112 5002 2297 5069 faciat,
2340 5011 2395 5057 et
2436 5004 2619 5057 statim
2653 5006 2932 5059 rereuiens
2978 5002 3031 5057 in
3072 5003 3238 5056 choro
3264 5013 3354 5053 se-

1768 5094 1913 5150 deat.
1945 5095 2001 5150 Si
2033 5112 2164 5151 vero
2200 5098 2313 5150 dies
2344 5096 2702 5152 Kalendarius
2730 5080 2965 5154 secunda
2988 5103 3055 5149 et
3087 5092 3237 5146 tertia
3268 5090 3353 5145 vel

1770 5197 1962 5256 quarta
1998 5186 2130 5242 feria
2160 5189 2390 5253 venerit,
2424 5188 2679 5257 incipiant
2709 5186 3107 5257 responsorium
3140 5184 3204 5237 de
3229 5198 3352 5252 pro-

1770 5279 1949 5349 phetis
1980 5279 2249 5334 anteriore
2288 5280 2375 5334 die
2415 5280 2715 5343 Dominica,
2740 5280 2991 5335 similiter
3008 5287 3062 5333 et
3094 5275 3352 5331 lectiones

1768 5374 1836 5427 de
1869 5373 2150 5442 propheta.
2186 5374 2292 5427 Sed
2331 5371 2518 5442 longas
2553 5384 2665 5426 tres
2694 5373 2953 5426 lectiones
2986 5383 3041 5427 et
3072 5370 3351 5425 intervalla

1769 5479 1876 5517 non
1907 5464 2009 5518 nisi
2042 5472 2163 5534 post
2190 5462 2456 5517 Kalendas
2491 5463 2770 5532 incipiant.
2801 5463 2858 5518 Si
2891 5479 3018 5520 vero
3046 5464 3233 5535 quinta
3266 5462 3348 5517 vel

1768 5621 1993 5685 stitutus,
2018 5620 2082 5674 de
2112 5635 2219 5689 quo
2245 5618 2402 5689 paulo
2431 5617 2655 5675 inferius
2687 5619 2950 5676 dicemus.

1845 5711 1957 5765 ’iOl
2003 5710 2129 5767 Ila'c
2162 5727 2224 5766 επ
2247 5709 2545 5767 lli/«leniori
2582 5710 2863 5768 traditione
2903 5712 3175 5783 desumpta
3202 5726 3341 5769 sunt.
