3864 6314
532 376 673 436 4243

1569 380 1895 439 CUIDONIS
1931 380 2221 436 ABBA’I'IS
2248 380 2640 438 FARFENSIS
3608 396 3698 451 HM
3808 416 3809 487 ι

505 501 683 546 .sexta
715 489 849 547 feria
878 490 1130 547 Kaienda:
1165 504 1573 562 superventunt,
1603 495 1778 563 aliqua
1802 498 2007 566 privata
2032 497 2114 549 die

2221 494 2502 548 duodeciut
2538 496 2776 551 candela:
2828 507 2955 551 ante
3003 497 3190 555 altare.
3230 498 3461 558 Officium
3500 514 3701 569 octo,»-

530 591 652 650 post
687 581 957 637 Kalendas
995 583 1282 646 existente,
1332 584 1702 654 psalmodiam,
1731 587 2028 652 .lectiones,
2062 597 2111 643 et

532 672 817 728 intervalla
868 674 950 727 vel
995 675 1176 729 omnia
1220 675 1542 746 compleant,
1586 679 1725 732 sit-ut
1774 689 1883 732 tota
1925 680 2118 750 hyeme

528 765 938 819 consuetudinis
959 776 1042 818 est
1072 767 1336 830 retinere;
1360 779 1414 822 et
1449 768 1720 825 lioutinica
1755 771 2117 841 subsequente

528 855 789 912 lectiones
819 865 874 912 et
919 860 1282 929 respottsoria,
1319 863 1613 915 secumlum
1659 864 1905 918 ordinem
1945 865 2117 930 inuo-

529 959 681 1003 nant.
715 949 911 1005 Custos
957 962 1137 1005 autem
1184 954 1429 1009 ecclesiae
1479 956 1705 1011 sollicite
1753 959 2116 1026 provideudus

525 1050 634 1107 est,
667 1052 724 1095 ttt
771 1043 863 1097 tali
907 1053 1147 1114 tempore
1196 1048 1488 1102 matutinas
1532 1048 1714 1104 laudes
1754 1050 1919 1104 faciat
1981 1053 2119 1105 inci-

528 1148 686 1201 pere;
715 1145 981 1204 quatenus
1021 1139 1313 1203 ιιιιιιιιιὶιιίιι,
1348 1140 1542 1209 priuta,
1584 1140 1765 1195 litattia
1793 1142 1950 1196 simul
1989 1160 2113 1198 cum

529 1227 650 1281 luce
672 1229 1055 1297 perficiantur;
1098 1230 1141 1285 si
1172 1240 1350 1286 autent
1386 1233 1562 1303 aliqua
1594 1234 1867 1289 dubietate
1911 1236 2119 1290 deludi-

530 1328 637 1382 tur,
660 1328 712 1371 et
742 1319 941 1390 aliquid
967 1322 1312 1377 tenebrarum
1348 1334 1468 1393 post
1498 1325 1739 1379 litattiam
1776 1329 2115 1392 remanserit,

529 1411 671 1465 sicut
707 1412 759 1465 itt
802 1414 1083 1469 intervallo
1111 1430 1272 1485 supra
1309 1417 1510 1471 dictum
1538 1427 1643 1481 est,
1677 1418 1747 1472 ita
1782 1418 1980 1474 faciant
2010 1419 2116 1473 fra-

530 1514 642 1559 tres
673 1524 687 1560 :
716 1506 991 1572 videlicet,
1037 1520 1094 1562 ttt
1139 1510 1210 1563 ita
1264 1513 1436 1565 noctis
1486 1521 1727 1582 tempora
1774 1522 2115 1583 peragi-ales,

527 1597 705 1651 nullus
741 1607 938 1667 praeter
969 1600 1170 1654 debiles
1196 1610 1251 1654 et
1280 1611 1512 1670 aegrotos
1548 1612 1850 1656 revertatur
1876 1605 1947 1656 ad
1974 1613 2115 1656 stra-

528 1700 664 1742 tuttt.
695 1686 749 1741 ln
778 1688 950 1756 prima
993 1690 1098 1743 diei
1148 1690 1264 1745 luce
1306 1692 1638 1746 conveniant
1670 1707 1861 1747 omnes
1895 1693 1945 1745 in
1972 1693 2117 1747 clan-

527 1788 706 1833 strttin
735 1780 800 1833 ad
837 1779 1117 1845 lectiones,
1152 1799 1273 1836 cum
1309 1783 1396 1837 tali
1432 1783 1601 1853 (velut
1633 1794 1756 1837 ante
1782 1785 1983 1837 dictuttt
2010 1784 2112 1854 est)

2220 588 2502 654 sponsoria
2554 599 2822 656 quatuor,
2873 590 3085 645 alleluia
3134 607 3223 647 sex
3272 605 3537 659 procurent
3573 615 3586 650 :
3622 611 3703 668 post

2221 680 2439 732 tttissam
2491 690 2687 735 sonent
2720 682 2900 735 omnia
2946 683 3211 753 signa:in
3258 685 3399 738 horis
3429 691 3705 748 uescendi:

2218 771 2618 836 accendantur,
2669 782 2725 825 et
2774 782 2894 843 post
2950 790 3383 845 unamquamque
3423 777 3576 832 dicant
3609 781 3705 839 ltus

2219 878 2433 918 versum
2482 882 2495 917 :
2544 865 2913 933 Martine,par
2961 869 3231 937 apostolis,
3277 869 3343 923 ad
3381 870 3524 925 liuent
3560 874 3703 944 liv-si.

2220 953 2345 1006 l'ust
2373 956 2658 1023 prandium
2704 972 2830 1011 cum
2860 958 3095 1014 exierint
3134 960 3203 1015 de
3243 961 3515 1017 refectorio
3542 966 3705 1022 infaustas

2219 1045 2444 1099 veniant
2475 1047 2527 1099 itt
2560 1046 2737 1102 locum
2767 1064 2922 1104 suum
2972 1050 3025 1104 itt
3058 1052 3310 1118 chorum,
3343 1063 3395 1107 et
3436 1053 3557 1107 illico
3578 1067 3624 1110 ιιι
3648 1072 3705 1111 ιι-

2220 1135 2412 1188 cerdos
2460 1135 2679 1200 dixerit,
2712 1137 2779 1190 Et
2828 1155 2890 1192 ne
2920 1156 3036 1204 nos,
3070 1140 3310 1196 infantes
3335 1143 3421 1212 qui
3451 1143 3606 1198 lecturi
3627 1157 3709 1200 sunt

2220 1227 2271 1281 itt
2308 1228 2596 1284 refectorio
2635 1240 2850 1293 exeant,
2881 1242 2934 1285 et
2963 1232 3148 1287 statim
3180 1243 3337 1288 sonet
3362 1244 3527 1289 custos
3544 1236 3707 1305 signum,

2218 1329 2274 1373 et
2320 1319 2585 1389 incipiant
2634 1336 2861 1387 nonam,
2893 1323 3250 1379 servitutibus
3295 1326 3711 1387 remanentium

2221 1410 2321 1480 ipsi
2369 1420 2491 1481 post
2539 1427 2811 1483 sumptum
2862 1414 3043 1469 cibum
3098 1432 3299 1471 nonam
3346 1417 3551 1469 dicant:
3586 1428 3709 1486 posta

2218 1519 2322 1557 non
2355 1513 2697 1560 revertantur
2726 1505 2793 1559 ad
2825 1507 3115 1561 bibendum
3146 1507 3198 1561 itt
3245 1507 3578 1572 refectorittm,
3600 1526 3711 1577 usque

2218 1596 2283 1651 ad
2318 1597 2667 1652 festivitatem
2695 1609 2894 1654 sanctae
2936 1599 3136 1671 Maria),
3178 1599 3262 1655 Ad
3288 1616 3546 1671 vesperam
3581 1602 3715 1656 illumi-

2218 1700 2415 1744 nentnr
2456 1689 2738 1745 duodecim
2766 1690 3019 1746 icandela:
3070 1701 3198 1746 ante
3250 1706 3445 1746 aram:
3477 1693 3714 1761 autiphouas

2218 1779 2403 1835 dicant
2451 1780 2517 1836 de
2570 1780 2694 1847 illis,
2750 1798 2873 1851 qua:
2919 1783 2974 1838 in
3017 1782 3287 1852 obsequio
3345 1785 3611 1838 matutinin
3641 1784 3714 1838 fne-

527 1869 815 1942 disciplitta
848 1873 1055 1926 sedere.
1097 1872 1306 1929 Exhinc
1350 1889 1584 1944 namque
1624 1875 1964 1929 dimittantur
1988 1890 2114 1944 pru-
2150 1861 2192 1919 Β
2227 1881 2371 1937 rum.

514 1961 827 2025 cessiaucs,
860 1978 979 2031 quae
1010 1964 1186 2018 solent
1222 1964 1335 2017 fieri
1375 1962 1507 2019 feria
1539 1974 1733 2033 quarta
1767 1974 1823 2020 et
1862 1974 2035 2029 sexta,
2063 1974 2119 2019 et

525 2051 838 2105 tztantiatnnt
870 2054 1013 2120 quod
1046 2055 1183 2107 solet
1211 2054 1324 2107 fieri
1361 2055 1429 2106 ad
1463 2070 1726 2124 pauperes
1756 2071 1925 2123 usque
1950 2056 2001 2111 in
2028 2072 2115 2108 ca-

525 2136 639 2205 pite
676 2137 897 2205 jejttnii;
948 2138 1225 2192 dimittant
1269 2140 1434 2194 etiam
1478 2152 1532 2195 et
1566 2142 1701 2196 duos
1747 2143 1982 2212 psalmos
2020 2157 2117 2211 pro

525 2228 797 2285 defunctis
819 2246 988 2299 usque
1008 2232 1058 2285 itt
1077 2231 1564 2303 Septuagesimum.
1580 2236 1660 2289 Ad
1681 2235 2114 2306 cmnplt-toritnu,

527 2318 781 2388 hymnus,
806 2320 1011 2375 (.hriste
1037 2322 1128 2391 qui
1159 2322 1253 2376 lux
1278 2340 1354 2389 es,
1384 2325 1589 2394 absque
1615 2326 1896 2381 duodecim
1929 2326 2119 2382 lectio-

527 2410 687 2466 nibus
721 2422 777 2465 et
804 2413 1033 2477 octavis,
1070 2431 1238 2483 usque
1269 2416 1321 2470 in
1353 2417 1560 2473 Pascha
1589 2418 1820 2472 dicatur.

601 2501 806 2568 Quarto
857 2518 1029 2559 nonas
1086 2505 1445 2575 Novembris,
1497 2508 1729 2564 alliciunt
1778 2511 1870 2564 fiat
1929 2510 2119 2566 diebus

525 2604 731 2662 septem
760 2610 859 2663 pro
894 2598 1106 2651 cunctis
1138 2596 1496 2655 familiaribus
1536 2602 1764 2667 nostris,
1811 2603 1951 2656 sicut
2001 2603 2115 2656 fieri

526 2697 647 2737 tuos
692 2694 775 2737 est
822 2701 919 2755 pro
971 2686 1230 2747 fratribus
1278 2691 1488 2745 noviter
1534 2691 1804 2747 defunctis
1854 2711 1867 2745 :
1910 2704 1966 2747 et
2013 2710 2118 2747 una

526 2773 733 2836 iustitia
782 2776 939 2830 detur
990 2779 1210 2849 triginta
1267 2781 1477 2836 diebus.
1525 2783 1696 2838 Debet
1746 2784 1861 2839 fieri
1910 2794 2116 2853 septem

528 2864 721 2920 diebus
749 2865 965 2935 plenum
991 2868 1244 2939 oliicittut,
1269 2882 1323 2925 et
1353 2874 1407 2926 itt
1437 2874 1610 2943 prima
1638 2876 1724 2930 die
1758 2885 1965 2929 tantum
2002 2875 2120 2946 pul-

526 2972 719 3014 santur
744 2964 925 3017 omnia
970 2964 1120 3035 signa
1147 3006 1163 3031 ,
1193 2975 1299 3021 tam
1330 2967 1398 3022 ad
1445 2968 1655 3039 vigilias
1696 2985 1857 3039 quant
1891 2971 1956 3024 ad
1989 2970 2120 3023 mis-

527 3067 665 3105 sam.
701 3052 951 3108 Collecttc
992 3058 1132 3110 sicut
1166 3057 1339 3113 solita:
1367 3070 1495 3115 sunt
1530 3060 1807 3128 dicendae,
1834 3061 1906 3116 ita
1940 3062 2120 3116 dicano

528 3151 654 3208 tur,
707 3154 761 3199 et
823 3146 941 3215 ipso
990 3147 1329 3205 solummodo
1378 3151 1466 3205 die
1518 3152 1801 3209 duodecim
1850 3168 2116 3224 pauperes

526 3234 872 3302 reficiantur,
924 3246 979 3291 ct
1025 3238 1077 3292 in
1140 3238 1433 3299 rcfectorio
1481 3242 1741 3315 quidquid
1795 3247 2115 3301 remanserit

524 3323 989 3396 clecmosynarius
1021 3330 1272 3402 accipiat,
1300 3342 1355 3387 et
1390 3348 1558 3403 usque
1585 3333 1637 3388 itt
1665 3334 1880 3406 triginta
1913 3334 2027 3389 dies
2061 3335 2113 3389 itt

526 3417 677 3472 horis
710 3419 978 3489 dicantur,
1016 3422 1151 3479 Voce
1179 3442 1325 3492 mea,
1356 3438 1412 3482 et
1442 3426 1580 3482 Deus
1619 3430 1839 3484 auribus
1868 3430 2061 3487 nostris
2094 3446 2114 3485 :

524 3512 765 3583 quinque
794 3513 1032 3586 psalmos
1060 3516 1296 3588 psallant
1318 3534 1415 3589 pro
1442 3519 1598 3591 ipsis.

1119 3650 1348 3707 CAPUT
1402 3653 1514 3708 XL.

982 3763 1172 3834 Vigilia
1214 3767 1382 3820 sancti
1426 3766 1661 3822 Martini.

599 3874 879 3932 Adornent
940 3885 1114 3934 totum
1169 3884 1557 3939 monasterium
1615 3886 1754 3941 sicut
1820 3888 1872 3941 in
1934 3887 2114 3957 vigilia

528 3965 773 4021 omnium
818 3978 1151 4025 sanctorum.
1184 3970 1455 4043 Jejuuittm
1487 3975 1629 4030 aliud
1659 3992 1763 4030 non
1806 3978 1984 4047 agitur
2013 3978 2115 4033 nisi

526 4058 671 4126 quod
703 4058 920 4115 solitum
950 4062 1108 4117 estin
1135 4064 1463 4134 quotidiattis
1494 4068 1698 4123 diebus.
1729 4070 1807 4122 Ad
1839 4085 2114 4139 vesperam

524 4149 808 4206 duodecim
857 4156 999 4209 cerei
1045 4167 1169 4211 ante
1208 4172 1358 4211 aram
1402 4159 1539 4225 sint,
1576 4171 1718 4214 retro
1746 4161 1965 4226 decem;
2003 4162 2113 4215 lau-

525 4242 643 4307 des,
680 4240 813 4297 Ecce
848 4247 1094 4301 sacerdos
1126 4249 1831 4320 magnus.Rcsponsorittm.
1864 4251 2107 4317 Domine,

430 4336 442 4344 '
524 4331 572 4386 si
606 4334 779 4388 adhuc
823 4336 1013 4406 papula
1045 4348 1157 4393 tuo.
1197 4338 1469 4411 Hymnus,
1500 4340 1611 4396 Rea:
1635 4341 1839 4397 Christe
1867 4342 2107 4399 Martini.

530 4421 645 4479 Duo
690 4426 998 4481 sacerdotes
1028 4428 1197 4483 induti
1241 4430 1351 4486 sint
1391 4433 1576 4503 cappis
1610 4434 1676 4487 ad
1727 4434 2110 4490 incettsantum

533 4513 763 4581 altaria,
812 4526 867 4571 et
912 4519 1019 4573 duo
1049 4523 1295 4577 conversi
1334 4523 1386 4577 in
1433 4524 1570 4579 albis
1616 4526 1706 4595 qui
1755 4526 2003 4580 deferant
2047 4527 2112 4579 ad

530 4606 749 4665 fratres.
778 4610 1088 4681 Atttipltona
1126 4616 1194 4671 ad
1230 4615 1535 4688 Magttitieat
1565 4618 1831 4673 Martinus
1859 4620 2110 4687 Abraha',

529 4701 691 4756 tertio
717 4702 788 4757 ab
822 4706 1071 4760 omnibus
1119 4718 1420 4777 repetatur,
1456 4725 1580 4765 cunt
1625 4710 1829 4765 Gloria.
1878 4712 2109 4780 Vespera

526 4802 765 4863 peracta,
797 4798 1165 4867 unusquisque
1210 4799 1439 4854 fratrum
1482 4802 1615 4856 duos
1660 4802 1879 4871 pedttlcs
1922 4804 1989 4857 ad
2040 4803 2115 4855 le-

524 4897 673 4943 ctum
719 4889 964 4945 invenire
1004 4891 1163 4946 debet
1208 4904 1538 4964 prteparatos
1563 4910 1592 4947 a
1621 4897 1944 4951 camerario.
1975 4897 2111 4952 Ante

526 4991 821 5039 nocturnos
850 4985 1161 5054 priusquam
1184 4997 1394 5049 sonent,
1424 4989 1725 5044 accendant
1751 5004 2001 5043 coronas.
2031 4989 2111 5043 Ad

524 5075 896 5131 invitatorinnt
923 5078 1221 5132 vestiantur
1255 5089 1487 5148 quatuor
1521 5080 1572 5134 itt
1615 5084 1818 5151 cappis.
1849 5081 2110 5153 llymuus,

528 5165 638 5221 lies:
682 5166 908 5223 Christe.
954 5167 1238 5224 Lectiones
1279 5169 1528 5238 legantur
1556 5181 1679 5227 tota:
1722 5173 1789 5227 de
1831 5171 1949 5241 ejus
1978 5174 2111 5229 vita.

524 5257 891 5329 Responsoria
941 5261 1045 5318 duo
1087 5272 1141 5318 et
1191 5262 1299 5317 duo
1343 5262 1654 5319 deeatttent.
1709 5264 1789 5319 Ad
1839 5267 2111 5321 canticum

523 5351 890 5406 accendantur
914 5353 1220 5420 quindecim
1249 5353 1489 5408 candela:
1533 5363 1660 5408 ante
1705 5372 1891 5421 aram,
1920 5372 2111 5411 novent

525 5452 701 5499 retro:
734 5446 1072 5515 evangelium
1112 5461 1216 5501 non
1259 5446 1657 5516 pronuntietur.
1689 5446 2111 5519 Responsorium

524 5534 901 5593 duodecimum
957 5547 1079 5605 post
1123 5535 1308 5598 Gloria
1358 5554 1388 5592 a
1434 5539 1612 5609 capite
1662 5539 2001 5610 reint'ipiant.
2054 5540 2111 5595 ltt

525 5629 805 5686 matutinis
850 5630 1114 5685 laudibus.
1167 5618 1450 5702 Hymnus,
1498 5630 1734 5685 Bellattr
1785 5633 1969 5689 armis.
2032 5633 2112 5688 Ad

527 5718 749 5773 missam
786 5722 1167 5777 .mattttinaletn
1219 5739 1323 5777 una
1370 5723 1587 5778 collecta
1627 5727 2001 5781 tantummodo
2032 5727 2115 5782 di-

525 5818 701 5866 catur.
732 5810 815 5867 Ad
842 5811 1102 5868 maiorem
1133 5827 1322 5870 omnes
1360 5814 1568 5873 fratres
1588 5817 1697 5874 sint
1728 5818 1785 5881 in
1813 5820 2031 5892 cappis,
2062 5829 2117 5876 et

2144 4572 2191 4629 Ι)

2292 1962 2433 2016 Infra
2452 1961 2711 2018 Octavam
2729 1964 2967 2033 ejusdem
2987 1965 3287 2035 magnifici.
3312 1966 3641 2029 invitatoriam,
3656 1966 3717 2018 lia-

2220 2069 2333 2122 gem
2381 2052 2763 2120 confessorum.
2819 2042 3096 2123 Hymnus,
3147 2054 3263 2108 Rex
3317 2053 3510 2109 Christe
3550 2054 3717 2107 Martini.

2219 2142 2581 2212 Antipltonatn
2627 2145 2694 2199 de
2724 2144 2914 2198 cadi-tn
2963 2143 3263 2199 festivitate
3313 2147 3512 2207 dicant;
3541 2148 3597 2200 ita
3624 2148 3718 2199 vilico

2221 2235 2369 2299 licet,
2415 2244 2470 2288 ιιι
2515 2235 2582 2288 ad
2628 2244 2925 2291 nocturnas
2959 2254 3063 2291 una
3093 2255 3185 2293 ses
3216 2239 3443 2309 psalmis
3468 2238 3720 2293 IllOdllIﬂtllt!
3812 2248 3813 2327 ι

2218 2326 2544 2394 antiphonm.
2591 2326 2879 2381 Lectiones
2909 2338 3092 2383 autem
3133 2332 3438 2386 mediocres
3473 2331 3719 2400 legentum

2220 2416 2516 2485 prophetis.
2549 2416 2914 2483 Responsoria
2937 2430 3159 2474 eantcut
3183 2424 3250 2476 de
3278 2422 3394 2490 ipso
3418 2422 3719 2491 beatozgctlt

2221 2522 2326 2559 non
2375 2506 2593 2561 flectant
2638 2524 2801 2577 super
2839 2511 3059 2564 formas.
3113 2510 3321 2565 Psaltui
3370 2512 3627 2566 familiares
3658 2526 3719 2563 tm

2221 2609 2509 2663 canuntur,
2542 2600 2638 2653 sed
2683 2616 2803 2654 mox
2836 2611 2894 2653 ttt
2930 2602 3249 2657 ttoctttrnale
3279 2603 3576 2671 obsequium
3598 2602 3723 2670 cipis-

2222 2697 2334 2742 tum
2387 2688 2698 2756 habuerint,
2745 2691 2982 2745 alliciunt
3017 2701 3359 2747 mortuorum
3401 2703 3481 2748 est
3519 2693 3721 2763 agentium.

2221 2776 2415 2831 deinde
2466 2782 2742 2833 matutina:
2785 2780 3065 2848 ipsorum;
3093 2789 3148 2835 et
3177 2791 3309 2837 tunc
3350 2792 3531 2837 sonent
3561 2780 3725 2850 signata.

2221 2878 2275 2924 et
2304 2870 2563 2925 inchoent
2607 2873 2931 2927 matutinum
2962 2874 3194 2936 laudent.
3222 2886 3285 2930 et
3328 2890 3423 2946 per
3460 2888 3728 2940 unamquam-

2222 2974 2329 3029 que
2373 2959 2519 3015 dietn
2568 2961 2755 3016 dicant
2800 2978 2962 3016 unam
3010 2963 3367 3033 antipltonaut
3416 2981 3503 3033 per
3537 2962 3725 3019 ordinem.

2223 3051 2364 3107 sicut
2390 3050 2606 3107 inserta?
2627 3061 2753 3108 sunt
2782 3053 2835 3106 itt
2862 3053 3206 3120 authentico;
3241 3064 3296 3109 et
3322 3056 3547 3125 quinque
3565 3054 3731 3121 psatttus

2223 3141 2289 3196 de
2342 3141 2635 3197 festivitate
2691 3152 2943 3208 cantent,
2994 3155 3117 3213 post
3176 3143 3439 3213 suffragia
3484 3152 3728 3198 sanctoutr.

2222 3233 2445 3304 Expleta
2479 3236 2699 3289 veniant
2740 3234 2795 3295 in
2828 3234 3060 3290 alterum
3106 3236 3384 3300 chorum,
3407 3244 3461 3290 et
3484 3235 3633 3289 dicant
3661 3250 3731 3283 ttu-

2224 3328 2425 3382 tutinas
2454 3337 2793 3394 sanctorum,
2826 3336 2881 3382 et
2918 3326 3060 3381 Deus
3108 3328 3335 3383 auribus
3382 3330 3574 3381 nostris.
3612 3327 3732 3389 Atille

2221 3417 2460 3488 quinque
2504 3417 2742 3489 psalmos
2785 3433 2881 3487 pro
2916 3416 3231 3483 defunctis;
3265 3433 3375 3487 qua
3416 3418 3550 3471 ﬁnita
3589 3414 3731 3467 licitum

2221 3519 2307 3564 est
2353 3509 2609 3563 fratribus
2638 3510 2705 3562 ad
2749 3508 2975 3564 lectulos
3018 3509 3291 3573 reveuire,
3328 3510 3373 3563 si
3416 3508 3522 3561 dies
3557 3514 3731 3558 ltoucsl.

2222 3599 2302 3656 Ad
2353 3600 2588 3671 primaut
2638 3610 2848 3669 septem
2894 3599 3131 3670 psalmos
3173 3609 3227 3653 et
3270 3599 3556 3655 Litaniam.
3597 3596 3735 3649 licius:

2220 3693 2441 3749 missam
2474 3708 2572 3764 pro
2596 3692 2888 3749 defunctis.
2917 3693 3046 3750 Post
3072 3694 3376 3763 capitulum
3407 3710 3563 3762 usque
3588 3690 3639 3744 ad
3668 3700 3733 3741 tct-

2221 3785 2351 3840 tiam
2399 3784 2692 3855 loquantur
2733 3787 2787 3840 itt
2833 3787 3089 3842 claustro.
3130 3789 3526 3842 Antentis-atn
3562 3782 3734 3839 litatum

2222 3874 2423 3929 dicant.
2464 3874 2521 3928 ltt
2554 3874 2707 3929 horis
2751 3875 3112 3946 antipltonas,
3142 3891 3264 3945 quo:
3318 3876 3516 3930 fuerint
3539 3877 3595 3929 de
3632 3874 3733 3925 huic

2220 3976 2492 4038 promunt.
2547 3967 2783 4038 Vespera
2831 3967 2933 4024 sub
2988 3985 3092 4023 una
3142 3971 3445 4040 antiphona
3493 3984 3598 4038 qua:
3629 3978 3737 4031 ςιιβυι

2220 4068 2513 4113 nocturnas
2544 4058 2775 4113 habetur
2810 4079 2823 4113 :
2857 4069 2911 4115 et
2953 4070 3191 4131 quatuor
3242 4061 3438 4129 psalmi
3486 4058 3569 4130 qui
3610 4056 3737 4109 diutini

2220 4150 2468 4216 veniunt,
2499 4166 2564 4207 ex
2597 4150 2732 4205 feria
2763 4152 2963 4207 dicant.

2294 4242 2350 4297 Si
2382 4241 2650 4297 dominica
2697 4243 2815 4298 dies
2845 4244 2985 4300 infra
3030 4254 3255 4300 octavas
3301 4241 3739 4307 evenerit,imif1-

2223 4334 2441 4393 loriam.
2473 4334 2802 4402 antiphona-,
2851 4336 2933 4389 vel
2978 4340 3348 4407 responsoria,
3401 4346 3511 4393 sive
3551 4334 3739 4391 lecticam

2220 4426 2287 4482 de
2310 4437 2499 4481 sancto
2529 4426 2761 4482 Martino
2785 4430 2969 4484 dicant
2994 4430 3084 4485 tali
3130 4433 3343 4486 ratione
3374 4444 3431 4487 et
3460 4448 3615 4485 una...
3642 4426 3738 4480 sali-

2223 4519 2402 4587 phona
2427 4519 2678 4573 similiter
2701 4531 2756 4573 et
2785 4522 3063 4577 cantica...
3106 4524 3147 4576 si
3181 4525 3449 4579 festivitas
3489 4526 3538 4577 itt
3576 4517 3738 4575 oculus

2220 4607 2300 4679 [id
2323 4619 2419 4672 est,
2453 4608 2590 4662 infra
2618 4610 2895 4683 octavam]
2937 4613 3180 4666 evenerit
3200 4611 3382 4689 infra,
3418 4614 3552 4666 unde
3575 4622 3664 4664 tres
3693 4608 3742 4657 Ιι·

2218 4700 2425 4754 ctiones
2465 4710 2628 4768 agant
2656 4716 2671 4754 :
2699 4713 2960 4771 quantum
2998 4703 3120 4758 aliis
3161 4706 3501 4777 temporibus
3538 4703 3597 4761 de
3631 4698 3739 4757 ferit.

2220 4800 2425 4845 tantum
2450 4790 2669 4843 additur
2691 4791 2757 4845 de
2783 4801 2997 4846 octava.

2289 4884 2490 4939 Octava
2521 4884 2696 4940 saneti
2730 4882 2968 4937 Martini.
3004 4883 3083 4936 Ad
3116 4885 3490 4940 invitatorium
3519 4884 3739 4937 induant»!

2219 4972 2357 5028 albis
2405 4975 2510 5028 duo
2557 4974 2791 5040 fratres,
2840 4974 3171 5042 atttipltotta,
3212 4976 3510 5029 Adoramus
3543 4974 3742 5027 Christum

2219 5078 2410 5132 regem.
2440 5062 2727 5118 Lectiones
2754 5074 2877 5117 octo
2909 5065 2973 5117 de
3010 5061 3126 5130 ejus
3166 5065 3272 5118 vita
3294 5107 3309 5128 ,
3336 5062 3661 5135 consequenti
3688 5060 3744 5109 ilio

2219 5154 2339 5209 dent
2372 5166 2613 5224 tempore
2651 5157 2990 5226 responsoria
3030 5167 3282 5225 protnant
3314 5159 3381 5212 de
3412 5159 3526 5212 suis
3551 5152 3743 5227 proprius.

2220 5241 2323 5298 llic
2364 5255 2437 5299 est
2494 5245 2778 5299 Martinus.
2828 5245 2883 5299 ltt
2938 5248 3119 5312 tertio,
3179 5246 3357 5317 legant
3414 5247 3664 5301 ltomiliatn
3698 5256 3739 5291 rt

2218 5338 2520 5407 cvangefio,
2556 5337 2669 5393 Sint
2697 5338 2861 5391 (utubi
2905 5339 3081 5397 vestri.
3118 5338 3334 5395 Missam
3367 5341 3547 5395 dicant
3585 5334 3741 5393 honori-

2220 5425 2319 5480 fice
2358 5427 2499 5480 sicut
2538 5429 2789 5497 superius
2830 5430 3144 5492 intulimus,
3180 5440 3235 5484 et
3265 5432 3591 5499 sequendam
3623 5426 3741 5479 tueb-

2219 5517 2364 5573 dieut
2409 5519 2460 5574 itt
2500 5521 2686 5574 eadem
2719 5520 2827 5575 die.
2863 5521 2945 5575 Ad
2990 5536 3277 5592 vesperas,
3309 5522 3609 5592 antipltona.
3642 5514 3746 5568 lim-

2220 5611 2362 5665 tinus
2397 5611 2573 5665 adhuc
2596 5629 2615 5668 :
2643 5622 2697 5666 et
2723 5612 2935 5668 alleluia
2979 5623 3107 5669 tres.
3141 5615 3450 5685 Capituluut
3486 5623 3539 5669 et
3577 5621 3744 5678 τείρου-

2220 5704 2423 5763 soritnn
2461 5705 2526 5760 de
2571 5704 2879 5762 confessore
2922 5724 2934 5760 :
2982 5706 3248 5780 hymnus,
3279 5715 3331 5763 et
3368 5706 3544 5762 oratio
3578 5703 3635 5759 de
3666 5700 3745 5769 ipso

2223 5798 2398 5854 beato.
3406 5814 3409 5817 '
