3864 6314
56 333 213 396 1265
1284 338 1582 397 DlSClPLli

1828 338 2099 396 LFENSIS.
3178 368 3179 371 η
3216 346 3354 403 1246

666 452 897 511 CAPUT
934 454 1069 511 XLI.
1685 458 1736 515 Α
2347 474 2577 533 CAPUT
2615 472 2776 530 XLII.

529 540 721 613 Vigilia
759 548 927 600 sancti
964 546 1209 604 Andrew.
1765 571 2008 638 ρυαιηεν
2039 587 2055 623 ι

529 636 784 665 ...ἴῃ-ειη...
819 640 882 665 ,ΙΑ
914 648 1104 665 [ιιι-ιιι.-
1126 639 1427 665 “Ω..ι......ξ..ιι
1460 647 1614 665 --.ι-ει
1641 656 1656 665 .

1888 571 2008 625 liter
2039 583 2298 640 agenaum
2330 576 2404 623 est
2438 568 2497 665 ‘i-n
2536 566 2905 665 .t’i'nm'versarta
2949 571 3349 627 consecrationis
3392 581 3413 665 γ

136 632 365 691 Mtssam
406 636 785 692 mattttinalem
817 640 884 694 de
913 648 1107 696 sancto
1126 639 1429 696 Saturnino
1459 647 1656 710 agant:

1161 640 1429 696 iaturnino
1459 647 1620 710 agant
1641 656 1656 694 :
1771 632 1807 638 ’⁷
2074 632 2096 640 ⁷
2436 635 2687 690 basilicis.

53 726 309 784 oﬂicium
357 744 611 798 namque,
650 739 707 784 et
755 732 938 787 omnia
986 732 1089 788 alia
1123 733 1264 788 sicut
1310 748 1429 788 mos
1476 741 1562 786 est
1595 747 1662 786 ex
1834 731 2181 788 Dedicatione
2205 744 2440 800 namque
2483 727 2717 782 basilica:
2757 736 2884 784 ante
2914 743 3165 799 vesperas
3193 731 3343 784 eoad-

56 834 180 872 uno
208 827 451 889 martyre
478 829 671 889 agant,
702 822 1060 893 adjungentes
1098 822 1384 879 collectam
1424 831 1663 877 mortuo-
1762 836 1954 880 ornata
2006 823 2113 879 sint
2163 822 2343 877 omnia
2396 818 2628 884 altaria,
2677 827 2734 873 et
2787 835 2883 890 per
2937 820 3351 891 unumquodque

56 926 213 964 rum.
248 908 400 965 Nona
430 912 561 965 hora
592 913 844 968 veniente
873 914 1149 970 celebrent
1177 929 1394 969 sacram
1424 913 1490 967 de
1534 926 1666 981 apo-
1764 916 1987 986 singulae
2012 913 2249 970 candelae
2279 920 2621 981 coaptentur.
2652 909 2731 964 Ad
2760 911 3021 980 majorem
3052 929 3178 969 vero
3206 928 3356 965 aram

55 1003 229 1071 stole,
271 1003 726 1073 quemadmodum
776 1006 828 1060 in
877 1005 993 1075 ejus
1035 1007 1215 1077 vigilia
1252 1006 1560 1063 continetur
1607 1005 1662 1061 in
1763 1011 2005 1081 quinque
2045 1009 2097 1062 in
2145 1006 2444 1071 anteriora,
2492 1010 2551 1059 ct
2601 1003 2701 1057 tria
2741 1007 3062 1074 posteriora,
3089 1016 3142 1060 et
3183 1015 3356 1061 textus

55 1105 540 1151 sacramentorum
585 1097 773 1163 libris,
816 1097 1170 1169 adjungentes
1212 1099 1486 1154 orationes
1515 1098 1666 1153 vivo-
1766 1099 2040 1169 Evangelii
2073 1114 2235 1168 super
2271 1098 2442 1168 ipsam
2504 1116 2679 1155 aram.
2716 1099 3046 1168 Capitulum,
3084 1096 3204 1151 Vidi
3235 1098 3362 1151 cit-i—

56 1199 191 1236 rum
224 1184 391 1239 veluti
433 1185 554 1240 aliis
596 1186 807 1241 diebus.
846 1188 1023 1257 Adeps
1072 1203 1172 1244 nec
1206 1189 1520 1243 contedatur
1549 1187 1665 1258 ipso
1766 1199 1924 1245 tatem
1953 1203 2210 1246 sanctam.
2238 1189 2624 1259 Responsoria,
2653 1192 2759 1246 duo
2796 1206 2860 1245 ex
2897 1190 3178 1251 lratribus,
3213 1187 3361 1240 Fun-

55 1276 179 1328 die.
222 1275 353 1331 Post
380 1279 1004 1353 nonamprocedant'ad
1033 1280 1298 1335 edendum
1340 1287 1394 1333 et
1433 1278 1498 1333 ad
1530 1278 1665 1333 bene
1766 1290 1893 1344 άαια
1950 1296 2045 1342 εει.
2093 1283 2374 1357 Hymnus,
2436 1279 2609 1336 Verba
2657 1284 2831 1337 beata.
2888 1283 3002 1336 Duo
3054 1280 3363 1334 sacerdotes

57 1368 388 1423 bibendum.
414 1371 884 1443 Eleemosynarius
914 1374 1418 1445 accipiatquidqnid
1452 1389 1666 1429 reman-
1767 1380 1951 1452 cappis
2000 1379 2263 1434 adornent
2292 1392 2372 1445 se,
2410 1385 2468 1430 ut
2512 1375 2706 1430 altaria
2743 1377 3127 1438 aromatizcut,
3160 1384 3268 1428 tam
3309 1374 3361 1427 in

16 1460 204 1514 ’δοτὶι
249 1476 319 1516 ex
373 1461 649 1519 fratribus.
699 1464 894 1521 Custos
945 1465 1187 1522 ecclesiae
1246 1468 1371 1520 dum
1425 1466 1667 1521 seniores
1770 1474 1873 1529 hac
1917 1474 2049 1528 liora
2097 1487 2258 1541 quam
2290 1470 2343 1524 in
2375 1468 2783 1525 matutinalibus
2808 1469 2891 1523 vel
2919 1466 3364 1540 vespertiualibus

57 1554 277 1607 fuerint
305 1554 369 1608 ad
406 1556 755 1612 reficiendum
782 1558 1043 1615 decorent
1080 1558 1473 1631 presbyterium
1503 1570 1665 1628 atque
1771 1565 2204 1621 advenientibus.
2244 1563 2504 1628 Collecta,
2536 1565 2675 1619 Deus
2703 1564 2791 1633 qui
2835 1580 2929 1617 nos
2972 1578 3065 1630 per
3105 1558 3364 1629 singulos.

55 1644 324 1699 (horum.
355 1645 436 1701 Atl
470 1663 725 1719 vesperas
771 1651 1138 1703 accendantur
1180 1649 1417 1720 quinque
1463 1650 1667 1705 caude-
1770 1658 1850 1712 Ad
1892 1657 2179 1713 stationem
2230 1658 2653 1726 responsorium,
2692 1655 2890 1709 Domus
2937 1670 3075 1708 mea.
3110 1651 3366 1706 Dominus

57 1735 223 1790 labra
263 1747 391 1792 ante
418 1738 610 1794 altare.
661 1739 863 1807 Lectio,
899 1741 1201 1795 Benedictio
1241 1741 1453 1795 Domini
1487 1758 1664 1810 super.
1769 1748 2056 1802 nobiscum.
2118 1746 2408 1803 Orationes
2456 1749 2522 1801 ad
2588 1747 2763 1816 ipsum
2820 1746 2961 1800 diem
3010 1743 3364 1815 pertinentes.

55 1824 522 1895 Responsorium,
554 1828 683 1883 Mox
712 1842 763 1883 ut
796 1847 969 1885 vocem
998 1830 1233 1885 Domini.
1277 1830 1543 1887 Sacerdos
1579 1835 1581 1885 ἱ

1845 1851 1913 1896 tte
1953 1841 2271 1896 nocturnale
2320 1841 2643 1911 obsequium
2694 1841 2763 1896 sit
2804 1855 2901 1910 per
2946 1837 3371 1908 unumquodque

55 1920 273 1972 tfuatur
303 1934 467 1989 Cnppa
498 1921 564 1975 ad
588 1921 940 1977 deferendum
976 1923 1306 1979 tburibulum
1336 1939 1430 1992 per
1451 1924 1581 1977 altat

1838 1942 1943 1989 lare
1964 1935 2171 2003 singula
2195 1934 2439 1989 candela.
2469 1932 2750 1988 Canticum
2774 1931 3035 2003 graduum
3067 1930 3364 1999 expletum,

54 2011 406 2080 Antiphoua,
439 2028 545 2067 non
593 2014 1012 2083 triumpltalitcr.
1043 2017 1122 2069 Ad
1165 2017 1532 2072 ittvitatoriunt
1564 2018 1669 2071 duo
1773 2032 1883 2079 tres
1904 2023 2187 2096 [candehr]
2220 2024 2579 2094 adjnngantur
2611 2033 2736 2078 ante
2763 2021 3053 2089 majorem;
3081 2031 3134 2075 et
3159 2018 3368 2090 singula

56 2101 273 2157 l‘ratres
320 2105 638 2160 circumdati
689 2108 874 2176 cappis
903 2125 916 2160 :
947 2106 1143 2163 debent
1189 2107 1448 2163 lectiones
1487 2109 1669 2177 legere
1770 2116 2038 2185 posterior
2065 2114 2371 2186 [luminaria
2402 2112 2797 2183 accendantur]
2830 2114 3020 2183 ipsius.
3046 2112 3127 2168 Ad
3164 2112 3369 2167 Invita-

54 2204 218 2258 octo,
248 2210 439 2251 omnes
468 2198 791 2269 presbyteri.
823 2198 1120 2266 Quartum,
1161 2208 1436 2264 octavum,
1465 2198 1669 2255 duode—
1772 2205 1968 2260 torium
1997 2216 2229 2275 quatuor
2252 2205 2446 2260 fratres
2475 2204 2582 2259 sint
2604 2206 2796 2275 cappis
2823 2205 3170 2269 circumdati,
3192 2204 3368 2274 ipsum

56 2287 278 2340 cimutn
331 2290 731 2357 respousoritnn
798 2292 903 2346 duo
950 2291 1236 2345 decantent
1292 2300 1418 2346 ante
1470 2291 1663 2346 altare.
1770 2299 1983 2354 domum
2028 2300 2122 2353 Dei
2169 2300 2312 2353 decet
2348 2298 2669 2355 sanctitudo.
2721 2298 2986 2370 Hymnus,
3022 2296 3155 2352 Urbs
3196 2298 3367 2351 beata.

56 2378 295 2432 Missam
344 2381 713 2435 matutinalem
767 2382 833 2437 de
882 2383 1038 2453 ipso,
1087 2391 1139 2437 ct
1186 2399 1374 2439 oumes
1426 2383 1670 2439 collectae
1772 2388 2059 2444 Lectiones
2089 2400 2250 2459 atque
2281 2388 2626 2459 responsoria
2666 2389 2731 2443 ad
2765 2390 2941 2459 ipsum
2987 2390 3127 2444 diem
3176 2402 3373 2443 conve-

56 2486 198 2541 qtne
222 2471 395 2526 solita:
418 2482 545 2526 sunt
575 2484 912 2543 promantur.
943 2475 1023 2530 Ad
1046 2476 1262 2530 missam
1290 2474 1668 2530 matutinaletn
1773 2482 2019 2547 nientia;
2072 2490 2324 2550 quartum
2373 2497 2405 2534 a
2469 2480 2681 2546 tribus,
2738 2490 2990 2536 octavum
3042 2496 3070 2533 a
3119 2487 3371 2549 quatuor,

56 2578 268 2617 omnes
297 2565 605 2621 sacerdotes
637 2575 800 2636 atque
842 2568 1016 2622 levitm
1056 2577 1319 2624 coornent
1364 2584 1423 2623 se
1461 2569 1669 2639 cappis.
1773 2572 2159 2628 duodecimum
2204 2587 2232 2624 a
2283 2580 2514 2640 quatuor
2562 2572 2902 2627 dccantctur.
2955 2572 3036 2626 Ad
3095 2571 3372 2626 canticum

60 2661 247 2714 etiam
276 2662 523 2715 conversi
552 2662 642 2731 qui
683 2653 907 2719 cantare
943 2662 1141 2719 valent.
1179 2664 1236 2719 In
1266 2664 1437 2719 altare
1475 2662 1672 2734 majori
1773 2663 2096 2732 antipbona,
2154 2660 2326 2716 Hodie
2366 2666 2488 2719 huic
2529 2663 2731 2720 domui.
2781 2661 2991 2717 Cantici
3038 2676 3068 2717 c
3124 2661 3371 2730 psalmis,

57 2753 181 2805 duo
209 2750 365 2819 pallia
398 2761 453 2806 et
480 2752 661 2808 album
692 2764 1083 2825 superponant.
1130 2752 1347 2825 Septem
1392 2755 1536 2809 cerei
1580 2770 1671 2809 ar-
1774 2752 2014 2808 La’tatus
2046 2770 2184 2808 sum.
2222 2753 2345 2809 Nisi
2374 2755 2651 2812 Dominus.
2683 2755 2893 2817 Lauda,
2922 2752 3242 2816 Jerusalem,
3266 2751 3375 2807 Do-

63 2846 248 2899 tleant
283 2853 411 2898 ante
437 2844 636 2910 altare,
661 2860 783 2901 cum
816 2846 922 2901 illis
952 2863 1087 2915 quos
1112 2848 1359 2902 conversi
1396 2845 1674 2913 deferunt,
1776 2848 2001 2902 minam.
2036 2846 2187 2902 Tunc
2217 2847 2579 2918 adjungeutur
2608 2848 2796 2918 majori
2826 2846 2981 2901 altari
3016 2846 3121 2900 duo
3143 2844 3376 2899 lumina-

57 2946 119 2990 ct
152 2945 310 2991 retro
336 2944 464 2990 tres.
503 2933 748 2991 Oliiciutn
786 2951 877 2992 sex
928 2945 1168 2992 teneant.
1214 2937 1453 3008 Epistola
1505 2936 1676 3008 ipsius
1775 2939 1856 2994 ria
1906 2940 2182 3005 anterius,
2231 2939 2481 2995 similiter
2518 2951 2572 2996 et
2616 2940 2905 3011 posterius,
2950 2947 3004 2993 et
3066 2938 3119 2992 in
3167 2936 3380 3007 pertica

59 3029 185 3084 diei
217 3044 541 3098 congruens.
584 3029 1004 3099 Responsorium
1053 3039 1164 3085 tres
1204 3031 1514 3094 decantent,
1545 3028 1676 3085 alle-
1777 3028 2112 3098 quindecim.
2168 3029 2222 3082 In
2269 3029 2518 3085 laudibus
2562 3029 2964 3099 rcsponsorium
3011 3027 3176 3082 breve
3222 3028 3377 3096 pueri

59 3122 184 3175 lnia
215 3130 483 3191 quatuor;
508 3120 785 3177 oll'ertoria
807 3122 912 3177 duo
936 3121 1225 3192 accipiant.
1260 3121 1482 3193 Expleta
1512 3122 1673 3177 missa
1702 3164 1745 3222 Ο
1779 3119 2074 3176 decantent
2105 3121 2170 3175 ad
2198 3122 2417 3192 gradus.
2458 3121 2718 3193 llymuus,
2748 3118 3033 3191 Angularis
3061 3120 3378 3190 fundamen-

63 3221 349 3270 sonentur
394 3212 545 3283 signa
592 3213 795 3268 omnia.
832 3214 887 3268 ln
936 3214 1085 3270 boris
1135 3214 1388 3270 dicantur
1419 3215 1674 3271 versiculi
1708 3212 1745 3222 “
1780 3223 1910 3266 tum.
1932 3212 2012 3268 Ad
2036 3213 2324 3267 stationem
2351 3212 3020 3285 rcsponsorium,Domum
3046 3222 3187 3265 luant
3210 3212 3379 3267 decet.

60 3319 203 3377 qua:
257 3318 421 3373 super
471 3305 790 3360 nocturnale
836 3305 1154 3375 obsequium
1197 3304 1432 3370 fuerint,
1483 3314 1538 3360 et
1579 3319 1677 3375 per
1780 3302 1847 3357 Et
1882 3303 2060 3357 oratio
2106 3303 2273 3373 ipsius
2319 3304 2423 3359 diei
2460 3322 2473 3357 :
2506 3313 2615 3360 tres
2652 3303 2889 3358 candela'
2915 3301 3283 3358 accendantur
3311 3301 3378 3355 ad

64 3410 524 3465 unamquamque
554 3397 742 3450 horam
774 3405 884 3452 tres
913 3396 1152 3452 candela:
1178 3398 1566 3452 accendantur.
1594 3397 1677 3452 Ad
1781 3394 1963 3448 horas.
1996 3392 2211 3447 Missum
2237 3395 2608 3451 matutinaletu
2639 3403 2797 3466 agant
2828 3396 2880 3449 iu
2905 3393 3149 3449 oratorio
3175 3402 3380 3447 sancta:

62 3501 340 3556 vesperas
361 3486 669 3557 antipltnua:
692 3503 810 3557 qu:c
831 3504 993 3558 super
1014 3488 1333 3544 nocturnale
1358 3489 1676 3558 obsequium
1780 3486 1984 3542 Mariae.
2011 3487 2091 3542 Atl
2118 3486 2374 3554 majorem
2420 3486 2656 3541 universi
2709 3485 3022 3540 sacerdotes
3064 3494 3227 3553 atque
3263 3483 3380 3538 dia-

64 3578 290 3633 fucrittt
316 3618 329 3641 ,
374 3590 762 3645 assumantur,
811 3579 953 3634 Vidit
1009 3580 1267 3636 Dominus
1319 3578 1567 3645 Petrum,
1624 3591 1677 3638 et
1782 3578 1903 3634 coni
1935 3577 2133 3633 debent
2158 3592 2278 3632 csse
2313 3576 2489 3631 vestiti
2519 3575 2570 3631 in
2599 3575 2807 3646 cappis.
2846 3572 3182 3629 Caudelabra
3221 3571 3381 3641 quin-

64 3671 205 3725 alia:
248 3688 261 3723 :
298 3669 484 3739 psalmi
524 3672 589 3727 de
633 3671 888 3741 apostolis
917 3672 1303 3739 dccantantur;
1351 3683 1404 3729 et
1439 3674 1681 3743 quinque
1782 3686 1888 3741 que
1934 3680 2062 3725 ante
2109 3668 2300 3732 altare,
2326 3680 2382 3724 et
2430 3668 2701 3739 posterius
2746 3666 2871 3722 tria.
2915 3663 3153 3719 Infantes
3186 3662 3381 3734 quippe

66 3760 328 3817 candela:
368 3761 739 3817 illmninentur
784 3773 910 3818 ante
958 3763 1147 3830 altare,
1196 3775 1343 3819 retro
1386 3775 1513 3820 tres.
1562 3762 1681 3835 Ipso
1782 3779 1973 3819 omnes
2002 3765 2114 3819 sint
2143 3762 2340 3818 tunicis
2370 3760 2639 3817 adornati.
2671 3758 2938 3820 Ollicium,
2980 3755 3253 3812 Terribilis
3278 3765 3377 3811 est.

66 3870 328 3925 namque
374 3853 459 3909 die
520 3852 796 3909 refectorii
854 3854 1050 3909 tabulae
1101 3855 1482 3927 cooperiantur
1547 3856 1681 3911 hora
1784 3857 1999 3923 Oratio,
2028 3857 2167 3913 Deus
2204 3857 2292 3928 qui
2341 3872 2433 3909 nos
2472 3870 2565 3924 per
2606 3851 2841 3923 singulos
2890 3865 3075 3904 mutos.
3116 3846 3378 3920 Epistula,

68 3949 334 4002 decreta.
1793 3948 1913 4002 Vidi
1945 3949 2206 4003 ciuitatem
2237 3956 2495 4000 sanctam.
2530 3942 2976 4014 Responsorium,
3006 3939 3177 3994 Locus
3216 3938 3312 3993 iste
3348 3954 3381 3992 a

151 4038 217 4093 Si
245 4037 416 4093 sancti
442 4037 668 4093 Andreae
697 4037 965 4094 festivitas
993 4047 1120 4094 ante
1149 4038 1454 4094 Adventum
1487 4053 1683 4094 evcue-
1784 4040 1895 4096 Deo
1936 4052 2031 4095 est.
2087 4030 2339 4105 Alleluia,
2393 4036 2659 4089 Adorabo.
2711 4032 3083 4104 Evangelium,
3126 4028 3257 4084 Erat
3302 4030 3382 4083 vir

71 4136 153 4190 rit
190 4134 456 4196 Sabbato,
490 4143 599 4189 tota
630 4149 855 4204 vespera
890 4134 957 4187 de
997 4141 1185 4187 sancto
1207 4132 1419 4187 Andrea
1447 4134 1680 4189 dicatur.
1786 4134 2022 4187 nomine:
2056 4131 2107 4186 itt
2140 4130 2427 4195 refectorio
2479 4127 2673 4180 tabula:
2718 4124 3122 4195 coepcriautur.
3166 4119 3248 4175 Ad
3287 4134 3379 4174 ve-

68 4240 131 4287 ct
162 4237 358 4299 postea
388 4228 454 4283 dc
482 4228 730 4282 Adventu
784 4225 992 4280 Domini
1037 4233 1314 4294 promatur
1342 4240 1463 4279 cunt
1500 4223 1683 4279 Gloria
1786 4241 2000 4295 sperant
2049 4222 2367 4291 autiphona,
2413 4217 2530 4271 Erit
2599 4217 2726 4270 milii
2773 4215 3048 4270 Dominus.
3110 4210 3378 4273 Psalmus,

68 4320 272 4380 Ραινῖ.
310 4317 444 4374 Ecce
483 4335 669 4380 ttomt'lt
702 4317 934 4371 Ποιηίηῧ-
1590 4359 1601 4364 -
1786 4318 1932 4374 Dixit
1978 4314 2257 4371 Dominus.
2298 4311 2631 4381 Antiphona,
2674 4305 2807 4360 Cum
2855 4303 3170 4375 evigilasset.
3225 4301 3381 4375 Psal-

151 4412 268 4470 Per
293 4420 539 4466 octavam
586 4408 826 4480 ejusdem
858 4404 1081 4478 apostoli
1114 4405 1249 4462 nihil
1281 4423 1347 4462 ex
1390 4422 1455 4463 eo
1482 4407 1681 4479 agitur,
1790 4428 1932 4477 mus,
1957 4408 2192 4463 Lwtatus
2218 4422 2357 4460 sum.
2380 4399 2867 4473 Antiplmnaﬂidit
2900 4396 3085 4450 Jacob.
3112 4392 3382 4459 Psalmus,

66 4506 181 4563 sed
216 4504 398 4558 omnia
431 4504 642 4559 feriato.
672 4503 725 4558 In
755 4515 944 4559 octava
972 4504 1149 4558 sancti
1177 4503 1408 4557 Andrea:
1447 4504 1513 4556 ad
1550 4502 1687 4556 invi-
1720 4507 1765 4563 D
1792 4504 1980 4559 Lauda
2003 4541 2018 4568 ,
2071 4498 2389 4555 Jerusalem.
2445 4495 2715 4567 llymuus,
2766 4489 2900 4546 Urbs
2950 4488 3120 4543 beata.
3177 4484 3383 4553 Oratio,

73 4597 353 4654 tatorium
387 4596 494 4651 duo
521 4596 629 4651 sint
680 4597 734 4651 in
785 4596 951 4662 albis,
999 4595 1261 4651 lectiones
1289 4605 1412 4650 octo
1441 4594 1688 4665 lcgantur
1793 4597 1936 4653 Deus
1964 4596 2053 4667 qui
2085 4595 2231 4649 nobis
2254 4609 2347 4663 per
2366 4588 2599 4660 singulos
2638 4602 2825 4642 annos.

67 4708 148 4747 ex
181 4692 303 4760 ipso
334 4706 346 4741 :
383 4687 551 4743 Tanta
600 4706 664 4743 ac
710 4689 832 4744 talis
862 4701 935 4743 est
968 4688 1257 4759 Scriptura:
1298 4689 1487 4742 divina:
1526 4687 1691 4741 subli-
1867 4690 1998 4744 Item
2029 4684 2247 4758 quando
2274 4685 2386 4755 ipsa
2418 4680 2685 4737 festivitas
2709 4676 2986 4731 advenerit
3010 4674 3061 4728 in
3093 4671 3388 4743 Septuage-

70 4789 273 4843 mitas.
325 4783 688 4855 Responsoria
739 4784 1029 4839 decantent
1071 4800 1136 4839 eo
1181 4783 1392 4859 ordine,
1424 4781 1582 4836 sicuti
1635 4780 1689 4835 itt
1792 4784 1931 4845 sima
1962 4796 2054 4836 seu
2085 4778 2432 4849 Sexagesima
2476 4772 2654 4829 omnia
2700 4769 2902 4824 faciant
2932 4763 3386 4859 quemadmodum

72 4878 390 4936 festivitate
433 4852 548 4949 ejus
592 4894 658 4932 ex
710 4876 1024 4931 authentico
1081 4856 1381 4932 decantata:
1433 4883 1587 4939 sunt,
1637 4881 1693 4928 et
1796 4882 2155 4946 prmnotatum
2179 4877 2383 4925 est:et
2417 4867 2519 4921 hoc
2547 4863 2763 4934 quidem
2813 4859 3108 4955 adiungunt
3142 4854 3209 4908 ad
3257 4852 3387 4955 niis-

70 4974 263 5032 missa
307 4970 553 5027 similiter
592 4970 645 5026 in
687 4970 824 5025 libro
850 4969 1348 5025 Sacramentorum.
1388 4968 1469 5022 Ad
1505 4980 1694 5038 vespe-
1796 4967 2226 5026 samzdiaconus
2244 4972 2407 5034 atque
2430 4957 2794 5014 subdiaconus
2818 4951 3122 5005 iuduantse
3147 4943 3383 5043 casulis:

73 5080 184 5125 ras
216 5063 527 5134 antipltonae
570 5072 741 5133 atque
767 5062 962 5133 psalmi
990 5062 1148 5117 sicuti
1197 5077 1359 5133 supra
1402 5060 1690 5115 habentur.
1798 5057 1981 5115 Clario
2005 5058 2059 5111 in
2074 5054 2289 5110 excelsis
2314 5050 2563 5113 Deo,non
2586 5052 2925 5135 personetur,
2942 5047 3382 5135 responsorum):

158 5156 225 5213 Si
258 5125 375 5211 haec
406 5125 945 5225 namque-lesiivitas
981 5162 1189 5210 octava:
1216 5125 1430 5209 venerit
1470 5153 1523 5208 in
1557 5151 1694 5207 Sab-
1802 5151 1966 5206 Locus
2002 5153 2098 5204 iste
2134 5165 2166 5201 a
2209 5146 2338 5201 Deo.
2369 5141 2619 5205 Tractus,
2646 5135 2749 5226 Qui
2780 5131 3075 5226 {Ott/551"“;
3098 5125 3200 5190 Ῑιε,
3221 5125 3380 5226 ξηῖδδε

74 5251 221 5307 bato
251 5218 571 5320 Domiuique
607 5249 876 5310 Adventu,
924 5261 1179 5317 vesperas
1223 5246 1425 5301 faciant
1452 5247 1519 5299 de
1564 5260 1600 5313 ac

1856 5255 1894 5309 t,
1938 5258 2039 5297 nec
2088 5241 2416 5309 imponatur.
2468 5232 2526 5287 Si
2563 5243 2694 5283 vero
2732 5224 2872 5280 infra
2905 5218 3382 5320 Quadragesiuunu

73 5343 257 5401 stolo.
286 5340 594 5413 Capitulum
626 5340 710 5396 vel
742 5340 1148 5410 rcsPOusorium
1179 5348 1343 5409 atque
1368 5339 1600 5410 IIYmnus
1626 5336 1694 5391 de
1797 5344 1890 5390 aut
1919 5333 1973 5389 in
2010 5330 2304 5387 novissimo
2354 5320 2749 5414 adventaverit.
2776 5316 2917 5414 Sicf"
2949 5325 3064 5414 "l0?
3094 5304 3388 5414 QII-“effe

71 5406 381 5497 Adventu;
401 5446 610 5487 necnon
642 5440 694 5487 et
724 5406 1025 5487 orationem
1068 5406 1287 5493 dicant;
1321 5406 1442 5483 dein
1489 5427 1696 5498 recapi-
1799 5427 1907 5483 illis
1933 5423 2084 5481 l'cstis
2120 5438 2241 5494 quze
2273 5420 2327 5475 in
2355 5415 2493 5472 albis
2516 5412 2812 5475 celebrant,
2851 5406 2924 5459 ita
2954 5411 3009 5459 et
3040 5406 3095 5457 in
3126 5406 3229 5455 ista
3260 5411 3390 5469 aga-

79 5527 274 5591 tulcnt
316 5522 751 5599 antiphonam'in
781 5525 1043 5582 honorem
1080 5520 1308 5597 apostoli
1338 5534 1460 5576 cum
1487 5517 1692 5574 Gloria.
1799 5530 1910 5575 tur.

2365 5598 2595 5659 CAPUT
2634 5593 2811 5651 XLIII.

2053 5699 2281 5755 Annales
2313 5696 2442 5749 ritus
2473 5691 2618 5764 festis
2642 5690 2735 5743 hos
2762 5702 2909 5742 sorva
2932 5683 3129 5739 diebus.

1870 5794 2159 5857 Annalium
2202 5788 2558 5848 festivitatem
2610 5797 2855 5847 morem,
2904 5779 2965 5836 D.
3018 5772 3174 5834 Odilo
3222 5766 3391 5827 abbas
