3834 6304
551 321 693 382 ωτ
1648 325 1972 384 οιτιῡοκιε
1994 325 2286 383 ABBATIS
2319 327 2700 386 FARFENSIS
3638 348 3738 408 tu;

535 451 662 491 cum
689 433 1418 490 fratribusdeercvittalitcr
1436 429 1850 505 observandum,
1880 439 2127 495 videlicet
2157 445 2199 504 Α
2232 456 2350 495 nms
2401 453 2456 496 et
2499 441 2752 512 petimus,
2801 453 2856 498 et
2903 446 3248 517 prtccipimus
3291 457 3400 504 tam
3447 451 3496 505 in
3543 463 3627 513 nec
3657 461 3738 518 loco

533 525 732 580 Indies
768 525 975 581 Natalis
1009 525 1220 582 Domini
1257 525 1448 596 nostri,
1489 544 1824 586 summorum
1851 532 2122 602 apostolo-
2225 549 2385 602 quam
2413 535 2463 588 iu
2500 535 2712 590 cunctis
2749 534 2880 591 locis
2913 537 2980 592 ad
3020 538 3180 593 istum
3221 537 3395 594 loemu
3421 546 3738 612 pertinentibus

533 633 650 671 rum
687 617 828 672 Petri
857 627 912 672 et
941 617 1114 684 Pauli,
1144 619 1548 691 Assumptionis
1577 631 1780 678 sanctze
1797 623 1998 691 Maritc,
2019 642 2124 681 uno
2223 634 2495 680 servetur.
2531 627 2594 681 Et
2617 628 2660 682 si
2685 627 2880 699 aliquis
2909 644 2974 683 ex
3001 629 3103 685 ista
3131 643 3316 687 nostra
3343 634 3480 690 fideli
3510 639 3738 704 intentione
3816 665 3817 680 π

534 724 686 763 more
722 709 1108 766 celebrentur:
1159 719 1328 766 totum
1377 714 1764 768 monaSterium
1809 717 2119 784 ornabitur;
2224 717 2356 792 [al.,
2403 721 2744 795 inventione]
2798 725 3088 791 sumpserit
3138 727 3444 798 exemplum
3475 771 3490 795 ,
3537 738 3738 808 particeps

532 801 732 856 fratres
756 800 862 855 duo
883 811 937 855 et
960 803 1066 857 duo
1087 805 1268 858 omnia
1294 800 1632 874 responsoria
1665 810 2117 877 pronuntialmut;
2225 813 2470 868 omnium
2503 815 3067 872 bouormn‘efliciatnr
3095 828 3372 875 votorum.

547 895 633 944 luo
667 893 938 949 thuribnla
969 895 1035 949 ad
1067 896 1424 962 vespertinale
1450 911 1514 951 ac
1543 899 1858 954 matutinale
1883 900 2117 958 cilicium
2800 907 3029 964 CAPUT
3065 907 3229 962 XLV.

547 985 862 1049 j‘o-fersntttr,
891 996 941 1041 et
974 987 1038 1041 ad
1069 989 1381 1043 nocturnale
1410 1005 1574 1042 unum
1603 1008 1616 1044 :
1643 999 1769 1045 ante
1800 995 2118 1050 noctttruale
2310 996 2440 1052 Cum
2473 997 2623 1052 iubar
2647 1010 2722 1053 est
2754 1016 3006 1056 manuum
3033 1001 3103 1055 ad
3131 1001 3290 1056 talem
3321 1011 3513 1064 currite
3535 1011 3678 1068 ﬁrm.

523 1076 844 1147 obsequium
879 1079 1060 1132 omnia
1099 1079 1248 1149 signa
1281 1079 1363 1134 bis
1405 1080 1722 1148 pulsentur:
1751 1084 2115 1140 invitatoritun

524 1183 554 1222 a
581 1179 818 1237 quatuor
851 1170 1105 1226 fratribus
1130 1173 1477 1226 decantetur:
1503 1185 1655 1228 terna
1682 1191 1895 1246 quoque
1927 1179 2113 1247 poeula

523 1258 783 1314 fratribus
826 1262 1183 1332 propinentur
1227 1261 1490 1333 singulis,
1532 1279 1683 1334 cxcet
1705 1276 1754 1320 ta
1802 1269 2112 1337 quotidiana

520 1352 773 1417 portione
805 1353 934 1408 vini.

537 1467 542 1472 ε
590 1444 720 1497 Item
769 1444 909 1499 diem
935 1446 1288 1516 apparitionis
1339 1448 1548 1504 Domini
1591 1453 1878 1512 ύπαπάντι.
1908 1452 2110 1508 Ascen-

519 1534 708 1594 siouis.
739 1536 989 1588 nativitas
1029 1538 1201 1592 sancti
1233 1538 1456 1595 Joannis
1507 1542 1784 1609 Baptistae,
1814 1559 1920 1597 uno
1951 1547 2110 1601 modo

520 1635 765 1696 agentur.
821 1623 1013 1681 Omnia
1069 1632 1408 1698 responsoria
1465 1647 1492 1685 a
1535 1632 1743 1687 duobus
1795 1635 2109 1692 cantoribus

517 1717 1051 1786 pronuntiabuntur,
1104 1719 1472 1776 invitatoriam
1523 1739 1552 1776 a
1599 1726 1962 1794 quatuor:ad
2009 1743 2104 1782 ve-

2289 1086 2421 1146 Cum
2450 1089 2515 1142 ad
2548 1105 2684 1159 opus
2729 1106 2984 1146 manuum
3032 1097 3230 1152 exituri
3273 1107 3400 1154 sunt
3445 1101 3735 1169 fratres,sta-

2217 1180 2312 1234 titn
2363 1193 2485 1252 post
2534 1183 2763 1252 primam
2809 1185 3047 1242 dimissis
3101 1188 3462 1245 familiaribus
3501 1204 3548 1247 et
3589 1208 3734 1266 septem

2215 1276 2440 1345 psalmis
2473 1279 2724 1332 sacerdos
2757 1279 2976 1350 incipiat
3005 1279 3314 1349 lectionem,
3343 1300 3447 1354 qua
3474 1286 3617 1354 dicta,
3636 1292 3731 1345 sicut

2215 1376 2270 1421 et
2304 1367 2731 1436 matutinalibus,
2753 1369 2915 1424 missa
2947 1371 3119 1437 finita,
3135 1385 3359 1444 peracto
3383 1379 3602 1447 capitulo
3627 1383 3735 1438 simul

2217 1468 2435 1523 exeant,
2471 1467 2522 1511 et
2560 1459 2686 1513 dttm
2712 1459 2835 1514 illuc
2868 1460 2956 1514 tibi
2993 1460 3106 1517 fleri
3154 1466 3314 1522 debet
3357 1483 3510 1538 opus,
3537 1473 3732 1537 venerint,

2210 1549 2358 1618 prior
2407 1550 2628 1620 incipiat
2671 1567 2916 1619 versum,
2970 1553 3141 1618 Deus.
3186 1559 3240 1612 in
3283 1561 3594 1624 adiutorium
3621 1581 3735 1618 meum

2209 1640 2420 1694 intende
2443 1656 2458 1694 :
2491 1657 2599 1712 quo
2641 1645 3090 1712 respondentibus
3114 1649 3258 1712 aliis,
3285 1650 3433 1705 dicto
3459 1654 3618 1719 tertio,
3640 1656 3737 1710 dira-

2213 1741 2302 1784 tttr
2330 1732 2664 1804 Adjutorium
2697 1746 2932 1789 nostrum
2964 1739 3018 1792 in
3045 1741 3266 1795 nomine
3292 1741 3524 1806 Domini,
3555 1736 3613 1797 et.
3635 1746 3736 1801 dein.

517 1806 811 1876 spertinale
844 1817 898 1862 et
947 1808 1264 1866 Inalutinalc
1301 1811 1556 1876 cilicium.
1609 1815 1674 1868 ad
1723 1816 1994 1869 canticum
2041 1817 2108 1872 de
2139 1791 2183 1846 Β
2210 1791 2450 1892 cepsqui
2475 1826 2646 1880 acturi
2675 1837 2802 1880 sunt
2828 1841 2963 1896 opus
2991 1828 3271 1900 incipiant.
3299 1791 3539 1902 Cumque
3564 1835 3735 1902 ρεεΙιιιυς

518 1899 805 1970 Evangelio
851 1899 972 1952 bina
1026 1899 1294 1954 tbttribula
1340 1901 1790 1970 deportalmutur,
1848 1906 2106 1962 ntedietas

512 1991 680 2043 etiam
709 1988 955 2044 ecclesia:
985 1992 1323 2045 ornamentis
1349 1993 1656 2047 decoretur.

583 2081 752 2136 Porro
815 2081 1134 2135 festivitates
1190 2081 1444 2137 Omnium
1506 2085 1872 2147 Sanctorum,
1931 2089 2104 2142 sancti

513 2169 750 2232 Martini,
783 2171 921 2226 sicut
962 2170 1228 2227 festivitas
1272 2174 1638 2243 apostolorum
1683 2175 1828 2230 Petri
1870 2186 1922 2230 ct
1954 2178 2104 2234 Pauli

511 2279 610 2334 per
654 2265 834 2319 omnia
884 2274 1136 2336 agantur,
1186 2276 1382 2336 prteter
1428 2269 1578 2339 signa
1630 2283 1751 2338 qua:
1795 2271 1969 2325 solent
2022 2271 2104 2327 bis

512 2362 711 2430 pulsari
733 2372 857 2416 ante
887 2361 1121 2416 cilicium
1155 2363 1495 2428 nocturnale,
1524 2379 1641 2434 qum
1671 2366 1758 2419 hic
1787 2366 1950 2418 semel
1983 2381 2105 2436 pcr-

509 2456 757 2509 cutienda
790 2465 934 2524 sunt,
963 2466 1018 2513 et
1055 2456 1200 2527 quod
1242 2456 1407 2511 semel
1439 2458 1694 2512 miscetur
1736 2457 1996 2514 fratribus
2047 2461 2100 2540 iu

511 2548 807 2603 refectorio

1075 2639 1304 2698 CAPUT
1343 2641 1528 2697 XLIV.

605 2732 765 2788 Odiio
792 2744 1087 2788 nostrorum
1123 2735 1500 2788 monac/tarum
1530 2733 1713 2788 doctor
1738 2745 1786 2788 et
1822 2736 2001 2790 abbas.

581 2823 868 2879 Decretum
916 2833 1002 2879 est
1052 2825 1213 2879 etiam
1269 2839 1298 2877 a
1347 2819 1855 2894 sttpradicto'l’atre
1903 2827 2100 2882 domno

505 2919 733 2974 Odiloue
764 2933 868 2972 una
899 2932 1022 2972 cum
1053 2933 1320 2973 consensu
1349 2918 1591 2972 otnniom
1626 2920 1852 2972 fratrum
1881 2919 2102 2973 Clunia-

505 3011 773 3076 cettsium,
820 3021 879 3065 ut
925 3011 1066 3066 sicut
1103 3010 1155 3064 in
1206 3009 1464 3064 Ecclesiis
1495 3008 1607 3072 Dei,
1639 3025 1759 3080 qua:
1787 3026 1882 3080 per
1909 3010 2096 3063 orbem

505 3109 669 3156 terrze
714 3103 869 3174 longe
911 3104 1120 3172 lateque
1159 3111 1482 3157 constructa:
1529 3111 1671 3165 sunt,
1703 3103 1754 3154 in
1795 3101 1880 3156 die
1910 3100 2098 3156 Kalen-

505 3196 696 3248 darum
740 3194 1124 3249 Novembrium
1165 3195 1344 3265 agitur
1371 3196 1631 3251 festivitas
1662 3194 1912 3249 Omnium
1957 3195 2094 3249 San-

504 3296 718 3341 ctorum
755 3305 768 3342 :
809 3287 879 3340 ita
912 3288 1052 3356 apud
1083 3303 1180 3342 nos
1210 3299 1398 3358 agatur
1431 3288 1624 3343 festivo
1661 3303 1809 3342 more
1842 3286 2096 3342 Comme-

507 3379 739 3433 moratio
785 3377 1022 3433 fldelium
1071 3379 1446 3434 defunctorum
1474 3381 1583 3451 (Η)
1613 3398 1626 3436 :
1659 3380 1749 3434 tali
1797 3380 1988 3442 modo,
2039 3388 2096 3431 ttt

503 3469 618 3540 ipsa
645 3471 729 3525 die
753 3479 871 3540 post
903 3471 1196 3541 capitulum
1227 3471 1462 3526 decanns
1504 3481 1556 3524 et
1601 3472 1915 3526 celleraritts
1957 3469 2097 3525 refe-

504 3563 738 3617 ctionem
774 3562 1012 3618 tribuant
1057 3563 1310 3617 omnibus
1344 3562 1847 3632 supervenientibus
1897 3575 2096 3630 paupe-

503 3653 678 3718 ribus,
708 3653 850 3708 sicut
880 3669 996 3710 mos
1045 3663 1126 3710 est
1168 3653 1251 3724 agi
1289 3653 1343 3708 in
1384 3667 1540 3708 coena
1586 3653 1821 3712 Domini.
1853 3660 1908 3706 et
1941 3652 2094 3720 quid-

503 3745 631 3816 quid
667 3745 780 3815 ipsa
819 3745 906 3802 die
936 3746 1002 3802 de
1033 3745 1320 3801 relectorio
1373 3745 1693 3798 remanserit
1723 3739 2094 3814 elecmosyua-

502 3836 618 3891 rius
672 3837 918 3907 accipiat.
969 3836 1086 3908 ipsa
1144 3838 1308 3892 etiam
1362 3838 1450 3891 die
1502 3842 1623 3906 post
1672 3835 2089 3904 vespertinalem

503 3926 746 3999 synaxim
773 3928 1000 3997 pulsatis
1037 3927 1287 3982 omnibus
1335 3927 1501 3996 signis
1556 3935 1756 3980 canant
1805 3941 2090 3996 vesperam

504 4035 602 4090 pro
626 4020 895 4077 defunctis
922 4039 935 4076 :
960 4022 1210 4076 similiter
1235 4030 1288 4074 et
1312 4021 1364 4073 in
1398 4019 1636 4074 crastino
1663 4019 1886 4088 pulsatis
1915 4021 2091 4074 denuo

503 4113 669 4183 signis
719 4123 908 4182 agatur
963 4113 1195 4167 cilicium
1241 4128 1337 4182 pro
1385 4111 1671 4165 defunctis.
1717 4109 1876 4165 Missa
1927 4113 2088 4168 etiam

503 4206 837 4260 matutinalis
853 4215 1043 4276 agatur
1065 4206 1380 4262 solemniter
1405 4225 1503 4278 pro
1527 4209 1813 4264 defunctis.
1833 4209 2086 4262 Tractum

501 4309 724 4352 cantent
771 4298 877 4352 duo
936 4297 1160 4361 fratres;
1202 4301 1380 4354 cuncti
1420 4300 1653 4356 offerant
1708 4279 1984 4372 privatim,
2032 4307 2088 4353 et

498 4390 714 4459 publice
746 4391 938 4446 missas
967 4389 1238 4443 celebrent
1267 4406 1364 4460 pro
1393 4392 1576 4460 requie
1605 4393 1844 4446 omnium
1873 4391 2085 4446 anima-

2209 1913 2508 1972 fatniliarcs
2533 1933 2655 1971 cum
2694 1923 2909 1978 cantico
2937 1939 3098 1978 cursu
3132 1925 3371 1978 dixerint
3409 1925 3568 1996 (sicut
3591 1937 3634 1980 et
3655 1945 3736 1982 cum

2205 2020 2266 2059 se
2294 2005 2483 2060 radent
2514 2022 2674 2078 agere
2700 2011 2840 2064 soliti
2865 2014 3012 2082 sunt)
3046 2012 3256 2083 legatur
3287 2013 3359 2068 ibi
3384 2014 3538 2070 lectio
3565 2018 3620 2070 de
3645 2017 3738 2072 libro

2207 2095 2298 2163 qui
2325 2095 2532 2165 legitur
2567 2097 2617 2150 in
2651 2097 2958 2168 refectorio,
3005 2101 3049 2156 si
3096 2101 3222 2156 talis
3259 2111 3349 2156 est
3388 2104 3478 2173 qui
3525 2105 3587 2158 ad
3617 2107 3736 2159 :etlili.

2205 2183 2435 2239 caedum
2493 2184 2572 2239 vel
2615 2185 2679 2240 ad
2719 2188 3132 2244 tedilicationem
3181 2191 3489 2262 pertineat;
3533 2201 3584 2248 et
3619 2195 3738 2252 inter

2207 2276 2298 2345 qui
2333 2277 2397 2330 ad
2432 2278 2728 2333 servitores
2752 2280 2838 2334 illa
2869 2281 2994 2353 legit
3021 2283 3360 2340 hebdomada
3393 2298 3602 2357 portare
3627 2287 3739 2345 debet

2205 2369 2329 2425 illuc
2353 2369 2548 2426 librum
2580 2371 2720 2426 sicut
2764 2373 2818 2428 in
2858 2374 3240 2440 refectorium;
3287 2386 3346 2432 et
3391 2380 3555 2449 prior,
3594 2382 3658 2434 vel
3681 2383 3737 2437 cui

2205 2461 2354 2529 ittjun
2366 2464 2503 2518 xerit
2532 2464 2646 2534 ipse
2667 2479 2971 2521 sermonem
2997 2467 3240 2520 faciatde
3265 2467 3519 2530 lectione.
3544 2467 3738 2525 fratribtis

2206 2552 2422 2610 interim
2454 2555 2882 2624 quiescentibus.
2908 2555 3108 2610 lterum
3135 2572 3270 2626 opus
3303 2558 3554 2628 incipiant
3581 2562 3739 2630 etpsal-

2205 2657 2442 2700 moot'am
2479 2662 2640 2716 quam
2683 2662 2806 2700 cum
2843 2649 3082 2704 armario
3118 2642 3270 2720 prior
3314 2651 3547 2706 intmerit
3574 2652 3738 2723 (quibus

2201 2739 2542 2795 solummodo
2591 2738 2736 2810 loqui
2781 2739 2985 2796 licitum
3020 2751 3104 2796 est
3143 2740 3237 2812 ibi)
3287 2743 3463 2798 donec
3495 2746 3737 2799 revertendi

2204 2838 2415 2900 tempus
2439 2829 2762 2896 occurrerit,
2795 2840 3037 2886 cantent.
3077 2833 3212 2887 Cum
3244 2841 3429 2888 autem
3459 2835 3635 2889 reversi
3659 2834 3740 2887 fue-

2201 2922 2309 2975 rint
2335 2923 2388 2976 iu
2419 2922 2738 2986 claustrum,
2757 2923 2901 2977 dicto
2929 2939 3112 2987 versu,
3137 2924 3325 2978 statim
3347 2923 3636 2994 loquantur.
3657 2925 3739 2979 Taft

2201 3013 2360 3068 modo
2398 3028 2521 3069 cum
2580 3026 2700 3084 post
2745 3031 2944 3069 nouam
2994 3032 3130 3086 opus
3181 3032 3441 3070 manuum
3493 3020 3738 3088 aggressuri

2202 3114 2349 3170 sunt,
2383 3104 2605 3160 faciant.

2274 3195 2544 3252 Exeuntes
2587 3206 2766 3254 autem
2810 3209 2932 3268 post
2984 3214 3180 3252 nonam
3228 3199 3522 3256 familiares
3557 3203 3741 3273 psalmos

2197 3286 2267 3342 de
2294 3302 2517 3356 vespera
2549 3289 2805 3360 primitus
2835 3290 3156 3356 decantent;
3191 3291 3444 3346 similiter
3483 3304 3532 3350 et
3562 3295 3618 3349 de
3644 3295 3741 3349 Ouk

2199 3381 2356 3433 nibus
2404 3379 2621 3434 Sanctis
2645 3421 2660 3442 .
2684 3389 2738 3435 et
2787 3380 3119 3436 Mortnorum
3151 3396 3407 3453 vesperas
3431 3399 3548 3438 cum
3587 3385 3740 3447 ollicio,

2196 3480 2252 3525 et
2285 3470 2426 3526 Deus
2472 3472 2712 3536 nuribus,
2767 3481 2822 3527 et
2869 3472 3070 3528 faciant
3113 3482 3241 3530 ante
3289 3481 3346 3529 et
3392 3485 3568 3531 retro:
3597 3489 3739 3532 meo:

2195 3563 2535 3633 Adjutorium
2571 3575 2826 3618 nostrum.
2879 3566 3031 3621 Tunc
3061 3565 3406 3623 solummodo
3444 3567 3745 3630 itu-limati:

2197 3655 2526 3724 lieversique
2551 3655 2618 3710 de
2646 3655 2932 3711 collatione
2964 3656 3144 3728 legant
3187 3656 3508 3724 lectionem;
3532 3663 3742 3724 sermone

2193 3746 2357 3800 etiam
2389 3745 2629 3802 breviter
2655 3747 2818 3812 facto,
2843 3748 2989 3803 dicto
3021 3763 3180 3803 versu
3212 3747 3519 3820 loquantur.

2267 3837 2374 3894 Sed
2403 3854 2525 3894 cum
2555 3839 2608 3894 in
2641 3840 2726 3896 die
2758 3841 2922 3896 semel
2961 3841 3161 3896 exituri
3206 3852 3335 3896 sunt
3379 3843 3447 3897 ad
3490 3858 3615 3912 opus
3645 3856 3740 3896 ma-

2193 3945 2377 3993 nuum.
2405 3945 2527 3984 cum
2562 3931 2762 3985 reversi
2796 3929 2993 3985 fuerint
3025 3931 3079 3986 in
3116 3931 3438 3996 claustrum,
3487 3933 3650 4003 legant
3691 3932 3741 3985 de

2191 4021 2591 4087 collationibus,
2631 4023 2712 4075 vel
2753 4024 2860 4078 vita
2914 4022 3133 4078 Patrum
3179 4023 3490 4092 lectionem,
3529 4036 3742 4080 sermone

2190 4116 2353 4171 etiam
2383 4114 2549 4182 facto,
2580 4115 2724 4172 dicto
2761 4131 2921 4170 versu
2953 4114 3359 4185 colloquantur.

2262 4207 2320 4262 Si
2375 4207 2441 4262 ad
2489 4208 2778 4278 pistrimnu
2821 4207 3055 4273 vadunt,
3105 4206 3458 4278 psalmodiam
3491 4208 3550 4262 de
3595 4207 3741 4282 prima
3816 4239 3817 4274 7

2188 4309 2475 4370 propterea
2513 4315 2620 4354 non
2649 4299 2945 4354 dimittunt.
2987 4299 3168 4370 Neque
3201 4300 3586 4356 revertentibus
3611 4299 3743 4354 lenio

2188 4393 2404 4464 legitur,
2455 4391 2547 4446 sed
2597 4392 2933 4448 solummodo
2973 4391 3118 4446 dicto
3159 4407 3318 4448 versu
3369 4392 3490 4448 lotis
3527 4391 3744 4447 manibus

499 4493 618 4534 rum
649 4479 882 4535 tidelimn
911 4496 924 4534 :
954 4489 1008 4535 et
1043 4481 1324 4536 duodecim
1361 4495 1626 4550 pauperes
1658 4481 1988 4536 reficiantur.
2021 4480 2089 4538 Et
2116 4475 2160 4534 D
2193 4484 2262 4540 ad
2291 4483 2726 4541 ecclesiasticum
2758 4483 2872 4556 (ﬂ)
2911 4497 3046 4555 opus
3071 4493 3346 4556 aptentur.

498 4579 558 4625 ut
585 4571 687 4626 boc
723 4573 998 4627 decretum
1027 4581 1341 4642 perpetuum
1370 4574 1607 4642 vigorem
1632 4573 1897 4643 obtineat,
1924 4575 2079 4631 voln-

570 4751 682 4823 (M)
715 4750 1030 4823 Sigebertus
1059 4764 1246 4808 auctor
1278 4762 1358 4807 cst
1392 4751 1670 4808 Odiloaem
1705 4758 1848 4809 anno
1875 4756 2075 4811 Christi

499 4819 600 4876 998
645 4819 1225 4878 Cominemorationem
1273 4824 1514 4876 omnium
1565 4824 1942 4881 defunctorum
1992 4845 2080 4881 se-

495 4893 669 4963 cunda
701 4894 788 4948 die
814 4894 1132 4952 Novembris
1181 4893 1476 4949 instituisse
1515 4893 1568 4946 in
1599 4911 1697 4950 suo
1732 4899 2079 4963 monasterio,

494 4962 648 5030 cujus
685 4964 933 5034 exeutplo
971 4964 1037 5017 ad
1081 4975 1307 5018 caeteras
1352 4963 1608 5018 ecclesias
1657 4966 1768 5019 lucc
1820 4962 2084 5023 institutio

497 5033 856 5096 promanavit.
891 5033 1133 5088 O.lilouis
1158 5036 1257 5088 bac
1290 5035 1352 5088 de
1387 5049 1442 5087 re
1470 5036 1783 5089 constitutio
1807 5036 1860 5089 in
1892 5037 2084 5089 ltiltlio-

495 5099 650 5156 theca
677 5101 1014 5158 Cluuiacensi
1055 5104 1197 5159 edita
1236 5112 1320 5161 est
1385 5113 1439 5159 et
1490 5105 1543 5160 in
1577 5114 1722 5161 tomo
1759 5106 1778 5160 l
1817 5107 1997 5162 surculi
2029 5122 2081 5162 vt

2193 4747 2547 4802 Βεηριὶίιιιῑιιί.
3816 4795 3817 4814 1

2260 4817 2372 4888 (iii
2404 4819 2511 4872 lloc
2536 4819 2601 4872 de
2631 4818 2846 4882 hostiis,
2886 4833 2981 4872 seu
3018 4817 3249 4887 panibus
3295 4816 3360 4888 ad
3401 4817 3608 4888 missam
3634 4812 3744 4888 offe-
3816 4823 3817 4832 ‘

2189 4886 2374 4943 rendis
2400 4889 2754 4958 intelligitur:
2781 4886 3046 4957 siquidem
3071 4888 3324 4941 monachi
3351 4887 3448 4956 ipsi
3476 4887 3525 4940 iu
3548 4886 3745 4955 pistrino

2186 4959 2448 5025 singulari
2479 4962 2656 5013 studio
2679 4959 2933 5028 farinam,
2960 4969 3089 5012 etc..
3113 4958 3181 5010 ad
3213 4958 3320 5012 ltoe
3345 4973 3484 5025 opus
3503 4971 3744 5028 przepan-
3816 4985 3817 5024 ι

2187 5029 2338 5096 bant,
2371 5040 2422 5084 ut
2459 5030 2691 5086 vidimus
2721 5030 2772 5084 in
2802 5027 3038 5088 Constit.
3067 5028 3321 5096 llirsaug.
3351 5028 3442 5084 lib.
3469 5044 3528 5082 tt.

1883 5282 2036 5337 Finis
2063 5285 2184 5337 libri
2205 5285 2383 5352 primi.
