3864 6314
102 491 1449 522 ’,Μ-ψ...-

1086 629 1503 744 LIBER
1592 626 1840 740 SEC
1866 627 2389 743 UNDUS.

1168 378 1173 381 '
1232 357 1610 415 DiSClt’LINA
1638 354 2048 412 ΡΑιιιθΕῖςδιδ.

1826 275 1891 284 ...ι

3154 350 3305 418 £250

143 1016 183 1055 IN
226 1006 543 1060 QUOTIDIANIS
597 1004 781 1045 DIEBUS
832 1001 1219 1045 PROCURANDUM
1269 1001 1544 1040 SECUNDUM

1724 1005 1919 1059 habent
1958 1004 2007 1057 iu
2055 1005 2340 1063 altitudine
2383 1016 2644 1063 staturam
2694 1009 2926 1065 hominis
2956 1017 3215 1079 quantum
3245 1024 3304 1064 se

474 1075 718 1117 ιιεϐυωιιι
766 1076 811 1114 5.
851 1074 1154 1113 ΒΕΝΕΜΩΤΙ.

448 1153 514 1209 In
541 1153 726 1222 primis
757 1152 967 1206 matrice
998 1151 1186 1204 dictus.

90 1250 295 1321 Quisquis
325 1248 384 1307 ad
418 1256 675 1301 mternum
705 1243 906 1299 mavult
936 1241 1305 1298 conscendere
1332 1254 1555 1312 regnum

140 1342 274 1396 chCl
299 1342 359 1395 ad
386 1337 704 1409 astrigerum
737 1346 915 1390 mente
939 1333 1123 1390 subire
1153 1331 1358 1402 polum,

86 1433 327 1503 ltvlligione
355 1431 436 1502 pia
468 1430 591 1484 vita:
621 1428 937 1499 perquirere
966 1425 1178 1489 callem,

136 1524 372 1579 Scandere
397 1538 502 1592 quo
532 1522 703 1575 valeat
743 1532 907 1575 aurea
938 1534 1098 1591 regna
1124 1518 1290 1574 celer.

84 1616 154 1669 Est
180 1614 428 1668 monachis
454 1627 583 1666 usus
608 1612 884 1665 Benedicti
916 1611 1023 1665 vita
1053 1609 1340 1680 Patrisque

85 1708 300 1764 Pet-lectis
328 1705 480 1778 plano
507 1716 558 1759 et
595 1705 745 1759 suavi
777 1703 990 1758 tramite
1018 1704 1158 1768 vita;

83 1804 242 1872 Aspera
264 1802 348 1856 sed
374 1797 554 1868 pueris
589 1812 800 1852 necnon
832 1796 1096 1851 tironibus
1123 1806 1242 1851 arta

129 1892 249 1959 Quos
274 1888 395 1944 aluit
426 1888 634 1959 gremio
673 1887 844 1941 lactea
875 1885 984 1940 vita
1014 1887 1124 1941 diu.

80 1980 285 2035 Patribus
308 1995 335 2035 a
357 1979 559 2034 nostris
588 1979 638 2031 in
669 1993 829 2032 sacro
860 1979 1101 2033 carmine
1133 1964 1265 2048 legis

83 2072 176 2127 llaec
207 2074 404 2127 estvita
440 2072 620 2135 bonis,
651 2087 859 2126 necnon
896 2084 950 2125 et
987 2088 1173 2126 norma
1204 2070 1393 2125 salutis
1414 2086 1434 2125 :

81 2160 311 2217 iitBCllClle
339 2172 586 2216 materno
616 2170 772 2217 natos
793 2148 1024 2232 castigat
1051 2177 1256 2227 amore,

128 2253 291 2322 Arguit
314 2253 591 2318 erudiens,
613 2262 667 2308 et
692 2253 810 2307 sine
845 2252 969 2310 felle
993 2270 1215 2311 manens
1238 2266 1255 2314 :

130 2341 288 2400 librat
308 2355 359 2400 et
384 2348 691 2416 :equiparat
718 2357 773 2401 et
805 2347 1135 2402 moderando
1159 2348 1327 2403 minat
1354 2364 1367 2402 :

76 2434 248 2506 Arguit,
273 2436 536 2499 obsecrat,
575 2438 820 2508 increpat
849 2447 1010 2509 atque
1046 2437 1279 2495 libenter
1304 2439 1580 2494 emendat.

132 2529 266 2585 Dele!
296 2541 346 2584 et
373 2530 603 2586 ulterius
628 2528 772 2586 nulla
802 2530 1027 2585 lavanda
1055 2530 1190 2602 pati,

129 2618 183 2675 Et
209 2622 282 2676 via
311 2637 405 2694 per
431 2623 674 2679 medium
712 2624 858 2694 regia
887 2623 1047 2678 ducat
1069 2637 1217 2678 eum.

127 2711 394 2770 llortantur
418 2730 592 2771 sacra:
628 2714 810 2769 munia
835 2714 968 2786 legis
994 2730 1116 2771 eum
1142 2731 1158 2768 :

129 2803 373 2863 Scandere
400 2816 532 2863 tunc
556 2807 753 2877 poterit
792 2821 957 2879 regna
981 2806 1138 2861 beata
1166 2805 1272 2876 poli

74 2896 288 2967 Quisquis
312 2908 459 2954 amat
490 2898 683 2954 rutilos
719 2908 1031 2952 sanctorum
1058 2912 1281 2968 carpere
1314 2896 1545 2965 fructus,

124 2985 354 3045 Noctibus
381 2991 432 3046 in
463 2989 677 3045 cunctis
703 2988 1045 3044 consocietur
1074 2987 1185 3053 eis;

70 3077 268 3138 Moribus
290 3098 321 3138 ο
351 3092 516 3138 natus
545 3091 600 3137 et
625 3090 779 3137 casto
806 3094 1033 3151 corpore
1060 3087 1310 3149 comptus

124 3173 278 3242 Vivat,
300 3185 354 3232 et
375 3192 404 3230 a
434 3175 667 3232 Domino
698 3188 913 3242 semper
946 3182 1158 3227 amatus
1185 3174 1292 3227 erit

68 3263 339 3335 Sittacitus,
360 3266 604 3331 humilis,
633 3265 948 3320 miti-simus
974 3271 1137 3332 atque
1166 3263 1430 3332 benignus
1459 3279 1471 3314 :

126 3356 196 3413 Sit
224 3360 449 3430 patiens.
485 3359 721 3425 sobrius,
754 3358 1010 3426 providus
1041 3366 1203 3424 atque
1230 3355 1368 3415 pius.

66 3448 231 3507 lmlulis
254 3464 305 3507 et
334 3452 548 3516 docilis,
580 3450 797 3521 sapiens
828 3458 882 3503 et
913 3457 1092 3502 mente
1120 3447 1369 3518 pusillus,

118 3543 481 3616 Compunctns,
515 3543 758 3614 placidus
782 3550 834 3595 et
864 3541 1198 3596 benecantus
1224 3550 1333 3594 eat.

64 3634 245 3692 Excitat
271 3638 475 3694 interea
503 3638 683 3692 cordis
712 3634 1056 3704 compunctio
1087 3633 1311 3697 fontem,

118 3729 203 3796 Qui
230 3734 411 3787 sordes
436 3730 634 3786 anima:
664 3727 979 3796 illuviesque
1010 3724 1153 3779 lavet

60 3820 327 3877 Clirismate
352 3822 575 3895 perfuso
602 3838 615 3875 :
660 3823 1017 3890 lacrymarnm
1047 3816 1185 3870 fusio
1214 3814 1398 3869 fotitis.

117 3913 423 3986 Aiquiparat
452 3916 719 3977 maculas,
758 3911 917 3982 tergit
941 3919 1000 3965 ut
1027 3909 1117 3964 ille
1144 3908 1324 3980 nigras

60 4002 233 4075 'l'ergit,
268 4016 320 4061 et
348 4007 569 4062 ablutos
601 4018 729 4073 para
753 4004 833 4057 tisi
873 4004 972 4056 rite
1001 4000 1221 4056 colonos

118 4097 293 4162 Ellieit,
318 4108 375 4153 ut
415 4099 615 4154 habeat
635 4113 747 4167 tam
777 4096 892 4151 sine
918 4093 1023 4148 line
1053 4094 1199 4147 cives

55 4187 135 4253 Qui
167 4188 364 4261 iugiter
400 4189 581 4244 laudis
609 4178 814 4260 possint
851 4184 1155 4256 persolvere
1180 4193 1378 4254 grates,

114 4281 283 4338 Vivere
308 4299 431 4339 cum
461 4281 690 4337 Domino
728 4293 963 4348 semper,
988 4285 1041 4333 et
1070 4292 1190 4332 esse
1216 4291 1333 4330 suo.

539 4380 769 4452 CAPUT
818 4390 1109 4448 meum.

120 4491 188 4546 De
212 4492 469 4563 positione
501 4505 592 4543 seu
623 4486 1013 4542 mcusuratione
1040 4482 1363 4553 officinarum
1397 4476 1533 4548 (ιδ).

1505 3418 1530 3447 ν

106 4604 328 4660 Ecclesia
379 4600 738 4674 longitudinis
766 4615 866 4654 CXL
910 4598 1093 4668 pedes.
1123 4592 1433 4648 Altitudiuis
1464 4607 1531 4644 xl.
1564 4599 1620 4644 et

52 4704 159 4756 lrrs,
191 4698 440 4752 fenestra:
468 4696 656 4748 vitrea;~
684 4708 805 4748 δικ.
839 4687 1143 4759 Capilulum
1180 4701 1244 4739 XL
1286 4693 1341 4738 et
1383 4683 1619 4752 quinque

47 4785 187 4852 tedcs
233 4786 615 4859 longitudinis,
664 4782 963 4838 latitudinis
994 4796 1099 4834 xxx
1140 4787 1191 4834 et
1230 4784 1461 4845 quatuor
1496 4790 1508 4825 :
1551 4772 1616 4826 ad

46 4878 281 4934 orientem
326 4879 585 4936 fenestrae
632 4885 903 4947 quatuor;
945 4880 1135 4928 contra
1178 4866 1617 4938 septemtrionem

45 4975 164 5035 tres;
191 4981 376 5026 contra
404 4969 746 5026 occidentem
776 4964 1061 5021 duodecim
1109 4961 1365 5015 halcones
1385 4998 1400 5023 ,
1430 4972 1485 5011 et
1524 4971 1620 5027 per

47 5074 464 5133 tnutntquemque
496 5061 614 5116 dua:
644 5058 908 5114 colurnum
950 5055 1120 5108 allisa:
1156 5054 1208 5107 in
1247 5054 1346 5108 eis.
1387 5049 1617 5105 Audito-

44 5150 163 5205 rium
197 5169 295 5207 xxx
329 5153 501 5224 pedes
527 5147 905 5222 longitudinis;
935 5159 1150 5201 camera
1176 5158 1302 5197 vero
1325 5140 1616 5210 nonaginta

44 5243 188 5308 pedes
232 5244 613 5317 longitudinis.
666 5240 1049 5297 Dormitorium
1112 5233 1460 5306 longitudinis
1518 5248 1617 5287 CLX

55 5337 205 5400 tetes,
250 5336 557 5392 latitudinis
601 5351 709 5390 xxx
747 5342 797 5389 et
832 5341 1068 5402 quatuor
1107 5347 1119 5381 :
1163 5342 1352 5382 omnes
1381 5339 1510 5379 vero
1544 5322 1620 5379 fe-

42 5435 219 5490 .cstra:
240 5431 432 5485 vitrea
460 5443 581 5499 qua:
607 5428 661 5482 in
692 5440 759 5482 eo
787 5436 913 5499 sunt
941 5438 1004 5478 xc
1025 5430 1080 5478 et
1102 5430 1326 5491 septem.
1354 5426 1407 5471 et
1431 5431 1619 5471 omnes

105 5563 210 5632 (43)
237 5564 551 5632 Capitulum
601 5562 702 5616 hoc
739 5560 792 5613 in
836 5558 1055 5632 duobus
1094 5569 1224 5632 mss.
1256 5549 1616 5632 desideratur.

44 5618 115 5684 De.
146 5618 482 5689 ut'onasrterio
521 5631 785 5695 Farl'ensi,
834 5628 1056 5695 intelligi
1090 5625 1257 5695 debet
1289 5630 1348 5675 ut
1390 5618 1622 5675 habetur

40 5705 296 5760 annalium
328 5704 614 5759 Benedict.
643 5713 770 5757 tom.
801 5699 886 5765 IV,
915 5700 982 5768 ad
1010 5694 1099 5768 an.
1134 5694 1352 5768 lQll9_.___
1425 5760 1435 5768 _
1608 5757 1619 5768 ,

105 5775 210 5843 (ιι)
241 5777 296 5830 ld
327 5786 435 5839 est,
468 5776 717 5843 porticus.
760 5760 881 5826 Ital.
909 5766 1121 5823 Galeria
1166 5762 1371 5819 Mabill.
1401 5760 1464 5814 dc
1499 5760 1617 5813 uari

40 5846 254 5901 ccclesitr
284 5848 682 5915 interpretatur.

1718 1104 1894 1165 potest
1923 1096 2215 1152 extendere
2243 1115 2412 1169 usque
2451 1100 2518 1153 ad
2556 1101 2923 1155 summitatem
2965 1100 3146 1170 digiti;
3183 1101 3308 1155 lati-

1722 1184 1918 1237 tudinis
1950 1202 2075 1240 vero
2102 1188 2264 1254 pedes
2303 1189 2439 1243 duos
2476 1197 2531 1243 et
2566 1189 2845 1245 semissem
2897 1205 3082 1243 unum.
3114 1188 3311 1243 Altitu-

1719 1277 1860 1333 dinis
1889 1295 2163 1333 nutrorum
2192 1281 2380 1352 viginti
2409 1291 2463 1336 et
2490 1294 2600 1337 tres
2626 1283 2808 1351 pedes.
2840 1283 3062 1337 Latrina
3093 1290 3313 1351 septua-

1718 1370 1863 1441 ginta
1899 1372 2060 1440 pedes
2089 1372 2459 1443 longitudinis,
2503 1374 2804 1429 latitudinis
2834 1374 3021 1444 viginti
3069 1383 3126 1429 et
3156 1382 3304 1439 tres;

1718 1461 1866 1516 sella:
1894 1478 1961 1515 xc
1992 1470 2048 1516 et
2072 1464 2311 1533 quinque
2351 1465 2401 1517 in
2449 1465 2564 1533 ipsa
2595 1465 2754 1518 domo
2783 1463 3044 1518 ordinata:
3070 1474 3227 1529 sunt,
3258 1472 3313 1517 et

1722 1568 1818 1622 per
1861 1570 2304 1625 unamquamque
2334 1556 2533 1612 sellam
2578 1566 2758 1627 aptata
2806 1568 2889 1611 est
2919 1556 3211 1612 lenestrula
3258 1557 3312 1611 in

1720 1659 1875 1697 muro
1918 1644 2218 1701 altitudinis
2266 1646 2427 1717 pedes
2477 1648 2631 1712 duos,
2680 1647 2981 1703 latitudinis
3027 1648 3311 1702 semissem

1719 1750 1916 1800 unum;
1965 1744 2020 1790 et
2061 1751 2223 1807 super
2274 1738 2417 1807 ipsas
2462 1738 2679 1794 scllnlas
2730 1738 3057 1809 compositas
3104 1748 3310 1793 struem

1720 1825 2026 1895 lignorum,
2076 1837 2130 1883 et
2186 1842 2352 1899 super
2402 1831 2573 1901 ipsam
2619 1834 3081 1888 constructionem
3135 1830 3310 1901 ligno-

1719 1934 1839 1977 rum
1871 1918 2028 1975 factm
2059 1929 2186 1976 sunt
2230 1921 2486 1978 fenestrae
2525 1924 2710 1978 decem
2757 1932 2811 1979 et
2847 1935 3077 1993 septem,
3124 1923 3312 1978 altitu-

1719 2009 1863 2066 diuis
1916 2023 2024 2068 tres
2074 2016 2267 2084 pedes,
2320 2016 2619 2071 latitudinis
2666 2017 2855 2085 pedem
2903 2025 2959 2071 et
3004 2016 3308 2072 semissem.

1720 2102 2136 2161 Calor-actoriqu
2165 2123 2271 2161 xxv
2294 2108 2457 2177 pedes
2483 2107 2805 2174 latitudinis.
2833 2110 3130 2178 eademque
3162 2124 3313 2164 men-

1719 2206 1845 2247 sura
1876 2194 2247 2266 longitudinis.
2279 2197 2327 2252 A
2351 2196 2515 2265 janua
2542 2198 2786 2254 ecclesiae
2811 2214 2980 2269 usque
3013 2198 3081 2253 ad
3110 2200 3313 2254 ostium

1720 2285 2050 2343 calefactorii
2098 2289 2261 2358 pedes
2312 2304 2472 2345 Lxxv.
2539 2289 2904 2346 Refectorium
2963 2290 3312 2361 longitudinis

1722 2377 1885 2445 pedes
1908 2378 2323 2445 xc,latitudinis
2348 2396 2473 2446 xxv,
2497 2380 2835 2436 altitudinem
2860 2394 3137 2435 murorum
3156 2393 3310 2435 xxttt.

1720 2466 1998 2525 Fenestra:
2025 2470 2231 2537 vitreae,
2263 2486 2382 2539 qua:
2422 2462 2475 2525 in
2521 2485 2587 2525 eo
2616 2482 2742 2525 sunt
2768 2485 2834 2525 ex
2883 2479 3111 2541 utraque
3157 2480 3311 2541 parte

1718 2572 1865 2629 oi'to,
1891 2571 1944 2617 et
1969 2577 2160 2617 omnes
2186 2563 2386 2618 habent
2407 2563 2707 2618 altitudinis
2731 2563 2894 2632 pedes
2920 2578 2973 2628 v,
3014 2562 3313 2619 latitudinis

1722 2659 1851 2707 tres.
1882 2652 2122 2721 Coquina
2174 2652 2437 2724 regularis
2484 2669 2588 2707 xxx
2642 2653 2805 2723 pedes
2844 2652 3209 2723 longitudine,
3258 2660 3313 2706 et

1722 2740 2001 2797 latitudine
2046 2757 2171 2796 xxv.
2219 2742 2462 2811 Coqnina
2516 2742 2773 2798 laicorntu
2819 2742 3119 2813 eademque
3154 2757 3311 2799 men—

1720 2846 1866 2887 sura.
1935 2832 2150 2889 Ccllarii
2212 2848 2341 2890 vero
2403 2832 2684 2905 longitudo
2740 2849 2883 2901 Lxx,
2953 2834 3182 2891 latitudo
3241 2849 3311 2889 ιι

1722 2924 1902 2994 pedes.

1794 3015 2271 3087 Eleemosyuarum
2305 3018 2506 3088 quippe
2533 3017 2666 3093 cella
2718 3018 2882 3088 pedes
2913 3016 3214 3073 latitudinis
3254 3034 3309 3084 x,

1721 3105 2074 3178 longitudinis
2104 3125 2193 3174 ωε,
2225 3110 2290 3163 ad
2322 3110 2730 3165 similitudinem
2757 3110 3057 3165 latitudinis
3084 3109 3321 3166 cellarii-

1720 3202 1923 3258 Galilea
1974 3202 2088 3274 (Η)
2131 3203 2483 3273 longitudinis
2522 3219 2626 3258 va
2675 3204 2839 3272 pedes
2867 3212 2922 3259 et
2962 3204 3080 3258 diue
3135 3213 3313 3259 turres

1723 3296 1890 3364 ipsius
1928 3297 2147 3352 Galileaa
2179 3297 2233 3350 in
2281 3297 2459 3352 fronte
2497 3297 2832 3363 constitute;
2863 3307 2916 3351 et
2954 3295 3139 3351 subter
3166 3297 3309 3367 ipsas

1722 3387 1919 3439 atrium
1957 3395 2037 3440 est
2062 3385 2150 3439 ubi
2182 3385 2302 3440 laici
2334 3396 2502 3452 stant,
2534 3396 2593 3440 ut
2634 3402 2740 3442 non
2777 3384 3069 3454 impediant
3096 3400 3315 3454 proces-

1724 3476 1955 3529 sionem.
2000 3476 2046 3529 Α
2085 3484 2239 3547 porta
2275 3475 2570 3530 meridiana
2602 3491 2773 3545 usque
2804 3477 2870 3529 ad
2908 3486 3121 3544 portam
3152 3475 3311 3543 aqui-

1722 3564 1987 3620 louariam
2021 3567 2184 3635 pedes
2211 3581 2441 3620 cetxxx.
2476 3564 2733 3621 Sacristia
2772 3565 2934 3634 pedes
2965 3564 3313 3636 longitudinis

1645 3674 1692 3738 ο
1724 3672 1853 3711 Lvut
1895 3673 2015 3711 cum
2050 3666 2197 3711 turre
2240 3672 2360 3726 qua:
2408 3655 2460 3709 iu
2498 3657 2678 3727 capite
2724 3657 2841 3727 eius
2881 3656 3172 3711 constituta
3204 3663 3308 3709 est.

1722 3750 2031 3805 Oratoriqu
2084 3758 2284 3803 sancta:
2330 3748 2541 3803 Mariae
2571 3748 2921 3819 longitudinis
2972 3762 3072 3802 va
3123 3747 3311 3817 pedes,

1723 3841 2022 3896 latitudinis
2066 3856 2179 3905 xx,
2234 3856 2513 3895 murorum
2572 3840 2870 3895 altitudinis
2928 3854 3061 3893 χχιιι
3126 3838 3308 3908 pedes.

1722 3932 1901 3987 Prima
1933 3933 2122 3988 cellula
2177 3933 2519 3988 inﬁrmorum
2566 3932 2904 3987 latitudinem
2940 3946 3086 3985 xxvu
3122 3930 3308 4001 pedes.

1722 4025 2108 4096 longitudinem
2142 4040 2248 4080 xxv
2284 4041 2407 4080 cum
2438 4024 2593 4080 lectis
2618 4034 2740 4079 oeto
2776 4032 2832 4078 et
2856 4022 3063 4077 cellulis
3090 4022 3311 4077 totident

1722 4116 1776 4171 in
1803 4118 2068 4185 porticum
2092 4114 2248 4184 juxta
2282 4132 2499 4171 murum
2527 4115 2696 4187 ipsius
2730 4114 2936 4169 cellula:
2978 4114 3043 4169 de
3069 4112 3220 4177 furis,
3256 4121 3312 4168 ct

1722 4209 1952 4263 claustra
2004 4208 2273 4279 praadictaa
2321 4207 2530 4263 cellula:
2583 4207 2746 4260 habet
2787 4204 3087 4260 latitudinis
3150 4203 3313 4272 pedes

1724 4300 2028 4354 duodecim.
2073 4299 2321 4352 Secunda
2366 4296 2553 4353 cellula
2599 4296 2849 4351 similiter
2889 4310 2985 4363 per
3021 4295 3198 4349 omnia
3228 4304 3313 4349 est.

1722 4402 1992 4462 cooptata.
2023 4391 2204 4446 Tertia
2235 4391 2537 4460 eodemque
2561 4388 2737 4443 modo.
2771 4386 3033 4441 Similiter
3058 4386 3221 4441 etiam
3252 4394 3309 4441 et

1720 4494 1935 4555 quarta.
1969 4484 2166 4551 Quinta
2200 4483 2271 4537 sit
2309 4481 2487 4536 minor
2531 4480 2617 4535 ubi
2658 4480 2984 4534 conveniant
3012 4477 3207 4532 inﬁrmi
3242 4477 3309 4531 ad

1721 4575 2007 4630 laVaudum
2050 4574 2213 4644 pedes
2260 4572 2346 4626 die
2398 4570 2749 4626 sabbatorum
2783 4585 2796 4622 :
2827 4566 2911 4622 vel
2961 4566 3034 4621 illi
3086 4567 3308 4640 fratres,

1721 4667 1812 4738 qui
1860 4666 2005 4722 exu.i
2057 4665 2342 4736 (45l’sunt
2397 4662 2465 4716 ad
2516 4661 2854 4715 mutandum.
2901 4658 3065 4715 Sexta
3119 4658 3309 4714 c‘cllula

1722 4766 2020 4832 prmparata
2050 4758 2121 4813 sit
2161 4754 2253 4811 ubi
2278 4753 2463 4808 famuli
2493 4753 2795 4807 servientes
2835 4750 2939 4806 illis
2974 4751 3153 4806 lavent
3186 4766 3307 4805 scu-

1726 4852 1895 4915 tellas,
1942 4861 1997 4905 et
2043 4849 2226 4904 omnia
2266 4844 2538 4901 utensilia.
2564 4843 2725 4900 Juxta
2769 4844 3027 4900 Galileam
3063 4853 3307 4898 constru-

1722 4949 1868 4996 ctum
1918 4940 2078 4995 debet
2121 4951 2242 4993 esse
2285 4934 2545 5006 palatium
2598 4933 2952 5005 longitudinis
2996 4949 3097 4988 ειν
3127 4932 3303 5003 pedes,

1652 5023 1695 5079 Ι)
1722 5032 2019 5087 latitudinis
2044 5046 2171 5106 axx
2206 5030 2271 5084 ad
2306 5027 2673 5099 recipiendum
2710 5042 2899 5083 omnes
2928 5038 3310 5095 supervenient.

1721 5137 1800 5181 tes
1830 5124 2077 5180 homines
2103 5123 2191 5191 qui
2227 5140 2348 5179 cum
2385 5123 2656 5193 equitibus
2678 5116 3085 5174 adventaverint
3116 5128 3309 5168 mona-

1721 5220 1905 5273 sterio.
1940 5217 2017 5271 Ex
2041 5232 2145 5271 una
2175 5228 2329 5287 parte
2353 5217 2521 5285 ipsius
2547 5216 2738 5269 domus
2763 5222 2887 5267 sunt
2915 5217 3212 5279 prmparata
3240 5223 3309 5265 χι.

1721 5310 1857 5364 lecta
1885 5319 1936 5364 et
1968 5308 2191 5363 totidem
2242 5307 2444 5377 pulvilli
2472 5322 2555 5359 ex
2605 5304 2787 5374 pallio,
2837 5301 2925 5355 ubi
2958 5299 3308 5369 requiescant

1722 5402 1821 5457 viri
1856 5412 2090 5462 tantum.
2119 5416 2241 5456 eum
2272 5399 2484 5455 latrinis
2512 5413 2597 5451 ιι..
2628 5397 2705 5450 Ex
2750 5394 2853 5449 alia
2883 5406 3119 5461 namque
3152 5400 3310 5461 parte

1797 5539 1909 5632 (45)
1940 5538 2015 5592 lta
2046 5536 2349 5606 legendum,
2385 5549 2490 5588 non
2510 5532 2716 5614 exusti,
2756 5539 2814 5583 ut
2842 5528 2981 5582 alius
3017 5528 3182 5581 codex
3209 5534 3309 5606 tia:

1797 5621 1807 5632 .
1868 5608 1995 5632 ιιι..
2028 5605 2296 5632 --.....I:.....
2325 5604 2572 5632 ηιμ-ηιμ...
2635 5611 2741 5632 ιηηι
2798 5599 2836 5632 ΙΙ
2904 5612 3005 5632 una
3057 5595 3163 5632 ΚἿΛ
3215 5594 3303 5632 "In

1723 5594 1833 5665 Ιιιεί.
1868 5594 1997 5664 Vide
2027 5594 2298 5662 annalium
2325 5594 2598 5659 Benedict.
2635 5594 2760 5656 tom.
2797 5599 2866 5659 ll,
2904 5612 3023 5669 pag.
3054 5595 3185 5661 570,
3215 5594 3305 5669 ubi

1723 5664 1889 5736 habes
1940 5677 2353 5733 delineationem
2418 5675 2658 5745 antiquae
2713 5664 2933 5726 fabricae
2977 5664 3307 5725 wmonasterii

1724 5752 1908 5806 Sancti
1935 5748 2095 5805 Galli.
