  <div class='ocr_page' id='page_1' title='image "/cluster/home/n/w/nwhite01/storage/ocr_20150623/150/hvd.32044015473788/629.png"; bbox 0 0 3864 6314; ppageno 0'>
   <div class='ocr_carea' id='block_1_1' title="bbox 555 352 685 412">
    <p class='ocr_par' dir='ltr' id='par_1_1' title="bbox 555 352 685 412">
     <span class='ocr_line' id='line_1_1' title="bbox 555 352 685 412; baseline -0.031 0"><span class='ocrx_word' id='word_1_1' title='bbox 555 352 685 412; x_wconf 67' lang='grc'><strong>1231</strong></span> 
     </span>
    </p>
   </div>
   <div class='ocr_carea' id='block_1_2' title="bbox 1665 311 3698 411">
    <p class='ocr_par' dir='ltr' id='par_1_2' title="bbox 1665 311 3698 411">
     <span class='ocr_line' id='line_1_2' title="bbox 1665 311 3698 411; baseline 0.002 -7"><span class='ocrx_word' id='word_1_2' title='bbox 1665 343 1991 405; x_wconf 56' lang='lat' dir='ltr'><strong>actuosus</strong></span> <span class='ocrx_word' id='word_1_3' title='bbox 2025 341 2317 400; x_wconf 56' lang='lat' dir='ltr'><strong>sumens</strong></span> <span class='ocrx_word' id='word_1_4' title='bbox 2355 340 2736 399; x_wconf 55' lang='lat' dir='ltr'><strong>ruamus</strong></span> <span class='ocrx_word' id='word_1_5' title='bbox 3326 311 3339 319; x_wconf 71' lang='grc'><em>’</em></span> <span class='ocrx_word' id='word_1_6' title='bbox 3612 353 3698 411; x_wconf 72' lang='lat' dir='ltr'><strong>ua</strong></span> 
     </span>
    </p>
   </div>
   <div class='ocr_carea' id='block_1_3' title="bbox 553 457 3700 535">
    <p class='ocr_par' dir='ltr' id='par_1_3' title="bbox 553 457 3700 535">
     <span class='ocr_line' id='line_1_3' title="bbox 553 457 3700 535; baseline -0.002 -13"><span class='ocrx_word' id='word_1_7' title='bbox 553 464 786 522; x_wconf 98' lang='lat' dir='ltr'><strong>ordinati</strong></span> <span class='ocrx_word' id='word_1_8' title='bbox 840 473 965 520; x_wconf 88' lang='lat' dir='ltr'><strong>sunt</strong></span> <span class='ocrx_word' id='word_1_9' title='bbox 1012 463 1191 520; x_wconf 92' lang='lat' dir='ltr'><strong>lectuli</strong></span> <span class='ocrx_word' id='word_1_10' title='bbox 1245 479 1351 519; x_wconf 78' lang='lat' dir='ltr'><strong>xxx</strong></span> <span class='ocrx_word' id='word_1_11' title='bbox 1407 462 1498 519; x_wconf 90' lang='lat' dir='ltr'><strong>ubi</strong></span> <span class='ocrx_word' id='word_1_12' title='bbox 1550 462 1843 518; x_wconf 75' lang='lat' dir='ltr'><strong>comitissze</strong></span> <span class='ocrx_word' id='word_1_13' title='bbox 1897 461 1981 516; x_wconf 89' lang='lat' dir='ltr'><strong>vel</strong></span> <span class='ocrx_word' id='word_1_14' title='bbox 2030 459 2149 514; x_wconf 71' lang='lat' dir='ltr'><strong>alia:</strong></span> <span class='ocrx_word' id='word_1_15' title='bbox 2178 458 2431 518; x_wconf 84' lang='lat' dir='ltr'><strong>Adinem</strong></span> <span class='ocrx_word' id='word_1_16' title='bbox 2460 457 2917 528; x_wconf 82' lang='lat' dir='ltr'><strong>quemadmodum</strong></span> <span class='ocrx_word' id='word_1_17' title='bbox 2942 465 3229 524; x_wconf 90' lang='lat' dir='ltr'><strong>venerunt,</strong></span> <span class='ocrx_word' id='word_1_18' title='bbox 3268 468 3321 515; x_wconf 89' lang='lat' dir='ltr'><strong>et</strong></span> <span class='ocrx_word' id='word_1_19' title='bbox 3360 459 3700 535; x_wconf 59' lang='lat' dir='ltr'><strong>legatumque.</strong></span> 
     </span>
    </p>
   </div>
   <div class='ocr_carea' id='block_1_4' title="bbox 552 550 2148 626">
    <p class='ocr_par' dir='ltr' id='par_1_4' title="bbox 552 550 2148 626">
     <span class='ocr_line' id='line_1_4' title="bbox 552 550 2148 626; baseline -0.003 -15"><span class='ocrx_word' id='word_1_20' title='bbox 552 554 795 611; x_wconf 77' lang='lat' dir='ltr'><strong>honesta:</strong></span> <span class='ocrx_word' id='word_1_21' title='bbox 822 556 1075 610; x_wconf 92' lang='lat' dir='ltr'><strong>mulieres</strong></span> <span class='ocrx_word' id='word_1_22' title='bbox 1105 563 1335 626; x_wconf 89' lang='lat' dir='ltr'><strong>pausent</strong></span> <span class='ocrx_word' id='word_1_23' title='bbox 1360 568 1482 611; x_wconf 90' lang='lat' dir='ltr'><strong>cum</strong></span> <span class='ocrx_word' id='word_1_24' title='bbox 1512 552 1729 608; x_wconf 87' lang='lat' dir='ltr'><strong>latriuis</strong></span> <span class='ocrx_word' id='word_1_25' title='bbox 1764 568 1872 607; x_wconf 88' lang='lat' dir='ltr'><strong>xxx</strong></span> <span class='ocrx_word' id='word_1_26' title='bbox 1901 552 1990 608; x_wconf 88' lang='lat' dir='ltr'><strong>ubi</strong></span> <span class='ocrx_word' id='word_1_27' title='bbox 2020 550 2148 607; x_wconf 70' lang='lat' dir='ltr'><strong>solae</strong></span> 
     </span>
    </p>
   </div>
   <div class='ocr_carea' id='block_1_5' title="bbox 555 640 2146 717">
    <p class='ocr_par' dir='ltr' id='par_1_5' title="bbox 555 640 2146 717">
     <span class='ocr_line' id='line_1_5' title="bbox 555 640 2146 717; baseline -0.003 -15"><span class='ocrx_word' id='word_1_28' title='bbox 555 647 685 717; x_wconf 75' lang='lat' dir='ltr'><strong>ipsa!</strong></span> <span class='ocrx_word' id='word_1_29' title='bbox 741 661 869 702; x_wconf 92' lang='lat' dir='ltr'><strong>suas</strong></span> <span class='ocrx_word' id='word_1_30' title='bbox 926 645 1217 717; x_wconf 86' lang='lat' dir='ltr'><strong>indigerias</strong></span> <span class='ocrx_word' id='word_1_31' title='bbox 1269 654 1582 716; x_wconf 89' lang='lat' dir='ltr'><strong>procurent.</strong></span> <span class='ocrx_word' id='word_1_32' title='bbox 1632 644 1690 699; x_wconf 87' lang='lat' dir='ltr'><strong>in</strong></span> <span class='ocrx_word' id='word_1_33' title='bbox 1736 640 1915 699; x_wconf 87' lang='lat' dir='ltr'><strong>medio</strong></span> <span class='ocrx_word' id='word_1_34' title='bbox 1964 650 2146 698; x_wconf 88' lang='lat' dir='ltr'><strong>autem</strong></span> 
     </span>
    </p>
   </div>
   <div class='ocr_carea' id='block_1_6' title="bbox 555 733 2149 808">
    <p class='ocr_par' dir='ltr' id='par_1_6' title="bbox 555 733 2149 808">
     <span class='ocr_line' id='line_1_6' title="bbox 555 733 2149 808; baseline 0 -18"><span class='ocrx_word' id='word_1_35' title='bbox 555 736 725 806; x_wconf 86' lang='lat' dir='ltr'><strong>ipsius</strong></span> <span class='ocrx_word' id='word_1_36' title='bbox 772 735 958 808; x_wconf 90' lang='lat' dir='ltr'><strong>palatii</strong></span> <span class='ocrx_word' id='word_1_37' title='bbox 1017 735 1188 791; x_wconf 71' lang='lat' dir='ltr'><strong>afﬁxa:</strong></span> <span class='ocrx_word' id='word_1_38' title='bbox 1239 736 1351 792; x_wconf 86' lang='lat' dir='ltr'><strong>sint.</strong></span> <span class='ocrx_word' id='word_1_39' title='bbox 1406 750 1607 791; x_wconf 62' lang='lat' dir='ltr'><strong>mensa:</strong></span> <span class='ocrx_word' id='word_1_40' title='bbox 1658 735 1819 792; x_wconf 87' lang='lat' dir='ltr'><strong>sicuti</strong></span> <span class='ocrx_word' id='word_1_41' title='bbox 1870 733 2149 791; x_wconf 85' lang='lat' dir='ltr'><strong>refectorii</strong></span> 
     </span>
    </p>
   </div>
   <div class='ocr_carea' id='block_1_7' title="bbox 558 827 1863 898">
    <p class='ocr_par' dir='ltr' id='par_1_7' title="bbox 558 827 1863 898">
     <span class='ocr_line' id='line_1_7' title="bbox 558 827 1863 898; baseline 0.002 -17"><span class='ocrx_word' id='word_1_42' title='bbox 558 828 754 883; x_wconf 71' lang='lat' dir='ltr'><strong>tabula:</strong></span> <span class='ocrx_word' id='word_1_43' title='bbox 785 828 871 882; x_wconf 87' lang='lat' dir='ltr'><strong>ubi</strong></span> <span class='ocrx_word' id='word_1_44' title='bbox 912 827 1075 882; x_wconf 87' lang='lat' dir='ltr'><strong>edant</strong></span> <span class='ocrx_word' id='word_1_45' title='bbox 1114 839 1221 882; x_wconf 90' lang='lat' dir='ltr'><strong>tam</strong></span> <span class='ocrx_word' id='word_1_46' title='bbox 1258 828 1358 883; x_wconf 88' lang='lat' dir='ltr'><strong>viri</strong></span> <span class='ocrx_word' id='word_1_47' title='bbox 1390 843 1553 898; x_wconf 87' lang='lat' dir='ltr'><strong>quam</strong></span> <span class='ocrx_word' id='word_1_48' title='bbox 1581 828 1863 884; x_wconf 84' lang='lat' dir='ltr'><strong>mulieres.</strong></span> 
     </span>
    </p>
   </div>
   <div class='ocr_carea' id='block_1_8' title="bbox 625 917 2151 991">
    <p class='ocr_par' dir='ltr' id='par_1_8' title="bbox 625 917 2151 991">
     <span class='ocr_line' id='line_1_8' title="bbox 625 917 2151 991; baseline 0.001 -20"><span class='ocrx_word' id='word_1_49' title='bbox 625 918 683 973; x_wconf 89' lang='lat' dir='ltr'><strong>in</strong></span> <span class='ocrx_word' id='word_1_50' title='bbox 716 918 1097 973; x_wconf 89' lang='lat' dir='ltr'><strong>festivitatibus</strong></span> <span class='ocrx_word' id='word_1_51' title='bbox 1141 918 1352 988; x_wconf 81' lang='lat' dir='ltr'><strong>magnis</strong></span> <span class='ocrx_word' id='word_1_52' title='bbox 1401 920 1473 973; x_wconf 91' lang='lat' dir='ltr'><strong>sit</strong></span> <span class='ocrx_word' id='word_1_53' title='bbox 1512 920 1624 991; x_wconf 88' lang='lat' dir='ltr'><strong>ipsa</strong></span> <span class='ocrx_word' id='word_1_54' title='bbox 1664 920 1857 975; x_wconf 88' lang='lat' dir='ltr'><strong>domus</strong></span> <span class='ocrx_word' id='word_1_55' title='bbox 1885 917 2151 974; x_wconf 80' lang='lat' dir='ltr'><strong>adornata</strong></span> 
     </span>
    </p>
   </div>
   <div class='ocr_carea' id='block_1_9' title="bbox 555 1010 2151 1085">
    <p class='ocr_par' dir='ltr' id='par_1_9' title="bbox 555 1010 2151 1085">
     <span class='ocr_line' id='line_1_9' title="bbox 555 1010 2151 1085; baseline 0.003 -20"><span class='ocrx_word' id='word_1_56' title='bbox 555 1026 678 1065; x_wconf 89' lang='lat' dir='ltr'><strong>cum</strong></span> <span class='ocrx_word' id='word_1_57' title='bbox 713 1010 939 1064; x_wconf 88' lang='lat' dir='ltr'><strong>cortinis</strong></span> <span class='ocrx_word' id='word_1_58' title='bbox 962 1020 1015 1064; x_wconf 89' lang='lat' dir='ltr'><strong>et</strong></span> <span class='ocrx_word' id='word_1_59' title='bbox 1047 1010 1222 1080; x_wconf 88' lang='lat' dir='ltr'><strong>palliis</strong></span> <span class='ocrx_word' id='word_1_60' title='bbox 1256 1020 1307 1066; x_wconf 91' lang='lat' dir='ltr'><strong>et</strong></span> <span class='ocrx_word' id='word_1_61' title='bbox 1340 1012 1676 1068; x_wconf 88' lang='lat' dir='ltr'><strong>banicalibus</strong></span> <span class='ocrx_word' id='word_1_62' title='bbox 1707 1010 2069 1085; x_wconf 89' lang='lat' dir='ltr'><strong>[bancalibus]</strong></span> <span class='ocrx_word' id='word_1_63' title='bbox 2095 1013 2151 1069; x_wconf 89' lang='lat' dir='ltr'><strong>in</strong></span> 
     </span>
    </p>
   </div>
   <div class='ocr_carea' id='block_1_10' title="bbox 565 1102 2151 1176">
    <p class='ocr_par' dir='ltr' id='par_1_10' title="bbox 565 1102 2151 1176">
     <span class='ocr_line' id='line_1_10' title="bbox 565 1102 2151 1176; baseline 0.004 -19"><span class='ocrx_word' id='word_1_64' title='bbox 565 1102 821 1157; x_wconf 75' lang='lat' dir='ltr'><strong>Sedilibns</strong></span> <span class='ocrx_word' id='word_1_65' title='bbox 853 1103 1112 1173; x_wconf 87' lang='lat' dir='ltr'><strong>ipsorum.</strong></span> <span class='ocrx_word' id='word_1_66' title='bbox 1148 1102 1202 1158; x_wconf 93' lang='lat' dir='ltr'><strong>ln</strong></span> <span class='ocrx_word' id='word_1_67' title='bbox 1244 1104 1425 1159; x_wconf 89' lang='lat' dir='ltr'><strong>fronte</strong></span> <span class='ocrx_word' id='word_1_68' title='bbox 1476 1106 1644 1176; x_wconf 90' lang='lat' dir='ltr'><strong>ipsius</strong></span> <span class='ocrx_word' id='word_1_69' title='bbox 1686 1107 1760 1162; x_wconf 89' lang='lat' dir='ltr'><strong>sit</strong></span> <span class='ocrx_word' id='word_1_70' title='bbox 1810 1107 1915 1162; x_wconf 89' lang='lat' dir='ltr'><strong>alia</strong></span> <span class='ocrx_word' id='word_1_71' title='bbox 1958 1110 2151 1164; x_wconf 91' lang='lat' dir='ltr'><strong>domus</strong></span> 
     </span>
    </p>
   </div>
   <div class='ocr_carea' id='block_1_11' title="bbox 565 1193 2151 1271">
    <p class='ocr_par' dir='ltr' id='par_1_11' title="bbox 565 1193 2151 1271">
     <span class='ocr_line' id='line_1_11' title="bbox 565 1193 2151 1271; baseline 0.005 -22"><span class='ocrx_word' id='word_1_72' title='bbox 565 1193 907 1266; x_wconf 80' lang='lat' dir='ltr'><strong>longitudinis</strong></span> <span class='ocrx_word' id='word_1_73' title='bbox 935 1197 1098 1265; x_wconf 88' lang='lat' dir='ltr'><strong>pedes</strong></span> <span class='ocrx_word' id='word_1_74' title='bbox 1145 1214 1265 1261; x_wconf 74' lang='lat' dir='ltr'><strong>xcv,</strong></span> <span class='ocrx_word' id='word_1_75' title='bbox 1299 1197 1598 1253; x_wconf 90' lang='lat' dir='ltr'><strong>latitudinis</strong></span> <span class='ocrx_word' id='word_1_76' title='bbox 1646 1215 1777 1254; x_wconf 80' lang='lat' dir='ltr'><strong>xxx.</strong></span> <span class='ocrx_word' id='word_1_77' title='bbox 1811 1199 1945 1254; x_wconf 77' lang='lat' dir='ltr'><strong>Nam</strong></span> <span class='ocrx_word' id='word_1_78' title='bbox 1981 1201 2151 1271; x_wconf 87' lang='lat' dir='ltr'><strong>ipsius</strong></span> 
     </span>
    </p>
   </div>
   <div class='ocr_carea' id='block_1_12' title="bbox 559 1287 2151 1361">
    <p class='ocr_par' dir='ltr' id='par_1_12' title="bbox 559 1287 2151 1361">
     <span class='ocr_line' id='line_1_12' title="bbox 559 1287 2151 1361; baseline 0.006 -20"><span class='ocrx_word' id='word_1_79' title='bbox 559 1287 841 1359; x_wconf 80' lang='lat' dir='ltr'><strong>longitudo</strong></span> <span class='ocrx_word' id='word_1_80' title='bbox 872 1288 1139 1358; x_wconf 86' lang='lat' dir='ltr'><strong>pertingat</strong></span> <span class='ocrx_word' id='word_1_81' title='bbox 1187 1306 1357 1361; x_wconf 84' lang='lat' dir='ltr'><strong>usque</strong></span> <span class='ocrx_word' id='word_1_82' title='bbox 1387 1290 1454 1344; x_wconf 90' lang='lat' dir='ltr'><strong>ad</strong></span> <span class='ocrx_word' id='word_1_83' title='bbox 1501 1291 1807 1346; x_wconf 90' lang='lat' dir='ltr'><strong>sacristiam</strong></span> <span class='ocrx_word' id='word_1_84' title='bbox 1830 1332 1845 1358; x_wconf 95' lang='lat'><strong>,</strong></span> <span class='ocrx_word' id='word_1_85' title='bbox 1876 1300 1931 1347; x_wconf 91' lang='lat' dir='ltr'><strong>et</strong></span> <span class='ocrx_word' id='word_1_86' title='bbox 1960 1293 2032 1350; x_wconf 92' lang='lat' dir='ltr'><strong>ibi</strong></span> <span class='ocrx_word' id='word_1_87' title='bbox 2065 1309 2151 1350; x_wconf 88' lang='lat' dir='ltr'><strong>se-</strong></span> 
     </span>
    </p>
   </div>
   <div class='ocr_carea' id='block_1_13' title="bbox 504 1380 2149 1459">
    <p class='ocr_par' dir='ltr' id='par_1_13' title="bbox 504 1380 2149 1459">
     <span class='ocr_line' id='line_1_13' title="bbox 504 1380 2149 1459; baseline 0.006 -26"><span class='ocrx_word' id='word_1_88' title='bbox 504 1434 513 1459; x_wconf 13' lang='lat'><strong><em>;</em></strong></span> <span class='ocrx_word' id='word_1_89' title='bbox 557 1380 721 1436; x_wconf 89' lang='lat' dir='ltr'><strong>deant</strong></span> <span class='ocrx_word' id='word_1_90' title='bbox 769 1396 957 1437; x_wconf 90' lang='lat' dir='ltr'><strong>omnes</strong></span> <span class='ocrx_word' id='word_1_91' title='bbox 1007 1392 1245 1438; x_wconf 88' lang='lat' dir='ltr'><strong>sartores</strong></span> <span class='ocrx_word' id='word_1_92' title='bbox 1296 1394 1458 1454; x_wconf 89' lang='lat' dir='ltr'><strong>atque</strong></span> <span class='ocrx_word' id='word_1_93' title='bbox 1508 1394 1721 1440; x_wconf 88' lang='lat' dir='ltr'><strong>sutores</strong></span> <span class='ocrx_word' id='word_1_94' title='bbox 1768 1386 1834 1439; x_wconf 86' lang='lat' dir='ltr'><strong>ad</strong></span> <span class='ocrx_word' id='word_1_95' title='bbox 1882 1387 2149 1443; x_wconf 90' lang='lat' dir='ltr'><strong>suendum</strong></span> 
     </span>
    </p>
   </div>
   <div class='ocr_carea' id='block_1_14' title="bbox 486 1464 2147 1551">
    <p class='ocr_par' dir='ltr' id='par_1_14' title="bbox 486 1464 2147 1551">
     <span class='ocr_line' id='line_1_14' title="bbox 486 1464 2147 1551; baseline 0.004 -24"><span class='ocrx_word' id='word_1_96' title='bbox 558 1473 700 1543; x_wconf 87' lang='lat' dir='ltr'><strong>quod</strong></span> <span class='ocrx_word' id='word_1_97' title='bbox 747 1476 1080 1530; x_wconf 88' lang='lat' dir='ltr'><strong>camerarius</strong></span> <span class='ocrx_word' id='word_1_98' title='bbox 1128 1476 1208 1529; x_wconf 90' lang='lat' dir='ltr'><strong>eis</strong></span> <span class='ocrx_word' id='word_1_99' title='bbox 1258 1477 1637 1551; x_wconf 40' lang='lat' dir='ltr'><strong>praecipitaEt</strong></span> <span class='ocrx_word' id='word_1_100' title='bbox 1684 1488 1742 1533; x_wconf 86' lang='lat' dir='ltr'><strong>ut</strong></span> <span class='ocrx_word' id='word_1_101' title='bbox 1787 1489 2147 1550; x_wconf 73' lang='lat' dir='ltr'><strong>prrcparatam</strong></span> 
     </span>
    </p>
   </div>
   <div class='ocr_carea' id='block_1_15' title="bbox 556 1564 2151 1640">
    <p class='ocr_par' dir='ltr' id='par_1_15' title="bbox 556 1564 2151 1640">
     <span class='ocr_line' id='line_1_15' title="bbox 556 1564 2151 1640; baseline 0.004 -22"><span class='ocrx_word' id='word_1_102' title='bbox 556 1564 791 1619; x_wconf 90' lang='lat' dir='ltr'><strong>habeant</strong></span> <span class='ocrx_word' id='word_1_103' title='bbox 827 1566 897 1620; x_wconf 88' lang='lat' dir='ltr'><strong>ibi</strong></span> <span class='ocrx_word' id='word_1_104' title='bbox 934 1566 1171 1621; x_wconf 89' lang='lat' dir='ltr'><strong>tabulam</strong></span> <span class='ocrx_word' id='word_1_105' title='bbox 1207 1567 1555 1637; x_wconf 80' lang='lat' dir='ltr'><strong>longitudinis</strong></span> <span class='ocrx_word' id='word_1_106' title='bbox 1586 1587 1692 1624; x_wconf 83' lang='lat' dir='ltr'><strong>xxx</strong></span> <span class='ocrx_word' id='word_1_107' title='bbox 1734 1571 1928 1640; x_wconf 85' lang='lat' dir='ltr'><strong>pedes,</strong></span> <span class='ocrx_word' id='word_1_108' title='bbox 1963 1580 2019 1625; x_wconf 87' lang='lat' dir='ltr'><strong>et</strong></span> <span class='ocrx_word' id='word_1_109' title='bbox 2047 1571 2151 1625; x_wconf 91' lang='lat' dir='ltr'><strong>alia</strong></span> 
     </span>
    </p>
   </div>
   <div class='ocr_carea' id='block_1_16' title="bbox 557 1652 2151 1732">
    <p class='ocr_par' dir='ltr' id='par_1_16' title="bbox 557 1652 2151 1732">
     <span class='ocr_line' id='line_1_16' title="bbox 557 1652 2151 1732; baseline 0.006 -23"><span class='ocrx_word' id='word_1_110' title='bbox 557 1656 741 1711; x_wconf 82' lang='lat' dir='ltr'><strong>tabula</strong></span> <span class='ocrx_word' id='word_1_111' title='bbox 768 1652 924 1712; x_wconf 83' lang='lat' dir='ltr'><strong>aflixa</strong></span> <span class='ocrx_word' id='word_1_112' title='bbox 956 1660 1025 1713; x_wconf 89' lang='lat' dir='ltr'><strong>sit</strong></span> <span class='ocrx_word' id='word_1_113' title='bbox 1054 1674 1176 1713; x_wconf 87' lang='lat' dir='ltr'><strong>cum</strong></span> <span class='ocrx_word' id='word_1_114' title='bbox 1207 1676 1295 1725; x_wconf 91' lang='lat' dir='ltr'><strong>ea,</strong></span> <span class='ocrx_word' id='word_1_115' title='bbox 1322 1676 1552 1732; x_wconf 89' lang='lat' dir='ltr'><strong>quarum</strong></span> <span class='ocrx_word' id='word_1_116' title='bbox 1599 1660 1827 1717; x_wconf 88' lang='lat' dir='ltr'><strong>latitudo</strong></span> <span class='ocrx_word' id='word_1_117' title='bbox 1867 1665 2151 1719; x_wconf 88' lang='lat' dir='ltr'><strong>ambarum</strong></span> 
     </span>
    </p>
   </div>
   <div class='ocr_carea' id='block_1_17' title="bbox 556 1746 2150 1821">
    <p class='ocr_par' dir='ltr' id='par_1_17' title="bbox 556 1746 2150 1821">
     <span class='ocr_line' id='line_1_17' title="bbox 556 1746 2150 1821; baseline 0.006 -21"><span class='ocrx_word' id='word_1_118' title='bbox 556 1746 862 1803; x_wconf 85' lang='lat' dir='ltr'><strong>tabularum</strong></span> <span class='ocrx_word' id='word_1_119' title='bbox 905 1749 1102 1804; x_wconf 88' lang='lat' dir='ltr'><strong>habeat</strong></span> <span class='ocrx_word' id='word_1_120' title='bbox 1148 1760 1351 1820; x_wconf 89' lang='lat' dir='ltr'><strong>septem</strong></span> <span class='ocrx_word' id='word_1_121' title='bbox 1407 1752 1592 1821; x_wconf 85' lang='lat' dir='ltr'><strong>pedes.</strong></span> <span class='ocrx_word' id='word_1_122' title='bbox 1634 1750 1768 1807; x_wconf 80' lang='lat' dir='ltr'><strong>Nam</strong></span> <span class='ocrx_word' id='word_1_123' title='bbox 1803 1754 1945 1809; x_wconf 91' lang='lat' dir='ltr'><strong>inter</strong></span> <span class='ocrx_word' id='word_1_124' title='bbox 1993 1756 2150 1810; x_wconf 89' lang='lat' dir='ltr'><strong>istam</strong></span> 
     </span>
    </p>
   </div>
   <div class='ocr_carea' id='block_1_18' title="bbox 2247 548 3702 622">
    <p class='ocr_par' dir='ltr' id='par_1_18' title="bbox 2247 548 3702 622">
     <span class='ocr_line' id='line_1_18' title="bbox 2247 548 3702 622; baseline 0.005 -17"><span class='ocrx_word' id='word_1_125' title='bbox 2247 566 2354 622; x_wconf 89' lang='lat' dir='ltr'><strong>que</strong></span> <span class='ocrx_word' id='word_1_126' title='bbox 2398 566 2550 608; x_wconf 89' lang='lat' dir='ltr'><strong>suam</strong></span> <span class='ocrx_word' id='word_1_127' title='bbox 2591 549 3003 622; x_wconf 84' lang='lat' dir='ltr'><strong>professionem.</strong></span> <span class='ocrx_word' id='word_1_128' title='bbox 3051 548 3110 606; x_wconf 90' lang='lat' dir='ltr'><strong>Si</strong></span> <span class='ocrx_word' id='word_1_129' title='bbox 3154 566 3256 606; x_wconf 91' lang='lat' dir='ltr'><strong>non</strong></span> <span class='ocrx_word' id='word_1_130' title='bbox 3290 552 3409 619; x_wconf 90' lang='lat' dir='ltr'><strong>scit,</strong></span> <span class='ocrx_word' id='word_1_131' title='bbox 3442 553 3551 609; x_wconf 88' lang='lat' dir='ltr'><strong>alius</strong></span> <span class='ocrx_word' id='word_1_132' title='bbox 3581 558 3702 614; x_wconf 82' lang='lat' dir='ltr'><strong>subro-</strong></span> 
     </span>
    </p>
   </div>
   <div class='ocr_carea' id='block_1_19' title="bbox 2248 641 3701 716">
    <p class='ocr_par' dir='ltr' id='par_1_19' title="bbox 2248 641 3701 716">
     <span class='ocr_line' id='line_1_19' title="bbox 2248 641 3701 716; baseline 0.003 -18"><span class='ocrx_word' id='word_1_133' title='bbox 2248 652 2404 715; x_wconf 86' lang='lat' dir='ltr'><strong>getur</strong></span> <span class='ocrx_word' id='word_1_134' title='bbox 2432 643 2523 714; x_wconf 92' lang='lat' dir='ltr'><strong>qui</strong></span> <span class='ocrx_word' id='word_1_135' title='bbox 2546 658 2646 714; x_wconf 90' lang='lat' dir='ltr'><strong>pro</strong></span> <span class='ocrx_word' id='word_1_136' title='bbox 2675 658 2736 699; x_wconf 86' lang='lat' dir='ltr'><strong>se</strong></span> <span class='ocrx_word' id='word_1_137' title='bbox 2768 641 2949 698; x_wconf 81' lang='lat' dir='ltr'><strong>faciat.</strong></span> <span class='ocrx_word' id='word_1_138' title='bbox 2982 641 3104 713; x_wconf 89' lang='lat' dir='ltr'><strong>Ipse</strong></span> <span class='ocrx_word' id='word_1_139' title='bbox 3151 652 3320 698; x_wconf 87' lang='lat' dir='ltr'><strong>tamen</strong></span> <span class='ocrx_word' id='word_1_140' title='bbox 3350 645 3545 700; x_wconf 87' lang='lat' dir='ltr'><strong>novitius</strong></span> <span class='ocrx_word' id='word_1_141' title='bbox 3566 648 3701 716; x_wconf 73' lang='lat' dir='ltr'><strong>signum</strong></span> 
     </span>
    </p>
   </div>
   <div class='ocr_carea' id='block_1_20' title="bbox 2249 735 3702 807">
    <p class='ocr_par' dir='ltr' id='par_1_20' title="bbox 2249 735 3702 807">
     <span class='ocr_line' id='line_1_20' title="bbox 2249 735 3702 807; baseline 0.004 -17"><span class='ocrx_word' id='word_1_142' title='bbox 2249 735 2437 802; x_wconf 87' lang='lat' dir='ltr'><strong>faciat,</strong></span> <span class='ocrx_word' id='word_1_143' title='bbox 2467 744 2523 791; x_wconf 90' lang='lat' dir='ltr'><strong>et</strong></span> <span class='ocrx_word' id='word_1_144' title='bbox 2557 750 2720 807; x_wconf 85' lang='lat' dir='ltr'><strong>super</strong></span> <span class='ocrx_word' id='word_1_145' title='bbox 2747 737 2919 792; x_wconf 89' lang='lat' dir='ltr'><strong>altare</strong></span> <span class='ocrx_word' id='word_1_146' title='bbox 2958 736 3216 807; x_wconf 85' lang='lat' dir='ltr'><strong>imponat.</strong></span> <span class='ocrx_word' id='word_1_147' title='bbox 3257 737 3441 793; x_wconf 89' lang='lat' dir='ltr'><strong>Deinde</strong></span> <span class='ocrx_word' id='word_1_148' title='bbox 3466 754 3549 792; x_wconf 85' lang='lat' dir='ltr'><strong>non</strong></span> <span class='ocrx_word' id='word_1_149' title='bbox 3581 741 3702 796; x_wconf 63' lang='lat' dir='ltr'><strong>habent</strong></span> 
     </span>
    </p>
   </div>
   <div class='ocr_carea' id='block_1_21' title="bbox 2251 826 3701 897">
    <p class='ocr_par' dir='ltr' id='par_1_21' title="bbox 2251 826 3701 897">
     <span class='ocr_line' id='line_1_21' title="bbox 2251 826 3701 897; baseline 0.001 -15"><span class='ocrx_word' id='word_1_150' title='bbox 2251 826 2873 897; x_wconf 86' lang='lat' dir='ltr'><strong>licentiamauferendi;</strong></span> <span class='ocrx_word' id='word_1_151' title='bbox 2921 843 2987 883; x_wconf 86' lang='lat' dir='ltr'><strong>ex</strong></span> <span class='ocrx_word' id='word_1_152' title='bbox 3035 837 3165 885; x_wconf 90' lang='lat' dir='ltr'><strong>tunc</strong></span> <span class='ocrx_word' id='word_1_153' title='bbox 3206 827 3380 883; x_wconf 88' lang='lat' dir='ltr'><strong>dicant</strong></span> <span class='ocrx_word' id='word_1_154' title='bbox 3411 828 3530 883; x_wconf 87' lang='lat' dir='ltr'><strong>hunc</strong></span> <span class='ocrx_word' id='word_1_155' title='bbox 3549 845 3701 895; x_wconf 75' lang='lat' dir='ltr'><strong>versum,</strong></span> 
     </span>
    </p>
   </div>
   <div class='ocr_carea' id='block_1_22' title="bbox 2251 910 3795 992">
    <p class='ocr_par' dir='ltr' id='par_1_22' title="bbox 2251 910 3795 992">
     <span class='ocr_line' id='line_1_22' title="bbox 2251 910 3795 992; baseline 0.003 -19"><span class='ocrx_word' id='word_1_156' title='bbox 2251 917 2469 991; x_wconf 79' lang='lat' dir='ltr'><strong>Suscipe</strong></span> <span class='ocrx_word' id='word_1_157' title='bbox 2502 937 2607 989; x_wconf 84' lang='lat' dir='ltr'><strong>me,</strong></span> <span class='ocrx_word' id='word_1_158' title='bbox 2636 920 2880 987; x_wconf 86' lang='lat' dir='ltr'><strong>Domine,</strong></span> <span class='ocrx_word' id='word_1_159' title='bbox 2916 935 3015 992; x_wconf 90' lang='lat' dir='ltr'><strong>per</strong></span> <span class='ocrx_word' id='word_1_160' title='bbox 3042 910 3206 986; x_wconf 76' lang='lat' dir='ltr'><strong>vices,</strong></span> <span class='ocrx_word' id='word_1_161' title='bbox 3232 930 3284 975; x_wconf 91' lang='lat' dir='ltr'><strong>et</strong></span> <span class='ocrx_word' id='word_1_162' title='bbox 3306 936 3491 990; x_wconf 85' lang='lat' dir='ltr'><strong>semper</strong></span> <span class='ocrx_word' id='word_1_163' title='bbox 3509 937 3631 991; x_wconf 68' lang='lat' dir='ltr'><strong>genus</strong></span> <span class='ocrx_word' id='word_1_164' title='bbox 3650 923 3704 977; x_wconf 66' lang='lat' dir='ltr'><strong>llo</strong></span> 
     </span>
    </p>
   </div>
   <div class='ocr_carea' id='block_1_23' title="bbox 2250 1010 3795 1087">
    <p class='ocr_par' dir='ltr' id='par_1_23' title="bbox 2250 1010 3795 1087">
     <span class='ocr_line' id='line_1_23' title="bbox 2250 1010 3795 1087; baseline 0.003 -21"><span class='ocrx_word' id='word_1_165' title='bbox 2250 1019 2429 1078; x_wconf 87' lang='lat' dir='ltr'><strong>ctant;</strong></span> <span class='ocrx_word' id='word_1_166' title='bbox 2484 1010 2844 1083; x_wconf 87' lang='lat' dir='ltr'><strong>adjuugentes</strong></span> <span class='ocrx_word' id='word_1_167' title='bbox 2896 1010 3079 1067; x_wconf 79' lang='lat' dir='ltr'><strong>Gloria</strong></span> <span class='ocrx_word' id='word_1_168' title='bbox 3118 1010 3304 1079; x_wconf 83' lang='lat' dir='ltr'><strong>Patri,</strong></span> <span class='ocrx_word' id='word_1_169' title='bbox 3347 1013 3577 1068; x_wconf 75' lang='lat' dir='ltr'><strong>volventes</strong></span> <span class='ocrx_word' id='word_1_170' title='bbox 3609 1017 3704 1070; x_wconf 72' lang='lat' dir='ltr'><strong>tertia</strong></span> 
     </span>
    </p>
   </div>
   <div class='ocr_carea' id='block_1_24' title="bbox 2250 1090 3795 1181">
    <p class='ocr_par' dir='ltr' id='par_1_24' title="bbox 2250 1090 3795 1181">
     <span class='ocr_line' id='line_1_24' title="bbox 2250 1090 3795 1181; baseline 0.007 -23"><span class='ocrx_word' id='word_1_171' title='bbox 2250 1102 2373 1159; x_wconf 91' lang='lat' dir='ltr'><strong>vice</strong></span> <span class='ocrx_word' id='word_1_172' title='bbox 2401 1118 2460 1159; x_wconf 91' lang='lat' dir='ltr'><strong>se</strong></span> <span class='ocrx_word' id='word_1_173' title='bbox 2489 1119 2654 1175; x_wconf 87' lang='lat' dir='ltr'><strong>supra</strong></span> <span class='ocrx_word' id='word_1_174' title='bbox 2689 1120 2784 1160; x_wconf 92' lang='lat' dir='ltr'><strong>sua</strong></span> <span class='ocrx_word' id='word_1_175' title='bbox 2816 1120 2995 1177; x_wconf 83' lang='lat' dir='ltr'><strong>genua</strong></span> <span class='ocrx_word' id='word_1_176' title='bbox 3036 1107 3090 1161; x_wconf 88' lang='lat' dir='ltr'><strong>in</strong></span> <span class='ocrx_word' id='word_1_177' title='bbox 3121 1122 3330 1178; x_wconf 79' lang='lat' dir='ltr'><strong>gyrum,</strong></span> <span class='ocrx_word' id='word_1_178' title='bbox 3361 1117 3410 1164; x_wconf 92' lang='lat' dir='ltr'><strong>et</strong></span> <span class='ocrx_word' id='word_1_179' title='bbox 3432 1120 3535 1166; x_wconf 89' lang='lat' dir='ltr'><strong>tunc</strong></span> <span class='ocrx_word' id='word_1_180' title='bbox 3558 1126 3708 1181; x_wconf 79' lang='lat' dir='ltr'><strong>proster-</strong></span> <span class='ocrx_word' id='word_1_181' title='bbox 3794 1090 3795 1169; x_wconf 50' lang='grc' dir='ltr'><strong>ἦ</strong></span> 
     </span>
    </p>
   </div>
   <div class='ocr_carea' id='block_1_25' title="bbox 2256 1200 3709 1268">
    <p class='ocr_par' dir='ltr' id='par_1_25' title="bbox 2256 1200 3709 1268">
     <span class='ocr_line' id='line_1_25' title="bbox 2256 1200 3709 1268; baseline 0.006 -18"><span class='ocrx_word' id='word_1_182' title='bbox 2256 1204 2390 1251; x_wconf 88' lang='lat' dir='ltr'><strong>nant</strong></span> <span class='ocrx_word' id='word_1_183' title='bbox 2421 1211 2480 1252; x_wconf 90' lang='lat' dir='ltr'><strong>se</strong></span> <span class='ocrx_word' id='word_1_184' title='bbox 2527 1211 2719 1253; x_wconf 87' lang='lat' dir='ltr'><strong>omnes</strong></span> <span class='ocrx_word' id='word_1_185' title='bbox 2767 1213 2865 1268; x_wconf 91' lang='lat' dir='ltr'><strong>per</strong></span> <span class='ocrx_word' id='word_1_186' title='bbox 2911 1200 3178 1254; x_wconf 85' lang='lat' dir='ltr'><strong>ordinent.</strong></span> <span class='ocrx_word' id='word_1_187' title='bbox 3229 1200 3372 1256; x_wconf 85' lang='lat' dir='ltr'><strong>Tunc</strong></span> <span class='ocrx_word' id='word_1_188' title='bbox 3413 1204 3549 1258; x_wconf 79' lang='lat' dir='ltr'><strong>abbas</strong></span> <span class='ocrx_word' id='word_1_189' title='bbox 3584 1204 3709 1258; x_wconf 67' lang='lat' dir='ltr'><strong>habent</strong></span> 
     </span>
    </p>
   </div>
   <div class='ocr_carea' id='block_1_26' title="bbox 2254 1280 3795 1361">
    <p class='ocr_par' dir='ltr' id='par_1_26' title="bbox 2254 1280 3795 1361">
     <span class='ocr_line' id='line_1_26' title="bbox 2254 1280 3795 1361; baseline 0.005 -20"><span class='ocrx_word' id='word_1_190' title='bbox 2254 1286 2448 1341; x_wconf 81' lang='lat' dir='ltr'><strong>stolam</strong></span> <span class='ocrx_word' id='word_1_191' title='bbox 2495 1296 2553 1342; x_wconf 90' lang='lat' dir='ltr'><strong>et</strong></span> <span class='ocrx_word' id='word_1_192' title='bbox 2595 1296 2702 1343; x_wconf 90' lang='lat' dir='ltr'><strong>stet</strong></span> <span class='ocrx_word' id='word_1_193' title='bbox 2747 1303 2816 1343; x_wconf 88' lang='lat' dir='ltr'><strong>ex</strong></span> <span class='ocrx_word' id='word_1_194' title='bbox 2862 1288 3265 1354; x_wconf 76' lang='lat' dir='ltr'><strong>latere,dextro</strong></span> <span class='ocrx_word' id='word_1_195' title='bbox 3307 1292 3500 1361; x_wconf 79' lang='lat' dir='ltr'><strong>altaris,</strong></span> <span class='ocrx_word' id='word_1_196' title='bbox 3536 1304 3576 1349; x_wconf 85' lang='lat' dir='ltr'><strong>et</strong></span> <span class='ocrx_word' id='word_1_197' title='bbox 3608 1294 3710 1361; x_wconf 65' lang='lat' dir='ltr'><strong>dicit,</strong></span> 
     </span>
    </p>
   </div>
   <div class='ocr_carea' id='block_1_27' title="bbox 2255 1377 3713 1457">
    <p class='ocr_par' dir='ltr' id='par_1_27' title="bbox 2255 1377 3713 1457">
     <span class='ocr_line' id='line_1_27' title="bbox 2255 1377 3713 1457; baseline 0.005 -26"><span class='ocrx_word' id='word_1_198' title='bbox 2255 1377 2419 1448; x_wconf 81' lang='lat' dir='ltr'><strong>Kyrie</strong></span> <span class='ocrx_word' id='word_1_199' title='bbox 2446 1378 2661 1447; x_wconf 84' lang='lat' dir='ltr'><strong>efeison,</strong></span> <span class='ocrx_word' id='word_1_200' title='bbox 2688 1388 2793 1436; x_wconf 80' lang='lat' dir='ltr'><strong>etc.</strong></span> <span class='ocrx_word' id='word_1_201' title='bbox 2831 1378 2996 1435; x_wconf 85' lang='lat' dir='ltr'><strong>Pater</strong></span> <span class='ocrx_word' id='word_1_202' title='bbox 3022 1393 3220 1440; x_wconf 81' lang='lat' dir='ltr'><strong>noster.</strong></span> <span class='ocrx_word' id='word_1_203' title='bbox 3260 1380 3325 1437; x_wconf 83' lang='lat' dir='ltr'><strong>Et</strong></span> <span class='ocrx_word' id='word_1_204' title='bbox 3354 1402 3410 1438; x_wconf 83' lang='lat' dir='ltr'><strong>ne</strong></span> <span class='ocrx_word' id='word_1_205' title='bbox 3436 1403 3527 1440; x_wconf 74' lang='lat' dir='ltr'><strong>nos.</strong></span> <span class='ocrx_word' id='word_1_206' title='bbox 3553 1386 3602 1440; x_wconf 80' lang='lat' dir='ltr'><strong>Et</strong></span> <span class='ocrx_word' id='word_1_207' title='bbox 3629 1387 3713 1457; x_wconf 71' lang='lat' dir='ltr'><strong>psal-</strong></span> 
     </span>
    </p>
   </div>
   <div class='ocr_carea' id='block_1_28' title="bbox 2257 1471 3715 1541">
    <p class='ocr_par' dir='ltr' id='par_1_28' title="bbox 2257 1471 3715 1541">
     <span class='ocr_line' id='line_1_28' title="bbox 2257 1471 3715 1541; baseline 0.008 -17"><span class='ocrx_word' id='word_1_208' title='bbox 2257 1487 2425 1537; x_wconf 88' lang='lat' dir='ltr'><strong>mum,</strong></span> <span class='ocrx_word' id='word_1_209' title='bbox 2461 1471 2709 1527; x_wconf 80' lang='lat' dir='ltr'><strong>Miserere</strong></span> <span class='ocrx_word' id='word_1_210' title='bbox 2738 1474 2863 1539; x_wconf 86' lang='lat' dir='ltr'><strong>mei,</strong></span> <span class='ocrx_word' id='word_1_211' title='bbox 2905 1473 3066 1528; x_wconf 82' lang='lat' dir='ltr'><strong>Deus.</strong></span> <span class='ocrx_word' id='word_1_212' title='bbox 3095 1474 3198 1541; x_wconf 86' lang='lat' dir='ltr'><strong>Qui</strong></span> <span class='ocrx_word' id='word_1_213' title='bbox 3226 1476 3464 1530; x_wconf 90' lang='lat' dir='ltr'><strong>dicendus</strong></span> <span class='ocrx_word' id='word_1_214' title='bbox 3492 1489 3559 1533; x_wconf 88' lang='lat' dir='ltr'><strong>est</strong></span> <span class='ocrx_word' id='word_1_215' title='bbox 3580 1482 3715 1535; x_wconf 76' lang='lat' dir='ltr'><strong>abom-</strong></span> 
     </span>
    </p>
   </div>
   <div class='ocr_carea' id='block_1_29' title="bbox 2256 1565 3716 1641">
    <p class='ocr_par' dir='ltr' id='par_1_29' title="bbox 2256 1565 3716 1641">
     <span class='ocr_line' id='line_1_29' title="bbox 2256 1565 3716 1641; baseline 0.006 -22"><span class='ocrx_word' id='word_1_216' title='bbox 2256 1565 2416 1620; x_wconf 77' lang='lat' dir='ltr'><strong>nibus</strong></span> <span class='ocrx_word' id='word_1_217' title='bbox 2446 1581 2618 1636; x_wconf 88' lang='lat' dir='ltr'><strong>usque</strong></span> <span class='ocrx_word' id='word_1_218' title='bbox 2652 1566 2719 1621; x_wconf 92' lang='lat' dir='ltr'><strong>ad</strong></span> <span class='ocrx_word' id='word_1_219' title='bbox 2772 1566 2958 1623; x_wconf 87' lang='lat' dir='ltr'><strong>finem.</strong></span> <span class='ocrx_word' id='word_1_220' title='bbox 3006 1568 3141 1623; x_wconf 87' lang='lat' dir='ltr'><strong>Dein</strong></span> <span class='ocrx_word' id='word_1_221' title='bbox 3189 1571 3412 1641; x_wconf 88' lang='lat' dir='ltr'><strong>capitula</strong></span> <span class='ocrx_word' id='word_1_222' title='bbox 3457 1584 3503 1629; x_wconf 89' lang='lat' dir='ltr'><strong>ct</strong></span> <span class='ocrx_word' id='word_1_223' title='bbox 3534 1575 3716 1628; x_wconf 68' lang='lat' dir='ltr'><strong>oratione</strong></span> 
     </span>
    </p>
   </div>
   <div class='ocr_carea' id='block_1_30' title="bbox 2255 1658 3717 1723">
    <p class='ocr_par' dir='ltr' id='par_1_30' title="bbox 2255 1658 3717 1723">
     <span class='ocr_line' id='line_1_30' title="bbox 2255 1658 3717 1723; baseline 0.004 -12"><span class='ocrx_word' id='word_1_224' title='bbox 2255 1658 2394 1712; x_wconf 89' lang='lat' dir='ltr'><strong>sicut</strong></span> <span class='ocrx_word' id='word_1_225' title='bbox 2423 1658 2474 1712; x_wconf 91' lang='lat' dir='ltr'><strong>in</strong></span> <span class='ocrx_word' id='word_1_226' title='bbox 2505 1658 2690 1713; x_wconf 87' lang='lat' dir='ltr'><strong>codice</strong></span> <span class='ocrx_word' id='word_1_227' title='bbox 2714 1658 3005 1721; x_wconf 78' lang='lat' dir='ltr'><strong>habentur.</strong></span> <span class='ocrx_word' id='word_1_228' title='bbox 3036 1661 3102 1714; x_wconf 85' lang='lat' dir='ltr'><strong>Et</strong></span> <span class='ocrx_word' id='word_1_229' title='bbox 3128 1663 3311 1716; x_wconf 88' lang='lat' dir='ltr'><strong>statim</strong></span> <span class='ocrx_word' id='word_1_230' title='bbox 3342 1671 3393 1717; x_wconf 90' lang='lat' dir='ltr'><strong>ut</strong></span> <span class='ocrx_word' id='word_1_231' title='bbox 3420 1663 3581 1719; x_wconf 80' lang='lat' dir='ltr'><strong>iuerint</strong></span> <span class='ocrx_word' id='word_1_232' title='bbox 3602 1663 3717 1723; x_wconf 69' lang='lat' dir='ltr'><strong>ﬁnita,</strong></span> 
     </span>
    </p>
   </div>
   <div class='ocr_carea' id='block_1_31' title="bbox 2257 1750 3718 1821">
    <p class='ocr_par' dir='ltr' id='par_1_31' title="bbox 2257 1750 3718 1821">
     <span class='ocr_line' id='line_1_31' title="bbox 2257 1750 3718 1821; baseline 0.003 -19"><span class='ocrx_word' id='word_1_233' title='bbox 2257 1756 2387 1804; x_wconf 90' lang='lat' dir='ltr'><strong>tunc</strong></span> <span class='ocrx_word' id='word_1_234' title='bbox 2437 1758 2663 1820; x_wconf 88' lang='lat' dir='ltr'><strong>surgant</strong></span> <span class='ocrx_word' id='word_1_235' title='bbox 2712 1750 2811 1821; x_wconf 80' lang='lat' dir='ltr'><strong>ipsi</strong></span> <span class='ocrx_word' id='word_1_236' title='bbox 2865 1751 3087 1819; x_wconf 87' lang='lat' dir='ltr'><strong>novitii,</strong></span> <span class='ocrx_word' id='word_1_237' title='bbox 3129 1763 3184 1809; x_wconf 92' lang='lat' dir='ltr'><strong>et</strong></span> <span class='ocrx_word' id='word_1_238' title='bbox 3228 1755 3391 1810; x_wconf 88' lang='lat' dir='ltr'><strong>abbas</strong></span> <span class='ocrx_word' id='word_1_239' title='bbox 3432 1755 3718 1810; x_wconf 81' lang='lat' dir='ltr'><strong>benedicetcu-</strong></span> 
     </span>
    </p>
   </div>
   <div class='ocr_carea' id='block_1_32' title="bbox 558 1826 2151 1918">
    <p class='ocr_par' dir='ltr' id='par_1_32' title="bbox 558 1846 2151 1918">
     <span class='ocr_line' id='line_1_32' title="bbox 558 1846 2151 1918; baseline 0.004 -20"><span class='ocrx_word' id='word_1_240' title='bbox 558 1846 896 1900; x_wconf 89' lang='lat' dir='ltr'><strong>mansionem</strong></span> <span class='ocrx_word' id='word_1_241' title='bbox 931 1856 983 1900; x_wconf 89' lang='lat' dir='ltr'><strong>et</strong></span> <span class='ocrx_word' id='word_1_242' title='bbox 1030 1847 1335 1902; x_wconf 86' lang='lat' dir='ltr'><strong>sacristiatn</strong></span> <span class='ocrx_word' id='word_1_243' title='bbox 1367 1858 1529 1918; x_wconf 90' lang='lat' dir='ltr'><strong>atque</strong></span> <span class='ocrx_word' id='word_1_244' title='bbox 1564 1848 1885 1915; x_wconf 87' lang='lat' dir='ltr'><strong>ecclesiam,</strong></span> <span class='ocrx_word' id='word_1_245' title='bbox 1917 1864 2015 1904; x_wconf 91' lang='lat' dir='ltr'><strong>nec</strong></span> <span class='ocrx_word' id='word_1_246' title='bbox 2044 1866 2151 1905; x_wconf 85' lang='lat' dir='ltr'><strong>non</strong></span> 
     </span>
    </p>
   </div>
   <div class='ocr_carea' id='block_1_33' title="bbox 2255 1826 3720 1918">
    <p class='ocr_par' dir='ltr' id='par_1_33' title="bbox 2256 1842 3720 1917">
     <span class='ocr_line' id='line_1_33' title="bbox 2256 1842 3720 1917; baseline 0.001 -22"><span class='ocrx_word' id='word_1_247' title='bbox 2256 1842 2427 1896; x_wconf 87' lang='lat' dir='ltr'><strong>cultas</strong></span> <span class='ocrx_word' id='word_1_248' title='bbox 2462 1850 2516 1896; x_wconf 90' lang='lat' dir='ltr'><strong>et</strong></span> <span class='ocrx_word' id='word_1_249' title='bbox 2561 1851 2812 1913; x_wconf 85' lang='lat' dir='ltr'><strong>aspergat</strong></span> <span class='ocrx_word' id='word_1_250' title='bbox 2862 1859 3060 1913; x_wconf 87' lang='lat' dir='ltr'><strong>aquam</strong></span> <span class='ocrx_word' id='word_1_251' title='bbox 3107 1843 3439 1902; x_wconf 86' lang='lat' dir='ltr'><strong>benedictam</strong></span> <span class='ocrx_word' id='word_1_252' title='bbox 3476 1861 3599 1917; x_wconf 76' lang='lat' dir='ltr'><strong>Super</strong></span> <span class='ocrx_word' id='word_1_253' title='bbox 3620 1847 3720 1915; x_wconf 64' lang='lat' dir='ltr'><strong>ipsis</strong></span> 
     </span>
    </p>
   </div>
   <div class='ocr_carea' id='block_1_34' title="bbox 555 1936 2152 2013">
    <p class='ocr_par' dir='ltr' id='par_1_34' title="bbox 555 1936 2152 2013">
     <span class='ocr_line' id='line_1_34' title="bbox 555 1936 2152 2013; baseline 0.006 -24"><span class='ocrx_word' id='word_1_254' title='bbox 555 1945 611 1990; x_wconf 92' lang='lat' dir='ltr'><strong>et</strong></span> <span class='ocrx_word' id='word_1_255' title='bbox 649 1936 925 1991; x_wconf 68' lang='lat' dir='ltr'><strong>Galilaram</strong></span> <span class='ocrx_word' id='word_1_256' title='bbox 964 1939 1037 1993; x_wconf 87' lang='lat' dir='ltr'><strong>sit</strong></span> <span class='ocrx_word' id='word_1_257' title='bbox 1064 1939 1392 1994; x_wconf 82' lang='lat' dir='ltr'><strong>cimiterium</strong></span> <span class='ocrx_word' id='word_1_258' title='bbox 1423 1941 1511 1996; x_wconf 91' lang='lat' dir='ltr'><strong>ubi</strong></span> <span class='ocrx_word' id='word_1_259' title='bbox 1553 1941 1678 1996; x_wconf 88' lang='lat' dir='ltr'><strong>laici</strong></span> <span class='ocrx_word' id='word_1_260' title='bbox 1725 1939 2074 2013; x_wconf 87' lang='lat' dir='ltr'><strong>sepeliantur.</strong></span> <span class='ocrx_word' id='word_1_261' title='bbox 2107 1944 2152 1998; x_wconf 82' lang='lat' dir='ltr'><strong>A</strong></span> 
     </span>
    </p>
   </div>
   <div class='ocr_carea' id='block_1_35' title="bbox 556 2027 2152 2100">
    <p class='ocr_par' dir='ltr' id='par_1_35' title="bbox 556 2027 2152 2100">
     <span class='ocr_line' id='line_1_35' title="bbox 556 2027 2152 2100; baseline 0.006 -21"><span class='ocrx_word' id='word_1_262' title='bbox 556 2036 715 2096; x_wconf 83' lang='lat' dir='ltr'><strong>porta</strong></span> <span class='ocrx_word' id='word_1_263' title='bbox 761 2027 1059 2082; x_wconf 88' lang='lat' dir='ltr'><strong>meridiana</strong></span> <span class='ocrx_word' id='word_1_264' title='bbox 1098 2043 1269 2098; x_wconf 88' lang='lat' dir='ltr'><strong>usque</strong></span> <span class='ocrx_word' id='word_1_265' title='bbox 1317 2032 1380 2083; x_wconf 88' lang='lat' dir='ltr'><strong>ad</strong></span> <span class='ocrx_word' id='word_1_266' title='bbox 1412 2039 1624 2100; x_wconf 88' lang='lat' dir='ltr'><strong>portam</strong></span> <span class='ocrx_word' id='word_1_267' title='bbox 1675 2030 2152 2100; x_wconf 83' lang='lat' dir='ltr'><strong>septentrionalem</strong></span> 
     </span>
    </p>
   </div>
   <div class='ocr_carea' id='block_1_36' title="bbox 556 2121 2154 2193">
    <p class='ocr_par' dir='ltr' id='par_1_36' title="bbox 556 2121 2154 2193">
     <span class='ocr_line' id='line_1_36' title="bbox 556 2121 2154 2193; baseline 0.004 -19"><span class='ocrx_word' id='word_1_268' title='bbox 556 2129 749 2175; x_wconf 88' lang='lat' dir='ltr'><strong>contra</strong></span> <span class='ocrx_word' id='word_1_269' title='bbox 776 2123 1114 2177; x_wconf 83' lang='lat' dir='ltr'><strong>occidentem</strong></span> <span class='ocrx_word' id='word_1_270' title='bbox 1149 2121 1217 2176; x_wconf 91' lang='lat' dir='ltr'><strong>sit</strong></span> <span class='ocrx_word' id='word_1_271' title='bbox 1244 2132 1557 2177; x_wconf 89' lang='lat' dir='ltr'><strong>constructa</strong></span> <span class='ocrx_word' id='word_1_272' title='bbox 1592 2122 1784 2179; x_wconf 90' lang='lat' dir='ltr'><strong>domus</strong></span> <span class='ocrx_word' id='word_1_273' title='bbox 1804 2123 2154 2193; x_wconf 82' lang='lat' dir='ltr'><strong>longitudinis</strong></span> 
     </span>
    </p>
   </div>
   <div class='ocr_carea' id='block_1_37' title="bbox 555 2211 2155 2283">
    <p class='ocr_par' dir='ltr' id='par_1_37' title="bbox 555 2211 2155 2283">
     <span class='ocr_line' id='line_1_37' title="bbox 555 2211 2155 2283; baseline 0.003 -18"><span class='ocrx_word' id='word_1_274' title='bbox 555 2226 767 2267; x_wconf 70' lang='lat' dir='ltr'><strong>cccxxx</strong></span> <span class='ocrx_word' id='word_1_275' title='bbox 820 2214 1004 2283; x_wconf 85' lang='lat' dir='ltr'><strong>pedes,</strong></span> <span class='ocrx_word' id='word_1_276' title='bbox 1039 2211 1341 2266; x_wconf 85' lang='lat' dir='ltr'><strong>latitudinis</strong></span> <span class='ocrx_word' id='word_1_277' title='bbox 1380 2229 1508 2278; x_wconf 81' lang='lat' dir='ltr'><strong>xxv,</strong></span> <span class='ocrx_word' id='word_1_278' title='bbox 1555 2223 1609 2267; x_wconf 91' lang='lat' dir='ltr'><strong>et</strong></span> <span class='ocrx_word' id='word_1_279' title='bbox 1654 2213 1726 2267; x_wconf 89' lang='lat' dir='ltr'><strong>ibi</strong></span> <span class='ocrx_word' id='word_1_280' title='bbox 1765 2224 2155 2270; x_wconf 89' lang='lat' dir='ltr'><strong>construantur</strong></span> 
     </span>
    </p>
   </div>
   <div class='ocr_carea' id='block_1_38' title="bbox 557 2304 2152 2376">
    <p class='ocr_par' dir='ltr' id='par_1_38' title="bbox 557 2304 2152 2376">
     <span class='ocr_line' id='line_1_38' title="bbox 557 2304 2152 2376; baseline 0.004 -17"><span class='ocrx_word' id='word_1_281' title='bbox 557 2304 784 2360; x_wconf 64' lang='lat' dir='ltr'><strong>stabula:</strong></span> <span class='ocrx_word' id='word_1_282' title='bbox 814 2320 1077 2375; x_wconf 90' lang='lat' dir='ltr'><strong>equorum</strong></span> <span class='ocrx_word' id='word_1_283' title='bbox 1116 2319 1214 2374; x_wconf 90' lang='lat' dir='ltr'><strong>per</strong></span> <span class='ocrx_word' id='word_1_284' title='bbox 1244 2305 1653 2361; x_wconf 87' lang='lat' dir='ltr'><strong>mansiunculas</strong></span> <span class='ocrx_word' id='word_1_285' title='bbox 1696 2308 1943 2376; x_wconf 89' lang='lat' dir='ltr'><strong>partitas,</strong></span> <span class='ocrx_word' id='word_1_286' title='bbox 1973 2316 2027 2363; x_wconf 88' lang='lat' dir='ltr'><strong>et</strong></span> <span class='ocrx_word' id='word_1_287' title='bbox 2057 2309 2152 2365; x_wconf 85' lang='lat' dir='ltr'><strong>de-</strong></span> 
     </span>
    </p>
   </div>
   <div class='ocr_carea' id='block_1_39' title="bbox 561 2396 2151 2470">
    <p class='ocr_par' dir='ltr' id='par_1_39' title="bbox 561 2396 2151 2470">
     <span class='ocr_line' id='line_1_39' title="bbox 561 2396 2151 2470; baseline 0.001 -17"><span class='ocrx_word' id='word_1_288' title='bbox 561 2411 727 2469; x_wconf 83' lang='lat' dir='ltr'><strong>super</strong></span> <span class='ocrx_word' id='word_1_289' title='bbox 757 2399 827 2454; x_wconf 89' lang='lat' dir='ltr'><strong>sit</strong></span> <span class='ocrx_word' id='word_1_290' title='bbox 856 2399 1113 2453; x_wconf 87' lang='lat' dir='ltr'><strong>solarium</strong></span> <span class='ocrx_word' id='word_1_291' title='bbox 1142 2400 1229 2454; x_wconf 91' lang='lat' dir='ltr'><strong>ubi</strong></span> <span class='ocrx_word' id='word_1_292' title='bbox 1257 2396 1442 2453; x_wconf 89' lang='lat' dir='ltr'><strong>famttli</strong></span> <span class='ocrx_word' id='word_1_293' title='bbox 1477 2401 1640 2454; x_wconf 91' lang='lat' dir='ltr'><strong>edant</strong></span> <span class='ocrx_word' id='word_1_294' title='bbox 1668 2410 1831 2470; x_wconf 85' lang='lat' dir='ltr'><strong>atque</strong></span> <span class='ocrx_word' id='word_1_295' title='bbox 1858 2401 2151 2469; x_wconf 87' lang='lat' dir='ltr'><strong>dormiant,</strong></span> 
     </span>
    </p>
   </div>
   <div class='ocr_carea' id='block_1_40' title="bbox 558 2490 2153 2564">
    <p class='ocr_par' dir='ltr' id='par_1_40' title="bbox 558 2490 2153 2564">
     <span class='ocr_line' id='line_1_40' title="bbox 558 2490 2153 2564; baseline 0.003 -20"><span class='ocrx_word' id='word_1_296' title='bbox 558 2495 614 2544; x_wconf 91' lang='lat' dir='ltr'><strong>ct</strong></span> <span class='ocrx_word' id='word_1_297' title='bbox 656 2504 875 2546; x_wconf 88' lang='lat' dir='ltr'><strong>mensas</strong></span> <span class='ocrx_word' id='word_1_298' title='bbox 921 2490 1157 2546; x_wconf 83' lang='lat' dir='ltr'><strong>habeant</strong></span> <span class='ocrx_word' id='word_1_299' title='bbox 1202 2491 1274 2546; x_wconf 85' lang='lat' dir='ltr'><strong>ibi</strong></span> <span class='ocrx_word' id='word_1_300' title='bbox 1324 2490 1603 2546; x_wconf 88' lang='lat' dir='ltr'><strong>ordinatas</strong></span> <span class='ocrx_word' id='word_1_301' title='bbox 1632 2493 1983 2564; x_wconf 84' lang='lat' dir='ltr'><strong>longitudinis</strong></span> <span class='ocrx_word' id='word_1_302' title='bbox 2012 2511 2153 2564; x_wconf 67' lang='lat' dir='ltr'><strong>cxxx</strong></span> 
     </span>
    </p>
   </div>
   <div class='ocr_carea' id='block_1_41' title="bbox 561 2580 2157 2653">
    <p class='ocr_par' dir='ltr' id='par_1_41' title="bbox 561 2580 2157 2653">
     <span class='ocr_line' id='line_1_41' title="bbox 561 2580 2157 2653; baseline 0.003 -18"><span class='ocrx_word' id='word_1_303' title='bbox 561 2580 751 2650; x_wconf 87' lang='lat' dir='ltr'><strong>pedes,</strong></span> <span class='ocrx_word' id='word_1_304' title='bbox 798 2580 1102 2636; x_wconf 87' lang='lat' dir='ltr'><strong>latitudinis</strong></span> <span class='ocrx_word' id='word_1_305' title='bbox 1148 2596 1276 2636; x_wconf 82' lang='lat' dir='ltr'><strong>vero</strong></span> <span class='ocrx_word' id='word_1_306' title='bbox 1326 2598 1395 2635; x_wconf 89' lang='lat' dir='ltr'><strong>tv.</strong></span> <span class='ocrx_word' id='word_1_307' title='bbox 1431 2583 1496 2636; x_wconf 82' lang='lat' dir='ltr'><strong>Et</strong></span> <span class='ocrx_word' id='word_1_308' title='bbox 1533 2592 1792 2653; x_wconf 88' lang='lat' dir='ltr'><strong>quotquot</strong></span> <span class='ocrx_word' id='word_1_309' title='bbox 1835 2600 1901 2640; x_wconf 88' lang='lat' dir='ltr'><strong>ex</strong></span> <span class='ocrx_word' id='word_1_310' title='bbox 1954 2587 2157 2642; x_wconf 72' lang='lat' dir='ltr'><strong>adven-</strong></span> 
     </span>
    </p>
   </div>
   <div class='ocr_carea' id='block_1_42' title="bbox 561 2669 2151 2743">
    <p class='ocr_par' dir='ltr' id='par_1_42' title="bbox 561 2669 2151 2743">
     <span class='ocr_line' id='line_1_42' title="bbox 561 2669 2151 2743; baseline 0.004 -19"><span class='ocrx_word' id='word_1_311' title='bbox 561 2669 806 2726; x_wconf 89' lang='lat' dir='ltr'><strong>tantibus</strong></span> <span class='ocrx_word' id='word_1_312' title='bbox 836 2686 939 2726; x_wconf 90' lang='lat' dir='ltr'><strong>uon</strong></span> <span class='ocrx_word' id='word_1_313' title='bbox 970 2681 1195 2743; x_wconf 90' lang='lat' dir='ltr'><strong>possunt</strong></span> <span class='ocrx_word' id='word_1_314' title='bbox 1227 2673 1450 2728; x_wconf 88' lang='lat' dir='ltr'><strong>reficere</strong></span> <span class='ocrx_word' id='word_1_315' title='bbox 1493 2675 1557 2727; x_wconf 90' lang='lat' dir='ltr'><strong>ad</strong></span> <span class='ocrx_word' id='word_1_316' title='bbox 1604 2674 1748 2728; x_wconf 85' lang='lat' dir='ltr'><strong>illaut</strong></span> <span class='ocrx_word' id='word_1_317' title='bbox 1791 2677 2151 2742; x_wconf 87' lang='lat' dir='ltr'><strong>mansionem,</strong></span> 
     </span>
    </p>
   </div>
   <div class='ocr_carea' id='block_1_43' title="bbox 559 2763 2154 2835">
    <p class='ocr_par' dir='ltr' id='par_1_43' title="bbox 559 2763 2154 2835">
     <span class='ocr_line' id='line_1_43' title="bbox 559 2763 2154 2835; baseline 0.004 -19"><span class='ocrx_word' id='word_1_318' title='bbox 559 2777 725 2835; x_wconf 85' lang='lat' dir='ltr'><strong>quam</strong></span> <span class='ocrx_word' id='word_1_319' title='bbox 765 2763 1015 2832; x_wconf 90' lang='lat' dir='ltr'><strong>superius</strong></span> <span class='ocrx_word' id='word_1_320' title='bbox 1060 2763 1325 2827; x_wconf 83' lang='lat' dir='ltr'><strong>diximus,</strong></span> <span class='ocrx_word' id='word_1_321' title='bbox 1374 2764 1624 2820; x_wconf 86' lang='lat' dir='ltr'><strong>reficiant</strong></span> <span class='ocrx_word' id='word_1_322' title='bbox 1673 2766 1738 2819; x_wconf 89' lang='lat' dir='ltr'><strong>ad</strong></span> <span class='ocrx_word' id='word_1_323' title='bbox 1785 2764 1967 2821; x_wconf 88' lang='lat' dir='ltr'><strong>istam.</strong></span> <span class='ocrx_word' id='word_1_324' title='bbox 2006 2768 2071 2821; x_wconf 84' lang='lat' dir='ltr'><strong>Et</strong></span> <span class='ocrx_word' id='word_1_325' title='bbox 2102 2769 2154 2823; x_wconf 90' lang='lat' dir='ltr'><strong>in</strong></span> 
     </span>
    </p>
   </div>
   <div class='ocr_carea' id='block_1_44' title="bbox 559 2855 2154 2928">
    <p class='ocr_par' dir='ltr' id='par_1_44' title="bbox 559 2855 2154 2928">
     <span class='ocr_line' id='line_1_44' title="bbox 559 2855 2154 2928; baseline 0.004 -21"><span class='ocrx_word' id='word_1_326' title='bbox 559 2855 739 2924; x_wconf 87' lang='lat' dir='ltr'><strong>capite</strong></span> <span class='ocrx_word' id='word_1_327' title='bbox 771 2855 941 2926; x_wconf 88' lang='lat' dir='ltr'><strong>ipsius</strong></span> <span class='ocrx_word' id='word_1_328' title='bbox 988 2855 1285 2911; x_wconf 88' lang='lat' dir='ltr'><strong>mansionis</strong></span> <span class='ocrx_word' id='word_1_329' title='bbox 1325 2856 1397 2911; x_wconf 92' lang='lat' dir='ltr'><strong>sit</strong></span> <span class='ocrx_word' id='word_1_330' title='bbox 1437 2856 1587 2912; x_wconf 91' lang='lat' dir='ltr'><strong>locus</strong></span> <span class='ocrx_word' id='word_1_331' title='bbox 1617 2860 1877 2928; x_wconf 76' lang='lat' dir='ltr'><strong>aptitatus</strong></span> <span class='ocrx_word' id='word_1_332' title='bbox 1905 2858 1995 2914; x_wconf 90' lang='lat' dir='ltr'><strong>ubi</strong></span> <span class='ocrx_word' id='word_1_333' title='bbox 2021 2876 2154 2915; x_wconf 91' lang='lat' dir='ltr'><strong>con-</strong></span> 
     </span>
    </p>
   </div>
   <div class='ocr_carea' id='block_1_45' title="bbox 562 2946 2157 3023">
    <p class='ocr_par' dir='ltr' id='par_1_45' title="bbox 562 2946 2157 3023">
     <span class='ocr_line' id='line_1_45' title="bbox 562 2946 2157 3023; baseline 0.006 -24"><span class='ocrx_word' id='word_1_334' title='bbox 562 2947 788 3023; x_wconf 58' lang='lat' dir='ltr'><strong>t‘cniant</strong></span> <span class='ocrx_word' id='word_1_335' title='bbox 838 2961 1028 3002; x_wconf 92' lang='lat' dir='ltr'><strong>omnes</strong></span> <span class='ocrx_word' id='word_1_336' title='bbox 1076 2946 1148 3007; x_wconf 87' lang='lat' dir='ltr'><strong>illi</strong></span> <span class='ocrx_word' id='word_1_337' title='bbox 1197 2948 1445 3003; x_wconf 86' lang='lat' dir='ltr'><strong>homines</strong></span> <span class='ocrx_word' id='word_1_338' title='bbox 1486 2949 1578 3019; x_wconf 89' lang='lat' dir='ltr'><strong>qui</strong></span> <span class='ocrx_word' id='word_1_339' title='bbox 1631 2951 1834 3021; x_wconf 88' lang='lat' dir='ltr'><strong>absque</strong></span> <span class='ocrx_word' id='word_1_340' title='bbox 1880 2951 2157 3021; x_wconf 90' lang='lat' dir='ltr'><strong>equitibus</strong></span> 
     </span>
    </p>
   </div>
   <div class='ocr_carea' id='block_1_46' title="bbox 560 3038 2153 3114">
    <p class='ocr_par' dir='ltr' id='par_1_46' title="bbox 560 3038 2153 3114">
     <span class='ocr_line' id='line_1_46' title="bbox 560 3038 2153 3114; baseline 0.004 -21"><span class='ocrx_word' id='word_1_341' title='bbox 560 3038 874 3105; x_wconf 86' lang='lat' dir='ltr'><strong>deveniunt,</strong></span> <span class='ocrx_word' id='word_1_342' title='bbox 906 3048 959 3094; x_wconf 90' lang='lat' dir='ltr'><strong>et</strong></span> <span class='ocrx_word' id='word_1_343' title='bbox 984 3040 1310 3097; x_wconf 83' lang='lat' dir='ltr'><strong>charitntem</strong></span> <span class='ocrx_word' id='word_1_344' title='bbox 1340 3057 1403 3095; x_wconf 88' lang='lat' dir='ltr'><strong>ex</strong></span> <span class='ocrx_word' id='word_1_345' title='bbox 1428 3042 1548 3097; x_wconf 89' lang='lat' dir='ltr'><strong>cibo</strong></span> <span class='ocrx_word' id='word_1_346' title='bbox 1576 3052 1629 3097; x_wconf 91' lang='lat' dir='ltr'><strong>et</strong></span> <span class='ocrx_word' id='word_1_347' title='bbox 1653 3054 1778 3113; x_wconf 88' lang='lat' dir='ltr'><strong>potu</strong></span> <span class='ocrx_word' id='word_1_348' title='bbox 1812 3044 1861 3097; x_wconf 95' lang='lat' dir='ltr'><strong>in</strong></span> <span class='ocrx_word' id='word_1_349' title='bbox 1891 3055 2153 3114; x_wconf 77' lang='lat' dir='ltr'><strong>quantum</strong></span> 
     </span>
    </p>
   </div>
   <div class='ocr_carea' id='block_1_47' title="bbox 558 3129 2228 3211">
    <p class='ocr_par' dir='ltr' id='par_1_47' title="bbox 558 3129 2228 3211">
     <span class='ocr_line' id='line_1_47' title="bbox 558 3129 2228 3211; baseline 0.007 -29"><span class='ocrx_word' id='word_1_350' title='bbox 558 3129 939 3184; x_wconf 83' lang='lat' dir='ltr'><strong>convenientia</strong></span> <span class='ocrx_word' id='word_1_351' title='bbox 987 3129 1150 3185; x_wconf 90' lang='lat' dir='ltr'><strong>fuerit</strong></span> <span class='ocrx_word' id='word_1_352' title='bbox 1198 3132 1267 3186; x_wconf 90' lang='lat' dir='ltr'><strong>ibi</strong></span> <span class='ocrx_word' id='word_1_353' title='bbox 1317 3133 1577 3202; x_wconf 82' lang='lat' dir='ltr'><strong>recipiant</strong></span> <span class='ocrx_word' id='word_1_354' title='bbox 1616 3136 1684 3188; x_wconf 86' lang='lat' dir='ltr'><strong>ab</strong></span> <span class='ocrx_word' id='word_1_355' title='bbox 1728 3135 2154 3207; x_wconf 83' lang='lat' dir='ltr'><strong>cleemosynario</strong></span> <span class='ocrx_word' id='word_1_356' title='bbox 2186 3190 2228 3211; x_wconf 51' lang='grc' dir='ltr'><strong><em>η</em></strong></span> 
     </span>
    </p>
   </div>
   <div class='ocr_carea' id='block_1_48' title="bbox 2260 1932 3722 2005">
    <p class='ocr_par' dir='ltr' id='par_1_48' title="bbox 2260 1932 3722 2005">
     <span class='ocr_line' id='line_1_48' title="bbox 2260 1932 3722 2005; baseline -0.001 -19"><span class='ocrx_word' id='word_1_357' title='bbox 2260 1932 2335 1986; x_wconf 84' lang='lat' dir='ltr'><strong>Ex</strong></span> <span class='ocrx_word' id='word_1_358' title='bbox 2367 1932 2491 1987; x_wconf 89' lang='lat' dir='ltr'><strong>hinc</strong></span> <span class='ocrx_word' id='word_1_359' title='bbox 2522 1933 2702 1987; x_wconf 81' lang='lat' dir='ltr'><strong>veniat</strong></span> <span class='ocrx_word' id='word_1_360' title='bbox 2730 1933 2797 1987; x_wconf 89' lang='lat' dir='ltr'><strong>ad</strong></span> <span class='ocrx_word' id='word_1_361' title='bbox 2838 1934 2983 2004; x_wconf 90' lang='lat' dir='ltr'><strong>ipsos</strong></span> <span class='ocrx_word' id='word_1_362' title='bbox 3012 1945 3065 1990; x_wconf 91' lang='lat' dir='ltr'><strong>ct</strong></span> <span class='ocrx_word' id='word_1_363' title='bbox 3091 1936 3317 2005; x_wconf 88' lang='lat' dir='ltr'><strong>incipiat</strong></span> <span class='ocrx_word' id='word_1_364' title='bbox 3346 1938 3506 1992; x_wconf 90' lang='lat' dir='ltr'><strong>dicere</strong></span> <span class='ocrx_word' id='word_1_365' title='bbox 3528 1940 3633 1992; x_wconf 62' lang='lat' dir='ltr'><strong>hunc</strong></span> <span class='ocrx_word' id='word_1_366' title='bbox 3652 1952 3722 1989; x_wconf 76' lang='lat' dir='ltr'><strong>ter-</strong></span> 
     </span>
    </p>
   </div>
   <div class='ocr_carea' id='block_1_49' title="bbox 2257 2022 3723 2088">
    <p class='ocr_par' dir='ltr' id='par_1_49' title="bbox 2257 2022 3723 2088">
     <span class='ocr_line' id='line_1_49' title="bbox 2257 2022 3723 2088; baseline 0.001 -10"><span class='ocrx_word' id='word_1_367' title='bbox 2257 2039 2421 2088; x_wconf 88' lang='lat' dir='ltr'><strong>sum,</strong></span> <span class='ocrx_word' id='word_1_368' title='bbox 2468 2022 2643 2076; x_wconf 79' lang='lat' dir='ltr'><strong>Exuat</strong></span> <span class='ocrx_word' id='word_1_369' title='bbox 2692 2035 2739 2079; x_wconf 90' lang='lat' dir='ltr'><strong>te</strong></span> <span class='ocrx_word' id='word_1_370' title='bbox 2788 2034 3007 2079; x_wconf 77' lang='lat' dir='ltr'><strong>veterem</strong></span> <span class='ocrx_word' id='word_1_371' title='bbox 3051 2025 3317 2081; x_wconf 83' lang='lat' dir='ltr'><strong>hominem</strong></span> <span class='ocrx_word' id='word_1_372' title='bbox 3365 2026 3597 2081; x_wconf 61' lang='lat' dir='ltr'><strong>Dominus.</strong></span> <span class='ocrx_word' id='word_1_373' title='bbox 3632 2025 3723 2080; x_wconf 67' lang='lat' dir='ltr'><strong>Tum</strong></span> 
     </span>
    </p>
   </div>
   <div class='ocr_carea' id='block_1_50' title="bbox 2259 2116 3724 2182">
    <p class='ocr_par' dir='ltr' id='par_1_50' title="bbox 2259 2116 3724 2182">
     <span class='ocr_line' id='line_1_50' title="bbox 2259 2116 3724 2182; baseline 0.001 -12"><span class='ocrx_word' id='word_1_374' title='bbox 2259 2116 2551 2171; x_wconf 89' lang='lat' dir='ltr'><strong>induentur</strong></span> <span class='ocrx_word' id='word_1_375' title='bbox 2592 2118 2801 2173; x_wconf 86' lang='lat' dir='ltr'><strong>cuculla</strong></span> <span class='ocrx_word' id='word_1_376' title='bbox 2851 2127 2905 2173; x_wconf 90' lang='lat' dir='ltr'><strong>et</strong></span> <span class='ocrx_word' id='word_1_377' title='bbox 2940 2118 3104 2182; x_wconf 87' lang='lat' dir='ltr'><strong>dicat,</strong></span> <span class='ocrx_word' id='word_1_378' title='bbox 3142 2120 3345 2173; x_wconf 82' lang='lat' dir='ltr'><strong>Induat</strong></span> <span class='ocrx_word' id='word_1_379' title='bbox 3386 2129 3431 2173; x_wconf 85' lang='lat' dir='ltr'><strong>te</strong></span> <span class='ocrx_word' id='word_1_380' title='bbox 3458 2118 3724 2173; x_wconf 60' lang='lat' dir='ltr'><strong>Domina!)</strong></span> 
     </span>
    </p>
   </div>
   <div class='ocr_carea' id='block_1_51' title="bbox 2257 2206 3723 2279">
    <p class='ocr_par' dir='ltr' id='par_1_51' title="bbox 2257 2206 3723 2279">
     <span class='ocr_line' id='line_1_51' title="bbox 2257 2206 3723 2279; baseline 0 -18"><span class='ocrx_word' id='word_1_381' title='bbox 2257 2206 2534 2262; x_wconf 86' lang='lat' dir='ltr'><strong>osculetur</strong></span> <span class='ocrx_word' id='word_1_382' title='bbox 2571 2222 2664 2262; x_wconf 91' lang='lat' dir='ltr'><strong>eos</strong></span> <span class='ocrx_word' id='word_1_383' title='bbox 2694 2209 2883 2272; x_wconf 90' lang='lat' dir='ltr'><strong>abbas,</strong></span> <span class='ocrx_word' id='word_1_384' title='bbox 2916 2217 2969 2263; x_wconf 91' lang='lat' dir='ltr'><strong>et</strong></span> <span class='ocrx_word' id='word_1_385' title='bbox 3004 2223 3194 2264; x_wconf 89' lang='lat' dir='ltr'><strong>omnes</strong></span> <span class='ocrx_word' id='word_1_386' title='bbox 3231 2223 3334 2279; x_wconf 87' lang='lat' dir='ltr'><strong>per</strong></span> <span class='ocrx_word' id='word_1_387' title='bbox 3357 2208 3566 2263; x_wconf 85' lang='lat' dir='ltr'><strong>ordinem</strong></span> <span class='ocrx_word' id='word_1_388' title='bbox 3589 2206 3723 2267; x_wconf 74' lang='lat' dir='ltr'><strong>fratres,</strong></span> 
     </span>
    </p>
   </div>
   <div class='ocr_carea' id='block_1_52' title="bbox 2259 2298 3727 2370">
    <p class='ocr_par' dir='ltr' id='par_1_52' title="bbox 2259 2298 3727 2370">
     <span class='ocr_line' id='line_1_52' title="bbox 2259 2298 3727 2370; baseline -0.001 -17"><span class='ocrx_word' id='word_1_389' title='bbox 2259 2309 2313 2354; x_wconf 91' lang='lat' dir='ltr'><strong>ct</strong></span> <span class='ocrx_word' id='word_1_390' title='bbox 2342 2311 2597 2355; x_wconf 73' lang='lat' dir='ltr'><strong>maneant</strong></span> <span class='ocrx_word' id='word_1_391' title='bbox 2624 2300 2787 2355; x_wconf 82' lang='lat' dir='ltr'><strong>velati</strong></span> <span class='ocrx_word' id='word_1_392' title='bbox 2836 2315 3008 2370; x_wconf 85' lang='lat' dir='ltr'><strong>usque</strong></span> <span class='ocrx_word' id='word_1_393' title='bbox 3040 2301 3108 2354; x_wconf 82' lang='lat' dir='ltr'><strong>ad</strong></span> <span class='ocrx_word' id='word_1_394' title='bbox 3142 2301 3366 2356; x_wconf 84' lang='lat' dir='ltr'><strong>tertium</strong></span> <span class='ocrx_word' id='word_1_395' title='bbox 3395 2301 3534 2355; x_wconf 87' lang='lat' dir='ltr'><strong>diem.</strong></span> <span class='ocrx_word' id='word_1_396' title='bbox 3566 2300 3624 2354; x_wconf 74' lang='lat' dir='ltr'><strong>Ad</strong></span> <span class='ocrx_word' id='word_1_397' title='bbox 3651 2298 3727 2353; x_wconf 75' lang='lat' dir='ltr'><strong>ole-</strong></span> 
     </span>
    </p>
   </div>
   <div class='ocr_carea' id='block_1_53' title="bbox 2259 2392 3726 2464">
    <p class='ocr_par' dir='ltr' id='par_1_53' title="bbox 2259 2392 3726 2464">
     <span class='ocr_line' id='line_1_53' title="bbox 2259 2392 3726 2464; baseline -0.001 -17"><span class='ocrx_word' id='word_1_398' title='bbox 2259 2392 2479 2447; x_wconf 90' lang='lat' dir='ltr'><strong>rendam</strong></span> <span class='ocrx_word' id='word_1_399' title='bbox 2512 2408 2702 2448; x_wconf 89' lang='lat' dir='ltr'><strong>omnes</strong></span> <span class='ocrx_word' id='word_1_400' title='bbox 2729 2392 2890 2447; x_wconf 53' lang='lat' dir='ltr'><strong>velati</strong></span> <span class='ocrx_word' id='word_1_401' title='bbox 2920 2394 3235 2463; x_wconf 88' lang='lat' dir='ltr'><strong>procedant,</strong></span> <span class='ocrx_word' id='word_1_402' title='bbox 3271 2408 3448 2464; x_wconf 87' lang='lat' dir='ltr'><strong>pacem</strong></span> <span class='ocrx_word' id='word_1_403' title='bbox 3470 2392 3726 2463; x_wconf 57' lang='lat' dir='ltr'><strong>accipimus</strong></span> 
     </span>
    </p>
   </div>
   <div class='ocr_carea' id='block_1_54' title="bbox 2258 2484 3728 2560">
    <p class='ocr_par' dir='ltr' id='par_1_54' title="bbox 2258 2484 3728 2560">
     <span class='ocr_line' id='line_1_54' title="bbox 2258 2484 3728 2560; baseline -0.003 -21"><span class='ocrx_word' id='word_1_404' title='bbox 2258 2493 2385 2539; x_wconf 89' lang='lat' dir='ltr'><strong>eant</strong></span> <span class='ocrx_word' id='word_1_405' title='bbox 2430 2485 2497 2539; x_wconf 90' lang='lat' dir='ltr'><strong>ad</strong></span> <span class='ocrx_word' id='word_1_406' title='bbox 2547 2486 3077 2560; x_wconf 86' lang='lat' dir='ltr'><strong>counnunicandum.</strong></span> <span class='ocrx_word' id='word_1_407' title='bbox 3123 2486 3181 2540; x_wconf 89' lang='lat' dir='ltr'><strong>ln</strong></span> <span class='ocrx_word' id='word_1_408' title='bbox 3237 2486 3426 2541; x_wconf 88' lang='lat' dir='ltr'><strong>ultimo</strong></span> <span class='ocrx_word' id='word_1_409' title='bbox 3460 2484 3559 2540; x_wconf 90' lang='lat' dir='ltr'><strong>loco</strong></span> <span class='ocrx_word' id='word_1_410' title='bbox 3585 2484 3728 2539; x_wconf 77' lang='lat' dir='ltr'><strong>stcnt&#39;u</strong></span> 
     </span>
    </p>
   </div>
   <div class='ocr_carea' id='block_1_55' title="bbox 2259 2574 3727 2649">
    <p class='ocr_par' dir='ltr' id='par_1_55' title="bbox 2259 2574 3727 2649">
     <span class='ocr_line' id='line_1_55' title="bbox 2259 2574 3727 2649; baseline -0.003 -20"><span class='ocrx_word' id='word_1_411' title='bbox 2259 2576 2424 2630; x_wconf 82' lang='lat' dir='ltr'><strong>choro</strong></span> <span class='ocrx_word' id='word_1_412' title='bbox 2454 2587 2617 2646; x_wconf 86' lang='lat' dir='ltr'><strong>atque</strong></span> <span class='ocrx_word' id='word_1_413' title='bbox 2642 2578 2948 2633; x_wconf 89' lang='lat' dir='ltr'><strong>refectorio.</strong></span> <span class='ocrx_word' id='word_1_414' title='bbox 2983 2577 3065 2632; x_wconf 83' lang='lat' dir='ltr'><strong>Ad</strong></span> <span class='ocrx_word' id='word_1_415' title='bbox 3089 2578 3384 2649; x_wconf 87' lang='lat' dir='ltr'><strong>capitulum</strong></span> <span class='ocrx_word' id='word_1_416' title='bbox 3407 2594 3516 2635; x_wconf 85' lang='lat' dir='ltr'><strong>mox</strong></span> <span class='ocrx_word' id='word_1_417' title='bbox 3538 2586 3583 2630; x_wconf 89' lang='lat' dir='ltr'><strong>ut</strong></span> <span class='ocrx_word' id='word_1_418' title='bbox 3602 2574 3727 2629; x_wconf 82' lang='lat' dir='ltr'><strong>dictum</strong></span> 
     </span>
    </p>
   </div>
   <div class='ocr_carea' id='block_1_56' title="bbox 2259 2669 3730 2739">
    <p class='ocr_par' dir='ltr' id='par_1_56' title="bbox 2259 2669 3730 2739">
     <span class='ocr_line' id='line_1_56' title="bbox 2259 2669 3730 2739; baseline -0.002 -18"><span class='ocrx_word' id='word_1_419' title='bbox 2259 2669 2424 2722; x_wconf 81' lang='lat' dir='ltr'><strong>fuerit</strong></span> <span class='ocrx_word' id='word_1_420' title='bbox 2466 2669 2666 2739; x_wconf 67' lang='lat' dir='ltr'><strong>aliquid</strong></span> <span class='ocrx_word' id='word_1_421' title='bbox 2717 2686 2783 2724; x_wconf 88' lang='lat' dir='ltr'><strong>ex</strong></span> <span class='ocrx_word' id='word_1_422' title='bbox 2830 2679 3017 2726; x_wconf 88' lang='lat' dir='ltr'><strong>nostro</strong></span> <span class='ocrx_word' id='word_1_423' title='bbox 3064 2686 3163 2726; x_wconf 88' lang='lat' dir='ltr'><strong>usu</strong></span> <span class='ocrx_word' id='word_1_424' title='bbox 3212 2671 3730 2733; x_wconf 48' lang='lat' dir='ltr'><strong>Rememorantininuat</strong></span> 
     </span>
    </p>
   </div>
   <div class='ocr_carea' id='block_1_57' title="bbox 2260 2760 3730 2832">
    <p class='ocr_par' dir='ltr' id='par_1_57' title="bbox 2260 2760 3730 2832">
     <span class='ocr_line' id='line_1_57' title="bbox 2260 2760 3730 2832; baseline -0.001 -20"><span class='ocrx_word' id='word_1_425' title='bbox 2260 2761 2630 2831; x_wconf 82' lang='lat' dir='ltr'><strong>apprehendat</strong></span> <span class='ocrx_word' id='word_1_426' title='bbox 2676 2761 2797 2817; x_wconf 88' lang='lat' dir='ltr'><strong>illos</strong></span> <span class='ocrx_word' id='word_1_427' title='bbox 2850 2760 3025 2818; x_wconf 86' lang='lat' dir='ltr'><strong>frater</strong></span> <span class='ocrx_word' id='word_1_428' title='bbox 3081 2761 3171 2832; x_wconf 89' lang='lat' dir='ltr'><strong>qui</strong></span> <span class='ocrx_word' id='word_1_429' title='bbox 3226 2761 3602 2818; x_wconf 85' lang='lat' dir='ltr'><strong>sollicitudinem</strong></span> <span class='ocrx_word' id='word_1_430' title='bbox 3638 2766 3730 2828; x_wconf 72' lang='lat' dir='ltr'><strong>gerat</strong></span> 
     </span>
    </p>
   </div>
   <div class='ocr_carea' id='block_1_58' title="bbox 2259 2850 3734 2924">
    <p class='ocr_par' dir='ltr' id='par_1_58' title="bbox 2259 2850 3734 2924">
     <span class='ocr_line' id='line_1_58' title="bbox 2259 2850 3734 2924; baseline -0.003 -18"><span class='ocrx_word' id='word_1_431' title='bbox 2259 2867 2422 2921; x_wconf 90' lang='lat' dir='ltr'><strong>super</strong></span> <span class='ocrx_word' id='word_1_432' title='bbox 2458 2866 2572 2915; x_wconf 89' lang='lat' dir='ltr'><strong>eos,</strong></span> <span class='ocrx_word' id='word_1_433' title='bbox 2604 2860 2658 2905; x_wconf 92' lang='lat' dir='ltr'><strong>et</strong></span> <span class='ocrx_word' id='word_1_434' title='bbox 2690 2861 2843 2908; x_wconf 83' lang='lat' dir='ltr'><strong>extra</strong></span> <span class='ocrx_word' id='word_1_435' title='bbox 2883 2851 3179 2924; x_wconf 88' lang='lat' dir='ltr'><strong>capitulum</strong></span> <span class='ocrx_word' id='word_1_436' title='bbox 3211 2853 3411 2918; x_wconf 87' lang='lat' dir='ltr'><strong>ducat,</strong></span> <span class='ocrx_word' id='word_1_437' title='bbox 3447 2863 3581 2921; x_wconf 82' lang='lat' dir='ltr'><strong>atque</strong></span> <span class='ocrx_word' id='word_1_438' title='bbox 3611 2850 3649 2903; x_wconf 85' lang='lat' dir='ltr'><strong>iu</strong></span> <span class='ocrx_word' id='word_1_439' title='bbox 3680 2862 3734 2901; x_wconf 80' lang='lat' dir='ltr'><strong>ec-</strong></span> 
     </span>
    </p>
   </div>
   <div class='ocr_carea' id='block_1_59' title="bbox 2259 2937 3731 3016">
    <p class='ocr_par' dir='ltr' id='par_1_59' title="bbox 2259 2937 3731 3016">
     <span class='ocr_line' id='line_1_59' title="bbox 2259 2937 3731 3016; baseline -0.005 -16"><span class='ocrx_word' id='word_1_440' title='bbox 2259 2944 2423 3001; x_wconf 89' lang='lat' dir='ltr'><strong>clesia</strong></span> <span class='ocrx_word' id='word_1_441' title='bbox 2450 2944 2698 3000; x_wconf 86' lang='lat' dir='ltr'><strong>collocet.</strong></span> <span class='ocrx_word' id='word_1_442' title='bbox 2730 2944 2844 3001; x_wconf 83' lang='lat' dir='ltr'><strong>Hoc</strong></span> <span class='ocrx_word' id='word_1_443' title='bbox 2870 2944 3035 3001; x_wconf 87' lang='lat' dir='ltr'><strong>faciat</strong></span> <span class='ocrx_word' id='word_1_444' title='bbox 3074 2953 3249 3016; x_wconf 79' lang='lat' dir='ltr'><strong>usque</strong></span> <span class='ocrx_word' id='word_1_445' title='bbox 3280 2946 3331 3001; x_wconf 92' lang='lat' dir='ltr'><strong>in</strong></span> <span class='ocrx_word' id='word_1_446' title='bbox 3363 2946 3553 3000; x_wconf 86' lang='lat' dir='ltr'><strong>tertium</strong></span> <span class='ocrx_word' id='word_1_447' title='bbox 3576 2937 3731 3004; x_wconf 61' lang='lat' dir='ltr'><strong>dictae</strong></span> 
     </span>
    </p>
   </div>
   <div class='ocr_carea' id='block_1_60' title="bbox 2260 3031 3735 3108">
    <p class='ocr_par' dir='ltr' id='par_1_60' title="bbox 2260 3031 3735 3108">
     <span class='ocr_line' id='line_1_60' title="bbox 2260 3031 3735 3108; baseline -0.004 -18"><span class='ocrx_word' id='word_1_448' title='bbox 2260 3053 2367 3107; x_wconf 90' lang='lat' dir='ltr'><strong>quo</strong></span> <span class='ocrx_word' id='word_1_449' title='bbox 2396 3037 2565 3093; x_wconf 87' lang='lat' dir='ltr'><strong>abbas</strong></span> <span class='ocrx_word' id='word_1_450' title='bbox 2594 3048 2720 3108; x_wconf 84' lang='lat' dir='ltr'><strong>agat</strong></span> <span class='ocrx_word' id='word_1_451' title='bbox 2746 3036 2967 3091; x_wconf 77' lang='lat' dir='ltr'><strong>missam</strong></span> <span class='ocrx_word' id='word_1_452' title='bbox 2986 3078 3001 3098; x_wconf 91' lang='lat'><strong>,</strong></span> <span class='ocrx_word' id='word_1_453' title='bbox 3033 3044 3087 3091; x_wconf 86' lang='lat' dir='ltr'><strong>et</strong></span> <span class='ocrx_word' id='word_1_454' title='bbox 3120 3045 3247 3106; x_wconf 83' lang='lat' dir='ltr'><strong>post</strong></span> <span class='ocrx_word' id='word_1_455' title='bbox 3280 3050 3460 3107; x_wconf 79' lang='lat' dir='ltr'><strong>pacem</strong></span> <span class='ocrx_word' id='word_1_456' title='bbox 3484 3031 3735 3089; x_wconf 73' lang='lat' dir='ltr'><strong>velunealm</strong></span> 
     </span>
    </p>
   </div>
   <div class='ocr_carea' id='block_1_61' title="bbox 2260 3121 3732 3200">
    <p class='ocr_par' dir='ltr' id='par_1_61' title="bbox 2260 3121 3732 3200">
     <span class='ocr_line' id='line_1_61' title="bbox 2260 3121 3732 3200; baseline -0.01 -16"><span class='ocrx_word' id='word_1_457' title='bbox 2260 3145 2383 3185; x_wconf 92' lang='lat' dir='ltr'><strong>cum</strong></span> <span class='ocrx_word' id='word_1_458' title='bbox 2416 3130 2759 3200; x_wconf 88' lang='lat' dir='ltr'><strong>adjutoribus</strong></span> <span class='ocrx_word' id='word_1_459' title='bbox 2806 3127 3018 3182; x_wconf 88' lang='lat' dir='ltr'><strong>auferat</strong></span> <span class='ocrx_word' id='word_1_460' title='bbox 3058 3137 3115 3181; x_wconf 90' lang='lat' dir='ltr'><strong>et</strong></span> <span class='ocrx_word' id='word_1_461' title='bbox 3153 3126 3567 3182; x_wconf 86' lang='lat' dir='ltr'><strong>communionem</strong></span> <span class='ocrx_word' id='word_1_462' title='bbox 3594 3121 3732 3176; x_wconf 74' lang='lat' dir='ltr'><strong>tribuat.</strong></span> 
     </span>
    </p>
   </div>
   <div class='ocr_carea' id='block_1_62' title="bbox 560 3200 2151 3298">
    <p class='ocr_par' dir='ltr' id='par_1_62' title="bbox 560 3200 2151 3298">
     <span class='ocr_line' id='line_1_62' title="bbox 560 3200 2151 3298; baseline 0.006 -23"><span class='ocrx_word' id='word_1_463' title='bbox 560 3219 749 3276; x_wconf 83' lang='lat' dir='ltr'><strong>fratre.</strong></span> <span class='ocrx_word' id='word_1_464' title='bbox 796 3222 963 3276; x_wconf 81' lang='lat' dir='ltr'><strong>Extra</strong></span> <span class='ocrx_word' id='word_1_465' title='bbox 1010 3222 1354 3280; x_wconf 90' lang='lat' dir='ltr'><strong>refectorium</strong></span> <span class='ocrx_word' id='word_1_466' title='bbox 1401 3200 1633 3295; x_wconf 81' lang='lat' dir='ltr'><strong>namque</strong></span> <span class='ocrx_word' id='word_1_467' title='bbox 1682 3226 1909 3281; x_wconf 76' lang='lat' dir='ltr'><strong>fratrum</strong></span> <span class='ocrx_word' id='word_1_468' title='bbox 1948 3200 2014 3284; x_wconf 43' lang='lat' dir='ltr'><strong>tlx</strong></span> <span class='ocrx_word' id='word_1_469' title='bbox 2066 3247 2151 3298; x_wconf 88' lang='lat' dir='ltr'><strong>pe-</strong></span> 
     </span>
    </p>
   </div>
   <div class='ocr_carea' id='block_1_63' title="bbox 2255 3200 3735 3298">
    <p class='ocr_par' dir='ltr' id='par_1_63' title="bbox 2266 3214 3735 3289">
     <span class='ocr_line' id='line_1_63' title="bbox 2266 3214 3735 3289; baseline -0.01 -13"><span class='ocrx_word' id='word_1_470' title='bbox 2266 3220 2466 3276; x_wconf 85' lang='lat' dir='ltr'><strong>Deinde</strong></span> <span class='ocrx_word' id='word_1_471' title='bbox 2524 3220 2575 3274; x_wconf 90' lang='lat' dir='ltr'><strong>in</strong></span> <span class='ocrx_word' id='word_1_472' title='bbox 2624 3219 2860 3289; x_wconf 90' lang='lat' dir='ltr'><strong>capitulo</strong></span> <span class='ocrx_word' id='word_1_473' title='bbox 2911 3219 3055 3272; x_wconf 81' lang='lat' dir='ltr'><strong>velut</strong></span> <span class='ocrx_word' id='word_1_474' title='bbox 3105 3217 3243 3274; x_wconf 89' lang='lat' dir='ltr'><strong>locis</strong></span> <span class='ocrx_word' id='word_1_475' title='bbox 3286 3218 3525 3274; x_wconf 85' lang='lat' dir='ltr'><strong>omnibus</strong></span> <span class='ocrx_word' id='word_1_476' title='bbox 3558 3214 3735 3271; x_wconf 74' lang='lat' dir='ltr'><strong>SOCictttttt</strong></span> 
     </span>
    </p>
   </div>
   <div class='ocr_carea' id='block_1_64' title="bbox 560 3311 2156 3391">
    <p class='ocr_par' dir='ltr' id='par_1_64' title="bbox 560 3311 2156 3391">
     <span class='ocr_line' id='line_1_64' title="bbox 560 3311 2156 3391; baseline 0.008 -26"><span class='ocrx_word' id='word_1_477' title='bbox 560 3311 689 3370; x_wconf 89' lang='lat' dir='ltr'><strong>dum</strong></span> <span class='ocrx_word' id='word_1_478' title='bbox 715 3314 769 3369; x_wconf 90' lang='lat' dir='ltr'><strong>in</strong></span> <span class='ocrx_word' id='word_1_479' title='bbox 799 3315 975 3385; x_wconf 88' lang='lat' dir='ltr'><strong>capite</strong></span> <span class='ocrx_word' id='word_1_480' title='bbox 1004 3315 1214 3370; x_wconf 72' lang='lat' dir='ltr'><strong>latrinm</strong></span> <span class='ocrx_word' id='word_1_481' title='bbox 1241 3316 1349 3372; x_wconf 89' lang='lat' dir='ltr'><strong>sint</strong></span> <span class='ocrx_word' id='word_1_482' title='bbox 1396 3327 1563 3388; x_wconf 69' lang='lat' dir='ltr'><strong>crytre</strong></span> <span class='ocrx_word' id='word_1_483' title='bbox 1610 3318 1675 3390; x_wconf 78' lang='grc' dir='ltr'><strong>[Ῑ.</strong></span> <span class='ocrx_word' id='word_1_484' title='bbox 1708 3320 1916 3391; x_wconf 75' lang='lat' dir='ltr'><strong>criptzej</strong></span> <span class='ocrx_word' id='word_1_485' title='bbox 1952 3322 2156 3378; x_wconf 83' lang='lat' dir='ltr'><strong>duode-</strong></span> 
     </span>
    </p>
   </div>
   <div class='ocr_carea' id='block_1_65' title="bbox 558 3405 2159 3480">
    <p class='ocr_par' dir='ltr' id='par_1_65' title="bbox 558 3405 2159 3480">
     <span class='ocr_line' id='line_1_65' title="bbox 558 3405 2159 3480; baseline 0.004 -19"><span class='ocrx_word' id='word_1_486' title='bbox 558 3405 688 3470; x_wconf 91' lang='lat' dir='ltr'><strong>cim,</strong></span> <span class='ocrx_word' id='word_1_487' title='bbox 717 3415 773 3461; x_wconf 89' lang='lat' dir='ltr'><strong>et</strong></span> <span class='ocrx_word' id='word_1_488' title='bbox 801 3407 1024 3462; x_wconf 83' lang='lat' dir='ltr'><strong>totidem</strong></span> <span class='ocrx_word' id='word_1_489' title='bbox 1054 3406 1180 3463; x_wconf 71' lang='lat' dir='ltr'><strong>dolii</strong></span> <span class='ocrx_word' id='word_1_490' title='bbox 1215 3410 1525 3479; x_wconf 62' lang='lat' dir='ltr'><strong>purpurati,</strong></span> <span class='ocrx_word' id='word_1_491' title='bbox 1550 3410 1638 3465; x_wconf 88' lang='lat' dir='ltr'><strong>ubi</strong></span> <span class='ocrx_word' id='word_1_492' title='bbox 1671 3413 2004 3480; x_wconf 87' lang='lat' dir='ltr'><strong>temporibus</strong></span> <span class='ocrx_word' id='word_1_493' title='bbox 2032 3428 2159 3468; x_wconf 89' lang='lat' dir='ltr'><strong>con-</strong></span> 
     </span>
    </p>
   </div>
   <div class='ocr_carea' id='block_1_66' title="bbox 559 3496 2154 3573">
    <p class='ocr_par' dir='ltr' id='par_1_66' title="bbox 559 3496 2154 3573">
     <span class='ocr_line' id='line_1_66' title="bbox 559 3496 2154 3573; baseline 0.005 -23"><span class='ocrx_word' id='word_1_494' title='bbox 559 3496 765 3551; x_wconf 87' lang='lat' dir='ltr'><strong>stitntis</strong></span> <span class='ocrx_word' id='word_1_495' title='bbox 798 3497 989 3552; x_wconf 90' lang='lat' dir='ltr'><strong>balnea</strong></span> <span class='ocrx_word' id='word_1_496' title='bbox 1014 3496 1274 3571; x_wconf 87' lang='lat' dir='ltr'><strong>fratribus</strong></span> <span class='ocrx_word' id='word_1_497' title='bbox 1301 3509 1703 3570; x_wconf 65' lang='lat' dir='ltr'><strong>praeparentur;</strong></span> <span class='ocrx_word' id='word_1_498' title='bbox 1751 3512 1807 3556; x_wconf 87' lang='lat' dir='ltr'><strong>et</strong></span> <span class='ocrx_word' id='word_1_499' title='bbox 1850 3513 1969 3573; x_wconf 90' lang='lat' dir='ltr'><strong>post</strong></span> <span class='ocrx_word' id='word_1_500' title='bbox 1997 3504 2154 3559; x_wconf 84' lang='lat' dir='ltr'><strong>istam</strong></span> 
     </span>
    </p>
   </div>
   <div class='ocr_carea' id='block_1_67' title="bbox 556 3586 2744 3660">
    <p class='ocr_par' dir='ltr' id='par_1_67' title="bbox 556 3586 2744 3660">
     <span class='ocr_line' id='line_1_67' title="bbox 556 3586 2744 3660; baseline 0.004 -20"><span class='ocrx_word' id='word_1_501' title='bbox 556 3587 886 3656; x_wconf 86' lang='lat' dir='ltr'><strong>positionem</strong></span> <span class='ocrx_word' id='word_1_502' title='bbox 937 3600 1326 3644; x_wconf 88' lang='lat' dir='ltr'><strong>construantur</strong></span> <span class='ocrx_word' id='word_1_503' title='bbox 1382 3591 1514 3647; x_wconf 85' lang='lat' dir='ltr'><strong>cella</strong></span> <span class='ocrx_word' id='word_1_504' title='bbox 1564 3592 1889 3648; x_wconf 85' lang='lat' dir='ltr'><strong>novitiorum</strong></span> <span class='ocrx_word' id='word_1_505' title='bbox 1920 3636 1934 3660; x_wconf 93' lang='lat'><strong>,</strong></span> <span class='ocrx_word' id='word_1_506' title='bbox 1984 3604 2039 3650; x_wconf 90' lang='lat' dir='ltr'><strong>et</strong></span> <span class='ocrx_word' id='word_1_507' title='bbox 2088 3597 2159 3651; x_wconf 89' lang='lat' dir='ltr'><strong>sit</strong></span> <span class='ocrx_word' id='word_1_508' title='bbox 2253 3588 2468 3657; x_wconf 73' lang='lat' dir='ltr'><strong>iussum</strong></span> <span class='ocrx_word' id='word_1_509' title='bbox 2522 3586 2682 3643; x_wconf 78' lang='lat' dir='ltr'><strong>fuerit</strong></span> <span class='ocrx_word' id='word_1_510' title='bbox 2729 3605 2744 3641; x_wconf 74' lang='grc' dir='ltr'><strong>ε</strong></span> 
     </span>
    </p>
   </div>
   <div class='ocr_carea' id='block_1_68' title="bbox 560 3679 2154 3751">
    <p class='ocr_par' dir='ltr' id='par_1_68' title="bbox 560 3679 2154 3751">
     <span class='ocr_line' id='line_1_68' title="bbox 560 3679 2154 3751; baseline 0.004 -18"><span class='ocrx_word' id='word_1_511' title='bbox 560 3679 820 3749; x_wconf 84' lang='lat' dir='ltr'><strong>angulata</strong></span> <span class='ocrx_word' id='word_1_512' title='bbox 868 3680 919 3732; x_wconf 91' lang='lat' dir='ltr'><strong>in</strong></span> <span class='ocrx_word' id='word_1_513' title='bbox 966 3680 1360 3749; x_wconf 89' lang='lat' dir='ltr'><strong>qnadrimodis,</strong></span> <span class='ocrx_word' id='word_1_514' title='bbox 1395 3681 1650 3736; x_wconf 76' lang='lat' dir='ltr'><strong>videlicet</strong></span> <span class='ocrx_word' id='word_1_515' title='bbox 1677 3682 1852 3751; x_wconf 90' lang='lat' dir='ltr'><strong>prima</strong></span> <span class='ocrx_word' id='word_1_516' title='bbox 1898 3694 1956 3738; x_wconf 90' lang='lat' dir='ltr'><strong>ut</strong></span> <span class='ocrx_word' id='word_1_517' title='bbox 1984 3686 2154 3739; x_wconf 87' lang='lat' dir='ltr'><strong>medi-</strong></span> 
     </span>
    </p>
   </div>
   <div class='ocr_carea' id='block_1_69' title="bbox 560 3771 2153 3839">
    <p class='ocr_par' dir='ltr' id='par_1_69' title="bbox 560 3771 2153 3839">
     <span class='ocr_line' id='line_1_69' title="bbox 560 3771 2153 3839; baseline 0.004 -14"><span class='ocrx_word' id='word_1_518' title='bbox 560 3781 763 3836; x_wconf 85' lang='lat' dir='ltr'><strong>tentur,</strong></span> <span class='ocrx_word' id='word_1_519' title='bbox 795 3771 846 3824; x_wconf 88' lang='lat' dir='ltr'><strong>itt</strong></span> <span class='ocrx_word' id='word_1_520' title='bbox 889 3772 1125 3825; x_wconf 90' lang='lat' dir='ltr'><strong>secunda</strong></span> <span class='ocrx_word' id='word_1_521' title='bbox 1172 3773 1441 3839; x_wconf 86' lang='lat' dir='ltr'><strong>reficiant,</strong></span> <span class='ocrx_word' id='word_1_522' title='bbox 1487 3772 1539 3826; x_wconf 92' lang='lat' dir='ltr'><strong>in</strong></span> <span class='ocrx_word' id='word_1_523' title='bbox 1581 3773 1738 3828; x_wconf 87' lang='lat' dir='ltr'><strong>tertia</strong></span> <span class='ocrx_word' id='word_1_524' title='bbox 1770 3775 2062 3839; x_wconf 86' lang='lat' dir='ltr'><strong>dormiant,</strong></span> <span class='ocrx_word' id='word_1_525' title='bbox 2102 3777 2153 3832; x_wconf 90' lang='lat' dir='ltr'><strong>itt</strong></span> 
     </span>
    </p>
   </div>
   <div class='ocr_carea' id='block_1_70' title="bbox 560 3860 2153 3938">
    <p class='ocr_par' dir='ltr' id='par_1_70' title="bbox 560 3860 2153 3938">
     <span class='ocr_line' id='line_1_70' title="bbox 560 3860 2153 3938; baseline 0.005 -22"><span class='ocrx_word' id='word_1_526' title='bbox 560 3871 754 3933; x_wconf 82' lang='lat' dir='ltr'><strong>quarta</strong></span> <span class='ocrx_word' id='word_1_527' title='bbox 805 3860 999 3916; x_wconf 87' lang='lat' dir='ltr'><strong>latrina</strong></span> <span class='ocrx_word' id='word_1_528' title='bbox 1032 3878 1096 3918; x_wconf 91' lang='lat' dir='ltr'><strong>cx</strong></span> <span class='ocrx_word' id='word_1_529' title='bbox 1144 3862 1333 3919; x_wconf 90' lang='lat' dir='ltr'><strong>latere.</strong></span> <span class='ocrx_word' id='word_1_530' title='bbox 1376 3863 1535 3919; x_wconf 82' lang='lat' dir='ltr'><strong>Juxta</strong></span> <span class='ocrx_word' id='word_1_531' title='bbox 1590 3865 1748 3920; x_wconf 85' lang='lat' dir='ltr'><strong>istam</strong></span> <span class='ocrx_word' id='word_1_532' title='bbox 1789 3867 1861 3921; x_wconf 91' lang='lat' dir='ltr'><strong>sit</strong></span> <span class='ocrx_word' id='word_1_533' title='bbox 1890 3867 2153 3938; x_wconf 80' lang='lat' dir='ltr'><strong>diSposita</strong></span> 
     </span>
    </p>
   </div>
   <div class='ocr_carea' id='block_1_71' title="bbox 560 3952 2151 4017">
    <p class='ocr_par' dir='ltr' id='par_1_71' title="bbox 560 3952 2151 4017">
     <span class='ocr_line' id='line_1_71' title="bbox 560 3952 2151 4017; baseline 0.005 -9"><span class='ocrx_word' id='word_1_534' title='bbox 560 3953 665 4009; x_wconf 88' lang='lat' dir='ltr'><strong>alia</strong></span> <span class='ocrx_word' id='word_1_535' title='bbox 716 3952 871 4017; x_wconf 80' lang='lat' dir='ltr'><strong>cella,</strong></span> <span class='ocrx_word' id='word_1_536' title='bbox 924 3955 1010 4007; x_wconf 89' lang='lat' dir='ltr'><strong>ubi</strong></span> <span class='ocrx_word' id='word_1_537' title='bbox 1065 3954 1316 4009; x_wconf 81' lang='lat' dir='ltr'><strong>aurifices</strong></span> <span class='ocrx_word' id='word_1_538' title='bbox 1364 3955 1448 4009; x_wconf 80' lang='lat' dir='ltr'><strong>vel</strong></span> <span class='ocrx_word' id='word_1_539' title='bbox 1501 3956 1802 4012; x_wconf 88' lang='lat' dir='ltr'><strong>inclusorcs</strong></span> <span class='ocrx_word' id='word_1_540' title='bbox 1854 3975 1949 4014; x_wconf 89' lang='lat' dir='ltr'><strong>seu</strong></span> <span class='ocrx_word' id='word_1_541' title='bbox 1996 3961 2151 4016; x_wconf 83' lang='lat' dir='ltr'><strong>vitrei</strong></span> 
     </span>
    </p>
   </div>
   <div class='ocr_carea' id='block_1_72' title="bbox 559 4043 2153 4116">
    <p class='ocr_par' dir='ltr' id='par_1_72' title="bbox 559 4043 2153 4116">
     <span class='ocr_line' id='line_1_72' title="bbox 559 4043 2153 4116; baseline 0.003 -16"><span class='ocrx_word' id='word_1_542' title='bbox 559 4044 806 4116; x_wconf 85' lang='lat' dir='ltr'><strong>magistri</strong></span> <span class='ocrx_word' id='word_1_543' title='bbox 858 4044 1184 4099; x_wconf 84' lang='lat' dir='ltr'><strong>conveniant</strong></span> <span class='ocrx_word' id='word_1_544' title='bbox 1233 4046 1300 4098; x_wconf 90' lang='lat' dir='ltr'><strong>ad</strong></span> <span class='ocrx_word' id='word_1_545' title='bbox 1354 4043 1657 4100; x_wconf 82' lang='lat' dir='ltr'><strong>faciendam</strong></span> <span class='ocrx_word' id='word_1_546' title='bbox 1722 4046 1892 4116; x_wconf 84' lang='lat' dir='ltr'><strong>ipsam</strong></span> <span class='ocrx_word' id='word_1_547' title='bbox 1957 4059 2153 4106; x_wconf 86' lang='lat' dir='ltr'><strong>artem.</strong></span> 
     </span>
    </p>
   </div>
   <div class='ocr_carea' id='block_1_73' title="bbox 558 4138 2150 4213">
    <p class='ocr_par' dir='ltr' id='par_1_73' title="bbox 558 4138 2150 4213">
     <span class='ocr_line' id='line_1_73' title="bbox 558 4138 2150 4213; baseline 0.005 -19"><span class='ocrx_word' id='word_1_548' title='bbox 558 4138 708 4194; x_wconf 81' lang='lat' dir='ltr'><strong>Inter</strong></span> <span class='ocrx_word' id='word_1_549' title='bbox 736 4149 953 4211; x_wconf 83' lang='lat' dir='ltr'><strong>cryptas</strong></span> <span class='ocrx_word' id='word_1_550' title='bbox 991 4150 1046 4197; x_wconf 91' lang='lat' dir='ltr'><strong>et</strong></span> <span class='ocrx_word' id='word_1_551' title='bbox 1094 4139 1259 4195; x_wconf 90' lang='lat' dir='ltr'><strong>cellas</strong></span> <span class='ocrx_word' id='word_1_552' title='bbox 1302 4141 1627 4196; x_wconf 85' lang='lat' dir='ltr'><strong>uovitiornm</strong></span> <span class='ocrx_word' id='word_1_553' title='bbox 1670 4151 1833 4213; x_wconf 90' lang='lat' dir='ltr'><strong>atque</strong></span> <span class='ocrx_word' id='word_1_554' title='bbox 1865 4140 2150 4202; x_wconf 83' lang='lat' dir='ltr'><strong>aurificmn</strong></span> 
     </span>
    </p>
   </div>
   <div class='ocr_carea' id='block_1_74' title="bbox 558 4231 2154 4305">
    <p class='ocr_par' dir='ltr' id='par_1_74' title="bbox 558 4231 2154 4305">
     <span class='ocr_line' id='line_1_74' title="bbox 558 4231 2154 4305; baseline 0.005 -18"><span class='ocrx_word' id='word_1_555' title='bbox 558 4231 795 4289; x_wconf 87' lang='lat' dir='ltr'><strong>habeant</strong></span> <span class='ocrx_word' id='word_1_556' title='bbox 822 4233 1040 4286; x_wconf 88' lang='lat' dir='ltr'><strong>dumtnn</strong></span> <span class='ocrx_word' id='word_1_557' title='bbox 1071 4232 1421 4303; x_wconf 80' lang='lat' dir='ltr'><strong>longitudinis</strong></span> <span class='ocrx_word' id='word_1_558' title='bbox 1447 4250 1588 4289; x_wconf 85' lang='lat' dir='ltr'><strong>cxxv</strong></span> <span class='ocrx_word' id='word_1_559' title='bbox 1616 4241 1780 4305; x_wconf 82' lang='lat' dir='ltr'><strong>pedes</strong></span> <span class='ocrx_word' id='word_1_560' title='bbox 1800 4281 1814 4304; x_wconf 94' lang='lat'><strong>,</strong></span> <span class='ocrx_word' id='word_1_561' title='bbox 1846 4238 2154 4295; x_wconf 86' lang='lat' dir='ltr'><strong>latitudinis</strong></span> 
     </span>
    </p>
   </div>
   <div class='ocr_carea' id='block_1_75' title="bbox 556 4323 2155 4403">
    <p class='ocr_par' dir='ltr' id='par_1_75' title="bbox 556 4323 2155 4403">
     <span class='ocr_line' id='line_1_75' title="bbox 556 4323 2155 4403; baseline 0.007 -27"><span class='ocrx_word' id='word_1_562' title='bbox 556 4337 687 4379; x_wconf 86' lang='lat' dir='ltr'><strong>vero</strong></span> <span class='ocrx_word' id='word_1_563' title='bbox 735 4339 841 4377; x_wconf 86' lang='lat' dir='ltr'><strong>xxv</strong></span> <span class='ocrx_word' id='word_1_564' title='bbox 883 4334 940 4379; x_wconf 92' lang='lat' dir='ltr'><strong>et</strong></span> <span class='ocrx_word' id='word_1_565' title='bbox 976 4324 1093 4394; x_wconf 87' lang='lat' dir='ltr'><strong>ejus</strong></span> <span class='ocrx_word' id='word_1_566' title='bbox 1123 4323 1405 4396; x_wconf 86' lang='lat' dir='ltr'><strong>longitudo</strong></span> <span class='ocrx_word' id='word_1_567' title='bbox 1437 4330 1718 4396; x_wconf 79' lang='lat' dir='ltr'><strong>perveniat</strong></span> <span class='ocrx_word' id='word_1_568' title='bbox 1756 4347 1928 4403; x_wconf 89' lang='lat' dir='ltr'><strong>usque</strong></span> <span class='ocrx_word' id='word_1_569' title='bbox 1960 4326 2025 4387; x_wconf 77' lang='lat' dir='ltr'><strong>ad</strong></span> <span class='ocrx_word' id='word_1_570' title='bbox 2075 4333 2155 4401; x_wconf 88' lang='lat' dir='ltr'><strong>pi-</strong></span> 
     </span>
    </p>
   </div>
   <div class='ocr_carea' id='block_1_76' title="bbox 558 4415 2153 4491">
    <p class='ocr_par' dir='ltr' id='par_1_76' title="bbox 558 4415 2153 4491">
     <span class='ocr_line' id='line_1_76' title="bbox 558 4415 2153 4491; baseline 0.006 -22"><span class='ocrx_word' id='word_1_571' title='bbox 558 4419 810 4470; x_wconf 85' lang='lat' dir='ltr'><strong>strinum.</strong></span> <span class='ocrx_word' id='word_1_572' title='bbox 859 4415 1033 4485; x_wconf 86' lang='lat' dir='ltr'><strong>Ipsum</strong></span> <span class='ocrx_word' id='word_1_573' title='bbox 1068 4432 1310 4487; x_wconf 87' lang='lat' dir='ltr'><strong>namque</strong></span> <span class='ocrx_word' id='word_1_574' title='bbox 1355 4419 1406 4472; x_wconf 91' lang='lat' dir='ltr'><strong>in</strong></span> <span class='ocrx_word' id='word_1_575' title='bbox 1454 4418 1787 4491; x_wconf 63' lang='lat' dir='ltr'><strong>longitudine</strong></span> <span class='ocrx_word' id='word_1_576' title='bbox 1833 4440 1954 4479; x_wconf 87' lang='lat' dir='ltr'><strong>cum</strong></span> <span class='ocrx_word' id='word_1_577' title='bbox 2007 4434 2153 4480; x_wconf 89' lang='lat' dir='ltr'><strong>turre</strong></span> 
     </span>
    </p>
   </div>
   <div class='ocr_carea' id='block_1_77' title="bbox 2260 3304 3739 3382">
    <p class='ocr_par' dir='ltr' id='par_1_77' title="bbox 2260 3304 3739 3382">
     <span class='ocr_line' id='line_1_77' title="bbox 2260 3304 3739 3382; baseline -0.004 -15"><span class='ocrx_word' id='word_1_578' title='bbox 2260 3312 2538 3367; x_wconf 87' lang='lat' dir='ltr'><strong>fratribus.</strong></span> <span class='ocrx_word' id='word_1_579' title='bbox 2589 3311 2722 3366; x_wconf 86' lang='lat' dir='ltr'><strong>Nam</strong></span> <span class='ocrx_word' id='word_1_580' title='bbox 2767 3320 2821 3367; x_wconf 89' lang='lat' dir='ltr'><strong>et</strong></span> <span class='ocrx_word' id='word_1_581' title='bbox 2854 3312 2951 3381; x_wconf 90' lang='lat' dir='ltr'><strong>ipsi</strong></span> <span class='ocrx_word' id='word_1_582' title='bbox 2983 3312 3171 3367; x_wconf 84' lang='lat' dir='ltr'><strong>novitii</strong></span> <span class='ocrx_word' id='word_1_583' title='bbox 3218 3313 3399 3382; x_wconf 87' lang='lat' dir='ltr'><strong>primo</strong></span> <span class='ocrx_word' id='word_1_584' title='bbox 3436 3325 3559 3366; x_wconf 79' lang='lat' dir='ltr'><strong>anno</strong></span> <span class='ocrx_word' id='word_1_585' title='bbox 3593 3322 3665 3361; x_wconf 75' lang='lat' dir='ltr'><strong>non</strong></span> <span class='ocrx_word' id='word_1_586' title='bbox 3694 3304 3739 3355; x_wconf 77' lang='lat' dir='ltr'><strong>lo-</strong></span> 
     </span>
    </p>
   </div>
   <div class='ocr_carea' id='block_1_78' title="bbox 2260 3401 3740 3475">
    <p class='ocr_par' dir='ltr' id='par_1_78' title="bbox 2260 3401 3740 3475">
     <span class='ocr_line' id='line_1_78' title="bbox 2260 3401 3740 3475; baseline -0.006 -16"><span class='ocrx_word' id='word_1_587' title='bbox 2260 3416 2497 3475; x_wconf 89' lang='lat' dir='ltr'><strong>quantur</strong></span> <span class='ocrx_word' id='word_1_588' title='bbox 2541 3420 2664 3460; x_wconf 91' lang='lat' dir='ltr'><strong>cum</strong></span> <span class='ocrx_word' id='word_1_589' title='bbox 2715 3403 2823 3459; x_wconf 90' lang='lat' dir='ltr'><strong>ullo</strong></span> <span class='ocrx_word' id='word_1_590' title='bbox 2872 3404 3090 3460; x_wconf 89' lang='lat' dir='ltr'><strong>homine</strong></span> <span class='ocrx_word' id='word_1_591' title='bbox 3133 3405 3259 3459; x_wconf 90' lang='lat' dir='ltr'><strong>sine</strong></span> <span class='ocrx_word' id='word_1_592' title='bbox 3304 3420 3404 3461; x_wconf 82' lang='lat' dir='ltr'><strong>sua</strong></span> <span class='ocrx_word' id='word_1_593' title='bbox 3447 3401 3655 3463; x_wconf 82' lang='lat' dir='ltr'><strong>custodia,</strong></span> <span class='ocrx_word' id='word_1_594' title='bbox 3683 3410 3740 3450; x_wconf 68' lang='lat' dir='ltr'><strong>iet</strong></span> 
     </span>
    </p>
   </div>
   <div class='ocr_carea' id='block_1_79' title="bbox 2261 3487 3738 3569">
    <p class='ocr_par' dir='ltr' id='par_1_79' title="bbox 2261 3487 3738 3569">
     <span class='ocr_line' id='line_1_79' title="bbox 2261 3487 3738 3569; baseline -0.007 -16"><span class='ocrx_word' id='word_1_595' title='bbox 2261 3516 2381 3554; x_wconf 89' lang='lat' dir='ltr'><strong>cum</strong></span> <span class='ocrx_word' id='word_1_596' title='bbox 2421 3498 2552 3569; x_wconf 88' lang='lat' dir='ltr'><strong>ipsis</strong></span> <span class='ocrx_word' id='word_1_597' title='bbox 2584 3497 2864 3558; x_wconf 88' lang='lat' dir='ltr'><strong>fratribus,</strong></span> <span class='ocrx_word' id='word_1_598' title='bbox 2898 3496 2989 3567; x_wconf 90' lang='lat' dir='ltr'><strong>qui</strong></span> <span class='ocrx_word' id='word_1_599' title='bbox 3023 3496 3399 3553; x_wconf 87' lang='lat' dir='ltr'><strong>claustrenses</strong></span> <span class='ocrx_word' id='word_1_600' title='bbox 3434 3504 3568 3557; x_wconf 88' lang='lat' dir='ltr'><strong>sunt,</strong></span> <span class='ocrx_word' id='word_1_601' title='bbox 3592 3492 3663 3549; x_wconf 82' lang='lat' dir='ltr'><strong>nisi</strong></span> <span class='ocrx_word' id='word_1_602' title='bbox 3691 3487 3738 3539; x_wconf 76' lang='lat' dir='ltr'><strong>oti</strong></span> 
     </span>
    </p>
   </div>
   <div class='ocr_carea' id='block_1_80' title="bbox 2790 3582 3741 3658">
    <p class='ocr_par' dir='ltr' id='par_1_80' title="bbox 2790 3582 3741 3658">
     <span class='ocr_line' id='line_1_80' title="bbox 2790 3582 3741 3658; baseline -0.015 -17"><span class='ocrx_word' id='word_1_603' title='bbox 2790 3602 2916 3641; x_wconf 88' lang='lat' dir='ltr'><strong>nam</strong></span> <span class='ocrx_word' id='word_1_604' title='bbox 2970 3596 3025 3641; x_wconf 91' lang='lat' dir='ltr'><strong>et</strong></span> <span class='ocrx_word' id='word_1_605' title='bbox 3075 3588 3189 3658; x_wconf 88' lang='lat' dir='ltr'><strong>ipse</strong></span> <span class='ocrx_word' id='word_1_606' title='bbox 3248 3596 3435 3643; x_wconf 87' lang='lat' dir='ltr'><strong>custos</strong></span> <span class='ocrx_word' id='word_1_607' title='bbox 3470 3587 3621 3639; x_wconf 84' lang='lat' dir='ltr'><strong>sedeat</strong></span> <span class='ocrx_word' id='word_1_608' title='bbox 3660 3582 3741 3632; x_wconf 64' lang='lat' dir='ltr'><strong>iuta</strong></span> 
     </span>
    </p>
   </div>
   <div class='ocr_carea' id='block_1_81' title="bbox 2260 3670 3741 3750">
    <p class='ocr_par' dir='ltr' id='par_1_81' title="bbox 2260 3670 3741 3750">
     <span class='ocr_line' id='line_1_81' title="bbox 2260 3670 3741 3750; baseline -0.006 -15"><span class='ocrx_word' id='word_1_609' title='bbox 2260 3681 2439 3750; x_wconf 90' lang='lat' dir='ltr'><strong>ipsum</strong></span> <span class='ocrx_word' id='word_1_610' title='bbox 2470 3689 2523 3734; x_wconf 90' lang='lat' dir='ltr'><strong>et</strong></span> <span class='ocrx_word' id='word_1_611' title='bbox 2553 3695 2674 3735; x_wconf 90' lang='lat' dir='ltr'><strong>eum</strong></span> <span class='ocrx_word' id='word_1_612' title='bbox 2704 3681 2794 3749; x_wconf 89' lang='lat' dir='ltr'><strong>qui</strong></span> <span class='ocrx_word' id='word_1_613' title='bbox 2824 3695 2945 3733; x_wconf 87' lang='lat' dir='ltr'><strong>cum</strong></span> <span class='ocrx_word' id='word_1_614' title='bbox 2983 3679 3072 3733; x_wconf 89' lang='lat' dir='ltr'><strong>illo</strong></span> <span class='ocrx_word' id='word_1_615' title='bbox 3104 3679 3251 3748; x_wconf 86' lang='lat' dir='ltr'><strong>loqui</strong></span> <span class='ocrx_word' id='word_1_616' title='bbox 3292 3680 3455 3750; x_wconf 89' lang='lat' dir='ltr'><strong>cttpit.</strong></span> <span class='ocrx_word' id='word_1_617' title='bbox 3495 3677 3542 3731; x_wconf 87' lang='lat' dir='ltr'><strong>In</strong></span> <span class='ocrx_word' id='word_1_618' title='bbox 3589 3670 3741 3742; x_wconf 40' lang='lat' dir='ltr'><strong>capitati</strong></span> 
     </span>
    </p>
   </div>
   <div class='ocr_carea' id='block_1_82' title="bbox 2259 3765 3741 3841">
    <p class='ocr_par' dir='ltr' id='par_1_82' title="bbox 2259 3765 3741 3841">
     <span class='ocr_line' id='line_1_82' title="bbox 2259 3765 3741 3841; baseline -0.005 -16"><span class='ocrx_word' id='word_1_619' title='bbox 2259 3788 2367 3825; x_wconf 90' lang='lat' dir='ltr'><strong>non</strong></span> <span class='ocrx_word' id='word_1_620' title='bbox 2420 3781 2711 3840; x_wconf 71' lang='lat' dir='ltr'><strong>prmsnmat</strong></span> <span class='ocrx_word' id='word_1_621' title='bbox 2743 3772 2890 3841; x_wconf 89' lang='lat' dir='ltr'><strong>loqui</strong></span> <span class='ocrx_word' id='word_1_622' title='bbox 2933 3770 3032 3825; x_wconf 89' lang='lat' dir='ltr'><strong>nisi</strong></span> <span class='ocrx_word' id='word_1_623' title='bbox 3072 3771 3138 3825; x_wconf 91' lang='lat' dir='ltr'><strong>de</strong></span> <span class='ocrx_word' id='word_1_624' title='bbox 3180 3770 3366 3840; x_wconf 87' lang='lat' dir='ltr'><strong>aliqua</strong></span> <span class='ocrx_word' id='word_1_625' title='bbox 3418 3782 3562 3824; x_wconf 77' lang='lat' dir='ltr'><strong>causa</strong></span> <span class='ocrx_word' id='word_1_626' title='bbox 3595 3765 3741 3818; x_wconf 65' lang='lat' dir='ltr'><strong>intem</strong></span> 
     </span>
    </p>
   </div>
   <div class='ocr_carea' id='block_1_83' title="bbox 2256 3852 3743 3934">
    <p class='ocr_par' dir='ltr' id='par_1_83' title="bbox 2256 3852 3743 3934">
     <span class='ocr_line' id='line_1_83' title="bbox 2256 3852 3743 3934; baseline -0.003 -16"><span class='ocrx_word' id='word_1_627' title='bbox 2256 3876 2415 3934; x_wconf 81' lang='lat' dir='ltr'><strong>gatus</strong></span> <span class='ocrx_word' id='word_1_628' title='bbox 2471 3863 2637 3918; x_wconf 89' lang='lat' dir='ltr'><strong>fuerit</strong></span> <span class='ocrx_word' id='word_1_629' title='bbox 2681 3878 2851 3934; x_wconf 86' lang='lat' dir='ltr'><strong>usque</strong></span> <span class='ocrx_word' id='word_1_630' title='bbox 2905 3879 3106 3919; x_wconf 87' lang='lat' dir='ltr'><strong>annum</strong></span> <span class='ocrx_word' id='word_1_631' title='bbox 3163 3871 3499 3918; x_wconf 83' lang='lat' dir='ltr'><strong>transactum</strong></span> <span class='ocrx_word' id='word_1_632' title='bbox 3542 3872 3616 3914; x_wconf 79' lang='lat' dir='ltr'><strong>seu</strong></span> <span class='ocrx_word' id='word_1_633' title='bbox 3652 3852 3743 3923; x_wconf 60' lang='lat' dir='ltr'><strong>mir</strong></span> 
     </span>
    </p>
   </div>
   <div class='ocr_carea' id='block_1_84' title="bbox 2257 3957 2574 4028">
    <p class='ocr_par' dir='ltr' id='par_1_84' title="bbox 2257 3957 2574 4028">
     <span class='ocr_line' id='line_1_84' title="bbox 2257 3957 2574 4028; baseline 0.006 -20"><span class='ocrx_word' id='word_1_634' title='bbox 2257 3957 2574 4028; x_wconf 87' lang='lat' dir='ltr'><strong>quennium.</strong></span> 
     </span>
    </p>
   </div>
   <div class='ocr_carea' id='block_1_85' title="bbox 2903 4042 3263 4101">
    <p class='ocr_par' dir='ltr' id='par_1_85' title="bbox 2903 4042 3263 4101">
     <span class='ocr_line' id='line_1_85' title="bbox 2903 4042 3263 4101; baseline -0.003 0"><span class='ocrx_word' id='word_1_635' title='bbox 2903 4043 3131 4101; x_wconf 78' lang='lat' dir='ltr'><strong>CAPUT</strong></span> <span class='ocrx_word' id='word_1_636' title='bbox 3171 4042 3263 4100; x_wconf 86' lang='grc'><strong>111.</strong></span> 
     </span>
    </p>
   </div>
   <div class='ocr_carea' id='block_1_86' title="bbox 2676 4141 3435 4197">
    <p class='ocr_par' dir='ltr' id='par_1_86' title="bbox 2676 4141 3435 4197">
     <span class='ocr_line' id='line_1_86' title="bbox 2676 4141 3435 4197; baseline -0.004 -2"><span class='ocrx_word' id='word_1_637' title='bbox 2676 4158 2754 4195; x_wconf 74' lang='grc' dir='ltr'><strong>Λα</strong></span> <span class='ocrx_word' id='word_1_638' title='bbox 2787 4142 3145 4197; x_wconf 84' lang='lat' dir='ltr'><strong>ordinandum</strong></span> <span class='ocrx_word' id='word_1_639' title='bbox 3168 4141 3435 4196; x_wconf 73' lang='lat' dir='ltr'><strong>abbatem.</strong></span> 
     </span>
    </p>
   </div>
   <div class='ocr_carea' id='block_1_87' title="bbox 2329 4224 3747 4305">
    <p class='ocr_par' dir='ltr' id='par_1_87' title="bbox 2329 4224 3747 4305">
     <span class='ocr_line' id='line_1_87' title="bbox 2329 4224 3747 4305; baseline -0.007 -17"><span class='ocrx_word' id='word_1_640' title='bbox 2329 4234 2579 4289; x_wconf 85' lang='lat' dir='ltr'><strong>Primum</strong></span> <span class='ocrx_word' id='word_1_641' title='bbox 2619 4233 2838 4305; x_wconf 79' lang='lat' dir='ltr'><strong>cligitur</strong></span> <span class='ocrx_word' id='word_1_642' title='bbox 2872 4234 2940 4290; x_wconf 84' lang='lat' dir='ltr'><strong>ab</strong></span> <span class='ocrx_word' id='word_1_643' title='bbox 2971 4234 3118 4289; x_wconf 92' lang='lat' dir='ltr'><strong>omni</strong></span> <span class='ocrx_word' id='word_1_644' title='bbox 3162 4229 3577 4305; x_wconf 83' lang='lat' dir='ltr'><strong>congregatione</strong></span> <span class='ocrx_word' id='word_1_645' title='bbox 3607 4224 3644 4278; x_wconf 89' lang='lat' dir='ltr'><strong>in</strong></span> <span class='ocrx_word' id='word_1_646' title='bbox 3669 4231 3747 4289; x_wconf 56' lang='lat' dir='ltr'><strong>pr?</strong></span> 
     </span>
    </p>
   </div>
   <div class='ocr_carea' id='block_1_88' title="bbox 2255 4308 3745 4397">
    <p class='ocr_par' dir='ltr' id='par_1_88' title="bbox 2255 4308 3745 4397">
     <span class='ocr_line' id='line_1_88' title="bbox 2255 4308 3745 4397; baseline -0.002 -17"><span class='ocrx_word' id='word_1_647' title='bbox 2255 4326 2427 4381; x_wconf 90' lang='lat' dir='ltr'><strong>sentia</strong></span> <span class='ocrx_word' id='word_1_648' title='bbox 2470 4325 2721 4397; x_wconf 63' lang='lat' dir='ltr'><strong>{epiSCOpi</strong></span> <span class='ocrx_word' id='word_1_649' title='bbox 2773 4325 3013 4395; x_wconf 86' lang='lat' dir='ltr'><strong>ejusdem</strong></span> <span class='ocrx_word' id='word_1_650' title='bbox 3061 4326 3325 4382; x_wconf 73' lang='lat' dir='ltr'><strong>dimcesis</strong></span> <span class='ocrx_word' id='word_1_651' title='bbox 3375 4333 3430 4381; x_wconf 90' lang='lat' dir='ltr'><strong>et</strong></span> <span class='ocrx_word' id='word_1_652' title='bbox 3474 4308 3745 4378; x_wconf 66' lang='lat' dir='ltr'><strong>senioris.ill</strong></span> 
     </span>
    </p>
   </div>
   <div class='ocr_carea' id='block_1_89' title="bbox 2255 4402 3745 4492">
    <p class='ocr_par' dir='ltr' id='par_1_89' title="bbox 2255 4402 3745 4492">
     <span class='ocr_line' id='line_1_89' title="bbox 2255 4402 3745 4492; baseline -0.007 -19"><span class='ocrx_word' id='word_1_653' title='bbox 2255 4432 2415 4488; x_wconf 89' lang='lat' dir='ltr'><strong>quem</strong></span> <span class='ocrx_word' id='word_1_654' title='bbox 2471 4418 2687 4473; x_wconf 87' lang='lat' dir='ltr'><strong>abbatla</strong></span> <span class='ocrx_word' id='word_1_655' title='bbox 2732 4420 3003 4489; x_wconf 89' lang='lat' dir='ltr'><strong>pertinet,</strong></span> <span class='ocrx_word' id='word_1_656' title='bbox 3038 4417 3273 4492; x_wconf 68' lang='lat' dir='ltr'><strong>:absque</strong></span> <span class='ocrx_word' id='word_1_657' title='bbox 3331 4418 3441 4472; x_wconf 90' lang='lat' dir='ltr'><strong>nilo</strong></span> <span class='ocrx_word' id='word_1_658' title='bbox 3494 4422 3671 4469; x_wconf 77' lang='lat' dir='ltr'><strong>munere</strong></span> 
     </span>
    </p>
   </div>
   <div class='ocr_carea' id='block_1_90' title="bbox 559 4505 3743 4608">
    <p class='ocr_par' dir='ltr' id='par_1_90' title="bbox 559 4505 3743 4608">
     <span class='ocr_line' id='line_1_90' title="bbox 559 4505 3743 4608; baseline -0.001 -49"><span class='ocrx_word' id='word_1_659' title='bbox 559 4521 678 4575; x_wconf 83' lang='lat' dir='ltr'><strong>quae</strong></span> <span class='ocrx_word' id='word_1_660' title='bbox 709 4506 760 4560; x_wconf 93' lang='lat' dir='ltr'><strong>in</strong></span> <span class='ocrx_word' id='word_1_661' title='bbox 792 4508 967 4578; x_wconf 87' lang='lat' dir='ltr'><strong>capite</strong></span> <span class='ocrx_word' id='word_1_662' title='bbox 989 4509 1103 4579; x_wconf 86' lang='lat' dir='ltr'><strong>ejus</strong></span> <span class='ocrx_word' id='word_1_663' title='bbox 1132 4519 1439 4567; x_wconf 84' lang='lat' dir='ltr'><strong>constructa</strong></span> <span class='ocrx_word' id='word_1_664' title='bbox 1471 4522 1552 4566; x_wconf 80' lang='lat' dir='ltr'><strong>cSt</strong></span> <span class='ocrx_word' id='word_1_665' title='bbox 1585 4529 1687 4568; x_wconf 82' lang='lat' dir='ltr'><strong>Lxx</strong></span> <span class='ocrx_word' id='word_1_666' title='bbox 1733 4514 1897 4585; x_wconf 86' lang='lat' dir='ltr'><strong>pedes</strong></span> <span class='ocrx_word' id='word_1_667' title='bbox 1920 4558 1932 4581; x_wconf 94' lang='lat'><strong>,</strong></span> <span class='ocrx_word' id='word_1_668' title='bbox 1970 4516 2152 4571; x_wconf 85' lang='lat' dir='ltr'><strong>Iatitn-</strong></span> <span class='ocrx_word' id='word_1_669' title='bbox 2181 4548 2232 4608; x_wconf 66' lang='grc' dir='ltr'><strong><em>Β</em></strong></span> <span class='ocrx_word' id='word_1_670' title='bbox 2258 4527 2488 4583; x_wconf 87' lang='lat' dir='ltr'><strong>persona</strong></span> <span class='ocrx_word' id='word_1_671' title='bbox 2524 4510 2795 4584; x_wconf 81' lang='lat' dir='ltr'><strong>[personm</strong></span> <span class='ocrx_word' id='word_1_672' title='bbox 2822 4509 3163 4585; x_wconf 81' lang='lat' dir='ltr'><strong>acceptione]</strong></span> <span class='ocrx_word' id='word_1_673' title='bbox 3196 4529 3210 4567; x_wconf 91' lang='lat'><strong>:</strong></span> <span class='ocrx_word' id='word_1_674' title='bbox 3243 4512 3376 4581; x_wconf 88' lang='lat' dir='ltr'><strong>quia</strong></span> <span class='ocrx_word' id='word_1_675' title='bbox 3423 4505 3677 4608; x_wconf 58' lang='lat' dir='ltr'><strong>maledictlt</strong></span> <span class='ocrx_word' id='word_1_676' title='bbox 3698 4510 3743 4563; x_wconf 70' lang='grc' dir='ltr'>ςιι</span> 
     </span>
    </p>
   </div>
   <div class='ocr_carea' id='block_1_91' title="bbox 559 4597 826 4654">
    <p class='ocr_par' dir='ltr' id='par_1_91' title="bbox 559 4597 826 4654">
     <span class='ocr_line' id='line_1_91' title="bbox 559 4597 826 4654; baseline -0.011 0"><span class='ocrx_word' id='word_1_677' title='bbox 559 4597 702 4654; x_wconf 86' lang='lat' dir='ltr'><strong>diuis</strong></span> <span class='ocrx_word' id='word_1_678' title='bbox 736 4614 826 4652; x_wconf 89' lang='lat' dir='ltr'><strong>xx.</strong></span> 
     </span>
    </p>
   </div>
   <div class='ocr_carea' id='block_1_92' title="bbox 1187 4689 1527 4746">
    <p class='ocr_par' dir='ltr' id='par_1_92' title="bbox 1187 4689 1527 4746">
     <span class='ocr_line' id='line_1_92' title="bbox 1187 4689 1527 4746; baseline -0.006 0"><span class='ocrx_word' id='word_1_679' title='bbox 1187 4689 1416 4746; x_wconf 81' lang='lat' dir='ltr'><strong>CAPUT</strong></span> <span class='ocrx_word' id='word_1_680' title='bbox 1466 4690 1527 4745; x_wconf 92' lang='lat' dir='ltr'><strong>ll.</strong></span> 
     </span>
    </p>
   </div>
   <div class='ocr_carea' id='block_1_93' title="bbox 844 4778 1860 4852">
    <p class='ocr_par' dir='ltr' id='par_1_93' title="bbox 844 4778 1860 4852">
     <span class='ocr_line' id='line_1_93' title="bbox 844 4778 1860 4852; baseline 0.006 -20"><span class='ocrx_word' id='word_1_681' title='bbox 844 4778 1115 4845; x_wconf 83' lang='lat' dir='ltr'><strong>Quomodo</strong></span> <span class='ocrx_word' id='word_1_682' title='bbox 1147 4783 1405 4852; x_wconf 76' lang='lat' dir='ltr'><strong>agendum</strong></span> <span class='ocrx_word' id='word_1_683' title='bbox 1441 4786 1508 4838; x_wconf 84' lang='lat' dir='ltr'><strong>sit</strong></span> <span class='ocrx_word' id='word_1_684' title='bbox 1535 4783 1600 4838; x_wconf 88' lang='lat' dir='ltr'><strong>de</strong></span> <span class='ocrx_word' id='word_1_685' title='bbox 1632 4785 1860 4838; x_wconf 80' lang='lat' dir='ltr'><strong>novitiis.</strong></span> 
     </span>
    </p>
   </div>
   <div class='ocr_carea' id='block_1_94' title="bbox 628 4872 2149 4941">
    <p class='ocr_par' dir='ltr' id='par_1_94' title="bbox 628 4872 2149 4941">
     <span class='ocr_line' id='line_1_94' title="bbox 628 4872 2149 4941; baseline 0.004 -14"><span class='ocrx_word' id='word_1_686' title='bbox 628 4872 750 4927; x_wconf 79' lang='lat' dir='ltr'><strong>Mox</strong></span> <span class='ocrx_word' id='word_1_687' title='bbox 781 4882 838 4925; x_wconf 82' lang='grc' dir='ltr'><strong>ιιι</strong></span> <span class='ocrx_word' id='word_1_688' title='bbox 860 4872 959 4941; x_wconf 87' lang='lat' dir='ltr'><strong>ipsi</strong></span> <span class='ocrx_word' id='word_1_689' title='bbox 986 4874 1221 4928; x_wconf 78' lang='lat' dir='ltr'><strong>exierint</strong></span> <span class='ocrx_word' id='word_1_690' title='bbox 1243 4875 1310 4929; x_wconf 88' lang='lat' dir='ltr'><strong>de</strong></span> <span class='ocrx_word' id='word_1_691' title='bbox 1338 4875 1471 4929; x_wconf 90' lang='lat' dir='ltr'><strong>cella</strong></span> <span class='ocrx_word' id='word_1_692' title='bbox 1504 4876 1851 4941; x_wconf 89' lang='lat' dir='ltr'><strong>novitiorum,</strong></span> <span class='ocrx_word' id='word_1_693' title='bbox 1887 4877 1968 4931; x_wconf 76' lang='grc' dir='ltr'><strong>γυΙ</strong></span> <span class='ocrx_word' id='word_1_694' title='bbox 1992 4890 2149 4933; x_wconf 89' lang='lat' dir='ltr'><strong>antea</strong></span> 
     </span>
    </p>
   </div>
   <div class='ocr_carea' id='block_1_95' title="bbox 556 4964 2144 5036">
    <p class='ocr_par' dir='ltr' id='par_1_95' title="bbox 556 4964 2144 5036">
     <span class='ocr_line' id='line_1_95' title="bbox 556 4964 2144 5036; baseline 0.001 -14"><span class='ocrx_word' id='word_1_695' title='bbox 556 4966 610 5022; x_wconf 89' lang='lat' dir='ltr'><strong>in</strong></span> <span class='ocrx_word' id='word_1_696' title='bbox 635 4964 873 5021; x_wconf 88' lang='lat' dir='ltr'><strong>claustro</strong></span> <span class='ocrx_word' id='word_1_697' title='bbox 901 4964 1122 5032; x_wconf 89' lang='lat' dir='ltr'><strong>fuerint,</strong></span> <span class='ocrx_word' id='word_1_698' title='bbox 1152 4968 1219 5020; x_wconf 87' lang='lat' dir='ltr'><strong>ad</strong></span> <span class='ocrx_word' id='word_1_699' title='bbox 1249 4967 1543 5036; x_wconf 89' lang='lat' dir='ltr'><strong>capitulum</strong></span> <span class='ocrx_word' id='word_1_700' title='bbox 1590 4983 1694 5023; x_wconf 92' lang='lat' dir='ltr'><strong>non</strong></span> <span class='ocrx_word' id='word_1_701' title='bbox 1728 4977 1857 5022; x_wconf 92' lang='lat' dir='ltr'><strong>sunt</strong></span> <span class='ocrx_word' id='word_1_702' title='bbox 1898 4968 2144 5023; x_wconf 88' lang='lat' dir='ltr'><strong>introdu-</strong></span> 
     </span>
    </p>
   </div>
   <div class='ocr_carea' id='block_1_96' title="bbox 555 5057 2149 5131">
    <p class='ocr_par' dir='ltr' id='par_1_96' title="bbox 555 5057 2149 5131">
     <span class='ocr_line' id='line_1_96' title="bbox 555 5057 2149 5131; baseline 0.001 -16"><span class='ocrx_word' id='word_1_703' title='bbox 555 5058 733 5123; x_wconf 89' lang='lat' dir='ltr'><strong>cendi,</strong></span> <span class='ocrx_word' id='word_1_704' title='bbox 774 5057 878 5112; x_wconf 87' lang='lat' dir='ltr'><strong>nisi</strong></span> <span class='ocrx_word' id='word_1_705' title='bbox 923 5058 1141 5126; x_wconf 89' lang='lat' dir='ltr'><strong>quando</strong></span> <span class='ocrx_word' id='word_1_706' title='bbox 1183 5057 1352 5113; x_wconf 87' lang='lat' dir='ltr'><strong>abbas</strong></span> <span class='ocrx_word' id='word_1_707' title='bbox 1391 5060 1640 5130; x_wconf 88' lang='lat' dir='ltr'><strong>jusserit.</strong></span> <span class='ocrx_word' id='word_1_708' title='bbox 1685 5060 1804 5114; x_wconf 81' lang='lat' dir='ltr'><strong>illex</strong></span> <span class='ocrx_word' id='word_1_709' title='bbox 1852 5071 1911 5114; x_wconf 89' lang='lat' dir='ltr'><strong>ut</strong></span> <span class='ocrx_word' id='word_1_710' title='bbox 1948 5060 2064 5131; x_wconf 90' lang='lat' dir='ltr'><strong>ipse</strong></span> <span class='ocrx_word' id='word_1_711' title='bbox 2098 5062 2149 5117; x_wconf 90' lang='lat' dir='ltr'><strong>in</strong></span> 
     </span>
    </p>
   </div>
   <div class='ocr_carea' id='block_1_97' title="bbox 553 5158 2153 5232">
    <p class='ocr_par' dir='ltr' id='par_1_97' title="bbox 553 5158 2153 5232">
     <span class='ocr_line' id='line_1_97' title="bbox 553 5158 2153 5232; baseline -0.006 -14"><span class='ocrx_word' id='word_1_712' title='bbox 553 5159 792 5232; x_wconf 82' lang='lat' dir='ltr'><strong>capitulo</strong></span> <span class='ocrx_word' id='word_1_713' title='bbox 840 5158 1042 5214; x_wconf 86' lang='lat' dir='ltr'><strong>finierit</strong></span> <span class='ocrx_word' id='word_1_714' title='bbox 1086 5172 1427 5224; x_wconf 88' lang='lat' dir='ltr'><strong>sermonem,</strong></span> <span class='ocrx_word' id='word_1_715' title='bbox 1483 5159 1725 5225; x_wconf 75' lang='lat' dir='ltr'><strong>veniant,</strong></span> <span class='ocrx_word' id='word_1_716' title='bbox 1772 5170 1825 5215; x_wconf 90' lang='lat' dir='ltr'><strong>et</strong></span> <span class='ocrx_word' id='word_1_717' title='bbox 1873 5161 2153 5231; x_wconf 88' lang='lat' dir='ltr'><strong>inquirant.</strong></span> 
     </span>
    </p>
   </div>
   <div class='ocr_carea' id='block_1_98' title="bbox 553 5249 2153 5322">
    <p class='ocr_par' dir='ltr' id='par_1_98' title="bbox 553 5249 2153 5322">
     <span class='ocr_line' id='line_1_98' title="bbox 553 5249 2153 5322; baseline -0.002 -13"><span class='ocrx_word' id='word_1_718' title='bbox 553 5254 716 5309; x_wconf 89' lang='lat' dir='ltr'><strong>unius</strong></span> <span class='ocrx_word' id='word_1_719' title='bbox 737 5252 1002 5322; x_wconf 89' lang='lat' dir='ltr'><strong>cujusque</strong></span> <span class='ocrx_word' id='word_1_720' title='bbox 1024 5250 1377 5306; x_wconf 87' lang='lat' dir='ltr'><strong>voluntatem.</strong></span> <span class='ocrx_word' id='word_1_721' title='bbox 1403 5249 1510 5306; x_wconf 89' lang='lat' dir='ltr'><strong>Sed</strong></span> <span class='ocrx_word' id='word_1_722' title='bbox 1544 5262 1725 5307; x_wconf 87' lang='lat' dir='ltr'><strong>tamen</strong></span> <span class='ocrx_word' id='word_1_723' title='bbox 1761 5262 1886 5307; x_wconf 87' lang='lat' dir='ltr'><strong>ante</strong></span> <span class='ocrx_word' id='word_1_724' title='bbox 1917 5252 2153 5308; x_wconf 84' lang='lat' dir='ltr'><strong>habeant</strong></span> 
     </span>
    </p>
   </div>
   <div class='ocr_carea' id='block_1_99' title="bbox 559 5343 2151 5419">
    <p class='ocr_par' dir='ltr' id='par_1_99' title="bbox 559 5343 2151 5419">
     <span class='ocr_line' id='line_1_99' title="bbox 559 5343 2151 5419; baseline -0.002 -17"><span class='ocrx_word' id='word_1_725' title='bbox 559 5346 654 5419; x_wconf 88' lang='lat' dir='ltr'><strong>ipsi</strong></span> <span class='ocrx_word' id='word_1_726' title='bbox 686 5346 867 5400; x_wconf 88' lang='lat' dir='ltr'><strong>omnia</strong></span> <span class='ocrx_word' id='word_1_727' title='bbox 906 5359 1002 5400; x_wconf 92' lang='lat' dir='ltr'><strong>sua</strong></span> <span class='ocrx_word' id='word_1_728' title='bbox 1032 5343 1273 5399; x_wconf 85' lang='lat' dir='ltr'><strong>facinora</strong></span> <span class='ocrx_word' id='word_1_729' title='bbox 1305 5343 1591 5414; x_wconf 85' lang='lat' dir='ltr'><strong>patefacta.</strong></span> <span class='ocrx_word' id='word_1_730' title='bbox 1632 5344 1787 5417; x_wconf 85' lang='lat' dir='ltr'><strong>Tunc</strong></span> <span class='ocrx_word' id='word_1_731' title='bbox 1822 5345 2044 5416; x_wconf 86' lang='lat' dir='ltr'><strong>capellis</strong></span> <span class='ocrx_word' id='word_1_732' title='bbox 2082 5345 2151 5399; x_wconf 89' lang='lat' dir='ltr'><strong>de</strong></span> 
     </span>
    </p>
   </div>
   <div class='ocr_carea' id='block_1_100' title="bbox 559 5434 2146 5506">
    <p class='ocr_par' dir='ltr' id='par_1_100' title="bbox 559 5434 2146 5506">
     <span class='ocr_line' id='line_1_100' title="bbox 559 5434 2146 5506; baseline -0.004 -12"><span class='ocrx_word' id='word_1_733' title='bbox 559 5438 757 5495; x_wconf 85' lang='lat' dir='ltr'><strong>tunicis</strong></span> <span class='ocrx_word' id='word_1_734' title='bbox 803 5435 1018 5501; x_wconf 85' lang='lat' dir='ltr'><strong>ablatis,</strong></span> <span class='ocrx_word' id='word_1_735' title='bbox 1049 5436 1101 5491; x_wconf 91' lang='lat' dir='ltr'><strong>in</strong></span> <span class='ocrx_word' id='word_1_736' title='bbox 1155 5436 1387 5492; x_wconf 88' lang='lat' dir='ltr'><strong>ecclesia</strong></span> <span class='ocrx_word' id='word_1_737' title='bbox 1434 5436 1644 5490; x_wconf 77' lang='lat' dir='ltr'><strong>tanidin</strong></span> <span class='ocrx_word' id='word_1_738' title='bbox 1696 5436 1919 5491; x_wconf 88' lang='lat' dir='ltr'><strong>sedeant</strong></span> <span class='ocrx_word' id='word_1_739' title='bbox 1970 5434 2146 5506; x_wconf 70' lang='lat' dir='ltr'><strong>quom!</strong></span> 
     </span>
    </p>
   </div>
   <div class='ocr_carea' id='block_1_101' title="bbox 554 5524 2148 5596">
    <p class='ocr_par' dir='ltr' id='par_1_101' title="bbox 554 5524 2148 5596">
     <span class='ocr_line' id='line_1_101' title="bbox 554 5524 2148 5596; baseline -0.001 -14"><span class='ocrx_word' id='word_1_740' title='bbox 554 5541 728 5596; x_wconf 88' lang='lat' dir='ltr'><strong>usque</strong></span> <span class='ocrx_word' id='word_1_741' title='bbox 757 5524 825 5581; x_wconf 87' lang='lat' dir='ltr'><strong>ad</strong></span> <span class='ocrx_word' id='word_1_742' title='bbox 848 5525 1313 5581; x_wconf 87' lang='lat' dir='ltr'><strong>consecrationem</strong></span> <span class='ocrx_word' id='word_1_743' title='bbox 1342 5525 1609 5580; x_wconf 90' lang='lat' dir='ltr'><strong>venerint.</strong></span> <span class='ocrx_word' id='word_1_744' title='bbox 1639 5524 1801 5580; x_wconf 75' lang='lat' dir='ltr'><strong>Verbi</strong></span> <span class='ocrx_word' id='word_1_745' title='bbox 1838 5526 2010 5595; x_wconf 88' lang='lat' dir='ltr'><strong>gratia</strong></span> <span class='ocrx_word' id='word_1_746' title='bbox 2046 5539 2060 5578; x_wconf 90' lang='lat'><strong>:</strong></span> <span class='ocrx_word' id='word_1_747' title='bbox 2100 5525 2148 5580; x_wconf 83' lang='lat' dir='ltr'><strong>si</strong></span> 
     </span>
    </p>
   </div>
   <div class='ocr_carea' id='block_1_102' title="bbox 554 5614 2151 5682">
    <p class='ocr_par' dir='ltr' id='par_1_102' title="bbox 554 5614 2151 5682">
     <span class='ocr_line' id='line_1_102' title="bbox 554 5614 2151 5682; baseline -0.002 -8"><span class='ocrx_word' id='word_1_748' title='bbox 554 5617 754 5675; x_wconf 82' lang='lat' dir='ltr'><strong>fratres</strong></span> <span class='ocrx_word' id='word_1_749' title='bbox 800 5616 1056 5672; x_wconf 89' lang='lat' dir='ltr'><strong>reficiunt</strong></span> <span class='ocrx_word' id='word_1_750' title='bbox 1093 5616 1254 5672; x_wconf 59' lang='lat' dir='ltr'><strong>‘scxta</strong></span> <span class='ocrx_word' id='word_1_751' title='bbox 1297 5618 1452 5682; x_wconf 89' lang='lat' dir='ltr'><strong>hora,</strong></span> <span class='ocrx_word' id='word_1_752' title='bbox 1502 5616 1643 5671; x_wconf 89' lang='lat' dir='ltr'><strong>illico</strong></span> <span class='ocrx_word' id='word_1_753' title='bbox 1688 5625 1747 5669; x_wconf 92' lang='lat' dir='ltr'><strong>ut</strong></span> <span class='ocrx_word' id='word_1_754' title='bbox 1799 5617 1939 5671; x_wconf 86' lang='lat' dir='ltr'><strong>dicta</strong></span> <span class='ocrx_word' id='word_1_755' title='bbox 1985 5614 2151 5671; x_wconf 92' lang='lat' dir='ltr'><strong>fuerit</strong></span> 
     </span>
    </p>
   </div>
   <div class='ocr_carea' id='block_1_103' title="bbox 555 5695 2147 5776">
    <p class='ocr_par' dir='ltr' id='par_1_103' title="bbox 555 5695 2147 5776">
     <span class='ocr_line' id='line_1_103' title="bbox 555 5695 2147 5776; baseline -0.002 -11"><span class='ocrx_word' id='word_1_756' title='bbox 555 5711 751 5776; x_wconf 83' lang='lat' dir='ltr'><strong>tertia,</strong></span> <span class='ocrx_word' id='word_1_757' title='bbox 800 5709 982 5764; x_wconf 83' lang='lat' dir='ltr'><strong>faciat.</strong></span> <span class='ocrx_word' id='word_1_758' title='bbox 1024 5707 1083 5763; x_wconf 91' lang='lat' dir='ltr'><strong>Si</strong></span> <span class='ocrx_word' id='word_1_759' title='bbox 1122 5695 1461 5774; x_wconf 26' lang='lat' dir='ltr'><strong>vero&#39;nona,</strong></span> <span class='ocrx_word' id='word_1_760' title='bbox 1506 5725 1631 5764; x_wconf 90' lang='lat' dir='ltr'><strong>mox</strong></span> <span class='ocrx_word' id='word_1_761' title='bbox 1660 5718 1715 5763; x_wconf 84' lang='grc' dir='ltr'><strong>ιιι</strong></span> <span class='ocrx_word' id='word_1_762' title='bbox 1754 5708 1911 5764; x_wconf 75' lang='lat' dir='ltr'><strong>dieue</strong></span> <span class='ocrx_word' id='word_1_763' title='bbox 1943 5708 2147 5765; x_wconf 86' lang='lat' dir='ltr'><strong>fuerint</strong></span> 
     </span>
    </p>
   </div>
   <div class='ocr_carea' id='block_1_104' title="bbox 556 5799 2145 5871">
    <p class='ocr_par' dir='ltr' id='par_1_104' title="bbox 556 5799 2145 5871">
     <span class='ocr_line' id='line_1_104' title="bbox 556 5799 2145 5871; baseline 0.001 -17"><span class='ocrx_word' id='word_1_764' title='bbox 556 5800 761 5855; x_wconf 75' lang='lat' dir='ltr'><strong>litania-</strong></span> <span class='ocrx_word' id='word_1_765' title='bbox 791 5799 1009 5854; x_wconf 80' lang='lat' dir='ltr'><strong>veniant</strong></span> <span class='ocrx_word' id='word_1_766' title='bbox 1040 5800 1227 5853; x_wconf 86' lang='lat' dir='ltr'><strong>novitii</strong></span> <span class='ocrx_word' id='word_1_767' title='bbox 1276 5810 1402 5855; x_wconf 90' lang='lat' dir='ltr'><strong>ante</strong></span> <span class='ocrx_word' id='word_1_768' title='bbox 1434 5800 1606 5855; x_wconf 88' lang='lat' dir='ltr'><strong>altare</strong></span> <span class='ocrx_word' id='word_1_769' title='bbox 1646 5810 1698 5855; x_wconf 88' lang='lat' dir='ltr'><strong>et</strong></span> <span class='ocrx_word' id='word_1_770' title='bbox 1737 5811 1878 5856; x_wconf 91' lang='lat' dir='ltr'><strong>stent</strong></span> <span class='ocrx_word' id='word_1_771' title='bbox 1913 5817 2009 5871; x_wconf 91' lang='lat' dir='ltr'><strong>per</strong></span> <span class='ocrx_word' id='word_1_772' title='bbox 2050 5816 2145 5856; x_wconf 89' lang='lat' dir='ltr'><strong>or-</strong></span> 
     </span>
    </p>
   </div>
   <div class='ocr_carea' id='block_1_105' title="bbox 2256 4593 3747 4683">
    <p class='ocr_par' dir='ltr' id='par_1_105' title="bbox 2256 4593 3747 4683">
     <span class='ocr_line' id='line_1_105' title="bbox 2256 4593 3747 4683; baseline 0.011 -27"><span class='ocrx_word' id='word_1_773' title='bbox 2256 4605 2370 4670; x_wconf 86' lang='lat' dir='ltr'><strong>dat,</strong></span> <span class='ocrx_word' id='word_1_774' title='bbox 2408 4604 2717 4659; x_wconf 78' lang='lat' dir='ltr'><strong>maiedictus</strong></span> <span class='ocrx_word' id='word_1_775' title='bbox 2762 4605 2854 4675; x_wconf 87' lang='lat' dir='ltr'><strong>qui</strong></span> <span class='ocrx_word' id='word_1_776' title='bbox 2904 4606 3114 4675; x_wconf 83' lang='lat' dir='ltr'><strong>accipit.</strong></span> <span class='ocrx_word' id='word_1_777' title='bbox 3167 4603 3329 4660; x_wconf 88' lang='lat' dir='ltr'><strong>Tunc</strong></span> <span class='ocrx_word' id='word_1_778' title='bbox 3374 4606 3603 4675; x_wconf 70' lang='grc' dir='ltr'><strong>ρετεερίδ</strong></span> <span class='ocrx_word' id='word_1_779' title='bbox 3638 4593 3747 4683; x_wconf 36' lang='grc' dir='ltr'><strong>δέ)</strong></span> 
     </span>
    </p>
   </div>
   <div class='ocr_carea' id='block_1_106' title="bbox 2257 4678 3745 4751">
    <p class='ocr_par' dir='ltr' id='par_1_106' title="bbox 2257 4678 3745 4751">
     <span class='ocr_line' id='line_1_106' title="bbox 2257 4678 3745 4751; baseline -0.003 -2"><span class='ocrx_word' id='word_1_780' title='bbox 2257 4694 2553 4750; x_wconf 91' lang='lat' dir='ltr'><strong>donatione</strong></span> <span class='ocrx_word' id='word_1_781' title='bbox 2582 4704 2637 4750; x_wconf 89' lang='lat' dir='ltr'><strong>et</strong></span> <span class='ocrx_word' id='word_1_782' title='bbox 2672 4697 2925 4751; x_wconf 90' lang='lat' dir='ltr'><strong>roborata</strong></span> <span class='ocrx_word' id='word_1_783' title='bbox 2957 4697 3024 4751; x_wconf 91' lang='lat' dir='ltr'><strong>ab</strong></span> <span class='ocrx_word' id='word_1_784' title='bbox 3047 4696 3309 4751; x_wconf 89' lang='lat' dir='ltr'><strong>omnibus</strong></span> <span class='ocrx_word' id='word_1_785' title='bbox 3347 4694 3608 4751; x_wconf 81' lang='lat' dir='ltr'><strong>electione.</strong></span> <span class='ocrx_word' id='word_1_786' title='bbox 3630 4678 3745 4746; x_wconf 61' lang='lat' dir='ltr'><strong>indi“</strong></span> 
     </span>
    </p>
   </div>
   <div class='ocr_carea' id='block_1_107' title="bbox 2256 4776 3745 4857">
    <p class='ocr_par' dir='ltr' id='par_1_107' title="bbox 2256 4776 3745 4857">
     <span class='ocr_line' id='line_1_107' title="bbox 2256 4776 3745 4857; baseline -0.003 -17"><span class='ocrx_word' id='word_1_787' title='bbox 2256 4787 2543 4857; x_wconf 81' lang='lat' dir='ltr'><strong>cpiscopus</strong></span> <span class='ocrx_word' id='word_1_788' title='bbox 2571 4787 2922 4857; x_wconf 83' lang='lat' dir='ltr'><strong>antipltonam</strong></span> <span class='ocrx_word' id='word_1_789' title='bbox 2951 4785 3220 4856; x_wconf 74' lang='lat' dir='ltr'><strong>Con/irata</strong></span> <span class='ocrx_word' id='word_1_790' title='bbox 3247 4786 3352 4840; x_wconf 82' lang='lat' dir='ltr'><strong>hoc</strong></span> <span class='ocrx_word' id='word_1_791' title='bbox 3380 4785 3535 4845; x_wconf 77' lang='lat' dir='ltr'><strong>Deus,</strong></span> <span class='ocrx_word' id='word_1_792' title='bbox 3554 4776 3745 4849; x_wconf 51' lang='lat' dir='ltr'><strong>and.“</strong></span> 
     </span>
    </p>
   </div>
   <div class='ocr_carea' id='block_1_108' title="bbox 2255 4872 3747 4950">
    <p class='ocr_par' dir='ltr' id='par_1_108' title="bbox 2255 4872 3747 4950">
     <span class='ocr_line' id='line_1_108' title="bbox 2255 4872 3747 4950; baseline -0.008 -19"><span class='ocrx_word' id='word_1_793' title='bbox 2255 4879 2427 4946; x_wconf 82' lang='lat' dir='ltr'><strong>Quem</strong></span> <span class='ocrx_word' id='word_1_794' title='bbox 2481 4878 2833 4950; x_wconf 87' lang='lat' dir='ltr'><strong>subsequitur</strong></span> <span class='ocrx_word' id='word_1_795' title='bbox 2881 4879 3059 4933; x_wconf 91' lang='lat' dir='ltr'><strong>omnis</strong></span> <span class='ocrx_word' id='word_1_796' title='bbox 3108 4879 3318 4935; x_wconf 89' lang='lat' dir='ltr'><strong>chorus</strong></span> <span class='ocrx_word' id='word_1_797' title='bbox 3366 4872 3665 4948; x_wconf 78' lang='lat' dir='ltr'><strong>psallentium</strong></span> <span class='ocrx_word' id='word_1_798' title='bbox 3697 4874 3747 4912; x_wconf 41' lang='lat' dir='ltr'><strong>ac</strong></span> 
     </span>
    </p>
   </div>
   <div class='ocr_carea' id='block_1_109' title="bbox 2257 4965 3747 5041">
    <p class='ocr_par' dir='ltr' id='par_1_109' title="bbox 2257 4965 3747 5041">
     <span class='ocr_line' id='line_1_109' title="bbox 2257 4965 3747 5041; baseline -0.003 -18"><span class='ocrx_word' id='word_1_799' title='bbox 2257 4970 2434 5024; x_wconf 88' lang='lat' dir='ltr'><strong>uendo</strong></span> <span class='ocrx_word' id='word_1_800' title='bbox 2460 4970 2673 5025; x_wconf 85' lang='lat' dir='ltr'><strong>excelse</strong></span> <span class='ocrx_word' id='word_1_801' title='bbox 2704 4970 2994 5041; x_wconf 89' lang='lat' dir='ltr'><strong>psalmum,</strong></span> <span class='ocrx_word' id='word_1_802' title='bbox 3027 4968 3299 5039; x_wconf 78' lang='lat' dir='ltr'><strong>Exsurgat</strong></span> <span class='ocrx_word' id='word_1_803' title='bbox 3322 4969 3483 5023; x_wconf 78' lang='lat' dir='ltr'><strong>Deus.</strong></span> <span class='ocrx_word' id='word_1_804' title='bbox 3512 4965 3747 5031; x_wconf 52' lang='lat' dir='ltr'><strong>Sicque”</strong></span> 
     </span>
    </p>
   </div>
   <div class='ocr_carea' id='block_1_110' title="bbox 2257 5049 3747 5133">
    <p class='ocr_par' dir='ltr' id='par_1_110' title="bbox 2257 5049 3747 5133">
     <span class='ocr_line' id='line_1_110' title="bbox 2257 5049 3747 5133; baseline -0.005 -19"><span class='ocrx_word' id='word_1_805' title='bbox 2257 5069 2405 5115; x_wconf 88' lang='lat' dir='ltr'><strong>tanto</strong></span> <span class='ocrx_word' id='word_1_806' title='bbox 2438 5062 2714 5131; x_wconf 88' lang='lat' dir='ltr'><strong>triumpho</strong></span> <span class='ocrx_word' id='word_1_807' title='bbox 2746 5071 2934 5117; x_wconf 89' lang='lat' dir='ltr'><strong>tenens</strong></span> <span class='ocrx_word' id='word_1_808' title='bbox 2962 5062 3249 5133; x_wconf 85' lang='lat' dir='ltr'><strong>episcopus</strong></span> <span class='ocrx_word' id='word_1_809' title='bbox 3296 5076 3424 5116; x_wconf 89' lang='lat' dir='ltr'><strong>eum</strong></span> <span class='ocrx_word' id='word_1_810' title='bbox 3454 5059 3541 5131; x_wconf 85' lang='lat' dir='ltr'><strong>qui</strong></span> <span class='ocrx_word' id='word_1_811' title='bbox 3578 5049 3747 5108; x_wconf 67' lang='lat' dir='ltr'><strong>onﬁw‘</strong></span> 
     </span>
    </p>
   </div>
   <div class='ocr_carea' id='block_1_111' title="bbox 2256 5148 3749 5219">
    <p class='ocr_par' dir='ltr' id='par_1_111' title="bbox 2256 5148 3749 5219">
     <span class='ocr_line' id='line_1_111' title="bbox 2256 5148 3749 5219; baseline -0.004 -12"><span class='ocrx_word' id='word_1_812' title='bbox 2256 5154 2354 5209; x_wconf 89' lang='lat' dir='ltr'><strong>dus</strong></span> <span class='ocrx_word' id='word_1_813' title='bbox 2382 5164 2487 5219; x_wconf 89' lang='lat' dir='ltr'><strong>est,</strong></span> <span class='ocrx_word' id='word_1_814' title='bbox 2530 5171 2719 5218; x_wconf 90' lang='lat' dir='ltr'><strong>manu,</strong></span> <span class='ocrx_word' id='word_1_815' title='bbox 2769 5155 3003 5209; x_wconf 88' lang='lat' dir='ltr'><strong>deducat</strong></span> <span class='ocrx_word' id='word_1_816' title='bbox 3050 5169 3173 5209; x_wconf 89' lang='lat' dir='ltr'><strong>eum</strong></span> <span class='ocrx_word' id='word_1_817' title='bbox 3224 5153 3279 5207; x_wconf 91' lang='lat' dir='ltr'><strong>in</strong></span> <span class='ocrx_word' id='word_1_818' title='bbox 3333 5148 3749 5208; x_wconf 41' lang='lat' dir='ltr'><strong>secretarium;li</strong></span> 
     </span>
    </p>
   </div>
   <div class='ocr_carea' id='block_1_112' title="bbox 2255 5227 3746 5314">
    <p class='ocr_par' dir='ltr' id='par_1_112' title="bbox 2255 5227 3746 5314">
     <span class='ocr_line' id='line_1_112' title="bbox 2255 5227 3746 5314; baseline -0.009 -16"><span class='ocrx_word' id='word_1_819' title='bbox 2255 5246 2601 5299; x_wconf 88' lang='lat' dir='ltr'><strong>manentibus</strong></span> <span class='ocrx_word' id='word_1_820' title='bbox 2643 5244 2764 5299; x_wconf 85' lang='lat' dir='ltr'><strong>aliis</strong></span> <span class='ocrx_word' id='word_1_821' title='bbox 2817 5243 2870 5298; x_wconf 91' lang='lat' dir='ltr'><strong>in</strong></span> <span class='ocrx_word' id='word_1_822' title='bbox 2902 5242 3069 5299; x_wconf 89' lang='lat' dir='ltr'><strong>choro</strong></span> <span class='ocrx_word' id='word_1_823' title='bbox 3104 5252 3269 5313; x_wconf 86' lang='lat' dir='ltr'><strong>atque</strong></span> <span class='ocrx_word' id='word_1_824' title='bbox 3296 5240 3645 5314; x_wconf 83' lang='lat' dir='ltr'><strong>psallentibus.</strong></span> <span class='ocrx_word' id='word_1_825' title='bbox 3669 5227 3746 5282; x_wconf 71' lang='lat' dir='ltr'><strong>Cll</strong></span> 
     </span>
    </p>
   </div>
   <div class='ocr_carea' id='block_1_113' title="bbox 2257 5320 3745 5408">
    <p class='ocr_par' dir='ltr' id='par_1_113' title="bbox 2257 5320 3745 5408">
     <span class='ocr_line' id='line_1_113' title="bbox 2257 5320 3745 5408; baseline -0.007 -15"><span class='ocrx_word' id='word_1_826' title='bbox 2257 5353 2388 5394; x_wconf 79' lang='lat' dir='ltr'><strong>vero</strong></span> <span class='ocrx_word' id='word_1_827' title='bbox 2416 5338 2682 5408; x_wconf 76' lang='lat' dir='ltr'><strong>Exsurgat</strong></span> <span class='ocrx_word' id='word_1_828' title='bbox 2715 5338 2855 5392; x_wconf 86' lang='lat' dir='ltr'><strong>Dens</strong></span> <span class='ocrx_word' id='word_1_829' title='bbox 2884 5337 3046 5392; x_wconf 86' lang='lat' dir='ltr'><strong>fuerit</strong></span> <span class='ocrx_word' id='word_1_830' title='bbox 3066 5346 3374 5401; x_wconf 87' lang='lat' dir='ltr'><strong>cantatum,</strong></span> <span class='ocrx_word' id='word_1_831' title='bbox 3406 5336 3603 5390; x_wconf 81' lang='lat' dir='ltr'><strong>dicatur</strong></span> <span class='ocrx_word' id='word_1_832' title='bbox 3625 5320 3745 5381; x_wconf 61' lang='grc' dir='ltr'><strong>θητίλ</strong></span> 
     </span>
    </p>
   </div>
   <div class='ocr_carea' id='block_1_114' title="bbox 2253 5414 3744 5497">
    <p class='ocr_par' dir='ltr' id='par_1_114' title="bbox 2253 5414 3744 5497">
     <span class='ocr_line' id='line_1_114' title="bbox 2253 5414 3744 5497; baseline -0.009 -9"><span class='ocrx_word' id='word_1_833' title='bbox 2253 5431 2517 5497; x_wconf 87' lang='lat' dir='ltr'><strong>Oremus,</strong></span> <span class='ocrx_word' id='word_1_834' title='bbox 2560 5432 2804 5484; x_wconf 82' lang='lat' dir='ltr'><strong>Actiones</strong></span> <span class='ocrx_word' id='word_1_835' title='bbox 2843 5439 3073 5484; x_wconf 79' lang='lat' dir='ltr'><strong>nostras.</strong></span> <span class='ocrx_word' id='word_1_836' title='bbox 3104 5427 3240 5482; x_wconf 87' lang='lat' dir='ltr'><strong>Tum</strong></span> <span class='ocrx_word' id='word_1_837' title='bbox 3276 5427 3515 5481; x_wconf 78' lang='lat' dir='ltr'><strong>vestiant</strong></span> <span class='ocrx_word' id='word_1_838' title='bbox 3542 5435 3593 5476; x_wconf 86' lang='lat' dir='ltr'><strong>se</strong></span> <span class='ocrx_word' id='word_1_839' title='bbox 3621 5414 3744 5484; x_wconf 45' lang='grc' dir='ltr'><strong>θρὶυ</strong></span> 
     </span>
    </p>
   </div>
   <div class='ocr_carea' id='block_1_115' title="bbox 2252 5501 3747 5596">
    <p class='ocr_par' dir='ltr' id='par_1_115' title="bbox 2252 5501 3747 5596">
     <span class='ocr_line' id='line_1_115' title="bbox 2252 5501 3747 5596; baseline -0.009 -17"><span class='ocrx_word' id='word_1_840' title='bbox 2252 5541 2352 5596; x_wconf 89' lang='lat' dir='ltr'><strong>pus</strong></span> <span class='ocrx_word' id='word_1_841' title='bbox 2370 5533 2434 5591; x_wconf 83' lang='lat' dir='ltr'><strong>et</strong></span> <span class='ocrx_word' id='word_1_842' title='bbox 2461 5524 2702 5587; x_wconf 87' lang='lat' dir='ltr'><strong>electus,</strong></span> <span class='ocrx_word' id='word_1_843' title='bbox 2739 5522 2960 5577; x_wconf 88' lang='lat' dir='ltr'><strong>veniant</strong></span> <span class='ocrx_word' id='word_1_844' title='bbox 3007 5530 3236 5591; x_wconf 89' lang='lat' dir='ltr'><strong>uterque</strong></span> <span class='ocrx_word' id='word_1_845' title='bbox 3269 5530 3410 5574; x_wconf 86' lang='lat' dir='ltr'><strong>ante</strong></span> <span class='ocrx_word' id='word_1_846' title='bbox 3438 5516 3621 5574; x_wconf 84' lang='lat' dir='ltr'><strong>altare.</strong></span> <span class='ocrx_word' id='word_1_847' title='bbox 3653 5501 3747 5559; x_wconf 50' lang='lat' dir='ltr'><strong>eth“</strong></span> 
     </span>
    </p>
   </div>
   <div class='ocr_carea' id='block_1_116' title="bbox 2253 5602 3743 5687">
    <p class='ocr_par' dir='ltr' id='par_1_116' title="bbox 2253 5602 3743 5687">
     <span class='ocr_line' id='line_1_116' title="bbox 2253 5602 3743 5687; baseline -0.013 -16"><span class='ocrx_word' id='word_1_848' title='bbox 2253 5617 2398 5687; x_wconf 82' lang='lat' dir='ltr'><strong>gitur</strong></span> <span class='ocrx_word' id='word_1_849' title='bbox 2433 5616 2628 5671; x_wconf 89' lang='lat' dir='ltr'><strong>iterum</strong></span> <span class='ocrx_word' id='word_1_850' title='bbox 2660 5612 2856 5667; x_wconf 88' lang='lat' dir='ltr'><strong>electio</strong></span> <span class='ocrx_word' id='word_1_851' title='bbox 2885 5611 2939 5666; x_wconf 91' lang='lat' dir='ltr'><strong>in</strong></span> <span class='ocrx_word' id='word_1_852' title='bbox 2985 5610 3239 5674; x_wconf 87' lang='lat' dir='ltr'><strong>amboue,</strong></span> <span class='ocrx_word' id='word_1_853' title='bbox 3271 5618 3335 5662; x_wconf 91' lang='lat' dir='ltr'><strong>ut</strong></span> <span class='ocrx_word' id='word_1_854' title='bbox 3375 5607 3627 5663; x_wconf 70' lang='lat' dir='ltr'><strong>audiatur,</strong></span> <span class='ocrx_word' id='word_1_855' title='bbox 3648 5602 3743 5646; x_wconf 68' lang='grc' dir='ltr'><strong>αῐν</strong></span> 
     </span>
    </p>
   </div>
   <div class='ocr_carea' id='block_1_117' title="bbox 2252 5689 3748 5767">
    <p class='ocr_par' dir='ltr' id='par_1_117' title="bbox 2252 5689 3748 5767">
     <span class='ocr_line' id='line_1_117' title="bbox 2252 5689 3748 5767; baseline -0.012 -4"><span class='ocrx_word' id='word_1_856' title='bbox 2252 5709 2475 5763; x_wconf 89' lang='lat' dir='ltr'><strong>boretur</strong></span> <span class='ocrx_word' id='word_1_857' title='bbox 2512 5721 2541 5760; x_wconf 91' lang='lat' dir='ltr'><strong>a</strong></span> <span class='ocrx_word' id='word_1_858' title='bbox 2592 5702 2898 5767; x_wconf 88' lang='lat' dir='ltr'><strong>monachis,</strong></span> <span class='ocrx_word' id='word_1_859' title='bbox 2946 5711 3002 5757; x_wconf 89' lang='lat' dir='ltr'><strong>ct</strong></span> <span class='ocrx_word' id='word_1_860' title='bbox 3050 5718 3081 5757; x_wconf 91' lang='lat' dir='ltr'><strong>a</strong></span> <span class='ocrx_word' id='word_1_861' title='bbox 3129 5702 3316 5765; x_wconf 89' lang='lat' dir='ltr'><strong>clero,</strong></span> <span class='ocrx_word' id='word_1_862' title='bbox 3368 5710 3428 5755; x_wconf 88' lang='lat' dir='ltr'><strong>et</strong></span> <span class='ocrx_word' id='word_1_863' title='bbox 3470 5698 3534 5752; x_wconf 83' lang='lat' dir='ltr'><strong>ab</strong></span> <span class='ocrx_word' id='word_1_864' title='bbox 3566 5689 3748 5746; x_wconf 57' lang='grc' dir='ltr'><strong>ιιαίτεῖδ</strong></span> 
     </span>
    </p>
   </div>
   <div class='ocr_carea' id='block_1_118' title="bbox 2250 5772 3745 5865">
    <p class='ocr_par' dir='ltr' id='par_1_118' title="bbox 2250 5772 3745 5865">
     <span class='ocr_line' id='line_1_118' title="bbox 2250 5772 3745 5865; baseline -0.013 -12"><span class='ocrx_word' id='word_1_865' title='bbox 2250 5798 2536 5865; x_wconf 83' lang='lat' dir='ltr'><strong>utriusque</strong></span> <span class='ocrx_word' id='word_1_866' title='bbox 2567 5810 2747 5851; x_wconf 84' lang='lat' dir='ltr'><strong>sexus.</strong></span> <span class='ocrx_word' id='word_1_867' title='bbox 2782 5789 2935 5847; x_wconf 85' lang='lat' dir='ltr'><strong>&#39;l‘unc</strong></span> <span class='ocrx_word' id='word_1_868' title='bbox 2968 5792 3155 5847; x_wconf 87' lang='lat' dir='ltr'><strong>stratis</strong></span> <span class='ocrx_word' id='word_1_869' title='bbox 3185 5798 3315 5846; x_wconf 86' lang='lat' dir='ltr'><strong>ante</strong></span> <span class='ocrx_word' id='word_1_870' title='bbox 3357 5789 3530 5843; x_wconf 83' lang='lat' dir='ltr'><strong>altare</strong></span> <span class='ocrx_word' id='word_1_871' title='bbox 3567 5772 3745 5849; x_wconf 57' lang='lat' dir='ltr'><strong>tapeti&quot;</strong></span> 
     </span>
    </p>
   </div>
  </div>
