3864 6314
104 350 218 409 1255
1249 334 1629 393 DlSCIPLiN.\

1792 335 2073 392 tt‘L‘ASlS.
3179 343 3318 400 HM

105 460 406 537 prosternant
439 466 498 508 se
527 453 689 512 simul
721 451 965 525 pontifex
994 460 1051 508 et
1091 451 1180 522 qui
1213 451 1280 505 ab
1321 466 1387 505 eo
1418 450 1637 505 benedi-
1674 456 1710 511 Α
1749 451 1977 521 tingere.
2024 450 2291 509 Staminia
2340 442 2450 527 (48)
2483 455 2639 512 talem
2677 457 2836 513 debet
2866 472 3175 513 mensuram
3220 459 3326 513 ha-

104 534 273 612 tendus
304 560 381 606 est
410 545 608 613 abbas,
657 546 1031 616 incipiuntque
1062 544 1154 615 qui
1198 544 1251 598 in
1292 544 1460 598 choro
1490 551 1639 597 stant
1740 546 1869 600 bere
1932 554 1988 600 ut
2046 548 2219 618 possit
2276 549 2471 605 callum
2536 551 2687 620 pedis
2741 550 2919 605 cincta
2984 551 3316 622 pertingere.

105 656 274 718 septem
322 639 716 713 pmnitentiales
758 638 1027 710 psalmosf,
1078 635 1466 705 subjungentes
1519 635 1641 690 lita-
1746 637 2013 694 Similiter
2038 648 2217 693 autem
2264 641 2405 694 sicut
2435 640 2657 695 cuculla:
2687 642 2877 696 subtus
2926 646 3182 711 apertura
3228 656 3312 695 cur

125 740 222 799 iam
266 749 361 788 non
418 732 727 803 prolixam,
783 730 877 784 sed
936 728 1037 783 sub
1092 728 1376 783 brevitate.
1433 727 1641 794 Quibus
1742 730 2231 788 bitoterntinctur.

121 826 307 889 boursis
342 825 461 879 dum
503 822 860 877 novissimum
914 819 1079 890 Kyrie
1133 818 1327 872 eleison
1382 817 1637 885 dixerint,
1812 824 2085 895 capitium
2133 824 2329 880 habeat
2380 825 2568 894 pedem
2617 825 2915 895 integrum,
2966 824 3218 880 similiter
3272 833 3329 879 et

107 919 429 978 ztorationem
453 915 787 971 Dominicam
817 911 1180 985 impleverim,
1211 911 1385 981 erigat
1411 925 1468 965 se
1493 910 1641 965 SOIIIS
1744 921 1956 978 manica
2018 928 2176 992 parte
2228 919 2405 974 laliori
2442 935 2456 985 ς
2498 929 2686 974 contra
2740 898 2959 973 manttm
3017 936 3168 985 vero,
3219 936 3328 990 quo

103 1011 321 1085 νοιιιὶῐοιν
367 1017 635 1079 ριόεινειιο
674 1022 741 1061 θο
790 1005 882 1075 qui
934 1004 1335 1059 ὶκὲηεάίεειιάυε
1383 1010 1512 1068 051.
1568 1002 1641 1056 ila
1744 1027 1969 1067 manare
2022 1010 2179 1075 solet,
2232 1012 2535 1080 angustior,
2593 1025 2623 1065 e
2677 1011 2855 1065 radice
2893 1010 3100 1081 pollicis
3153 1027 3327 1081 usque

103 1109 235 1169 dicat,
264 1103 323 1156 Et
347 1119 405 1156 ne
422 1118 513 1155 nos
536 1101 757 1154 inducas
799 1100 852 1153 in
878 1099 1235 1152 tentationem.
1260 1096 1391 1165 Cap.
1424 1094 1629 1149 Salvum

1805 1104 2038 1159 rminum
2072 1104 2267 1160 indicis
2295 1104 2640 1158 extendatur.
2676 1101 2919 1173 Corrigia
2954 1119 3056 1171 qua
3096 1103 3330 1173 cingitur

103 1198 171 1268 fac
195 1210 377 1251 servum
420 1205 588 1247 tuum.
619 1191 772 1247 Mitte
816 1194 883 1245 ei.
931 1188 1036 1244 llic
1078 1188 1293 1257 accipit-’1
1328 1187 1641 1241 θεηειιὶειὶο-
1746 1195 2001 1250 staminia
2037 1204 2324 1264 postquam
2357 1193 2519 1249 fuerit
2549 1195 2685 1248 bene
2710 1203 2951 1258 extenta,
2992 1194 3329 1248 latitudinem

102 1306 208 1343 nem.
231 1287 460 1352 Domine,
490 1286 702 1340 exaudi.
749 1284 1002 1337 Dominus
1032 1281 1315 1337 vobiscum.
1345 1276 1475 1333 lntle
1513 1280 1644 1334 sub-
1748 1285 1801 1341 in
1858 1301 1916 1341 se
1964 1284 2175 1355 pollicis
2223 1285 2442 1339 haheat.
2501 1283 2789 1339 cultellum
2843 1285 2983 1339 inter
3028 1283 3231 1338 ferrum
3279 1292 3335 1339 et

102 1391 320 1451 sequatur
354 1379 675 1434 benedictio.
706 1375 943 1431 Concede
984 1393 1285 1445 qna’sumus
1316 1380 1641 1447 omnipotens
1748 1377 2096 1432 manubrium
2130 1376 2291 1429 trium
2324 1373 2533 1443 adjecta
2569 1374 2853 1430 latitudine
2895 1374 3187 1446 digitorum
3233 1374 3331 1427 Ita-

102 1471 232 1537 Deus,
258 1488 305 1524 ut
340 1469 615 1540 famulum.
652 1468 972 1523 Cunctorum
1006 1468 1274 1522 institutor
1316 1468 1481 1523 Deus.
1516 1467 1645 1521 Om-
1747 1471 1875 1526 beat
1919 1469 2110 1540 pedem
2142 1466 2446 1521 dimidium.
2484 1466 2783 1521 Femoralia
2830 1483 2949 1537 qua:
2978 1475 3199 1521 sanctus
3231 1465 3331 1519 Be-

99 1562 297 1631 nipotens
326 1561 630 1630 sempiterne
661 1558 799 1611 Deus
825 1559 1114 1628 afﬂuentem
1158 1561 1419 1621 spiritum.
1468 1558 1647 1614 Suscia
1750 1560 2000 1616 ncdictus
2030 1563 2304 1617 concessit
2348 1559 2452 1615 iter
2501 1558 2787 1629 agentibus
2824 1557 2970 1628 (quia
3004 1572 3145 1612 nunc
3198 1566 3336 1610 tent-

96 1654 182 1722 piat
214 1664 256 1707 te
280 1652 523 1723 largiente
570 1651 747 1716 hodie,
782 1650 1023 1704 Domine.
1054 1650 1190 1705 Deus
1227 1652 1312 1705 cui
1339 1652 1507 1706 omnis
1553 1667 1648 1721 po—
1750 1658 1899 1728 poris
1951 1638 2217 1711 incertum
2271 1665 2355 1711 est
2407 1654 2522 1726 qui,
2577 1653 2660 1708 vel
2715 1651 2859 1722 quali
2912 1661 3152 1721 tempore
3201 1649 3335 1705 foris

98 1752 225 1797 testas
249 1753 290 1797 et
321 1743 566 1814 dignitas.
598 1740 845 1796 Omnium
879 1742 1021 1797 Deus
1048 1742 1166 1812 fons
1199 1745 1451 1797 bonorum
1469 1744 1647 1814 justo-
1683 1805 1719 1814 __
1754 1750 2041 1804 mittantur
2068 1789 2082 1814 ,
2136 1748 2390 1804 omnibus
2442 1742 2833 1811 conceduntur)
2883 1742 3063 1796 taliter
3122 1757 3338 1797 mensu~

99 1848 299 1900 rumque.
329 1834 440 1900 Qua
476 1833 825 1888 solemnitate
860 1833 1075 1903 expleta
1107 1834 1329 1905 incipiat
1360 1805 1625 1905 epis-copti:

1814 1852 1964 1909 nter,
2014 1849 2073 1895 nt
2116 1840 2167 1895 in
2213 1838 2545 1909 longitudine
2594 1837 2841 1906 corporis
2886 1836 3096 1905 possint
3142 1850 3340 1889 conve—

100 1930 177 1975 aut
213 1937 338 1976 unus
363 1937 426 1976 ex
462 1922 753 1977 abbatibus
793 1922 885 1992 qui
926 1921 1203 1978 adfuerint
1239 1923 1455 1979 excelsa
1494 1938 1648 1985 voce.
1758 1936 1978 1990 ηίοηιοι·
2021 1934 2219 2006 aptari,
2264 1932 2547 1987 latitudine
2598 1945 2732 1985 vero
2761 1945 2885 1999 pars
2929 1936 3156 1997 utraque
3199 1926 3341 1981 sicut

98 2008 154 2064 Te
187 2011 334 2065 Deum
370 2011 705 2067 Laudamus.
755 2014 1084 2083 .Statuentcs
1132 2028 1255 2068 eum
1310 2013 1364 2067 in
1417 2014 1624 2069 stationi

1813 2044 1877 2081 se
1903 2027 2039 2081 solet
2066 2024 2244 2095 dupla,
2270 2024 2536 2088 cubitum,
2563 2036 2732 2092 usque
2762 2020 2827 2072 ad
2862 2019 3108 2089 pollicem
3143 2016 3339 2070 habeat

99 2100 166 2153 vel
212 2100 336 2168 loco,
369 2103 460 2172 qui
510 2103 690 2158 abbati
734 2104 785 2156 in
840 2104 1008 2159 choro
1040 2104 1333 2175 deputatus
1383 2112 1485 2159 est.
1513 2104 1625 2159 Cun

1817 2135 1865 2172 m
1916 2126 2170 2180 consula,
2224 2125 2280 2169 at
2325 2129 2454 2169 vero
2486 2113 2672 2183 caliga:
2723 2111 2913 2181 pedem
2951 2110 3220 2178 integrum
3253 2121 3343 2160 su-

95 2203 199 2279 vero
214 2191 272 2246 ad
287 2195 579 2248 secundum
610 2208 822 2247 versum
842 2204 1061 2248 ventum
1081 2194 1265 2260 fuerit,
1291 2196 1381 2250 ubi
1396 2196 1597 2251 dicitur
1632 2212 1647 2249 :
1754 2209 1939 2279 pertus
1971 2204 2336 2275 habeantjam
2360 2211 2621 2265 tonsum,
2641 2218 2759 2271 qua:
2795 2202 2926 2254 fiant
2952 2200 3115 2254 etiam
3144 2198 3339 2267 longae,

98 2278 152 2332 Te
171 2291 397 2336 wternum
420 2283 638 2338 Patrem
667 2286 836 2339 omnis
867 2297 1007 2339 terra
1043 2278 1351 2351 veneratur,
1385 2287 1622 2359 incipian

1839 2300 2135 2355 secundum
2185 2307 2450 2352 staturam
2501 2296 2737 2349 hominis
2782 2294 2946 2365 (quod
2996 2293 3046 2346 in
3091 2291 3342 2346 omnibus

104 2384 203 2424 cum
222 2373 441 2428 osculari
474 2376 655 2429 cuncti
684 2374 884 2431 fratres
914 2377 1357 2448 congregationis
1384 2393 1480 2447 per
1503 2378 1630 2433 ordi-

1817 2390 2155 2446 ocuraudum
2180 2399 2261 2443 est
2293 2387 2653 2456 vestimentis)
2679 2385 2934 2441 cruribus
2956 2383 3343 2438 convenienter

99 2478 217 2529 nem,
245 2477 559 2522 reverenter
586 2476 833 2537 petentes
857 2470 904 2523 ei
934 2469 1170 2523 veniam.
1206 2468 1314 2524 lsto
1338 2470 1538 2541 quippe
1561 2484 1625 2523 or

1816 2491 2025 2547 itentur,
2061 2496 2182 2551 qua:
2218 2480 2285 2533 de
2338 2494 2553 2533 summo
2595 2492 2766 2549 usque
2798 2477 2864 2531 ad
2917 2477 3105 2547 pedem
3163 2474 3342 2529 taliter

96 2556 195 2612 dine
219 2560 462 2616 revestire
490 2574 548 2615 se
573 2562 770 2615 debent
790 2562 1076 2632 episcopus
1107 2562 1345 2617 etabbas
1365 2562 1416 2615 in
1441 2561 1546 2616 hac
1562 2576 1622 2617 or

1813 2574 2246 2645 mstriugantur,
2304 2582 2364 2625 ut
2411 2586 2534 2624 cum
2588 2570 2837 2640 superius
2896 2568 3087 2638 pedem
3137 2565 3339 2621 habent

96 2648 334 2708 diuatione
356 2653 521 2720 albis,
549 2653 704 2708 stolis
738 2663 793 2710 et
818 2655 1028 2725 cappis,
1059 2664 1344 2723 teneatque
1366 2654 1622 2725 epicopus

1817 2679 2049 2738 tcgrum,
2076 2663 2303 2720 inferius
2333 2661 2639 2718 dimidium.
2671 2662 2829 2718 Cesta
2856 2661 2969 2734 (49)
3002 2659 3189 2730 caligm
3217 2660 3342 2713 eum

96 2740 311 2800 baculum
329 2763 485 2802 suum
522 2748 574 2802 in
595 2763 783 2813 manu,
804 2749 1016 2803 etidetn
1036 2748 1263 2803 baculus
1279 2763 1439 2817 quem
1459 2746 1646 2802 abbati
1753 2748 1919 2812 [ιἰριιίι
1950 2766 2135 2812 assuta
2167 2756 2325 2810 debet
2358 2769 2478 2809 esse
2522 2763 2628 2808 tam
2658 2754 2811 2825 longa
2842 2770 2949 2823 quo
2989 2752 3154 2823 possit
3198 2750 3341 2806 intra

96 2833 609 2908 debetdaresitjuxta
636 2840 959 2895 abbatemin
977 2842 1321 2911 tapete.dum
1341 2848 1648 2908 prostratus
1751 2864 1991 2919 pugnum
2030 2847 2145 2902 fieri
2183 2843 2502 2901 constricta.
2557 2843 2747 2899 Calces
2800 2842 3100 2908 altitudine,
3148 2846 3343 2912 praeter

94 2923 219 2992 iacet
240 2930 301 2983 ad
329 2931 782 2987 consecrandum.
810 2931 1177 2987 Consecratus
1204 2941 1385 2987 autem
1416 2932 1649 3002 accipiat
1752 2941 1979 2995 limbum
2016 2940 2105 3011 qui
2146 2930 2407 3005 asSuitur,
2445 2936 2641 2993 habeat
2665 2934 2855 3007 pedem
2885 2932 3170 2989 dimidium
3200 2950 3212 2985 :
3245 2947 3343 2985 an‘

94 3031 196 3071 cum
230 3019 290 3076 de
318 3038 476 3077 tnanu
524 3022 766 3093 episcopi
802 3023 916 3078 hmo
944 3024 1108 3077 verba
1157 3024 1427 3077 dicentis:
1462 3022 1650 3092 Accipe
1755 3030 1938 3084 teriori
1975 3044 2105 3084 vero
2151 3036 2303 3098 parte
2342 3027 2628 3081 latitudine
2668 3026 2963 3095 digitorum
3010 3024 3199 3077 nodOs.
3244 3021 3343 3076 Pe-

96 3108 303 3167 baculum
346 3115 632 3185 pastoralis
674 3114 847 3186 ofﬁcii,
886 3125 940 3168 ut
966 3114 1038 3169 sis
1078 3116 1132 3167 in
1161 3115 1482 3183 corrigendis
1510 3115 1619 3167 vitii

1898 3138 1908 3175 ς
1965 3120 2218 3175 similiter
2257 3119 2558 3175 mensurati
2610 3118 2739 3183 sint,
2774 3124 2831 3170 ut
2879 3114 3089 3186 possint
3117 3113 3343 3184 pedibus
3419 3135 3424 3141 -

91 3207 378 3274 animum
396 3224 516 3262 cum
537 3210 703 3263 iratus
718 3208 901 3278 fueris,
920 3206 1291 3261 miscricordiw
1308 3206 1642 3260 nrcrnoreris.
1687 3206 1720 3211 ’
1754 3214 2085 3271 sufﬁcienter
2128 3213 2325 3287 aptari.

676 3322 905 3379 CAPUT
946 3323 1032 3378 tv.
2381 3305 2606 3363 CAPUT
2649 3302 2711 3359 V-

428 3415 508 3470 De
539 3425 959 3470 vestimentorum
997 3432 1265 3471 mensura.

2226 3400 2303 3455 De
2331 3401 2507 3469 priore
2534 3396 2856 3451 monasterii.

147 3502 459 3562 Vestimenta
487 3506 717 3561 fratrum
759 3507 925 3562 mittit
962 3520 1183 3563 sanctus
1219 3509 1546 3565 Benedictus
1589 3507 1642 3563 in

1822 3493 1953 3548 Cum
1979 3493 2127 3564 prior
2144 3492 2527 3547 fueritelectus
2557 3489 2626 3543 ab
2655 3489 2910 3544 omnibus
2939 3484 3196 3540 fratribus
3220 3492 3340 3553 post

90 3594 337 3662 prudentia
367 3596 602 3663 abbatis,
634 3606 692 3650 ut
733 3596 842 3652 sint
869 3607 1200 3653 mensuram,
1237 3598 1424 3666 Quans
1464 3607 1644 3653 autem
1750 3586 2041 3657 capitulum
2070 3596 2506 3654 surgantomnes
2533 3592 2767 3651 eantque
2799 3582 2852 3633 in
2886 3576 3190 3634 ecclesiam.
3211 3575 3340 3629 Dein

90 3684 149 3736 sit
198 3684 279 3739 illa
335 3702 593 3741 mensura
646 3688 944 3743 secundum
989 3688 1212 3743 Patrum
1266 3665 1645 3743 ditlinitionem
1751 3680 1839 3735 ille
1859 3679 1947 3749 (illi
1969 3678 2312 3733 CXilumseSl
2334 3676 2402 3729 ³1³
2430 3676 2545 3746 ipso
2570 3669 2943 3743 οῐιυτοὶοίῖῖυίυ
2966 3665 3344 3738 Ι’νί⁰¹’ί⁵]⁴¹ίθ³¹

91 3784 318 3843 quantum
346 3793 639 3850 possumus
671 3780 1010 3849 indagamus.
1049 3779 1269 3834 Cuculla
1304 3796 1424 3851 qua;
1459 3789 1648 3835 nostro
1752 3772 1913 3828 tertio
1934 3770 2187 3825 omnibus
2217 3766 2588 3838 repetentibus
2614 3767 2755 3820 hunc
2779 3777 2992 3817 versum
3021 3769 3146 3814 ante
3172 3758 3345 3813 altare

90 3866 408 3938 singulariter
442 3872 700 3927 convenit
730 3871 932 3939 ordini,
964 3873 1107 3942 quod
1138 3873 1522 3929 vestimentum
1552 3889 1648 3928 an.
1735 3864 2062 3931 Benedictus
2090 3872 2163 3916 est
2187 3860 2444 3915 Dominus
2461 3858 2696 3924 Deus,et
2721 3866 2942 3925 accepta
2969 3850 3341 3913 benedictione

91 3955 292 4027 tiquitns
320 3964 620 4020 vocabatur
648 3964 943 4030 colobium,
981 3965 1032 4019 id
1062 3975 1145 4022 est
1169 3968 1348 4022 tunica
1374 3968 1493 4023 sine
1533 3983 1652 4023 ma-
1751 3958 1863 4023 illa,
1894 3972 2014 4027 qua:
2038 3951 2513 4022 tlicitur,,quando
2546 3949 2614 4004 ab
2649 3949 2831 4021 aliquo
2856 3961 3019 4016 opere
3052 3943 3341 3999 absolvuna

89 4047 206 4106 uicis
233 4070 245 4104 :
276 4062 484 4108 tantum
516 4055 671 4109 debet
703 4054 905 4110 habere
936 4053 1258 4123 latitudinis,
1295 4065 1353 4111 ut
1383 4057 1615 4113 ambobu

1813 4065 1840 4103 r
1884 4048 2103 4113 fratres,
2140 4054 2196 4101 et
2240 4045 2322 4100 sic
2370 4043 2609 4099 recedat.
2658 4041 2897 4096 Accedat
2937 4050 3064 4093 tunc
3110 4037 3219 4099 ille,
3249 4033 3338 4104 qui

90 4143 450 4198 convenienter
513 4152 730 4213 aptetur
801 4146 1039 4211 cubitis;
1102 4146 1459 4217 longitudinis
1518 4163 1647 4204 vero
1751 4143 2049 4197 intraturus
2079 4146 2162 4193 est
2192 4138 2244 4193 in
2275 4144 2459 4201 antea,
2488 4143 2543 4190 et
2576 4132 2723 4187 dicat
2767 4130 2927 4187 tertio
2964 4127 3214 4183 onmibus
3246 4140 3342 4177 au-

91 4238 273 4287 tautum
305 4245 464 4288 antea
485 4275 501 4299 ,
534 4235 679 4304 quod
708 4237 775 4291 ad
816 4236 1009 4290 callum
1043 4237 1196 4306 pedis
1226 4252 1399 4308 usque
1443 4239 1650 4308 pertin-
1750 4232 2022 4290 clientibus
2070 4232 2213 4287 hunc
2243 4242 2481 4290 versum,
2529 4224 2689 4291 Deus,
2711 4224 2766 4276 in
2813 4218 3136 4289 adjutorium
3166 4229 3339 4267 meum

88 4332 190 4391 gat;
228 4335 280 4379 et
308 4327 379 4381 sit
419 4336 549 4397 apta
596 4328 831 4398 corpori,
866 4338 924 4383 ut
956 4328 1026 4383 sit
1065 4343 1131 4383 ex
1165 4307 1323 4383 omni
1353 4307 1507 4399 parte
1557 4345 1648 4383 ro-
1749 4325 1981 4391 intende,
2019 4332 2073 4380 et
2121 4329 2338 4391 accepta
2397 4318 2483 4372 illa
2532 4314 2909 4373 benedictione
2958 4326 3076 4380 quae
3124 4307 3339 4369 dicitur,

88 4416 250 4472 tunda.
301 4419 583 4491 Capellum
639 4421 809 4491 ipsius
854 4430 1048 4491 prmter
1102 4420 1325 4476 limbum
1378 4421 1646 4491 integrum
1752 4435 1874 4473 cum
1908 4419 1960 4472 in
1989 4415 2173 4485 aliquo
2194 4428 2357 4484 opere
2376 4411 2696 4466 ordinantur
2731 4406 2944 4469 fratres,
2973 4411 3025 4457 et
3051 4401 3129 4457 sic
3159 4400 3334 4469 ipsum

88 4504 237 4565 virilis
264 4513 415 4581 pedis
460 4528 531 4569 ex
564 4513 711 4569 Omni
758 4523 914 4583 parte
943 4513 1261 4582 quadratam
1291 4513 1451 4568 debet
1477 4514 1649 4569 conti-
1680 4523 1730 4584 ι)
1753 4509 1986 4564 ollicium
2024 4506 2391 4562 administret.
2432 4502 2671 4570 Denique
2697 4514 2794 4570 per
2822 4511 2977 4550 usum
3011 4494 3167 4548 debet
3192 4500 3342 4587 stare

87 4612 197 4657 nere
220 4619 533 4661 mensuram
572 4624 585 4661 :
613 4616 867 4675 apertura
900 4605 1149 4675 superior
1176 4606 1372 4661 habeat
1401 4606 1641 4661 cubitum
1753 4606 1806 4659 in
1840 4602 2067 4659 ecclesia
2100 4617 2166 4656 ex
2197 4601 2331 4654 laevo
2364 4599 2532 4653 choro
2565 4611 2578 4647 ε
2617 4594 2669 4649 in
2695 4590 2931 4663 capitulo
2957 4586 3127 4645 austri
3158 4586 3337 4657 parte,

86 4703 235 4761 usque
277 4697 344 4751 ad
378 4695 594 4768 pollicis
621 4710 913 4759 summum,
954 4694 1182 4749 inferior
1220 4695 1461 4750 cubitum
1509 4695 1646 4750 iute-
1753 4696 1805 4750 in
1838 4693 2126 4751 refectorio
2152 4685 2560 4761 septentrionali
2594 4692 2768 4755 parte.

83 4799 237 4855 grum,
263 4800 317 4846 et
344 4792 513 4847 trium
550 4791 880 4862 digitorum;
914 4789 965 4843 in
991 4798 1114 4843 ante
1136 4797 1396 4859 appareat
1422 4788 1649 4845 latitudo
2042 4848 2045 4853 ,
2368 4780 2596 4839 CAPUT
2636 4778 2720 4832 Vl-

82 4882 282 4940 cncullze
326 4902 453 4942 cum
486 4885 710 4957 capitio.
743 4884 1010 4939 Similiter
1043 4892 1223 4938 autem
1268 4882 1459 4938 subtus
1500 4884 1646 4938 clrta
1917 4880 1995 4935 De
2024 4877 2353 4950 {ratribnsin
2380 4876 2459 4930 ria
2488 4874 2696 4927 directis
2720 4867 2943 4940 qualiter
2967 4874 3173 4935 agatur.

81 4972 225 5038 pedes
267 4976 453 5032 tunica
495 4976 656 5031 debet
700 4990 821 5029 esse
866 4974 1098 5029 rotunda
1131 4974 1393 5044 qualitate
1432 4992 1650 5030 mensu-
1823 4974 1881 5031 Si
1925 4987 2151 5043 peregre
2176 4969 2541 5044 [profecturus
2567 4963 2673 5037 est]
2702 4964 2868 5018 frater
2892 4960 2945 5014 in
2978 4959 3190 5020 itinere,
3232 4966 3336 5006 non

82 5072 182 5117 rata
212 5065 344 5138 (46),
376 5069 607 5139 sagittas
635 5084 765 5123 vero
802 5066 884 5123 vel
910 5082 1139 5138 get-oues
1164 5067 1273 5140 (47)
1307 5078 1512 5124 tantum
1548 5071 1641 5124 ba-
1752 5082 2070 5127 reversurus
2098 5065 2289 5119 diebus
2318 5064 2530 5117 duobus
2560 5068 2651 5113 aut
2682 5057 2873 5121 tribus,
2910 5051 3140 5121 accipiat
3168 5047 3335 5101 bene-

91 5151 209 5223 ἔδει,
252 5169 308 5214 ιιι
343 5137 803 5231 ἰιειίςτειάἰθηιεδ
845 5157 932 5212 vel
978 5137 1369 5228 superfluitate,
1399 5159 1482 5216 vel
1525 5176 1649 5231 par-
1751 5160 2069 5216 dictionem.
2127 5157 2184 5211 Si
2247 5156 2541 5211 necessitas
2608 5149 2791 5213 fuerit,
2844 5156 2901 5198 ιιι
2972 5144 3023 5195 in
3099 5137 3339 5193 crastino

92 5245 224 5303 ritate
247 5263 353 5305 non
386 5247 681 5320 impediat;
714 5247 866 5318 cujus
904 5248 1131 5303 manicae
1169 5248 1368 5303 debent
1397 5264 1462 5304 ex
1496 5227 1649 5304 u—tra-
1754 5262 2079 5312 revertatur,
2111 5257 2166 5304 et
2204 5248 2400 5303 iterum
2430 5256 2650 5299 necesse
2682 5239 2752 5295 sit
2788 5248 3034 5305 pergere.
3063 5227 3340 5317 "0“‘3903‘

91 5343 171 5404 tuo
207 5348 359 5408 parte
400 5339 472 5394 ad
505 5337 778 5395 secundos
806 5338 1101 5411 digitorum
1128 5342 1302 5400 nodos
1331 5358 1501 5413 usque
1527 5358 1652 5415 per-
1753 5348 1864 5417 piat
1916 5342 2351 5399 benedictionem
2395 5336 2556 5393 eundi
2592 5342 2669 5399 _et
2726 5324 3054 5386 revertendi.
3106 5324 3236 5377 Item
3291 5320 3339 5376 si

142 5495 245 5570 (ιβ)
274 5497 486 5570 Sagitta
519 5499 571 5554 in
598 5498 842 5570 vestibus
875 5498 1075 5553 dicitur
1106 5514 1232 5569 pars
1258 5515 1344 5565 ea,
1374 5516 1492 5568 qua:
1521 5516 1648 5556 con-
1754 5501 1946 5566 Ceron,
1981 5517 2075 5555 seu
2108 5500 2292 5566 Ciron,
2340 5499 2661 5555 Germanice
2708 5497 2875 5554 Geren
2902 5539 2917 5563 ,
2955 5497 3106 5551 sinus
3133 5536 3147 5561 ,
3195 5492 3342 5548 deri-

80 5567 297 5642 trahitur
334 5567 613 5642 inﬂeinus,
658 5569 800 5638 quod
829 5570 1037 5642 sagittae
1082 5567 1314 5639 speciem
1364 5567 1645 5642 efﬁngant.
1754 5583 1893 5627 vata.

82 5634 347 5713 Uttan-ictis
373 5640 470 5695 lib.
504 5656 562 5697 η.
588 5634 845 5697 Consuet.
875 5634 1258 5713 Clunia.,'cap.
1291 5642 1377 5713 ll.
1494 5634 1549 5713 ’ί
1824 5642 1937 5713 (48)
1965 5641 2246 5713 Staminia,
2275 5641 2620 5707 stamineum,
2651 5641 2803 5695 lanea
2834 5638 3087 5703 interula,
3121 5651 3214 5693 seu
3245 5648 3343 5691 ca-

287 5708 537 5789 Girones_
566 5713 705 5767 idem
756 5710 898 5779 quod
932 5711 1156 5789 _sagitta
1204 5706 1643 5789 apud_eum_t_lem
1753 5706 1932 5789 misia,
1967 5712 2130 5789 vulgo
2161 5706 2408 5766 (tamine.

82 5773 372 5836 L'dalricum
397 5823 412 5848 ,
448 5782 663 5839 videtur
698 5773 878 5837 auiem
930 5773 1049 5837 luce
1101 5797 1200 5839 vox
1239 5773 1286 5835 'a
1340 5781 1644 5839 Tlteodisco
1824 5773 1938 5855 (49)
1968 5773 2141 5848 Cesia,
2174 5793 2376 5853 cestus,
2409 5782 2705 5852 cingulum.
