1917 3152
261 189 273 217 Ι
279 188 331 217 355

807 186 970 217 GUlDONl‘a
983 186 1129 215 ABBATIS
1149 186 1343 216 FARFENSIS

1812 185 1870 221 ιιιθ

260 246 346 277 frater
361 248 513 272 revertatur
523 242 556 270 de
572 243 678 277 itinere,
692 243 806 278 accipiat
825 244 1052 272 benedictionem.
1070 246 1090 273 Λ
1106 244 1240 271 cantando
1253 244 1371 279 psalmos
1382 251 1465 279 usque
1479 243 1506 270 in
1519 242 1667 270 claustrum
1679 241 1771 271 Brutus
1783 243 1828 278 vir,
1838 246 1869 274 vel

259 291 291 319 Si
316 290 407 318 statim
437 290 515 318 dcbet
544 297 656 326 pergere
686 290 803 325 accipiat
835 290 1050 318 benedictionem

259 337 413 371 ambulandi
432 345 438 362 :
454 336 477 363 si
501 340 594 371 postea
618 336 725 363 steterit
743 336 777 362 ad
799 344 880 363 unam
899 336 994 363 horam
1009 336 1052 363 vel

260 370 338 414 duas;
354 382 467 416 accipiat
495 381 710 409 benedictionem
737 382 903 409 revertendi.
930 381 1052 416 Itemque

259 430 281 456 si
305 430 390 456 frater
411 428 484 455 venit
507 429 540 455 de
568 428 664 456 itinere
691 429 806 463 accipiat
833 429 1051 456 benedictionem

260 476 391 505 redeundi
408 484 414 502 :
429 476 451 502 si
466 475 557 503 statim
575 476 725 510 porrexerit
738 475 846 507 alicubi,
862 481 890 503 et
905 484 955 502 una
973 480 1052 503 nocte

259 522 412 553 tlormierit,
428 522 454 548 in
477 522 598 549 crastino
622 530 674 549 non
698 522 814 557 accipiat
837 522 1050 549 benedictionem

261 568 401 594 redeundi.
417 568 445 594 In
460 567 557 594 itinere
570 567 591 594 si
607 572 722 602 pergunt
734 567 787 594 duo
797 567 931 605 conversi,
945 573 971 595 et
984 576 1052 595 unus

258 615 387 642 sacerdos
411 615 455 649 qui
476 615 568 650 junior
588 615 693 642 illorum
717 615 764 648 sit,
778 615 938 651 ubicumque
973 617 1052 644 sede-

260 660 323 691 rint,
336 659 414 687 debet
427 660 554 687 sacerdos
564 660 660 687 sedere
671 659 697 688 in
711 661 799 688 medio
812 661 927 688 illortuu.
939 661 1052 695 Quando

261 713 323 732 rero
337 706 488 739 porrexerit
503 713 573 732 unus
591 713 624 732 ex
639 705 679 732 eis
692 714 752 733 euut
769 707 921 738 sacerdote.
943 715 1051 742 semper

259 749 334 776 dcbet
351 749 479 776 sacerdos
498 750 593 777 sedere
615 758 696 786 super
711 750 796 782 illum.
811 750 893 778 etiam
910 750 981 786 loqui
997 759 1050 778 non

257 794 387 821 condecet
414 795 498 827 illum,
515 795 566 822 nisi
591 803 640 829 per
659 796 717 830 ejus
740 796 888 823 licentiam.
905 796 932 823 in
959 804 1050 823 rever-

259 840 339 867 tendo
356 839 376 866 si
392 839 496 866 fuerint'
506 839 538 866 ad
555 845 609 867 tres
622 841 713 870 horas.
730 841 764 867 ad
785 840 993 875 completorium
1009 841 1051 868 di-

258 891 337 912 catur
356 893 437 920 super
455 893 512 918 eos,
526 885 552 912 51
557 886 684 914 isereatur
700 887 775 913 uestri
786 893 797 912 .'
812 887 845 913 ad
860 886 987 914 domuum
1004 887 1052 914 ab-

258 931 348 958 batem
364 939 494 967 nusquam
511 932 628 960 dicatur.

559 988 673 1016 CAPUT
695 987 748 1016 Vll.

252 1031 326 1060 Jtem
344 1032 377 1059 de
399 1033 461 1067 ipsis
481 1033 606 1070 fratribus
623 1035 770 1062 constitutis
789 1035 816 1062 in
836 1035 971 1062 itineribus
986 1042 1052 1070 qua-

512 1069 572 1096 liter
585 1070 663 1096 liorns
677 1070 797 1097 reddant.

293 1114 404 1142 Fratres
417 1115 442 1141 iu
455 1115 553 1142 itinere
569 1115 665 1142 directi
683 1124 744 1143 cutn
763 1115 879 1143 viderint
895 1117 968 1144 liora:
983 1121 1052 1144 tem-

258 1168 315 1194 pus.
333 1160 354 1186 si
372 1166 448 1195 :tpitts
462 1160 536 1187 locus
549 1164 590 1188 est
607 1160 653 1193 ibi,
670 1161 830 1194 ubigdirecti
849 1167 923 1189 stant
936 1162 977 1189 vel
990 1170 1053 1198 per-

257 1205 406 1237 ambulant,
422 1205 530 1232 ﬂectant
551 1213 638 1241 genua
655 1206 853 1234 descendentes
868 1207 901 1234 de
915 1208 1001 1242 equis.
1022 1207 1050 1235 Si

258 1249 360 1277 faciunt
374 1251 406 1277 de
422 1250 473 1286 [in]
493 1251 624 1278 coenobiis
639 1259 725 1286 genua
740 1259 821 1286 super
833 1251 945 1284 formas,
960 1256 986 1279 et
1001 1251 1051 1287 ipsi

258 1294 361 1321 faciant
382 1295 426 1321 ubi
449 1296 559 1331 degunt.
578 1295 701 1328 Peracta,
716 1296 822 1332 signant
844 1301 943 1323 satisne
962 1298 1052 1325 crucis

258 1339 415 1374 imprimant
427 1340 452 1366 in
465 1341 597 1368 frontibus
610 1342 677 1374 suis,
693 1346 721 1369 et
737 1349 789 1369 non
805 1345 911 1377 gyri-ut,
926 1343 972 1370 sed
991 1347 1050 1369 tati-

254 1389 315 1412 tum
329 1389 422 1420 petant
436 1385 554 1418 veniam,
569 1390 596 1413 et
612 1386 743 1421 incipiant
762 1387 857 1415 horam
872 1387 1051 1415 ascendentes

257 1429 285 1457 in
306 1437 405 1465 equos,
429 1436 571 1466 pergentes
593 1435 620 1459 ct
643 1432 737 1459 boram
756 1431 942 1460 decantantcs.
968 1431 1051 1460 “'ano

259 1480 300 1502 tos
315 1474 371 1510 (50)
387 1475 482 1503 tollant
500 1476 532 1504 de
553 1476 678 1504 manibus
696 1477 755 1505 suis
775 1485 860 1512 usque
878 1478 940 1505 dum
957 1478 1051 1506 liniant

256 1519 378 1548 divinum
397 1522 523 1548 ollicium.
545 1522 573 1549 Si
594 1522 683 1557 aliqua
703 1523 852 1551 necessitas
874 1524 1005 1557 evenerit,
1022 1530 1051 1552 ut

258 1565 360 1600 aliquid
378 1566 504 1602 loquatur
518 1568 544 1594 in
560 1567 725 1602 psalmorum
741 1569 836 1596 ordine
850 1569 882 1597 de
898 1570 956 1605 ipsa
971 1570 1048 1602 liora,

258 1610 356 1638 iterum
379 1619 394 1638 a
415 1612 505 1647 capite
529 1613 697 1642 reinchoent.
721 1615 874 1643 lledeuntes
890 1622 996 1645 vrantos
1015 1618 1049 1645 ad

258 1662 322 1683 suos
338 1655 451 1684 lectulos
468 1657 566 1692 singuli
586 1664 699 1693 possunt
715 1659 827 1687 habere.
842 1660 870 1687 ln
886 1661 997 1689 basilica
1022 1662 1048 1689 in

257 1701 359 1737 cryptis
385 1702 492 1736 quando
514 1704 617 1731 reversi
639 1708 701 1732 sunt
720 1705 842 1732 ordinem
867 1705 969 1734 faciant
987 1714 1049 1742 pro-

256 1749 347 1783 strati,
364 1748 446 1776 cliam
461 1748 484 1776 si
501 1750 642 1777 duodecim
658 1750 786 1780 lectiones
804 1752 870 1779 siut.

565 1795 679 1823 CAPUT
698 1797 760 1824 Vlll.

522 1841 560 1869 De
574 1850 651 1877 opera
665 1851 800 1870 manuum.

291 1886 405 1920 Quando
418 1886 515 1914 fratres
530 1887 594 1914 ituri
607 1892 670 1915 sunt
681 1888 715 1916 ad
728 1896 810 1924 opera
832 1897 970 1921 manuum,
985 1897 1048 1917 mox

255 1938 286 1962 ut
299 1934 385 1970 prima
405 1934 479 1962 linita
503 1935 585 1962 fuerit
604 1935 731 1964 inchoent
746 1936 879 1964 litaniam.
893 1937 959 1965 Post
971 1938 1049 1972 capi-

257 1980 341 2009 tulum
367 1985 457 2008 attlcm
482 1981 553 2008 illico
576 1986 606 2009 ut
624 1983 804 2015 surrexerint,
819 1987 846 2010 et
863 1983 954 2010 tabula
978 1983 1050 2011 inso-

256 2026 357 2058 nuerit,
372 2027 464 2054 statim
480 2026 627 2061 incipiant;
643 2027 669 2054 in
685 2027 780 2062 primis
795 2027 892 2062 psalmi
907 2027 1049 2056 familiaris

254 2080 271 2100 e
286 2073 382 2108 prima,
397 2077 424 2100 et
438 2077 502 2099 eant
517 2077 659 2100 cantantes
678 2073 782 2108 pariter
796 2080 902 2106 omnes,
917 2078 946 2101 ut
960 2073 1049 2102 nullus

256 2119 291 2146 sit
314 2123 477 2151 excusatus,
500 2119 580 2147 etiam
603 2119 775 2152 cellerarius,
798 2127 883 2154 usque
904 2121 937 2148 ad
958 2119 1049 2148 locum

254 2166 354 2199 aperis.
371 2164 439 2192 Cum
454 2164 488 2191 ibi
510 2164 621 2197 fuerint,
638 2169 710 2192 stent
724 2165 799 2199 pueri
811 2165 929 2193 ordinati
951 2165 978 2192 in
997 2172 1048 2192 an-
1091 2171 1094 2173 ‘

257 2216 310 2244 tca,
327 2215 353 2238 et
376 2211 504 2238 inclinent
520 2215 582 2238 ante
597 2216 624 2238 et
641 2215 723 2238 retro.
741 2210 817 2238 Tune
834 2211 946 2247 incipiat
963 2211 1046 2246 prior,

255 2255 338 2289 Deus,
352 2255 379 2282 in
401 2255 564 2290 adjutorium
588 2264 672 2283 meum
697 2256 809 2283 intende.
826 2256 918 2285 Tertio
935 2256 1048 2285 dicendo
1064 2273 1086 2300 ι)

255 2305 281 2328 et
297 2300 388 2328 Gloria
407 2300 493 2328 Patri.
510 2301 612 2328 Deinde
628 2300 710 2336 Kyrie
724 2301 831 2329 eleison.
849 2301 930 2329 Pater
949 2307 1045 2329 noster.

256 2346 290 2373 lit
312 2355 343 2374 ne
367 2355 423 2373 nos.
445 2347 614 2382 Adju/orium
633 2352 762 2374 nostrum.
783 2347 816 2375 Et
836 2353 899 2375 tunc
917 2347 1048 2382 incipiant

254 2398 346 2426 opera,
366 2396 393 2418 et
415 2391 533 2426 psalmos
557 2391 602 2419 ubi
624 2399 672 2419 eos
697 2392 864 2424 dimiserant,
885 2392 1046 2427 reincipiant

255 2444 316 2464 cum
339 2442 442 2472 septem
465 2437 575 2471 psalmis
596 2437 772 2472 specialibus;
798 2441 824 2464 et
853 2438 973 2472 quinque
996 2445 1046 2472 pro

255 2482 399 2510 defunctis.
416 2482 512 2510 Postea
532 2491 641 2510 cursum
667 2483 828 2511 canonicum
849 2490 910 2511 cum
933 2483 1046 2518 psalmis

253 2527 433 2556 familiaribus
466 2529 499 2555 de
526 2528 611 2556 horis.
638 2527 734 2556 Frater
759 2528 988 2556 ltebdotnadarius
1012 2529 1045 2556 de

254 2574 338 2601 missa
362 2573 434 2600 dicat
459 2573 597 2601 collectas.
617 2573 645 2600 Si
669 2573 773 2601 duabus
792 2573 897 2601 vicibus
918 2577 1044 2609 pergunt,

254 2618 292 2646 itii
314 2612 417 2654 legatur
432 2618 512 2646 lectio
535 2619 569 2645 de
590 2618 658 2645 libro
670 2618 716 2653 qui
729 2619 762 2645 ad
778 2619 920 2654 prandium
934 2619 1043 2655 legitur,

253 2664 276 2692 si
291 2664 352 2691 talis
363 2668 414 2695 est,
431 2669 460 2691 ut
472 2664 587 2691 rediticet
602 2664 751 2692 audientes.
766 2663 862 2692 Frater
874 2666 921 2700 qui
935 2665 999 2701 legit
1011 2666 1044 2694 ad

231 2704 234 2707 ’
253 2710 415 2736 scrritorcm
435 2709 515 2736 debet
531 2709 629 2736 librum
648 2714 766 2744 portare,
780 2714 808 2736 et
825 2715 943 2745 exponat
958 2710 1042 2744 prior,

254 2755 294 2781 νγ]
309 2756 352 2783 cui
369 2755 426 2790 ipse
437 2753 550 2789 jusserit
560 2755 685 2783 omnibus
697 2756 747 2783 sub
759 2756 867 2783 silentio
877 2755 1041 2784 sedentibus.

255 2802 348 2828 Denuo
368 2801 390 2829 si
416 2801 503 2828 visum
529 2801 610 2829 fuerit
632 2802 715 2837 priori
741 2806 770 2830 ut
798 2802 913 2837 amplius
941 2802 1042 2837 aliquid

254 2853 410 2883 operentur,
425 2847 535 2876 faciant.
554 2849 670 2876 Dimisso
690 2856 771 2884 opere
787 2849 813 2876 in
830 2850 965 2877 rcdcnndo
979 2855 1042 2877 eant

289 2903 345 2939 (50)
366 2904 486 2938 ii'nutoa,
497 2911 617 2939 quantos,
631 2905 688 2932 Ital.
700 2910 801 2941 quanti,
814 2906 975 2935 cliirotltecm

1103 289 1220 324 qualiter
1239 289 1323 318 abbas
1347 289 1489 324 inceperit.
1513 289 1580 315 Cum
1602 288 1701 316 fuerint
1716 293 1775 316 ante
1787 291 1871 325 capita-

1104 336 1158 363 lum
1183 335 1255 363 dicat
1278 336 1362 371 prior,
1389 335 1557 370 Adjntorinm
1584 342 1713 367 nostrum,
1729 334 1869 369 Benedicitt;

1104 387 1131 409 et
1146 386 1190 409 eat
1206 382 1392 417 unusquisque
1404 383 1436 410 ad
1449 381 1536 411 oflicia
1550 389 1609 408 sua.
1621 380 1660 408 Ex
1675 381 1726 408 hac
1738 380 1799 409 liora
1809 388 1870 412 sonet

1103 427 1227 462 squillam
1241 427 1414 455 secretarius.

1411 471 1525 499 CAPUT
1546 471 1591 499 IX.

1284 518 1347 545 Lent
1362 518 1385 545 si
1398 524 1453 553 post
1468 527 1565 544 nouant
1579 518 1717 545 reversuri.

1137 564 1201 592 Post
1213 572 1310 591 nonam
1329 570 1418 591 autem
1434 564 1456 591 si
1472 564 1569 591 iterum
1586 569 1649 591 sunt
1669 565 1808 597 reversuri,
1821 573 1868 595 mox

1103 616 1131 638 ut
1155 611 1271 639 exierint
1293 619 1308 638 e
1332 610 1475 638 rcfcctorio
1498 610 1671 638 venicnzibus
1696 611 1723 638 in
1747 613 1866 647 capitulum

1102 659 1220 686 clIiciant
1234 658 1430 686 absolutionem
1455 659 1526 686 sicut
1548 658 1655 685 caeteris
1679 658 1783 686 diebus.
1801 659 1867 691 Dicto,

1101 704 1262 738 Rettulit-ite,
1287 703 1386 732 faciant
1409 709 1473 731 ante
1495 709 1521 731 et
1545 709 1630 736 retro,
1645 709 1674 732 et
1693 704 1766 733 illico
1783 705 1868 741 incipiat

1101 751 1175 786 prior
1192 750 1311 786 psalmos
1329 749 1473 778 familiares
1489 749 1695 784 vespertinales,
1712 750 1822 784 Domine,
1835 760 1868 779 e3-

1101 797 1164 823 audi
1177 798 1320 824 orationem
1335 805 1429 830 meam,
1440 796 1548 827 nuribus
1559 797 1674 832 percipe,
1688 797 1715 824 in
1727 798 1866 832 primis,etc.

1102 843 1166 869 Dein
1188 850 1306 876 vcspera:
1321 842 1441 868 omnium
1457 845 1625 874 sanctorum.
1639 847 1668 869 et
1683 848 1797 875 vespera:
1812 850 1868 870 ator-

1103 893 1222 922 tuorum,
1236 895 1264 917 et
1277 890 1394 917 ollieium
1417 897 1522 923 eorum,
1535 895 1564 918 et
1579 889 1651 917 Deus
1671 889 1789 917 auribus.
1802 890 1869 923 Atque

1065 924 1089 955 Β
1104 935 1223 971 quinque
1237 936 1356 971 psalmos
1376 944 1425 971 pro
1448 936 1595 970 defunctis,
1610 941 1640 964 et
1653 936 1695 964 sic
1709 935 1810 963 redeant
1821 943 1870 963 caa-

1102 982 1185 1010 tando
1208 981 1343 1017 psalmos,
1368 982 1409 1009 Ad
1436 982 1578 1010 Dominum
1605 990 1665 1009 cum
1687 981 1829 1009 tribulam.
1848 981 1869 1008 in

1102 1029 1221 1057 claustro
1239 1029 1331 1056 tandiu
1355 1034 1465 1057 cantent
1487 1029 1575 1065 pueri,
1593 1029 1639 1064 qui
1662 1033 1727 1056 ante
1750 1028 1834 1064 procul
1848 1033 1870 1056 ut

1102 1076 1135 1103 ad
1153 1075 1295 1103 introitum
1314 1076 1435 1110 capituli.
1454 1083 1597 1111 quousque
1621 1075 1776 1102 aduncutur
1790 1074 1869 1102 cuncti.

1103 1122 1141 1150 Ex
1163 1127 1227 1150 tunc
1243 1122 1425 1151 residentibus
1441 1122 1478 1150 ibi
1495 1129 1562 1157 puer
1576 1126 1652 1156 petat
1671 1119 1869 1151 benedictionem.

1102 1175 1130 1198 et
1163 1169 1236 1205 legat
1261 1169 1407 1197 lectionem
1433 1169 1466 1196 de
1492 1169 1562 1196 libro
1587 1168 1634 1203 qui
1663 1168 1698 1195 ad
1726 1166 1869 1195 collationem

1104 1215 1201 1251 legitur
1217 1224 1223 1242 :
1245 1220 1272 1242 et
1284 1215 1396 1250 jubeute
1412 1213 1502 1249 priore
1523 1212 1650 1248 expleat;
1666 1217 1726 1240 tum
1745 1212 1817 1239 faciat
1827 1219 1870 1238 srr-

1094 1269 1220 1290 monent.
1240 1260 1343 1289 Deinde
1354 1264 1468 1295 surgant
1487 1266 1583 1287 omnes
1603 1264 1631 1286 et
1649 1258 1754 1286 faciant
1769 1265 1867 1287 remen-

1104 1309 1179 1336 tiam.
1197 1308 1257 1343 ipse
1273 1308 1346 1342 prior
1365 1307 1438 1334 dicat
1460 1307 1531 1334 hunc
1545 1312 1666 1338 versum,
1686 1305 1829 1332 Benedictus
1842 1312 1868 1334 es.

1101 1354 1214 1382 Domine
1238 1353 1308 1382 Deus
1332 1361 1414 1380 nteus.
1440 1352 1502 1381 llaec
1524 1352 1627 1380 faciant
1641 1351 1751 1386 quando
1771 1351 1808 1378 bis
1824 1358 1870 1385 pcr-

1101 1405 1176 1437 sunt.

1398 1445 1512 1474 CAPUT
1532 1444 1566 1472 Χ.

1218 1493 1285 1521 Item
1298 1494 1405 1529 quando
1419 1491 1497 1520 senui
1510 1492 1630 1528 pergitur
1642 1491 1678 1518 ad
1689 1499 1776 1526 opera.

1136 1540 1250 1575 Quando
1265 1540 1348 1568 semel
1360 1544 1426 1567 eunt
1436 1539 1470 1567 ad
1483 1546 1565 1575 opera
1577 1545 1628 1573 per
1640 1537 1700 1565 dies
1712 1537 1798 1565 omnia
1809 1540 1868 1571 agant

1101 1587 1172 1614 sicut
1186 1587 1213 1614 in
1231 1594 1319 1618 tuane,
1332 1586 1384 1613 nisi
1407 1590 1511 1613 tantqu
1527 1584 1599 1620 quod
1612 1584 1647 1612 de
1662 1584 1776 1611 lectione
1795 1583 1869 1617 legitur

1102 1632 1128 1660 in
1140 1633 1268 1664 claustro.
1284 1637 1312 1660 et
1332 1639 1424 1659 versus
1440 1632 1557 1664 dicatur,
1573 1631 1732 1658 Benedictus
1742 1638 1777 1657 es.
1791 1628 1867 1657 Psalmi

1101 1679 1250 1707 familiares
1264 1678 1391 1706 dicantur
1407 1678 1434 1704 in
1449 1677 1589 1705 matutinis
1604 1676 1739 1704 laudibus.
1756 1676 1867 1703 Ilatettn:

1100 1726 1227 1755 Omnium
1243 1726 1419 1758 Sanctorum,
1444 1724 1484 1753 vel
1499 1729 1681 1758 mortuorum,
1699 1731 1749 1750 non
1767 1722 1867 1750 dicantur
1910 1752 1911 1759 γ

1100 1773 1152 1801 nisi
1172 1773 1199 1800 iu
1219 1772 1334 1801 ecclesia
1622 1763 1628 1769 ’

1400 1815 1514 1844 CAPUT
1532 1815 1578 1843 XI.

1261 1863 1326 1892 flent
1341 1865 1446 1900 quando
1465 1864 1519 1890 itur
1532 1863 1567 1889 ad
1581 1862 1733 1898 pristinum.

1135 1911 1249 1945 Quando
1268 1911 1369 1937 vadunt
1394 1909 1428 1937 ad
1453 1909 1598 1945 pristinum
1616 1909 1735 1944 psalmos
1752 1908 1781 1935 de
1798 1907 1865 1943 prima

1100 1965 1154 1985 non
1173 1957 1324 1990 dimittant,
1345 1956 1392 1983 sed
1411 1960 1472 1990 post
1491 1955 1639 1990 capitulum
1661 1955 1770 1982 abluant
1789 1961 1865 1981 uiantis

1100 2011 1163 2031 suas
1177 2008 1206 2030 et
1224 2003 1352 2030 incoltent
1366 2001 1484 2036 quinque
1504 2001 1622 2035 psalmos
1635 2008 1687 2035 pro
1706 2000 1835 2031 defunctis,
1847 2005 1866 2025 et

1100 2049 1160 2077 illos
1181 2050 1214 2076 de
1237 2048 1311 2075 boris
1331 2047 1479 2079 canonicis,
1498 2046 1633 2079 videlicet,
1654 2046 1725 2073 Deus
1744 2047 1769 2073 in
1784 2047 1867 2073 nomine

1100 2099 1156 2120 tuo.
1173 2092 1348 2120 Revertentes
1364 2099 1416 2118 nou
1436 2091 1527 2127 legant.
1551 2090 1708 2123 lectionem,
1722 2091 1770 2118 nisi
1784 2095 1865 2118 tantum

1100 2148 1195 2168 versus
1211 2140 1325 2171 dicatur,
1341 2138 1498 2165 Benedictus
1510 2146 1548 2171 ea,
1568 2137 1680 2165 Domine
1695 2137 1773 2171 Deus,
1784 2142 1866 2165 etanta

1100 2185 1245 2220 capitulmn
1263 2188 1336 2212 stent
1351 2183 1468 2211 infantes
1482 2191 1543 2211 cum
1563 2184 1712 2217 magistris,
1728 2183 1832 2218 majores
1848 2183 1864 2209 in

1100 2231 1229 2263 claustro,
1243 2230 1314 2265 quod
1329 2234 1370 2257 est
1381 2229 1459 2265 juxta
1474 2229 1628 2257 ecclesiam.

1400 2287 1513 2315 CAPUT
1533 2287 1588 2315 Xll.

1094 2335 1137 2364 De
1151 2336 1238 2370 priore
1250 2333 1401 2361 monnucrii
1413 2334 1452 2361 rel
1467 2334 1584 2365 decimis,
1600 2341 1645 2360 seu
1658 2333 1698 2360 his
1711 2334 1755 2365 qui
1768 2333 1863 2360 ordinm

1141 2369 1269 2397 tcnuzrint
1281 2369 1332 2396 illis
1344 2370 1502 2402 absentibus,
1514 2369 1553 2395 vel
1565 2370 1696 2396 com-eruis
1706 2370 1811 2403 qualiter
1821 2369 1864 2393 aiu-

1132 2414 1237 2433 conram
1250 2405 1368 2439 deferant
1380 2404 1536 2439 temporibus
1550 2405 1615 2431 suis.

1130 2452 1210 2481 Prior
1224 2451 1265 2479 vel
1279 2452 1399 2479 decanos
1412 2449 1587 2478 claustrensis
1604 2455 1668 2485 post
1684 2448 1862 2485 completoriml

1096 2498 1233 2534 accipiens
1252 2497 1413 2525 absconsam
1435 2497 1585 2524 circumeat
1609 2496 1759 2523 claustrum
1777 2497 1811 2523 sic
1829 2501 1864 2529 per

1095 2543 1230 2571 ordinetn.
1257 2542 1378 2570 Primum
1402 2541 1622 2574 calefactorium;
1650 2541 1813 2576 postmodum
1833 2546 1876 2565 re“

1095 2588 1256 2622 fectorium;
1273 2587 1334 2615 dein
1349 2588 1493 2622 coquinam
1504 2597 1511 2614 :
1521 2587 1610 2615 videat
1623 2587 1646 2614 si
1663 2587 1734 2615 bene
1744 2587 1809 2614 circa
1820 2584 1878 2620 ipsi?

1095 2634 1186 2662 omnia
1195 2633 1265 2662 facta
1274 2639 1347 2661 sunt.
1357 2633 1421 2661 inde
1437 2640 1500 2660 vero
1512 2633 1538 2660 in
1555 2632 1679 2665 cellario,
1687 2634 1710 2661 si
1722 2632 1803 2660 omnia
1813 2638 1862 2658 coa-
1873 2635 1880 2656 ι

1094 2688 1162 2716 grua
1189 2685 1252 2708 sunt
1266 2688 1273 2707 :
1289 2686 1322 2707 ac
1338 2679 1465 2715 deinceps
1478 2686 1493 2706 a
1508 2684 1587 2715 parte
1605 2678 1819 2715 eleemosynaria!
1834 2677 1861 2701 ti-

1094 2726 1157 2753 deat
1170 2732 1265 2753 omnes
1273 2725 1371 2760 janoas
1387 2725 1409 2753 si
1425 2725 1538 2752 firmatae
1556 2724 1658 2753 fuerint
1672 2725 1752 2752 bene.
1762 2724 1860 2752 Postmo-

1094 2772 1158 2799 dutn
1174 2771 1285 2799 veniens
1299 2771 1325 2798 in
1340 2771 1451 2798 domum
1464 2770 1635 2798 inﬁrmorum
1650 2771 1742 2799 videat
1753 2771 1773 2798 si
1789 2767 1858 2797 omni!

1094 2822 1167 2844 recte
1188 2821 1314 2852 aguntur.
1338 2816 1365 2844 Si
1388 2816 1490 2851 aliquid
1516 2816 1543 2844 iu
1566 2817 1690 2845 claustro
1717 2815 1881 2852 negth

1094 2862 1238 2896 invenerit,
1255 2862 1280 2888 in
1294 2861 1442 2888 crastinum
1454 2867 1545 2889 servet
1559 2866 1586 2888 et
1599 2862 1633 2888 ad
1645 2861 1789 2898 capitulum
1803 2858 1858 2887 defer
1873 2869 1876 2883 :

1873 2918 1892 3135 l
