3834 6304
39 424 56 478 i
68 421 153 478 251

1213 413 1588 473 DlSCIPLINA
1619 416 1701 471 ΕΑ
1713 417 2019 474 ΒΡΕΝΞΙΒ.

3148 420 3168 472 1
3181 415 3284 475 258

38 547 122 593 rat.
161 533 229 586 De
274 540 431 586 nocte
478 540 600 601 post
646 530 817 585 trinas
855 530 1134 586 orationes
1175 542 1264 586 cat
1300 531 1469 587 frater
1505 534 1594 602 qui
1625 543 1672 599 Α
1704 547 1877 605 genua
1911 531 2156 593 ﬂectunt,
2189 545 2314 588 ante
2355 533 2526 588 altare
2561 534 2838 590 venientes
2878 534 2943 588 ad
2993 536 3189 606 gradus
3227 551 3286 593 se

36 625 254 699 provisor
281 632 365 677 est
391 624 456 676 de
489 622 740 687 infirmis,
768 632 822 676 et
852 623 1031 676 videat
1060 637 1126 677 ne
1150 622 1348 693 aliquis
1371 639 1435 679 ex
1464 625 1593 695 ipsis

36 724 262 790 gravatus
314 729 506 768 somno
567 724 844 769 remaneat
899 715 1140 802 in‘leclo
1183 732 1299 770 suo.
1350 716 1594 772 Decantts

35 809 265 883 praefatus
289 807 372 862 vel
397 807 536 862 alius
558 807 727 862 frater
753 807 1108 878 euilinjuncta
1140 818 1222 862 est
1244 824 1395 874 cura,
1428 825 1591 879 quam

36 915 173 972 supra
201 896 620 963 nominavimus,
649 905 738 951 eat
781 897 833 950 in
863 897 1262 962 dormitorium,
1297 913 1364 952 ne
1400 898 1596 967 aliquis

35 1008 90 1046 ex
117 989 362 1045 fratribus
390 990 715 1044 remanserit
743 990 793 1042 in
828 988 1038 1043 lectulis
1064 1004 1161 1058 per
1187 989 1592 1060 negligentiam,

40 1106 70 1145 ν
139 1090 326 1150 sopore
367 1081 650 1148 detentus,
685 1091 740 1136 et
786 1081 1098 1154 exstinguet
1124 1082 1258 1137 duas
1309 1083 1590 1151 lucernas;

30 1171 228 1230 tertiam
276 1187 400 1242 quae
445 1182 530 1228 est
577 1173 630 1227 in
672 1173 1054 1227 dormitorium
1103 1180 1159 1227 et
1205 1174 1593 1238 necessarium,

36 1264 264 1328 dimittat,
288 1275 342 1318 et
361 1263 566 1337 jugiter
603 1281 775 1334 usque
821 1281 981 1320 mane
1025 1266 1236 1321 ardeat.
1275 1265 1598 1321 Revertatur

36 1359 80 1413 in
104 1358 371 1415 ecclesiam
420 1369 476 1415 et
521 1361 825 1417 circumeat
874 1372 1095 1433 cryptas
1134 1372 1187 1417 et
1220 1364 1461 1417 membra
1488 1363 1596 1417 sin-

37 1452 159 1522 g'tla,
187 1460 238 1506 et
265 1451 451 1506 videat
480 1454 524 1508 si
567 1453 763 1524 aliquis
797 1455 945 1522 jacet
986 1455 1069 1509 vel
1101 1456 1252 1510 sedet
1282 1464 1479 1525 praeter
1513 1455 1596 1508 in-

36 1543 196 1598 tirmos
220 1552 309 1597 aut
337 1543 764 1601 ﬂertbomatieos
791 1545 1236 1618 [plilebotomos].
1274 1546 1329 1602 Si
1358 1547 1595 1618 aliquem

39 1635 173 1688 talem
227 1636 492 1692 invenerit
535 1639 914 1705 dormientem,
943 1641 1146 1696 excitet
1192 1656 1315 1696 eum
1353 1659 1365 1695 :
1399 1642 1442 1696 si
1476 1657 1596 1695 eum

37 1727 300 1796 gratiarum
338 1729 555 1784 actione
591 1747 696 1784 non
745 1733 959 1802 recipit,
989 1731 1043 1787 in
1088 1733 1322 1803 capitulo
1356 1733 1599 1802 querela-

37 1821 176 1874 bitur.
217 1820 528 1892 Eademque
557 1823 716 1878 faciat
747 1825 799 1878 in
833 1826 1070 1880 secundo
1108 1836 1372 1881 nocturno
1400 1836 1453 1881 et
1487 1827 1600 1881 lau-

1699 631 2066 692 prosternant,
2098 622 2269 677 donec
2298 637 2488 693 preces
2517 634 2571 678 et
2601 626 2779 681 oratio
2821 611 3098 680 finiantur.
3133 625 3286 684 Tunc

1697 725 1981 786 surgentes
2032 715 2355 770 inclinantes
2405 725 2532 770 ante
2570 725 2624 770 et
2673 729 2850 783 retro,
2903 718 2983 773 sic
3033 719 3286 775 omnibus

1696 806 1845 861 boris
1876 805 2095 860 faciant.
2140 806 2196 860 Si
2227 820 2354 860 vero
2382 806 2646 861 festivitas
2676 816 2964 876 antequam
3001 808 3286 864 absolvan-

1699 909 1786 954 tur
1823 900 2089 967 evenerit,
2134 914 2164 951 a
2212 913 2437 969 vespera
2484 913 2656 968 usque
2693 900 2761 954 ad
2797 899 2955 954 aliam
3000 917 3282 972 vesperam

1697 993 1842 1049 omni
1872 994 2253 1048 communione
2279 993 2542 1048 fratribus
2569 993 2844 1048 socientur
2869 1007 2882 1046 :
2907 995 3098 1049 missas
3119 997 3282 1050 etiam

1697 1087 1787 1157 qui
1832 1085 2140 1140 sacerdotes
2178 1085 2397 1151 fuerint,
2431 1094 2485 1140 et
2514 1099 2676 1140 omne
2709 1083 2853 1152 quod
2895 1085 2961 1137 ad
3002 1087 3284 1140 servitium

1698 1178 1938 1232 divinum
1993 1177 2250 1247 pertinet,
2283 1177 2561 1232 celebrare
2610 1186 2856 1247 possunt.
2884 1160 3095 1232 °Nullus
3140 1180 3291 1247 prior

1699 1268 1854 1322 fratri
1881 1267 1983 1322 tale
2008 1268 2169 1323 debet
2193 1267 2456 1338 judicium
2489 1270 2764 1338 imponere
2791 1267 3031 1339 quandiu
3063 1269 3292 1324 domnus

1700 1361 1868 1414 abbas
1901 1360 2062 1416 fuerit
2096 1361 2150 1414 in
2181 1361 2535 1426 monasterio,
2564 1361 2658 1416 sed
2702 1369 2758 1414 et
2803 1361 2847 1415 si
2893 1363 3290 1431 supervenerit,

1699 1449 1914 1504 interim
1947 1449 2145 1520 poterit
2186 1465 2279 1504 eos
2325 1465 2420 1518 per
2470 1464 2529 1504 se
2572 1450 2885 1519 priusquam
2931 1450 2997 1504 ad
3032 1452 3290 1505 domuum

1699 1540 1950 1596 abbatem
1996 1539 2235 1611 cognitio
2289 1557 2465 1596 cause
2509 1542 2878 1611 superveniat,
2911 1542 3062 1612 prior
3113 1543 3295 1597 absol-

1699 1645 1846 1685 vere.
1871 1629 2021 1696 Quod
2045 1630 2090 1683 si
2119 1645 2224 1684 non
2252 1629 2440 1685 fecerit
2467 1638 2521 1685 et
2543 1645 2706 1685 unam
2732 1647 2915 1686 coram
2941 1633 3056 1701 ipso
3079 1633 3291 1686 veniam

1701 1723 1940 1792 petierit,
1973 1731 2161 1791 postea
2200 1738 2305 1776 non
2348 1723 2548 1792 poterit
2583 1739 2676 1780 eos
2702 1726 2850 1795 prior
2878 1725 3176 1780 absolvere.
3209 1725 3298 1781 ln-

1703 1814 1907 1868 fantem
1937 1815 2100 1868 etiam
2126 1815 2217 1882 qui
2243 1816 2455 1869 steterit
2477 1825 2604 1870 ante
2631 1817 2804 1887 ipsum
2832 1815 3153 1889 [abbatem],
3186 1833 3297 1873 non

38 1912 194 1965 dibus.
229 1913 334 1967 illis
375 1915 713 1983 temporibus
742 1918 943 1986 quibus
977 1919 1316 1973 intervallum
1351 1919 1429 1986 fit,
1471 1920 1594 1973 dor-

1713 1907 1856 1968 lebet
1889 1907 2154 1977 magister
2177 1907 2260 1961 vel
2287 1907 2504 1978 aliquis,
2531 1909 2767 1978 quandiu
2798 1909 2944 1964 intus
2972 1911 3084 1979 ipse
3109 1911 3292 1978 fuerit,

38 2002 282 2057 mitorium
310 2015 364 2058 et
386 2007 710 2072 claustrum,
735 2016 792 2062 et
819 2010 999 2062 omnia
1034 2010 1200 2078 (sicut
1239 2026 1403 2080 supra
1443 2021 1600 2064 taxa-

38 2097 205 2165 vimus)
246 2098 570 2155 circumeat.
607 2101 662 2154 In
699 2103 981 2158 duodecim
1014 2104 1340 2160 lectionibus
1371 2121 1600 2160 conver-

38 2205 114 2246 sus
144 2191 348 2246 deferat
393 2192 657 2248 Iaternam
700 2210 796 2264 per
842 2197 1058 2251 tertiam
1098 2196 1384 2252 lectionem
1428 2199 1599 2269 inspi-

40 2282 207 2337 ciendo
237 2300 446 2339 omnes.
479 2284 533 2340 ln
557 2288 886 2356 quotidianis
910 2289 1100 2344 diebus
1122 2305 1218 2360 per
1244 2306 1600 2361 unamquam-

39 2387 123 2440 que
153 2372 433 2430 lectionem
482 2376 645 2431 debet
686 2377 1109 2449 circumspicere
1156 2381 1458 2438 universos.
1509 2383 1604 2438 llle

39 2465 111 2532 qui
155 2481 256 2520 non
307 2481 366 2521 se
416 2466 652 2522 voluerit
703 2468 966 2523 inclinare
1017 2481 1206 2526 contra
1263 2489 1418 2539 cum,
1475 2483 1604 2529 ante

40 2556 186 2623 ipsum
215 2552 356 2610 illam
387 2568 575 2626 ponat,
604 2559 902 2628 eademque
930 2562 1091 2616 faciat
1119 2563 1162 2617 si
1187 2563 1385 2633 aliquis
1413 2564 1603 2618 inven-

41 2652 109 2699 tus
139 2645 291 2700 fuerit
320 2648 652 2713 dormitans;
695 2665 818 2703 mox
865 2651 956 2704 ille
1001 2663 1058 2706 ut
1107 2653 1403 2709 suscitatus
1442 2655 1606 2709 fuerit

40 2737 244 2805 accipiat
281 2748 334 2791 ct
365 2747 473 2803 eat,
511 2749 567 2794 et
607 2740 832 2796 inclinet
863 2757 921 2796 se
949 2745 1000 2798 in
1031 2745 1266 2800 medium
1299 2746 1450 2801 ebori
1477 2764 1606 2802 eon-

41 2838 104 2881 tra
127 2829 290 2885 altare
313 2832 644 2902 veniensque
672 2833 738 2889 ad
770 2835 997 2889 chorum
1025 2837 1088 2888 D.
1115 2838 1328 2893 abbatis
1352 2850 1406 2894 et
1430 2842 1605 2896 denuo

40 2935 86 2974 se
107 2922 342 2978 humiliet
370 2925 436 2978 ad
468 2925 666 2994 ipsum,
689 2935 743 2981 et
769 2927 1070 2982 circumeat
1099 2944 1312 2995 omnes,
1338 2943 1391 2986 et
1426 2949 1606 2988 rever-

42 3022 165 3066 tatur
192 3029 254 3068 ex
289 3015 391 3070 alia
423 3028 576 3087 parte
597 3018 788 3074 eadem
820 3019 1098 3075 intuendo.
1131 3019 1478 3078 l’ostmodum
1508 3025 1608 3089 cir-

40 3115 227 3159 cumeat
248 3106 367 3162 illos
395 3109 486 3179 qui
514 3109 718 3165 deforis
749 3111 1252 3180 sunt;exqu:esitus
1277 3113 1608 3184 [perscruta-

42 3206 110 3250 tus
151 3199 379 3272 singula‘l
425 3212 586 3273 ponet
635 3219 755 3258 eam
804 3205 856 3258 in
911 3203 1032 3259 loco
1075 3207 1396 3261 constituto.
1443 3205 1502 3262 Si
1539 3208 1605 3262 ad

1703 1998 1918 2054 mittere
1951 1999 2002 2052 in
2029 1998 2296 2068 judicium
2320 1999 2531 2068 jejunii.

1774 2091 2215 2162 Quotiescunque
2256 2109 2452 2163 pueros
2480 2093 2738 2162 magister
2767 2093 2818 2148 in
2840 2092 3104 2162 judicium
3132 2096 3298 2150 misc-

1705 2187 1794 2248 rit,
1819 2186 1968 2255 prior
1990 2194 2167 2256 potest
2189 2202 2283 2242 eos
2312 2185 2592 2241 absolvere
2619 2186 2737 2241 sine
2766 2186 2981 2242 licentia
3013 2188 3291 2258 magistri:

1705 2279 1884 2334 nullus
1911 2280 2071 2334 debet
2101 2280 2237 2334 alius
2267 2280 2562 2348 quidquam
2605 2294 2706 2334 nec
2735 2279 2971 2349 signum,
2999 2296 3100 2336 nec
3131 2281 3292 2334 ullam

1705 2387 1819 2426 rem
1851 2373 2176 2443 praecipere;
2207 2373 2301 2427 sed
2333 2382 2510 2426 tamen
2544 2371 2630 2426 ille
2656 2373 2745 2442 qui
2780 2383 2924 2428 tenet
2949 2375 3217 2439 ordinem,
3251 2374 3297 2428 si

1704 2462 1754 2514 ei
1816 2463 1988 2516 visum
2040 2462 2204 2515 fuerit
2259 2472 2320 2515 ut
2371 2461 2744 2527 absolvantur,
2777 2463 2993 2533 signum
3040 2465 3298 2533 magistro

1705 2551 1892 2617 faciat,
1927 2562 1985 2608 ut
2027 2553 2396 2608 absolvantur.
2428 2554 2482 2607 Si
2517 2555 2747 2609 domnus
2792 2555 2960 2610 abbas
2990 2557 3157 2610 mittit
3188 2555 3299 2609 fra-

1709 2651 1845 2697 trem
1885 2643 1938 2697 in
1963 2643 2250 2714 judicium,
2284 2644 2326 2698 si
2359 2645 2534 2714 pergit
2571 2644 2768 2698 alicubi
2803 2645 3128 2701 obliviscens
3171 2663 3324 2701 emn-

1707 2735 2006 2801 absolvere,
2045 2737 2193 2806 prior
2222 2751 2328 2790 non
2373 2736 2514 2791 valet
2561 2736 2844 2792 absolvere
2872 2750 3019 2792 eum.
3050 2738 3162 2810 (51)
3204 2737 3297 2810 {Et

1707 2843 1864 2897 quem
1894 2828 2042 2898 prior
2072 2828 2281 2883 miserit
2319 2829 2369 2882 in
2406 2827 2670 2894 judicium
2714 2829 2954 2884 decanus
2987 2845 3092 2884 non
3121 2841 3302 2902 potest

1707 2921 1988 2975 absolvere
2035 2936 2181 2986 eum,
2231 2921 2332 2974 nisi
2393 2937 2486 2990 per
2540 2937 2696 2977 suam
2755 2923 3054 2979 licentiam.
3105 2924 3300 2980 Frater

1701 3012 1916 3081 juvenis
1948 3013 1991 3068 si
2030 3014 2229 3069 missus
2257 3014 2419 3069 fuerit
2450 3015 2500 3068 in
2531 3014 2633 3069 levi
2666 3015 2820 3086 culpa
2849 3017 2940 3087 qui
2968 3033 3090 3072 cum
3117 3026 3297 3073 custo-

1708 3107 1791 3162 dia
1821 3107 1999 3177 pergit
2027 3107 2247 3176 ubique,
2275 3109 2492 3176 quando
2518 3107 2716 3162 fratres
2744 3109 3056 3175 comedunt,
3084 3108 3199 3178 ipse
3227 3108 3302 3163 sit

1710 3199 1761 3254 in
1791 3200 2046 3269 coquina.
2078 3198 2311 3269 Major-es
2356 3211 2534 3253 autem
2563 3198 2761 3254 fratres
2785 3208 2929 3254 stent
2960 3199 3013 3255 in
3047 3199 3331 3269 ecclesia,.
3393 3200 3400 3205 ’

38 3286 260 3354 juvenem
315 3289 552 3346 fratrem
599 3293 774 3363 posita
841 3293 1036 3360 fuerit,
1095 3294 1183 3348 ille
1232 3299 1601 3353 tantummodo

1713 3292 1790 3347 vel
1836 3292 1890 3346 in
1932 3292 2173 3348 oratorio
2198 3290 2410 3346 Sancta:
2439 3291 2640 3345 Μαι-ἰαὶ.
2687 3291 2879 3347 Frater
2907 3293 3104 3348 missus
3130 3293 3186 3348 in
3223 3293 3303 3350 le-

40 3380 236 3435 chorum
265 3382 585 3449 circumeat,
616 3394 670 3439 et
701 3385 766 3440 ad
795 3386 995 3457 gradus
1035 3386 1182 3441 illam
1220 3389 1489 3443 restituat.
1522 3391 1602 3443 Ad

40 3468 246 3527 infantes
276 3489 644 3545 nequaquam.

601 3569 830 3624 CAPUT
874 3569 1009 3626 Xlll.

188 3657 268 3712 De
305 3661 370 3713 iis
393 3659 484 3730 qui
517 3661 666 3716 tarde
695 3674 974 3717 occurrunt
1005 3666 1059 3718 in
1089 3665 1403 3723 oratorium.

97 3752 144 3804 Si
178 3751 348 3807 frater
389 3764 506 3824 post
547 3751 784 3808 Gloriam
825 3758 985 3825 primi
1022 3759 1213 3828 psalmi
1253 3762 1481 3825 venerit,
1517 3773 1606 3816 cat

41 3851 144 3894 ante
177 3841 352 3897 altare
390 3842 456 3895 ad
506 3845 706 3910 gradus
752 3854 810 3900 et
849 3846 921 3900 ibi
950 3859 1125 3917 genua
1175 3864 1271 3903 sua
1311 3849 1515 3913 ﬂectat,
1552 3859 1607 3905 et

39 3936 192 3988 statim
229 3946 440 4005 surgat,
478 3945 532 3990 et
563 3947 766 4006 perstet
797 3953 966 4008 usque
995 3939 1121 3995 dum
1150 3942 1448 3998 absolverit
1476 3959 1601 3998 eum

41 4027 182 4092 prior.
227 4027 526 4083 Absolutus
561 4040 717 4100 gyret
764 4042 889 4087 ante
932 4041 988 4088 et
1025 4043 1196 4100 retro,
1227 4036 1516 4107 veniatque
1552 4038 1604 4091 in

39 4117 237 4172 chorum
277 4118 332 4172 in
364 4117 541 4174 locum
572 4136 750 4184 suum,
785 4123 1091 4193 iterumque
1111 4126 1322 4180 veniam
1352 4137 1523 4196 petat,
1551 4139 1605 4184 et

40 4219 91 4258 co
131 4219 386 4279 surgente
431 4225 622 4266 omnes
667 4210 868 4268 fratres
910 4215 1189 4271 inclinent.
1236 4218 1293 4272 Si
1336 4219 1469 4274 foris
1508 4233 1606 4290 pro

38 4295 191 4366 aliqua
237 4299 618 4356 infirmitatula
667 4307 898 4372 steterit,
947 4320 1003 4364 et
1041 4323 1148 4363 non
1190 4311 1493 4365 occurrerit
1535 4310 1603 4364 ad

40 4388 196 4444 Gloria
241 4394 407 4464 primi
453 4395 682 4466 psalmi,
732 4399 898 4454 intret
952 4401 1004 4456 in
1068 4401 1312 4465 chorum,
1346 4411 1404 4455 ut
1443 4419 1604 4474 supra

38 4482 216 4537 dictum
251 4493 383 4540 est:
418 4487 696 4544 absolutus
744 4501 924 4546 autem
971 4502 1130 4548 exeat
1179 4492 1323 4548 foras
1372 4506 1424 4549 ct
1458 4505 1606 4565 petat

38 4578 225 4631 veniam
258 4594 428 4648 super
456 4595 650 4648 genua,
677 4593 732 4638 et
762 4583 927 4638 faciat
955 4589 1250 4641 secundum
1281 4590 1423 4657 quod
1454 4591 1604 4644 infir-

1705 3386 1842 3440 viori
1873 3385 2027 3456 culpa
2055 3385 2262 3454 aliquot
2287 3385 2495 3447 diebus,
2522 3383 2564 3438 si
2599 3384 2652 3438 in
2684 3384 2815 3454 ipsis
2847 3385 2987 3440 infra
3016 3387 3302 3442 evenerint

1706 3478 1988 3532 duodecim
2020 3477 2296 3541 lectiones,
2331 3477 2383 3529 in
2430 3475 2632 3544 vigilia,
2660 3484 2717 3530 ut
2758 3477 3002 3532 senuerit
3035 3477 3187 3533 scilla
3227 3477 3298 3533 ad

1707 3583 1981 3636 vesperas,
2027 3568 2134 3621 erit
2181 3566 2482 3621 absolutus.
2520 3565 2650 3621 Post
2685 3582 2963 3638 vesperas,
2992 3570 3035 3623 si
3085 3579 3302 3640 tempus

1708 3656 1870 3712 fuerit
1901 3672 2073 3712 emine
2108 3668 2163 3711 et
2209 3656 2408 3711 fratres
2461 3655 2647 3723 ierint,
2671 3667 2760 3712 eat
2784 3670 2839 3713 et
2886 3659 3000 3730 ipse
3043 3676 3166 3716 cum
3194 3661 3300 3729 eis,

1707 3749 1832 3803 edat
1882 3757 1937 3801 et
1993 3748 2140 3802 bibat
2185 3747 2445 3817 quidquid
2497 3747 2576 3801 eis
2631 3751 2939 3819 apponitur,
2988 3751 3204 3808 etiamsi
3246 3753 3304 3810 ei

1708 3843 1908 3897 vetitus
1935 3852 2020 3896 est
2049 3850 2209 3912 potus
2241 3842 2323 3896 vcl
2354 3843 2552 3914 aliquis
2578 3846 2752 3900 cibus.
2788 3843 2842 3898 ln
2875 3845 2959 3899 die
2987 3844 3305 3903 festivitatis

1707 3933 1947 3989 celebret
1988 3933 2210 3989 missam
2264 3943 2318 3988 et
2364 3945 2491 4006 agat
2539 3937 2723 3990 omnia
2770 3937 2910 3991 sicut
2964 3937 3076 3991 alii.
3122 3937 3179 3993 Si
3218 3947 3305 3994 est

1709 4026 2060 4095 coquinarius
2096 4025 2265 4095 ipsam
2316 4025 2500 4082 faciat.
2540 4028 2757 4092 Missam
2807 4027 3024 4097 adjuvet
3054 4041 3301 4095 cantare,

1708 4118 1802 4172 sed
1847 4132 2034 4187 pacem
2063 4131 2169 4170 non
2205 4117 2450 4187 recipiet.
2488 4117 2545 4173 Si
2573 4129 2657 4174 est
2701 4119 2898 4172 missus
2941 4120 3006 4172 ad
3045 4119 3303 4174 candela-

1708 4207 1864 4262 brum
1900 4206 2199 4271 ferendum,
2234 4208 2409 4278 ipsum
2457 4219 2656 4278 portet.
2707 4209 2762 4263 Si
2813 4210 2974 4262 fuerit
3005 4211 3202 4265 missus
3233 4212 3302 4264 ad

1710 4300 2133 4368 responsorium,
2167 4315 2272 4354 non
2306 4301 2549 4370 imponat
2581 4301 2710 4370 ipse,
2743 4300 2837 4353 sed
2888 4301 3053 4354 alium
3105 4302 3299 4357 subro-

1709 4401 1798 4461 get
1827 4391 1918 4461 qui
1950 4391 2122 4461 ipsum
2148 4392 2382 4447 ofﬁcium
2412 4393 2654 4464 impleat.
2685 4393 2981 4448 Transacta
3007 4394 3302 4452 festivitate

1711 4491 2017 4537 revertatur
2051 4483 2105 4538 in
2138 4499 2291 4537 suam
2324 4483 2724 4554 paenitentiam.

2315 4575 2541 4631 CAPUT
2577 4575 2692 4630 XV.

37 4669 175 4726 mites
200 4671 248 4725 ei
288 4674 575 4742 permittit.
616 4676 748 4731 ltetn
777 4678 946 4734 frater
986 4682 1031 4735 si
1068 4684 1278 4737 venerit
1318 4684 1385 4737 ad
1417 4684 1601 4740 horam

1713 4669 1802 4723 Ast
1833 4670 2006 4739 gravis
2046 4669 2184 4723 hunc
2231 4685 2424 4723 morem
2459 4671 2833 4724 monachorum
2885 4671 3042 4740 exigit
3075 4688 3299 4728 omnem.

37 4771 136 4828 post
198 4761 387 4817 Gloria
437 4765 597 4834 primi
647 4769 839 4838 psalmi
891 4771 973 4826 vel
1019 4774 1382 4843 qualicunque
1430 4775 1601 4848 [supp.

38 4855 280 4928 tempore]
316 4861 691 4926 supervenerit
732 4872 941 4931 postea,
976 4880 1149 4935 usque
1195 4866 1260 4920 ad
1290 4865 1452 4938 Kyrie
1480 4868 1604 4922 elei-

40 4955 131 5004 toa,
162 4946 238 5000 sic
273 4948 433 5001 debet
461 4947 665 5003 intrare
706 4952 852 5007 intus
884 4969 950 5008 ne
983 4964 1152 5010 totttm
1188 4958 1398 5027 perdat,
1432 4967 1486 5012 et
1517 4967 1606 5012 eat

42 5027 79 5088 in
107 5033 217 5092 loco
238 5040 538 5094 constituto
567 5041 741 5098 donec
767 5044 1098 5101 absolvatur.
1134 5048 1285 5116 Quod
1326 5050 1370 5103 si
1406 5049 1604 5118 persti-

44 5126 146 5178 terit
173 5128 238 5182 ad
263 5138 430 5183 totam
458 5129 673 5197 horam,
698 5134 742 5188 si
771 5133 970 5190 fratres
1001 5135 1224 5190 flectunt
1249 5152 1420 5207 genua
1445 5153 1607 5208 super

46 5211 240 5286 formas,
265 5225 379 5294 ipse
403 5226 568 5282 faciat
586 5243 752 5298 super
769 5231 995 5300 gradus.
1021 5229 1246 5299 Expleta
1269 5232 1404 5286 liora
1435 5232 1608 5287 disce-

48 5307 112 5364 Iat
137 5317 342 5387 absque
365 5319 542 5389 jussu.

606 5411 835 5468 CAPUT
874 5412 1011 5469 XIV.

193 5497 365 5568 Culpa
394 5500 516 5555 levis
547 5502 640 5556 tali
670 5504 959 5576 stringatur
983 5507 1037 5559 in
1067 5507 1249 5561 ordine
1277 5505 1426 5577 facti.

93 5587 311 5647 Fratres
362 5595 452 5664 qui
506 5611 604 5666 pro
650 5595 754 5650 levi
803 5598 957 5670 culpa
1026 5600 1319 5653 secundum
1370 5598 1606 5667 regulam

56 5693 343 5748 lparantur
387 5696 418 5740 a
463 5703 679 5752 mensa,
730 5689 808 5745 sic
858 5690 910 5745 in
965 5689 1208 5746 oratorio
1244 5691 1604 5745 satisfaciant.

58 5767 153 5826 ium
176 5785 304 5843 post
327 5777 678 5846 psalmodiam
709 5781 775 5834 ad
802 5795 992 5851 preces
1015 5782 1104 5836 alii
1131 5797 1189 5838 se
1216 5782 1496 5846 inclinant,
1524 5782 1604 5837 vel

1783 4764 2012 4831 Quando
2051 4778 2269 4834 gravem
2302 4763 2471 4817 frater
2505 4763 2699 4832 aliquis
2736 4764 3028 4818 committit
3067 4765 3300 4834 culpam,

1711 4857 1778 4912 ad
1830 4857 2178 4927 praesentiam
2224 4855 2404 4910 domui
2459 4855 2670 4909 abbatis
2718 4871 2825 4909 non
2884 4857 3043 4910 debet
3091 4858 3300 4925 venire,

1711 4951 1884 5006 donec
1913 4957 2139 5004 vocatus
2171 4950 2238 5003 ad
2269 4963 2392 5002 eum
2423 4947 2610 5004 fuerit.
2650 4947 2706 5003 Si
2756 4958 2936 5004 autem
2976 4948 3091 5020 ipse
3129 4949 3302 5005 fratre

1712 5044 1992 5099 nesciente
2045 5041 2442 5112 supervenerit,
2494 5051 2621 5098 ante
2666 5043 2839 5113 ipsum
2895 5051 3040 5113 petat
3085 5043 3299 5096 veniam

1714 5135 1887 5189 donec
1918 5148 2041 5188 eum
2087 5147 2116 5186 a
2153 5147 2212 5186 se
2241 5132 2483 5202 ejeeerit.
2526 5132 2594 5186 Et
2630 5135 2707 5188 sic
2735 5143 3018 5205 exspectet
3060 5134 3299 5203 quandiu

1713 5227 1779 5280 ad
1824 5224 2199 5295 pcenitentiam
2251 5239 2374 5277 eum
2417 5223 2644 5278 domnus
2693 5225 2861 5279 abbas
2902 5226 3102 5280 mittat.
3147 5222 3300 5279 Tune

1721 5319 2057 5376 discalciatus
2079 5326 2135 5371 et
2174 5318 2347 5372 nudus
2375 5317 2426 5370 in
2452 5326 2772 5372 conventum
2807 5317 3010 5382 veniat,
3040 5326 3294 5388 accepto-

1715 5427 1817 5482 que
1864 5411 2071 5482 judicio
2118 5410 2283 5477 illnc,
2334 5411 2421 5464 ubi
2478 5409 2810 5465 consuetudo
2854 5411 3040 5477 fuerit,
3090 5412 3293 5472 veniat,

1718 5505 1970 5559 videlicet
2006 5505 2060 5559 in
2092 5504 2443 5569 auditorium,
2476 5514 2531 5559 et
2567 5505 2763 5560 calciet
2795 5519 2852 5560 se
2885 5513 3047 5575 atque
3075 5504 3293 5568 vestiat,

1715 5606 1769 5651 et
1810 5607 2117 5654 revertatur
2157 5597 2208 5651 in
2247 5597 2561 5666 capitulum,
2597 5606 2720 5652 ante
2742 5597 2999 5652 domuum
3041 5595 3296 5652 abbatem

1714 5690 1927 5743 veniam
1961 5697 2158 5758 petat:
2214 5686 2332 5757 ipso
2373 5688 2599 5757 jubente
2645 5688 2980 5760 ingrediatur
3026 5688 3078 5743 iu
3117 5686 3295 5758 pmni-

1718 5782 1968 5845 tentiam,
2017 5789 2073 5835 et
2118 5782 2300 5834 statim
2355 5789 2414 5832 ut
2464 5795 2528 5836 ex
2573 5781 2808 5851 capitulo
2858 5781 3048 5836 exierit
3088 5779 3296 5850 operict

93 5891 203 5959 (5t)
245 5891 378 5958 Quae
423 5904 724 5963 sequuntur
773 5896 914 5954 inter
962 5913 1145 5972 uncos
1172 5901 1343 5970 posita
1379 5916 1445 5956 ex
1495 5913 1597 5956 ms.
1632 5897 1816 5958 codice
1845 5896 2092 5955 Fatfensi
2119 5896 2587 5985 desumptasuut.

261 5986 536 6050 Ρηιιοι..
550 6068 564 6073 _
584 5988 705 6070 CL.

2822 5987 2903 6061 th
