3834 6304
532 447 671 514 1139

1669 417 1996 478 ClllDONlS
2038 412 2327 471 ABBATIS
2363 408 2751 466 FARFENSIS

3615 409 3705 465 ἔξω

531 577 697 642 cap“,
743 575 930 624 suum,
979 567 1026 612 ρ,
1063 551 1203 609 sicut
1254 546 1460 619 Regula
1515 543 1659 613 (cap.
1711 535 1783 591 25
1837 541 1894 590 et
1939 529 2118 602 seqq.)
2149 531 2196 590 Α
2221 528 2444 600 Insuper
2475 529 2640 584 etiam
2670 527 2854 583 omnia
2895 544 3015 600 qua:
3056 528 3163 590 illis
3199 534 3328 582 sunt
3360 523 3616 578 necessaria
3637 526 3702 597 ipsi

1772 629 1805 642 η
1909 641 1918 642 ,
1950 624 1966 642 ι
2006 638 2119 642 μη--
2225 637 2324 642 --μ
2357 637 2376 642 Α
2399 640 2407 642 ξ
2444 623 2673 642 |__.,-__.
2708 621 2776 642 εις
2808 639 2820 642 -
2852 619 3062 642 ____--_J_
3097 629 3305 642 .-..-.-....
3337 613 3480 642 ιι..,..ιι
3508 613 3687 642 ἱρείη--..ιιι

533 624 782 736 praecipit
811 657 929 712 sine
965 649 1210 724 jussioue
1239 640 1422 698 damni
1455 635 1667 694 abbatis
1697 629 1876 686 nullus
1901 624 1967 680 ad
1999 638 2124 680 eum

514 723 720 813 "frater
750 750 1030 822 jungatur.
1081 737 1332 810 Quamliu
1385 734 1440 788 in
1499 723 1816 801 poenitentia
1865 725 1972 784 est,
2021 731 2128 772 non

2225 637 2325 694 per
2353 637 2413 678 se
2444 623 2679 678 habeant
2708 621 2778 678 ibi
2807 639 2822 676 :
2847 619 3066 691 quando
3097 629 3308 689 tempus
3337 613 3486 669 fuerit
3508 613 3702 684 loquendi,

2229 725 2459 788 possunt
2500 716 2572 772 ibi
2635 717 2824 789 loqui;
2893 725 3051 773 extra
3114 709 3359 769 scholam
3407 720 3621 784 nusquam
3658 709 3705 765 lo.

518 848 722 906 Veniat
750 811 806 898 in
834 811 1155 910 capitulum,
1189 829 1293 885 nisi
1333 826 1467 881 duas
1496 821 1680 884 vices;
1727 811 2038 886 ingrediens
2076 814 2133 863 et
2231 818 2488 880 quantur.

524 936 850 1012 egrediens.
895 902 1335 996 Quandocunque
1387 915 1635 987 pulsatur
1674 909 1892 979 signum
1935 904 2003 957 ad
2035 902 2134 957 ho-

527 993 683 1092 ram,
706 1033 996 1096 postquam
1025 1028 1214 1070 omnes
1235 1011 1289 1066 in
1317 1005 1604 1062 ecclesiam
1629 999 1881 1056 venerint
1908 993 2130 1060 fratres,

2327 903 2526 958 Diebus
2581 900 2778 973 quibus
2842 900 3042 956 fratres
3099 897 3396 968 loquuntur
3447 891 3497 947 in
3549 891 3706 950 claustro

2235 1004 2427 1053 exacta
2460 1003 2618 1049 sexta
2660 1007 2928 1064 nusquam
2973 991 3268 1061 loquantur
3301 983 3464 1054 usque
3496 982 3707 1057 dampnari

538 1069 683 1092 ...πη
708 1069 995 1096 ,ηυτωω
1039 1069 1044 1070 ,

525 1128 800 1192 cooperto
840 1114 1027 1186 capite
1073 1108 1252 1163 veniat
1279 1103 1350 1158 ad
1379 1099 1578 1156 ostium
1617 1091 1880 1157 ecclesiae,
1916 1099 1970 1145 et
1997 1099 2134 1143 tam-

2275 1096 2462 1153 xcant,
2491 1098 2546 1143 et
2573 1087 2718 1142 dicat
2739 1101 2877 1141 unus
2899 1099 2965 1140 ex
2995 1084 3076 1140 eis
3097 1079 3394 1152 quijunior
3415 1087 3490 1132 est
3506 1069 3710 1131 Benedicti:

2275 1181 2286 1192 ι
2584 1179 2621 1192 Α
2669 1181 2680 1192 ο
2815 1178 2826 1192 I
2892 1177 2908 1189 ὀ
2959 1185 2972 1192 Α
3019 1176 3060 1192 I,
3122 1169 3349 1192 _-,,!.A_I-
3399 1169 3697 1192 .--η----1.η-

540 1169 730 1192 “’“’“”Ι“’”“
751 1169 792 1172 ““
849 1169 862 1171 ‘
880 1169 886 1170 ί
911 1169 926 1186 ι

533 1215 632 1270 diu
657 1220 769 1291 stet
795 1218 1032 1269 erectus,
1061 1211 1112 1257 et
1145 1197 1321 1268 capite
1351 1197 1664 1262 coopertus,
1694 1185 1868 1240 donec
1895 1181 2039 1236 dicto
2070 1178 2138 1233 ad
2241 1181 2348 1235 alta
2386 1195 2537 1235 voce.
2581 1179 2682 1246 Qui
2734 1177 2976 1234 sederint
3019 1176 3072 1230 in
3113 1169 3354 1243 capitulo
3399 1179 3600 1238 tempore
3623 1169 3712 1225 locu.

542 1287 736 1379 preces
767 1304 818 1356 in
850 1300 1016 1354 choro
1044 1293 1206 1364 Kyric
1227 1288 1419 1342 eleison
1462 1281 1720 1337 inclinent
1743 1277 1960 1331 fratres.
1987 1273 2141 1327 'l‘unc

545 1407 709 1470 caput
759 1389 1224 1461 discooperiat,-et
1269 1387 1458 1435 contra
1505 1373 1728 1436 ostium,
1781 1367 1866 1422 vel
1899 1364 2138 1420 omnium

543 1490 774 1560 vestigia
833 1485 1063 1540 fratrum
1125 1482 1432 1548 prostratus
1480 1469 1694 1537 jaceat,
1747 1462 1920 1517 donec
1964 1456 2144 1513 omnis

545 1588 849 1640 conventus
898 1573 1130 1628 fratrum
1186 1574 1366 1622 exeat.
1431 1560 1585 1614 Tunc
1625 1557 1839 1610 'iterum
1890 1555 2145 1619 cooperto

549 1673 727 1744 capite
770 1669 837 1724 ad
891 1662 1198 1720 solitarium
1233 1658 1410 1711 locum
1461 1651 1662 1712 veniat,
1710 1645 1900 1714 sicque
1943 1637 2147 1694 tamdiu

549 1763 754 1825 faciat,
805 1759 977 1813 donec
1028 1751 1096 1806 ad
1150 1740 1652 1804 reconciliationem
1711 1734 1765 1789 in
1816 1737 2144 1788 conventum

2244 1275 2409 1330 tionis
2439 1289 2546 1329 non
2583 1273 2879 1342 loquantur
2906 1269 3206 1340 quidquam
3234 1268 3382 1320 intus

2315 1363 2505 1419 Nullus
2571 1362 2741 1417 frater
2795 1363 2932 1416 alius
2984 1359 3128 1412 lavet
3181 1355 3359 1426 capita
3410 1353 3628 1417 invicem,
3662 1353 3716 1408 sed
3796 1349 3797 1356 “

2247 1455 2618 1526 unusquisque
2644 1470 2801 1509 suum
2845 1453 3012 1507 lavet.
3044 1449 3206 1506 Pueri
3242 1445 3491 1508 .similiter
3524 1446 3671 1500 faciant
3687 1445 3717 1499 in
3796 1487 3797 1500 χ

2249 1549 2432 1604 schola
2493 1562 2614 1600 sua.
2665 1545 2825 1600 Feria
2882 1553 3076 1613 qttarta
3121 1551 3177 1597 et
3226 1539 3447 1595 sabbato
3485 1545 3657 1608 possunt
3688 1553 3723 1592 se
3796 1527 3797 1540 “

2252 1643 2481 1698 tondere
2509 1641 2562 1695 in
2605 1639 2815 1694 schola.
2867 1636 2946 1693 Ad
2998 1636 3228 1691 mixtum
3276 1633 3329 1687 in
3356 1646 3446 1686 suo
3481 1629 3581 1685 loco
3599 1630 3647 1685 ad
3681 1641 3726 1682 ta-

2250 1735 2434 1792 bulam
2474 1743 2600 1789 ante
2625 1743 2679 1788 et
2716 1741 2870 1787 retro
2906 1729 3194 1795 inclinent,
3229 1726 3414 1785 eadem
3455 1723 3622 1778 faciant
3647 1735 3726 1792 p051

549 1863 782 1912 vocatus
841 1846 1024 1904 fuerit.
1065 1843 1421 1913 Egressurus
1481 1833 1547 1888 de
1614 1829 1728 1900 ipsa
1779 1821 2145 1896 pumilentia,
2229 1825 2507 1880 Δηιίχιιιηι,

553 1947 752 2003 iterum
795 1941 972 1995 nudus
1004 1945 1058 1991 et
1106 1901 1455 1988 discalciatus
1499 1923 1684 1978 veniat
1729 1919 1782 1973 in
1829 1913 2148 1985 capitulum,
2181 1901 2228 1962 Β
2327 1915 2382 1973 si
2424 1915 2594 1971 [mres
2619 1923 2810 1986 quam,
2833 1913 2918 1967 m1
2949 1920 3102 1968 sena
3135 1908 3270 1965 {cria
3298 1921 3355 1963 se
3380 1905 3564 1967 ﬁdem,
3585 1909 3732 1973 Prome,

551 2047 610 2094 ut
644 2036 794 2107 prius
830 2029 978 2107 venit
1012 2035 1131 2107 :ret
1177 2029 1399 2090 accepto
1444 2013 1651 2084 judicio
1695 2022 1923 2079 surgens
1955 2005 2151 2060 vestiat

552 2108 830 2184 eucullam
861 2133 915 2178 et
944 2103 1185 2174 tunicam
1231 2128 1386 2169 suam
1428 2117 1482 2162 et
1511 2109 1822 2177 prosternat
1849 2113 1909 2154 se
1944 2095 2157 2151 abbatis

557 2221 811 2294 pedibus.
847 2215 981 2270 Nam
1027 2213 1144 2282 ipso
1175 2203 1524 2279 praecipiente
1555 2203 1717 2253 exeat
1742 2193 1893 2247 foras
1919 2191 1972 2244 in
2007 2187 2159 2243 audi-

560 2315 788 2376 torium,
825 2309 1020 2367 calcict
1057 2312 1203 2359 sc-et
1232 2298 1448 2361 vestiat,
1489 2302 1544 2348 et
1572 2297 1881 2346 revertatur
1924 2284 1976 2338 in
2009 2279 2160 2352 capi-

564 2412 766 2475 tulum,
807 2405 1015 2462 veniam
1048 2410 1200 2474 petat
1225 2406 1361 2452 ante
1376 2393 1665 2456 abbatem,
1693 2395 1747 2442 et
1783 2383 2010 2456 jubentc
2041 2379 2160 2450 ipso

563 2516 658 2562 eat
705 2503 895 2558 sedere
928 2494 1273 2553 novissimus.
1299 2489 1375 2543 Ex
1407 2496 1536 2540 tunc
1567 2495 1674 2552 per
1708 2477 1890 2534 omnia
1934 2473 2075 2530 sicut
2105 2470 2160 2525 in

561 2597 772 2669 lit-gula
803 2595 1064 2664 scripturn
1095 2595 1180 2644 est
1206 2581 1380 2655 (ibid.)
1411 2573 1623 2647 faciat]

1153 2694 1381 2756 caper
1422 2691 1566 2748 xvi.
1605 2646 1618 2647 ί
2101 2646 2151 2710 ο

564 2759 648 2861 lle
684 2801 903 2858 diversis
952 2789 1346 2864 definitionibus
1384 2782 1461 2864 rei
1511 2777 1882 2864 qualitatibus,
1934 2788 2052 2844 qua:
2082 2766 2171 2838 agi

927 2848 1126 2937 oportet
1149 2862 1203 2914 in
1232 2855 1476 2912 coenobiis
1492 2848 1814 2921 degentibus.

643 2965 868 3022 Fratres
905 2959 952 3014 si
985 2959 1038 3012 in
1073 2961 1264 3011 testate
1287 2957 1410 3020 post
1440 2958 1660 3010 nonam,
1696 2938 1777 2994 vel
1807 2944 1931 3008 post
1964 2931 2170 2988 scillam

567 3051 1014 3128 Vespertinalem
1066 3041 1342 3100 voluerint
1393 3037 1578 3092 bibere
1645 3028 1992 3102 absyntbium
2051 3036 2174 3075 cum

571 3148 736 3206 melle
767 3145 1020 3207 mixtum,
1045 3137 1192 3192 dicto
1239 3123 1400 3187 Pater
1443 3138 1638 3188 noster,
1681 3131 1840 3177 sonet
1867 3114 2173 3190 cymbalum

572 3241 751 3314 prior,
792 3245 846 3292 et
875 3243 1021 3295 eant,
1051 3239 1106 3286 et
1139 3225 1319 3284 omnia
1353 3229 1584 3293 agantur
1624 3215 1781 3271 sicuti
1821 3225 1943 3267 mos
1983 3215 2067 3262 cst
2102 3203 2168 3258 ad

577 3300 902 3408 charitatem
957 3325 1070 3397 (52)
1119 3322 1186 3376 de
1231 3316 1557 3377 collatione,
1601 3316 1797 3380 praeter
1855 3300 2166 3356 lectionem.

575 3395 1022 3496 Quandocuuque
1075 3416 1190 3470 hate
1253 3408 1376 3464 talis
1439 3405 1497 3459 fit
1558 3400 1798 3458 cbaritas
1845 3395 1961 3466 ipsa
2014 3396 2172 3446 nocte

577 3515 814 3587 ampfius
862 3485 968 3565 non
1017 3514 1102 3562 est
1132 3500 1378 3558 facienda
1432 3495 1537 3549 alia
1583 3511 1597 3548 :
1661 3502 1934 3560 nunquam
1976 3485 2174 3540 inuno

581 3610 672 3666 die
699 3607 906 3662 duabus
935 3601 1147 3657 vicibus
1183 3592 1486 3666 pulsabitur
1533 3583 1840 3660 cymbalum
1883 3578 1948 3634 ad
1999 3576 2173 3632 chari-

578 3713 771 3759 tatem.
1997 3731 2000 3734 .

656 3792 713 3848 Si
741 3789 947 3861 aliquid
977 3784 1271 3858 apponitur
1299 3779 1365 3834 ad
1396 3788 1638 3833 mensam
1663 3770 1728 3826 de
1751 3765 1906 3824 novis
1931 3763 2180 3834 frugibus

584 3887 656 3941 ad
709 3857 1176 3943 benedicendum,
1225 3873 1458 3947 primum
1510 3865 1770 3921 rccitetur
1824 3859 1890 3915 de
1948 3857 2182 3912 lectione

581 3990 730 4032 unus
759 3987 968 4033 versus,
1006 3966 1200 4023 deinde
1227 3965 1440 4018 dicatur
1475 3952 1816 4020 benedictio”
2159 3949 2162 3952 ‘

660 4067 719 4124 Si
750 4066 919 4122 frater
941 4059 1249 4133 generalem
1279 4055 1604 4123 scripturam
1631 4045 1763 4100 facit
1790 4058 1885 4114 per
1909 4038 2182 4095 licentiam

587 4159 770 4218 domui
804 4129 1039 4219 abbatis,
1071 4152 1190 4222 ipso
1206 4149 1432 4220 juben'te
1451 4147 1632 4214 potest
1655 4135 1928 4192 dimittere
1946 4129 2185 4202 psalmos

589 4251 891 4309 familiares
917 4288 932 4313 ,
977 4246 1142 4302 etiam
1181 4242 1402 4296 missam
1460 4229 1833 4289 matutinalem
1882 4238 1939 4282 et
1981 4225 2186 4300 princi-

588 4345 792 4419 palem.
826 4343 950 4398 Ihcc
981 4339 1080 4394 tria
1129 4352 1236 4392 non
1278 4339 1404 4389 sunt
1454 4328 1531 4384 illi
1576 4321 1920 4389 dimittenda,
1970 4319 2182 4393 litania,

591 4435 869 4495 ollerenda
901 4444 956 4487 et
987 4429 1169 4502 vigilia
1202 4433 1568 4482 mortuorum.

539 4547 556 4578 ιι
667 4528 1005 4584 Fasciolatus
1035 4500 1296 4594 (biﬁlum
1331 4511 1560 4570 intrabit
1595 4506 1702 4561 ullo
1741 4503 1903 4561 modo
1927 4503 2107 4557 frater
2134 4500 2186 4554 in

2257 2011 2361 2067 hoc
2389 2008 2790 2080 processionem
2828 2005 3046 2061 solitam
3089 2017 3198 2057 non
3228 1998 3520 2059 dimittunt;
3547 2009 3623 2048 nec
3641 1991 3673 2048 si
3695 1993 3736 2045 al

2259 2116 2456 2172 corpus
2481 2099 2850 2171 recipiendum
2879 2097 2962 2153 vel
2989 2094 3355 2166 sepeliendum
3381 2099 3575 2144 exeunt.

2332 2195 2390 2251 Si
2423 2193 2682 2266 sepelitur
2708 2191 2905 2262 aliquis
2948 2199 3196 2244 mortuus
3228 2188 3294 2240 de
3337 2183 3475 2250 foris,
3527 2180 3596 2235 ubi
3616 2195 3742 2250 prere-

2262 2288 2396 2344 dunt
2426 2285 2646 2349 fratres,
2672 2298 2770 2354 pro
2805 2281 2893 2337 illa
2920 2277 3274 2352 processione
3316 2291 3411 2330 non
3438 2267 3743 2327 remanealilla

2263 2381 2330 2436 de
2353 2378 2581 2450 jejunio.

2337 2469 2393 2524 ln
2425 2469 2516 2524 XII
2561 2465 2904 2529 lectionibus,
2955 2460 3213 2518 sacerdos
3239 2457 3329 2528 qui
3365 2455 3463 2512 fert
3504 2450 3746 2506 tlutribulua

2268 2577 2362 2632 per
2391 2559 2604 2625 altaria,
2629 2557 2768 2612 ferat
2796 2555 2924 2610 illud
2949 2555 3147 2608 domno
3171 2549 3382 2612 abbati;
3433 2546 3474 2600 si
3505 2539 3752 2598 decstaltlas

2265 2659 2446 2723 portet
2473 2648 2662 2719 priori,
2684 2655 2738 2702 et
2768 2648 2811 2702 si
2841 2645 2991 2716 prior
3011 2644 3166 2698 abest
3192 2611 3377 2696 reddat
3407 2636 3525 2690 illud
3550 2647 3752 2688 converso.
3796 2611 3797 2620 ‘

2270 2743 2336 2796 Et
2369 2741 2457 2796 ille
2487 2741 2578 2795 dct
2614 2739 2847 2809 primum
2880 2734 3170 2798 sacerdoti,
3205 2732 3327 2785 dein
3357 2729 3537 2781 dextro
3577 2724 3701 2778 choro
3724 2719 3756 2772 et

2275 2832 2428 2888 ltevo.
2453 2831 2584 2886 Dein
2613 2831 2842 2901 juvenes
2886 2827 3109 2890 fratres,
3160 2822 3253 2892 qui
3302 2819 3366 2873 ad
3399 2813 3624 2872 formulas
3663 2819 3760 2864 stant
3796 2863 3797 2872 χ

2274 2925 2488 2985 dextro,
2517 2931 2572 2977 et
2635 2921 2700 2974 ad
2767 2919 2912 2988 ipsos
2952 2914 3210 2978 infantes,
3259 2919 3313 2966 et
3358 2909 3424 2963 ad
3473 2906 3590 2961 alios
3627 2903 3695 2973 qui
3729 2901 3762 2952 in

2275 3016 2520 3078 sinistra,
2545 3012 2774 3082 juvenes
2802 3020 2856 3064 ct
2889 3022 3109 3080 pueros.

2347 3107 2579 3163 Privalis
2625 3104 2816 3158 diebus
2863 3102 2929 3154 ad
2975 3100 3194 3154 missam
3250 3093 3502 3164 majorem
3529 3089 3566 3144 si
3601 3087 3765 3140 thIlIllllS

2277 3199 2444 3256 abbas
2476 3197 2652 3260 adest,
2682 3194 2782 3264 ipsi
2811 3192 3092 3248 deferatur
3116 3190 3168 3243 in
3211 3186 3398 3258 primis
3421 3175 3706 3238 olfertorimn
3726 3175 3766 3225 al

2275 3291 2626 3349 oll'erendam.
2678 3287 2736 3344 Si
2777 3301 2881 3341 non
2913 3292 3018 3350 est,
3047 3281 3239 3354 priori.
3289 3278 3346 3334 Si
3377 3277 3516 3349 prior
3553 3273 3695 3331 deest,
3716 3266 3769 3319 det

2273 3390 2478 3443 decano
2503 3379 2844 3439 claustrensi.

2344 3481 2400 3534 ln
2445 3479 2635 3533 diebus
2684 3473 2836 3530 festis
2881 3485 3017 3542 puer
3060 3469 3204 3524 ferat
3242 3471 3442 3522 textum
3472 3458 3688 3517 omnibus
3708 3452 3774 3505 lm-

2275 3573 2451 3628 trilms
2483 3586 2580 3640 per
2604 3568 2858 3631 chorum,
2891 3575 3128 3630 cumque
3159 3559 3497 3629 deportatum
3525 3550 3606 3612 sit,
3633 3559 3797 3616 parpar

2275 3674 2428 3720 ratus
2451 3676 2591 3716 unus
2612 3671 2910 3714 conversus
2936 3653 3161 3708 indutus
3192 3649 3314 3704 alba
3339 3643 3606 3715 suscipiat,
3624 3646 3668 3694 ct
3691 3635 3776 3691 feni

2277 3755 2532 3810 omnibus
2558 3749 2834 3806 stantibus
2864 3747 2928 3802 de
2960 3743 3093 3799 foris
3119 3740 3402 3796 fratribus.

2349 3848 2540 3902 Frater
2569 3843 2756 3900 exiens
2786 3841 2852 3895 de
2902 3839 3064 3892 domo
3115 3833 3454 3890 infirmorum
3501 3815 3781 3897 postsatisli-

2281 3941 2516 3998 ctionem
2570 3935 2769 3989 factam
2801 3933 2852 3986 in
2900 3925 3159 4000 capitulo,
3199 3929 3380 3994 potest
3410 3919 3525 3989 ipso
3558 3915 3634 3968 die
3651 3918 3782 3964 canere

2284 4035 2526 4094 missam,
2568 4029 2612 4084 si
2643 4025 2804 4092 velit;
2835 3999 2978 4094 quia
3005 4017 3250 4090 quandiu
3295 4014 3472 4068 fuerat
3493 4009 3546 4064 in
3567 3999 3786 4062 cellulan-

2283 4127 2586 4186 firmorum,
2619 4120 2691 4175 ibi
2725 4133 2833 4173 non
2861 4111 3231 4186 permittimus
3259 4119 3457 4162 canere
3489 4101 3700 4158 missam-

2357 4213 2577 4281 Novitii,
2600 4211 2724 4268 dmn
2758 4183 2954 4263 fratres
2979 4203 3178 4258 fuerint
3215 4202 3266 4256 in
3309 4194 3567 4267 capitulo,
3615 4189 3696 4258 ipsi
3725 4183 3787 4237 sint

2287 4312 2344 4367 in
2395 4307 2648 4378 coquina.
2697 4303 2742 4357 Α
2798 4300 3122 4354 Pentecoste
3164 4307 3336 4362 usque
3364 4289 3431 4343 ad
3474 4287 3737 4340 adventum,
3767 4271 3797 4326 si;

2289 4401 2572 4460 duodecim
2603 4398 2868 4453 lectiones
2903 4388 3186 4446 evenerint
3211 4387 3273 4439 'in
3303 4382 3556 4444 sabbato,
3585 4386 3634 4432 et
3664 4373 3704 4427 ia
3723 4381 3797 4424 cra

2264 4495 2434 4551 .stino
2468 4491 2541 4548 sit
2577 4485 2834 4545 mutanda
2871 4480 3132 4546 historia,
3174 4477 3231 4532 in
3278 4475 3508 4530 sabbato
3536 4469 3714 4524 dicatur
3733 4470 3790 4512 tnta

596 4621 917 4678 claustrum.
949 4581 1111 4672 Pueri
1130 4581 1238 4682 'qui'
1257 4623 1364 4664 non
1393 4605 1574 4660 valent
1598 4608 1816 4671 portare
1834 4595 2184 4656 charitatem,
2218 4621 2264 4681 υ
2290 4598 2516 4655 vespera
2543 4581 2609 4636 de
2648 4587 2858 4634 sancto.

595 4715 654 4772 id
702 4721 788 4768 est
843 4711 994 4766 fialas
1037 4701 1320 4780 [phialas],
1353 4698 1421 4754 ad
1479 4706 1766 4760 mensam,
1819 4707 1930 4748 non
1971 4695 2187 4758 tergant

596 4819 792 4864 manus
830 4817 956 4859 suas
994 4775 1294 4854 advzallam
1331 4789 1447 4863 (5'4)
1496 4787 1550 4842 in
1599 4785 1685 4842 die
1737 4782 2092 4841 sabbatorum
2130 4775 2186 4832 in

599 4896 862 4971 capitulo.

670 4991 858 5048 Potest
892 4999 1042 5058 puer
1079 4981 1279 5038 radere
1328 4992 1484 5033 suum
1540 4960 1858 5044 magistrum
1909 4965 1953 5026 si
2023 4961 2188 5018 valet.

598 5081 836 5142 Puerum
886 5054 978 5149 qui
1035 5083 1164 5130 ante
1242 5071 1493 5126 abbatem
1549 5061 1786 5120 comedit
1859 5072 1965 5113 non
2014 5054 2192 5109 mittat

602 5176 862 5248 magister
889 5145 942 5227 in
970 5168 1260 5242 judicium,
1292 5165 1341 5218 si
1374 5163 1488 5233 ipse
1519 5160 1690 5212 adest.
1969 5145 1972 5148 ’

675 5276 836 5334 Pueri
865 5274 1099 5329 habeant
1130 5269 1183 5324 in
1215 5265 1403 5322 schola
1449 5261 1639 5321 libros,
1681 5252 1889 5308 rasoria
1918 5264 2039 5305 cum
2069 5262 2193 5301 scn-

605 5370 748 5429 tellis
770 5376 826 5424 et
853 5365 992 5422 ollas
1020 5364 1088 5418 ad
1107 5359 1286 5432 capita
1315 5355 1530 5411 illorum
1561 5345 1810 5402 lavanda.
1838 5341 1977 5410 Quid
2014 5337 2195 5410 plura?

679 5501 794 5576 (⁵2)
815 5498 1141 5576 “mitem
1181 5476 2193 5576 appellativa.._‘e_‘.'§%3:!!1.?i!3‘.RES}?

608 5546 828 5632 solituin
853 5569 1130 5625 monachis
1145 5546 1486 5632 concessum,
1506 5556 1570 5632 de
1588 5569 1696 5625 quo
1712 5550 1866 5621 plura
1887 5550 1939 5600 in
1958 5546 2196 5600 tionstit.

607 5627 866 5714 il‘irsaug1
900 5651 956 5696 et
971 5627 1596 5714 Δυῇερίμιεμινξοξξίειιρἰτ-

681 5684 1209 5787 {Eiliia‘ééiit'éiﬁ‘i
1397 5696 1641 5787 fasciolis
1663 5689 1968 5768 cruralibus
2000 5684 2200 5767 intelli-

613 5758 881 5858 gelidu’m,
903 5758 1214 5858 tienscilicet
1250 5774 1421 5832 frater
1449 5771 1575 5824 dum
1608 5761 1994 5858 moppsterium
2023 5758 2200 5826 ingre-

1105 5849 1133 5858 "
1243 5845 1252 5855 ⁸
1336 5851 1347 5858 ·
1367 5856 1380 5858 -
1400 5855 1413 5858 —
1444 5840 1637 5858 L-—|------
1722 5854 1730 5858 .
1758 5849 1837 5858 Α...
1868 5837 2083 5858 ......|...n
2118 5834 2196 5858 uel

616 5834 762 5910 ditur
784 5834 947 5922 pedes
983 5849 1168 5922 fasciis
1207 5845 1418 5899 cinctos
1443 5840 1661 5922 lLa‘beat.
1697 5835 1839 5922 Idem
1867 5834 2202 5922 cautumet

616 5896 1272 5986 illulio'nsit'e't.Cluniae,
1299 5925 1430 5982 cap.
1461 5909 1548 5967 6'2.
1589 5905 1864 5965 Utabl-itis
1905 5896 2201 5954 calcaribus

2361 4679 2558 4735 Frater
2598 4682 2828 4732 cantans
2867 4666 3023 4724 suum
3055 4659 3488 4735 responsorium,
3539 4653 3676 4710 finito
3702 4657 3797 4702 versa

2291 4773 2513 4832 inclinet
2547 4785 2607 4825 se
2636 4764 2869 4823 czeteris.
2914 4761 3137 4817 Fratres
3179 4753 3270 4824 qui
3304 4751 3466 4822 longe
3497 4754 3624 4808 sunt
3644 4731 3794 4798 ordinati

2292 4875 2420 4922 ante
2450 4875 2505 4920 et
2537 4870 2681 4916 retro
2722 4855 2944 4911 faciant.
2977 4848 3138 4906 Pueri
3167 4859 3298 4901 vero
3349 4845 3406 4897 in
3468 4838 3704 4896 sedilibus
3738 4828 3797 4880 suis

2294 4957 2491 5012 debent
2523 4949 2784 5006 inclinare
2810 4959 2867 5001 se
2890 4957 2987 5014 per
3007 4945 3482 5006 unumquemque.
3507 4924 3709 4997 Quando
3729 4915 3798 4972 ml

2295 5048 2396 5119 ipsi
2428 5043 2624 5102 dicturi
2653 5047 2779 5096 sunt
2817 5031 3225 5106 rcsponsorium
3252 5040 3480 5096 semper
3509 5027 3684 5093 gyreat
3709 5021 3798 5094 tersi

2296 5097 2396 5119 ’τ’-⁷
2432 5097 2593 5102 "‘“"’
2909 5097 2923 5106 ι

2296 5141 2440 5195 dicto
2469 5156 2482 5192 :
2515 5153 2544 5190 a
2585 5133 2817 5188 lectione
2848 5137 3029 5182 autem
3067 5120 3246 5178 eundo
3277 5129 3332 5174 et
3372 5112 3648 5170 redeundo
3670 5101 3797 5195 seruiet:

2298 5233 2559 5290 inclinent
2591 5243 2650 5284 se
2683 5223 2939 5283 infantes,
2977 5219 3146 5274 etiam
3177 5226 3368 5270 omnes
3410 5209 3629 5269 fratres,
3654 5199 3798 5290 ηικίεῆ

2299 5325 2398 5388 illi,
2430 5321 2520 5392 qui
2547 5331 2710 5389 super
2731 5314 2935 5369 formas
2958 5307 3221 5365 sederint.
3246 5303 3327 5357 Ad
3357 5301 3620 5355 domuum
3642 5291 3798 5352 abbate:

2298 5470 2344 5514 et
2387 5454 2618 5528 fasciolis
2654 5450 2742 5528 ‘ad
2789 5444 3097 5528 monasterii
3138 5441 3240 5496 intr
3265 5450 3423 5494 ritum
3469 5428 3798 5528 peltatqretriaﬂ

2301 5504 2446 5600 quod
2477 5504 2716 5600 fasciola;
2741 5515 3242 5600 genusnllq‘n’tenus‘
3263 5525 3391 5566 cum
3447 5504 3710 5600 pedalibus

2301 5553 2446 5600 qtluu
2477 5553 2714 5582 laeuum;
2741 5553 2913 5592 εσυ-ιθ
2951 5553 3234 5571 "unum"...
3263 5553 3391 5566 νε...
3447 5553 3674 5580 ⁸,--,--ν

2301 5600 2528 5683 ςυρᾱξιἈ
2557 5606 2614 5650 ut
2652 5591 2886 5648 advertit
2909 5588 2973 5644 γ.
3006 5586 3069 5642 G.
3103 5586 3173 5640 du
3201 5581 3416 5651 Gange,
3448 5579 3626 5636 Gloss.
3666 5553 3798 5683 metti

2303 5668 2681 5810 ἰ’ῗδξῖιὲαιιη
2724 5733 2866 5789 forte
2913 5745 2943 5784 a
2974 5695 3146 5810 veteri
3195 5723 3490 5782 Theodico
3519 5668 3798 5810 awulIaJ-Oi

2304 5791 2517 5867 ma‘nice
2549 5809 2759 5870 ztvelrn,
2796 5799 3214 5869 mamttcrgimn.
3605 5791 3610 5794 ’

3785 5169 3798 5352 i

3785 5447 3798 6231 11
