3864 6314
216 315 335 380 ίεθι

1430 316 1812 376 DlSCIPLlNA
1850 317 2248 375 FARFENSIS.

3317 329 3451 405 ηδε

211 445 383 490 omnes
407 430 629 502 s'urgant
656 428 725 485 de
748 426 1020 485 subselliis
1050 426 1164 485 suis
1204 429 1475 502 pergendo
1494 439 1551 487 et
1582 437 1846 499 rever-A
1875 438 2063 500 petant
2097 430 2335 486 veniam.
2374 429 2428 486 In
2460 431 2742 490 duodecim
2770 432 3090 489 lectionibus
3110 433 3155 490 si
3183 435 3304 504 quis
3337 419 3453 515 vult

213 523 490 679 ωιὸιιῗιξηάο
515 608 680 665 abbas
707 608 836 681 legit
874 606 1219 681 Evangelium
1243 610 1309 666 ad
1337 613 1630 670 matutinas
1652 612 1767 669 lau-

212 708 319 773 des,
350 703 614 759 armarius
647 717 744 773 pro
768 704 1159 759 consuetudine
1180 703 1340 759 debet
1364 705 1465 769 ire,
1487 715 1541 760 et
1562 694 1766 777 praepa-

207 810 319 853 rare
346 796 392 850 ei
417 792 784 865 Evangelium,
814 803 869 849 et
906 794 1234 859 orationem,
1262 804 1315 851 et
1342 796 1493 867 signa
1526 797 1763 852 mittere.

205 886 329 945 Dum
354 885 423 942 Te
441 885 611 943 Deum
642 887 1009 953 inchoaverit;
1036 888 1084 942 si
1115 888 1566 945 hebdomadarius
1590 890 1763 958 ipsum

207 979 404 1052 legerit,
436 994 534 1050 pro
562 978 951 1035 consuetudine
976 993 1081 1034 non
1105 978 1221 1034 ibit.
1249 977 1356 1037 Sed
1382 979 1469 1036 die
1492 982 1766 1052 praeterito

206 1064 592 1146 [antecedenti]
652 1070 923 1127 auscultet
972 1071 1090 1143 ipse
1142 1072 1314 1129 frater
1356 1088 1479 1128 cum
1529 1056 1765 1131 armario

206 1165 445 1238 quidquid
470 1166 520 1222 ei
558 1182 693 1239 opus
722 1167 905 1225 fuerit.

266 1255 318 1312 Si
345 1257 447 1312 duo
477 1255 674 1313 fratres
701 1257 998 1315 induuntur
1023 1258 1092 1315 ad
1114 1244 1387 1315 thuribula
1418 1253 1643 1331 ferenda
1669 1275 1767 1331 per

204 1344 398 1412 altaria,
429 1346 474 1402 is
513 1347 605 1417 qui
635 1355 721 1403 est
747 1348 1204 1405 hebdomadarius
1228 1358 1317 1405 eat
1345 1350 1398 1405 in
1422 1360 1610 1405 antea.

262 1438 471 1495 Fratres
484 1449 747 1496 exeuntes
764 1442 831 1496 de
852 1442 1082 1512 coquina
1100 1440 1206 1497 alia
1227 1441 1564 1497 hebdomada
1587 1441 1768 1497 lavent

203 1532 407 1598 fontem,
456 1533 550 1590 ubi
588 1534 787 1591 fratres
816 1534 1049 1591 nitidant
1079 1550 1273 1591 manus
1318 1548 1445 1591 suas
1479 1542 1642 1606 atque
1681 1534 1764 1589 fa-

202 1626 317 1682 cies.
346 1626 410 1681 Et
432 1628 651 1697 quando
677 1626 877 1683 fratres
902 1643 961 1684 se
982 1627 1220 1683 tondunt
1243 1635 1404 1697 atque
1421 1626 1640 1694 radunt,
1661 1626 1764 1698 ipsi

200 1716 503 1773 calefaciunt
537 1733 733 1788 aquam
766 1727 821 1773 et
847 1716 1116 1783 deferant.

266 1810 417 1866 Pueri
448 1811 667 1882 quando
695 1811 966 1865 armarius
990 1808 1258 1865 auscultat
1286 1808 1548 1865 lectiones
1570 1808 1656 1865 vel
1685 1824 1767 1864 re-

198 1904 465 1973 sponsoria
498 1919 619 1966 sua,
641 1911 783 1958 stent
812 1916 1027 1972 semper
1052 1902 1220 1956 erecti
1245 1910 1375 1957 ante
1396 1916 1519 1957 eum
1555 1915 1763 1966 clunes,

200 2010 353 2066 usque
394 1996 523 2050 dum
571 1994 781 2063 ﬁniant,
825 2011 854 2048 a
898 1995 1123 2050 minimo
1152 2008 1323 2065 usque
1352 1993 1420 2047 ad
1450 1994 1767 2048 maximum.

261 2084 391 2158 [(55)
424 2086 692 2143 Euntibus
735 2085 993 2141 fratribus
1030 2086 1099 2140 ad
1140 2085 1404 2141 stationes
1438 2100 1535 2154 per
1575 2085 1766 2138 altaria

197 2178 365 2234 dicant
406 2180 710 2235 orationem
747 2178 905 2250 plane
926 2187 980 2234 et
1009 2194 1116 2233 non
1145 2179 1199 2233 in
1225 2177 1355 2243 alto,
1383 2178 1485 2230 nisi
1517 2177 1653 2231 forte
1674 2191 1767 2232 oc-

197 2272 415 2326 currerit
438 2271 713 2328 festivitas
740 2270 970 2340 alicujus
999 2271 1171 2327 sancti
1201 2271 1345 2325 unde
1371 2269 1444 2324 sit
1472 2268 1542 2323 ibi
1568 2269 1762 2334 altare;

197 2365 542 2431 procedentes
565 2363 690 2419 illuc
717 2364 899 2419 dicant
925 2377 1113 2418 versus
1136 2362 1202 2418 de
1218 2369 1406 2418 sancto
1431 2370 1486 2417 et
1511 2360 1766 2415 Dominus

197 2454 463 2510 vobiscum.
496 2453 743 2520 Oremus,
768 2454 875 2508 alte
901 2453 957 2508 in
980 2451 1153 2525 tono.]

257 2546 443 2602 Frater
478 2550 570 2618 qui
594 2548 841 2603 lecturus
866 2556 951 2601 est
976 2546 1045 2601 ad
1066 2560 1310 2601 mensam
1332 2544 1636 2600 dicentibus
1657 2528 1767 2599 fra-

195 2639 351 2695 tribus
375 2656 594 2696 versutn
627 2650 756 2696 ante
786 2639 967 2695 cibum
998 2648 1053 2693 et
1090 2638 1392 2705 orantibus,
1424 2638 1537 2710 ipse
1575 2648 1679 2695 stet
1707 2638 1765 2694 in

195 2728 301 2785 loco
321 2746 437 2797 suo,
472 2732 557 2787 vel
586 2731 853 2803 superiori
879 2741 1115 2787 erectus.

255 2822 476 2880 Fratres
505 2824 595 2894 qui
622 2824 675 2879 in
696 2823 859 2879 domo
888 2822 1225 2878 inﬁrmorum
1250 2831 1401 2889 sunt,
1427 2822 1769 2894 quotiescun-

193 2926 290 2981 que
320 2929 377 2970 se
410 2912 612 2968 radunt
645 2912 867 2979 fratres,
912 2913 1015 2984 ipsi
1064 2911 1272 2968 faciant
1310 2928 1421 2968 uno
1465 2913 1552 2968 die
1582 2922 1765 2979 antea,

193 3005 283 3060 nisi
310 3007 560 3061 exiturus
582 3020 705 3060 eum
742 3004 867 3060 aliis
902 3004 1089 3060 faciat.
1132 3003 1322 3058 Nullus
1349 3003 1501 3059 bibat
1531 3004 1584 3067 in
1622 3002 1768 3059 relee

194 3098 352 3152 ctorio
391 3095 591 3154 sedens
640 3096 695 3151 in
744 3094 996 3151 sedilium
1046 3096 1405 3165 suppedaneis
1455 3095 1604 3167 (56),
1674 3104 1768 3150 aut

1871 532 2095 577 cantare
2126 531 2248 593 post
2287 524 2578 594 capitulum
2618 529 2859 593 missam,
2906 542 3011 582 non
3047 537 3254 596 quaerat
3284 529 3451 585 licen-

1870 614 2023 668 tiam.
2074 614 2270 669 Diebus
2320 616 2613 673 Dominicis
2661 629 2884 674 sanctus
2930 619 3255 675 Benedictus
3298 606 3455 691 jubet

1840 690 1841 693 “
1868 705 2022 778 (Reg.
2052 720 2175 777 cap.
2198 707 2289 777 48)
2314 716 2371 785 ut
2400 723 2589 765 omnes
2618 709 2817 781 legant,
2843 711 2985 781 quod
3011 718 3116 765 non
3139 719 3285 766 esset
3304 690 3455 783 prae-

1874 800 2197 855 tereundum
2233 815 2248 853 :
2278 801 2369 857 sed
2414 817 2536 857 cum
2582 803 2851 859 desiderio
2913 803 3218 860 faciendum
3259 815 3453 861 :atta-

1862 886 1991 945 men
2043 900 2264 963 propter
2290 908 2425 963 opus
2473 895 2565 950 Dei
2615 895 2661 950 si
2698 896 2820 966 quis
2851 895 3015 951 habet
3044 898 3450 967 responsorium

1865 982 1949 1037 vel
1992 982 2205 1038 alleluia
2233 985 2301 1040 ad
2340 986 2584 1054 missam,
2618 995 2745 1042 ante
2766 980 3003 1057 primam
3031 998 3193 1042 canat
3216 990 3292 1043 sic
3320 989 3454 1043 leni-

1869 1081 1971 1140 ter,
1999 1082 2057 1128 ut
2097 1075 2279 1130 caeteri
2336 1092 2442 1132 non
2477 1078 2871 1149 impediantur;
2916 1076 3005 1131 alii
3035 1092 3165 1133 vero
3197 1078 3346 1133 horis
3376 1078 3456 1132 le-

1865 1177 2016 1239 gant.
2048 1167 2103 1225 In
2140 1172 2394 1227 maximis
2442 1171 2593 1228 festis
2640 1173 2829 1228 eadem
2873 1170 3113 1236 faciant;
3171 1171 3218 1225 si
3272 1180 3454 1227 tamen

1844 1257 2086 1339 jusserit
2122 1262 2173 1318 ei
2203 1265 2496 1330 armarius,
2524 1265 2570 1319 si
2606 1274 2713 1319 tam
2744 1263 3002 1319 insciolus
3029 1271 3133 1319 est.

1934 1353 2111 1427 ln'die
2139 1355 2424 1411 Dominico
2451 1357 2671 1412 videant
2702 1354 2901 1413 fratres
2941 1366 3001 1411 ut
3029 1368 3220 1412 omnes
3248 1354 3359 1409 sint
3385 1353 3455 1409 ad

1867 1452 2293 1524 processionem.
2317 1454 2475 1508 Feria
2512 1468 2564 1508 IV
2592 1453 2677 1509 vel
2726 1470 2780 1508 vt
2816 1452 3068 1508 similiter
3124 1450 3453 1517 faciendum,

1866 1554 1926 1600 ut
1968 1554 2025 1600 et
2069 1547 2239 1602 abbas
2275 1555 2330 1601 et
2358 1562 2548 1602 omnes
2585 1551 2695 1603 sint
2726 1547 3047 1612 discalciati,
3099 1553 3295 1617 praeter
3334 1542 3456 1599 illos

1866 1638 1958 1708 qui
1990 1648 2206 1709 propter
2235 1640 2611 1709 aegritudinem
2648 1655 2752 1695 non
2793 1647 3051 1710 poterunt
3091 1638 3317 1708 implere
3348 1655 3365 1692 :
3398 1645 3456 1692 at

1874 1736 2050 1782 tatuen
2076 1743 2175 1796 per
2202 1727 2501 1782 licentiam.
2547 1728 2705 1785 Pueri
2746 1729 2835 1797 qui
2874 1744 2979 1781 non
3016 1726 3215 1783 fuerint
3244 1727 3309 1782 ad
3336 1740 3457 1781 ver-

1870 1833 2014 1884 sum,
2044 1819 2133 1888 qui
2163 1828 2287 1874 ante
2317 1819 2496 1874 cibum
2524 1820 2739 1886 dicitur,
2767 1821 2890 1873 dum
2928 1819 3195 1883 venerint,
3236 1827 3362 1871 eant
3388 1819 3456 1872 ad

1870 1910 1986 1966 loca
2012 1926 2129 1978 sua,
2170 1922 2231 1967 et
2252 1911 2327 1967 ibi
2354 1912 2558 1967 faciant
2586 1922 2715 1966 ante
2748 1922 2801 1965 et
2832 1922 2980 1966 retro
3019 1929 3033 1964 :
3069 1912 3326 1981 magister
3364 1925 3457 1964 ve-

1871 2001 1985 2056 niat
2011 2002 2064 2056 in
2101 2010 2229 2056 ante
2263 2011 2318 2056 et
2349 2003 2560 2072 signum
2595 2000 2777 2063 faciat,
2804 2010 2861 2054 ut
2884 2001 3073 2071 jubeat
3105 2001 3153 2054 ei
3193 2000 3343 2069 prior
3365 2014 3458 2053 co—

1871 2095 2133 2149 medere:
2171 2093 2388 2149 licentia
2442 2102 2662 2163 accepta
2716 2092 2859 2147 dicat
2912 2107 3125 2146 versum
3164 2098 3219 2144 et
3250 2098 3357 2145 eat.
3396 2088 3456 2143 Si

1870 2200 2005 2253 puer
2030 2194 2285 2254 gravatur
2329 2200 2523 2255 sopore
2549 2183 2617 2237 ad
2648 2198 2785 2252 Opus
2823 2178 2937 2248 Dei,
2978 2196 3083 2236 non
3118 2181 3330 2252 quidem
3361 2193 3458 2250 per

1869 2278 1975 2334 hoc
2008 2293 2174 2333 unum
2205 2279 2339 2333 hora
2378 2278 2474 2350 [αι.
2502 2294 2603 2331 ms.
2632 2291 2730 2347 pro
2764 2275 2865 2330 hoc
2889 2274 3034 2329 omni
3061 2272 3219 2347 hora]
3253 2281 3334 2329 est
3366 2288 3459 2326 va-

1869 2369 2167 2442 pulandus,
2186 2369 2280 2425 sed
2307 2383 2428 2424 cum
2458 2368 2656 2439 viderit
2677 2383 2800 2422 eum
2825 2367 3086 2439 magister
3102 2380 3246 2436 saepe.
3267 2378 3459 2420 somno

1870 2460 2109 2531 gravari,
2130 2459 2220 2515 det
2249 2475 2413 2515 unum
2448 2458 2743 2529 quemlibet
2769 2458 3005 2513 libellum
3036 2458 3087 2512 in
3115 2472 3208 2512 sua
3236 2455 3459 2511 brachia

1870 2550 2311 2617 sustentandum,
2348 2564 2633 2620 quousque
2670 2551 2736 2604 de
2767 2549 2880 2618 ipsa
2910 2547 3129 2619 pigritia
3156 2561 3279 2600 eum
3310 2545 3459 2600 exei-

1873 2650 1967 2698 tet.
2000 2641 2058 2696 Si
2085 2641 2209 2712 quis
2232 2641 2348 2695 vult
2375 2656 2526 2696 suam
2547 2639 2837 2711 justitiam,
2870 2638 3154 2709 scyphum,
3195 2636 3458 2692 cutellum
3552 2648 3557 2651 ‘

1873 2734 2091 2791 abluere
2125 2749 2220 2790 seu
2251 2748 2467 2807 acuere,
2517 2733 2650 2787 hora
2678 2746 2785 2801 qua
2824 2730 3063 2800 loquitur
3112 2730 3165 2782 in
3193 2728 3455 2794 claustro,

1871 2827 1975 2882 hoc
2000 2825 2187 2893 faciat,
2221 2840 2345 2880 nam
2372 2826 2416 2880 si
2446 2823 2638 2880 fecerit
2666 2822 2809 2878 inter
2829 2831 3036 2878 sextam
3068 2830 3122 2874 et
3148 2818 3453 2890 prandium,

1850 2917 1956 2983 vel
2000 2918 2142 2973 inter
2175 2932 2375 2974 nonam
2406 2924 2463 2972 et
2502 2930 2734 2979 cmnam,
2761 2913 2960 2984 poterit
2987 2911 3263 2982 querelam
3295 2925 3457 2980 agere

1873 3009 1928 3064 in
1984 3009 2283 3064 crastinum
2341 3009 2436 3065 aui
2490 3007 2709 3064 viderit.
2768 3006 2882 3078 (57)
2935 3004 3068 3077 [Sed
3090 3004 3276 3059 dicet:
3313 3002 3454 3071 Quid

1873 3104 1940 3158 ad
1974 3101 2129 3175 me?]
2546 3085 2589 3121 ’-

192 3203 470 3258 Pactolum
500 3188 727 3254 ιιύιδεῖεν
755 3188 853 3243 sed
880 3186 946 3242 ad
974 3202 1219 3243 mensam
1241 3166 1473 3244 sedeam,
1492 3188 1580 3242 Ubi
1611 3203 1768 3257 ρτίιιι·
1795 3166 1841 3229 C
1944 3194 2075 3251 Sine
2100 3166 2304 3252 lumine
2332 3202 2387 3251 et
2415 3195 2638 3251 incenso
2662 3194 2809 3251 nullo
2842 3194 3002 3249 modo
3032 3191 3239 3248 feratur
3259 3204 3458 3260 corpus

192 3279 310 3334 dent
336 3297 352 3334 :
386 3296 515 3335 nam
552 3279 733 3335 nullus
755 3278 959 3348 absque
986 3294 1174 3335 mensa
1199 3279 1453 3335 comedat
1476 3278 1561 3334 vel
1593 3278 1763 3344 bibat,

192 3383 373 3442 prreter
402 3374 551 3438 illos,
576 3373 665 3442 qui
697 3372 751 3427 in
776 3372 937 3428 domo
969 3370 1308 3426 inﬁrmorum
1332 3379 1483 3436 sunt,
1518 3386 1617 3425 nec
1641 3379 1767 3425 ante

193 3464 392 3519 tertiam
421 3463 567 3518 ullus
596 3464 758 3519 debet
784 3463 1073 3541 comedere
1110 3462 1213 3518 nisi
1263 3463 1479 3532 signum
1530 3462 1765 3532 primum

193 3557 504 3613 insonuerit.
577 3555 819 3610 Mamilia
884 3562 1166 3610 mutentur
1217 3554 1271 3608 in
1306 3542 1616 3609 irefectorio
1669 3568 1767 3623 per

191 3664 367 3706 oumes
393 3650 707 3720 quindecim
736 3649 882 3715 dies;
936 3647 1257 3704 linteamina
1299 3657 1480 3702 autem
1508 3662 1763 3702 manuum

191 3743 325 3796 omni
355 3743 444 3797 die
492 3741 773 3795 Dominico
812 3748 1107 3811 appareute
1137 3738 1275 3804 luce,
1303 3748 1591 3807 antequam
1618 3736 1765 3807 pueri

190 3843 422 3901 surgant.
452 3831 668 3895 Frater,
691 3831 781 3901 qui
806 3818 1001 3885 alicubi
1028 3830 1209 3895 fuerit,
1236 3829 1458 3883 veniens
1490 3828 1541 3882 in
1560 3812 1767 3897 capitu-

186 3922 290 3977 lum
325 3938 501 3994 usqtte
544 3929 669 3978 dum
727 3916 862 3992 puer
909 3907 1100 3993 legerit
1150 3920 1595 3992 martyrologium
1642 3934 1765 3973 cum

189 4013 382 4066 sanctis
432 4028 542 4066 non
582 4012 766 4087 intret,
806 4002 953 4066 dnm'
980 4009 1158 4065 infans
1194 4011 1396 4065 dixerit
1440 4008 1503 4062 Et
1535 4009 1765 4062 aliorum

186 4100 537 4167 plurimorum
593 4088 897 4158 sanctorum
934 4090 954 4157 7:
1005 4112 1133 4156 tunc
1182 4110 1292 4157 eat.
1351 4101 1433 4157 Ad
1478 4101 1767 4157 lectionem

189 4192 455 4265 Evangelii
487 4193 571 4249 vel
597 4194 814 4264 quando
843 4192 1025 4249 brevis
1053 4192 1266 4265 legitur,
1297 4190 1498 4262 poterit
1517 4191 1765 4247 introire.

187 4284 384 4356 Siquis
408 4284 646 4341 calidum
689 4296 874 4355 potum
923 4284 1038 4339 vult
1074 4286 1283 4339 usitare
1330 4282 1397 4336 ad
1442 4282 1766 4338 charitatem

188 4376 510 4443 collationis,
559 4379 759 4448 poterit
790 4377 1001 4444 ~facere
1045 4370 1105 4430 in
1147 4372 1277 4431 loco
1313 4389 1445 4444 suo,
1503 4375 1668 4430 etiam
1715 4383 1770 4428 et

189 4472 359 4539 pueri,
389 4472 556 4526 etiam
591 4471 636 4526 si
675 4470 727 4524 in
758 4464 912 4525 feria
953 4479 1107 4524 sexta
1156 4484 1214 4523 se
1255 4467 1452 4522 radunt
1490 4468 1769 4522 similiter-

190 4577 310 4631 que.
364 4559 621 4619 Scutclla:
672 4576 799 4615 cum
832 4559 941 4614 ullo
979 4559 1102 4615 cibo
1151 4573 1257 4613 non
1295 4558 1580 4612 mittantur
1607 4572 1769 4628 super

190 4656 463 4723 mantiles,
494 4655 597 4711 nisi
622 4655 838 4726 quando
866 4650 1138 4726 cooperta!
1167 4652 1359 4709 fuerint
1388 4650 1602 4706 tabulae.
1634 4648 1768 4704 Cum

188 4746 381 4818 aliquis
418 4746 633 4821 nuntiat
667 4745 850 4802 fideles
886 4743 1162 4802 orationes
1187 4760 1251 4800 ex
1283 4742 1436 4814 parte
1463 4742 1643 4798 domni
1676 4740 1771 4797 ah-

190 4845 349 4910 batis,
379 4844 472 4899 alii
503 4830 833 4899 descendant
860 4842 926 4897 de
955 4841 1070 4897 suis
1100 4838 1475 4909 suppetlaneis,
1507 4845 1564 4892 et
1588 4844 1797 4907 petant.

192 4935 434 5003 veniam;
471 4934 587 5007 ipse
634 4950 743 4990 non
779 4933 1073 4989 descendat
1102 4932 1192 5003 qui
1226 4930 1439 4986 nuntiat
1484 4922 1585 4984 nec
1625 4937 1775 4999 petat

192 5030 429 5096 veniam,
458 5031 553 5087 sed
581 5028 803 5101 supplex
833 5028 977 5084 dicat
1009 5028 1164 5082 illas:
1198 5042 1293 5097 per
1318 5041 1474 5081 nsum
1503 5038 1632 5080 vero
1656 5017 1774 5077 nul-

192 5122 274 5178 lus
326 5123 607 5180 descendit
671 5124 737 5178 de
788 5120 1043 5193 pedaneis
1091 5134 1190 5189 pro
1235 5119 1343 5174 ullo
1395 5116 1616 5182 nuntio,
1668 5114 1772 5170 nisi

192 5218 408 5287 quando
435 5216 876 5290 pronuntiabitur
910 5214 1177 5269 Nativitas
1206 5212 1413 5268 Domini
1446 5211 1616 5267 nostri
1646 5210 1773 5265 Jesu

192 5309 421 5377 Christi,
468 5323 524 5368 et
568 5312 624 5386 in
655 5309 1083 5368 Annuntiatione
1125 5308 1337 5363 Domini
1391 5321 1553 5376 super
1599 5318 1773 5376 genua
1810 5383 1818 5389 ο

264 5489 381 5560 (55)
424 5488 547 5545 “me
580 5487 827 5559 suppleta
855 5495 993 5560 sunt
1019 5501 1086 5560 ei;
1123 5499 1227 5540 ms.
1258 5483 1525 5560 Farfensi.

287 5553 382 5627 56)
421 5553 860 5631 Suppedaneum,
883 5554 1167 5612 scabellum
1203 5557 1610 5625 suppedaneum.
1644 5553 1775 5612 Vide

194 5630 550 5771 Μιῖξίδηῦῗω
598 5699 909 5771 parenthesi
935 5696 1144 5771 inclusa
1193 5706 1338 5765 sunt,
1392 5695 1583 5771 altera_
1613 5710 1774 5771 manu

198 5767 673 5839 longe’recetitiori
704 5770 1009 5840 conscripta
1051 5768 1271 5824 fuerunt
1318 5786 1329 5821 :
1367 5783 1540 5837 eaque
1568 5768 1623 5823 in
1655 5767 1776 5822 aliis

1870 3284 2082 3339 Domini
2133 3284 2185 3339 in
2226 3285 2461 3357 aliquam
2510 3293 2745 3354 partem.
2784 3283 2926 3339 Puer
2954 3283 3046 3353 qui
3075 3282 3130 3337 in
3161 3288 3349 3336 testate
3379 3279 3460 3335 le-

1856 3375 2103 3447 fctionem
2132 3374 2351 3430 brevem
2382 3359 2697 3430 menioriter
2720 3374 2849 3444 legit
2868 3374 2935 3428 ad
2957 3380 3277 3435 nocturnos,
3308 3370 3458 3424 dicto

1870 3463 1947 3517 Tu
1986 3475 2163 3519 autem
2204 3462 2449 3529 Domine,
2495 3472 2621 3519 ante
2665 3471 2721 3518 et
2764 3472 2912 3518 retro
2950 3463 3135 3517 faciat.
3181 3460 3334 3518 Alius
3360 3459 3455 3529 qui

1860 3553 2013 3625 juxta
2044 3572 2167 3611 eum
2193 3564 2278 3610 est
2308 3555 2451 3610 dicat
2474 3570 2619 3625 resp.
2648 3553 2884 3609 Juvenes
2912 3553 3109 3610 fratres
3136 3552 3231 3623 qui
3253 3561 3457 3606 exeunt

1867 3647 1934 3701 de
1961 3645 2144 3701 schola
2175 3655 2297 3716 post
2327 3645 2598 3715 depositas
2648 3645 2798 3700 albas
2850 3660 2957 3700 non
2996 3651 3328 3713 praesumant
3382 3642 3456 3700 le-

1834 3734 1847 3824 ;
1867 3754 1993 3810 gere
2023 3738 2105 3794 vel
2126 3748 2370 3803 cantare,
2397 3728 2499 3793 nisi
2531 3752 2594 3792 ex
2626 3745 2896 3808 praecepto
2924 3724 3155 3792 abbatis.
3180 3734 3372 3791 Frater
3399 3735 3456 3793 in

1868 3846 1963 3884 sua
1998 3831 2226 3895 cuculla,
2269 3830 2352 3885 vel
2397 3831 2451 3885 in
2491 3829 2594 3885 alia
2626 3838 2797 3893 veste,
2833 3845 2955 3899 quae
2992 3844 3157 3899 super
3184 3826 3452 3884 cucullam

1870 3917 2130 3989 induitur,
2158 3931 2335 3992 potest
2363 3931 2574 3978 mutare
2603 3937 2699 3977 sua
2727 3922 3071 3985 vestimenta,
3100 3921 3458 3989 similiterque

1871 4015 1922 4069 in
1951 4016 2159 4071 cuculla
2181 4024 2235 4073 et
2260 4016 2509 4087 pellicula
2531 4015 2667 4090 (58),
2692 4016 2744 4070 ἰη
2770 4014 2883 4070 sola
2914 4014 3124 4070 cuculla
3156 4030 3263 4068 non
3292 4012 3459 4068 debet

1848 4096 2074 4165 facere.
2542 4094 2563 4113 ⁷³

1942 4199 2167 4265 Quando
2182 4199 2571 4269 fraterjuvenis
2596 4201 2723 4272 legit
2744 4200 2811 4255 ad
2830 4212 3094 4264 mensam,
3114 4195 3239 4251 dum
3256 4195 3461 4253 ﬁnierit

1873 4289 2156 4344 lectionem
2200 4290 2255 4345 in
2285 4291 2562 4347 cellarium
2594 4299 2704 4355 eat,
2749 4298 2805 4344 et
2858 4289 2920 4344 ﬁt
2961 4303 3085 4344 cum
3115 4286 3330 4342 silentio
3361 4303 3374 4341 :
3410 4288 3455 4342 si

1872 4379 1938 4434 de
1966 4379 2279 4450 majoribus,
2310 4383 2383 4435 sit
2410 4380 2463 4434 in
2492 4378 2750 4450 coquina,
2790 4378 2874 4433 vel
2920 4379 2974 4434 in
3008 4377 3379 4448 promptuario
3409 4377 3458 4432 si

1873 4468 2021 4524 velit.
2060 4469 2204 4524 Puer
2236 4485 2363 4524 vero
2388 4478 2608 4541 peracta
2664 4469 2896 4526 lectione
2931 4467 3125 4523 deinde
3150 4469 3460 4523 reverentia

1872 4558 2014 4614 facta
2064 4569 2191 4614 ante
2249 4576 2491 4615 mensam
2555 4561 2628 4616 ibi
2680 4567 2998 4632 permaneat
3054 4568 3182 4616 ante
3232 4558 3461 4629 gradum

1874 4666 2043 4721 usque
2062 4651 2188 4705 dum
2212 4648 2303 4706 alii
2328 4642 2573 4723 Surgam,
2599 4660 2653 4707 et
2681 4660 2871 4723 pergat
2893 4667 3017 4707 cum
3049 4650 3183 4721 ipsis
3210 4649 3262 4703 in
3288 4647 3461 4704 eccle-

1873 4742 2009 4797 siam
2044 4759 2059 4796 :
2094 4743 2339 4797 oratione
2371 4743 2520 4796 ﬁnita
2568 4752 2658 4799 eat
2710 4758 2834 4798 cum
2887 4741 3006 4797 aliis
3056 4739 3354 4796 infantibus
3403 4748 3463 4819 et
3502 4732 3503 4735 “

1873 4832 2135 4904 magistro
2164 4833 2231 4888 ad
2265 4834 2553 4888 edendum.
2587 4832 3055 4889 Hebdomadarius
3088 4831 3336 4901 coquina:
3362 4843 3463 4901 po-

1876 4935 1981 4980 test
2013 4926 2326 4981 ministrare
2347 4941 2472 4981 cum
2510 4925 2761 4996 pelliculo
2787 4926 2907 4981 sine
2942 4925 3193 4990 manicis,
3219 4922 3303 4977 vel
3332 4936 3458 4999 cum

1875 5019 2105 5075 manicis
2140 5019 2183 5075 si
2214 5017 2449 5091 desuper
2488 5019 2725 5075 induerit
2766 5018 2971 5075 bracile
3017 5017 3154 5086 (59).
3178 5015 3463 5093 -Exeuntes

1873 5111 2025 5183 pueri
2063 5113 2129 5165 de
2162 5111 2398 5181 capitulo
2441 5113 2483 5167 si
2541 5111 2736 5166 fratres
2792 5110 3082 5179 loquuntur
3112 5109 3163 5162 in
3195 5107 3459 5170 claustro.

1877 5206 1984 5261 alte
2026 5206 2170 5261 dicat
2216 5221 2357 5262 unus
2395 5222 2462 5263 ex
2503 5206 2604 5271 eis,
2651 5205 2740 5274 qui
2769 5204 2954 5275 junior
2982 5211 3106 5256 est:
3141 5199 3459 5262 Benedicite,

1877 5296 2140 5354 Similiter
2159 5307 2502 5379 postponam
2532 5297 2583 5351 in
2608 5304 2815 5360 aestate,
2838 5293 3137 5365 eademque
3157 5289 3328 5349 faciat
3352 5288 3462 5349 illis

1876 5491 2005 5530 mss.
2038 5490 2142 5530 non
2174 5475 2461 5530 habentur.

1947 5546 2058 5617 (58)
2100 5544 2354 5600 Pellicula
2389 5545 2526 5617 idem
2560 5543 2706 5617 quod
2736 5542 2955 5616 pellitia,
2987 5554 3080 5597 seu
3121 5535 3455 5610 pellicea,in-

1876 5615 2190 5671 dutncnttlut
2221 5618 2363 5685 quod
2392 5616 2458 5668 de
2489 5615 2716 5685 pellibus
2738 5615 2822 5669 lit.
2998 5684 3001 5685 ν
3435 5622 3439 5626 ’

1949 5687 2062 5757 (59)
2098 5684 2308 5740 Brucile
2332 5688 2471 5742 idem
2492 5684 2586 5743 hic
2605 5686 2746 5756 quod
2770 5684 3053 5751 brachiale,
3082 5686 3460 5760 ornamentum

1876 5757 2246 5814 brachiorum.
3005 5763 3035 5770 ~-

1918 5772 2246 5813 τορυιοτιηιι.
