3864 6314
439 374 583 429 1265

442 481 805 553 tempnribus,
850 479 1047 550 quibus
1089 473 1317 531 mixtum
1362 468 1632 540 accipitur
1678 470 1798 535 post
1828 462 2045 516 tertiam

436 575 489 632 si
523 576 824 643 loquuntur
852 572 903 625 in
932 564 1190 624 clabstro.
1230 564 1535 620 Novissime
1564 568 1761 627 exeant
1788 557 1851 611 ad
1892 553 2039 626 capi-

428 661 617 721 'tulum
640 663 805 733 primi
840 671 890 715 et
917 668 1043 732 post
1071 673 1272 714 nonam
1317 654 1399 710 vel
1427 653 1792 709 collationem.
1823 647 1880 701 In
1909 647 2043 701 duo-

433 757 618 813 vdccim
654 755 976 811 lectionibus
1017 753 1159 825 quod
1196 750 1424 823 populus
1458 764 1563 802 non
1597 745 1858 805 celebrat,
1914 757 2043 812 pos-

434 859 575 903 sunt
605 846 802 902 fratres
839 846 1163 901 vestimenta
1215 853 1378 912 atque
1420 837 1779 897 calciamenta
1827 833 2042 889 deferre

436 958 495 995 tn
530 940 828 996 claustrum
859 938 926 992 ad
958 935 1352 992 meliorandum
1384 933 1436 988 in
1468 932 1733 995 sabbato;
1786 928 1878 983 sed
1925 926 2042 995 ipsa

436 1031 526 1087 die
553 1040 677 1086 ante
707 1044 993 1099 vesperum
1016 1027 1320 1083 sustollant.
1347 1023 1682 1093 Quotidianis
1703 1035 1833 1075 vero
1855 1019 2045 1072 diebus

441 1121 737 1188 eademque
768 1119 989 1174 faciant.
1023 1119 1079 1173 lu
1112 1119 1241 1187 ipsis
1274 1113 1667 1171 festivitatibus
1712 1106 2043 1181 supradictis

432 1208 737 1280 Scriptores
766 1218 989 1279 possunt
1019 1209 1288 1275 scribere,
1318 1205 1532 1263 etiamsi
1566 1205 1625 1259 in
1658 1202 1846 1272 cappis
1876 1197 2042 1253 fuerit

440 1300 733 1354 celebrata.
762 1300 819 1355 lu
850 1299 1099 1355 maximis
1123 1298 1324 1371 quippe
1355 1294 1753 1352 festivitatibus
1778 1301 1833 1348 et
1862 1290 2044 1345 Domi-

440 1394 579 1449 :.icis
611 1393 822 1457 diebus,
853 1408 954 1448 nec
985 1393 1120 1462 ipsis
1150 1400 1234 1447 cst
1284 1389 1657 1453 scribendum,
1698 1401 1801 1441 nec
1843 1384 2042 1438 fratres

432 1492 646 1553 ponant
671 1482 1015 1537 vestimenta.
1048 1481 1177 1537 Post
1222 1479 1639 1548 completorinm
1689 1475 1869 1529 nullus
1901 1473 2043 1543 legat

429 1573 498 1627 in
529 1581 704 1627 strato
736 1587 855 1635 suo,
886 1587 987 1625 nec
1012 1572 1196 1641 egredi
1222 1571 1287 1625 de
1319 1567 1638 1623 dormitorio
1666 1566 1717 1618 in
1743 1564 2040 1617 claustrum

442 1669 767 1731 praesumat;
792 1660 1042 1715 similiter
1062 1659 1395 1730 temporibus
1412 1655 1727 1712 meridianis
1750 1664 2040 1721 antequam

444 1753 603 1808 scilla
635 1760 797 1808 sonet
830 1769 847 1806 :
890 1767 1014 1806 nam
1062 1753 1205 1807 inter
1232 1751 1404 1819 ipsam
1460 1746 1815 1802 meridianam
1854 1745 1921 1798 de
1951 1756 2039 1797 se—

446 1847 699 1901 nioribus
725 1848 819 1917 qui
865 1846 1099 1902 voluerit
1129 1843 1330 1914 legere,
1372 1841 1537 1910 legat.
1566 1838 1821 1895 Juniores
1851 1821 2049 1891 fratres

447 1945 507 1991 et
537 1937 773 1994 infantes
795 1952 1139 2008 nequaquam
1164 1937 1266 1990 boc
1288 1943 1640 2005 praesumant.
1672 1930 1730 1985 lu
1757 1930 1888 1999 ipsis
1914 1938 2047 1983 tem-

450 2033 678 2104 poribus
707 2033 799 2102 qui
825 2031 942 2087 vult
976 2046 1035 2086 se
1065 2029 1350 2099 cooperire
1393 2029 1462 2082 de
1509 2025 1722 2096 pellicia
1753 2038 1849 2079 sua
1872 2022 1955 2077 vel
1982 2022 2048 2075 de

453 2125 693 2190 cuculla,
719 2124 912 2189 faciat;
943 2123 1037 2178 sed
1058 2121 1241 2176 videat
1262 2135 1330 2175 ne
1350 2135 1409 2176 se
1430 2134 1551 2174 cum
1575 2116 1771 2172 calceis
1794 2114 2044 2170 collocet.

446 2212 692 2272 Iuvenes
727 2223 893 2285 atque
923 2213 1156 2269 infantes
1200 2210 1361 2267 sicuti
1403 2210 1471 2266 de
1507 2218 1689 2274 nocte,
1723 2207 1796 2261 ita
1830 2221 1899 2261 ex
1936 2214 2048 2260 toto

448 2322 510 2363 se
561 2306 877 2378 coaptitent.
908 2305 1143 2361 Juvenes
1170 2304 1368 2358 fratres
1395 2317 1501 2357 non
1524 2309 1719 2356 exeant
1749 2300 1816 2354 de
1846 2297 2050 2355 donni-

449 2399 591 2454 torin
617 2409 907 2469 antequam
941 2398 1091 2469 pueri
1120 2405 1368 2468 surgant.
1398 2395 1527 2450 Post
1558 2394 1683 2449 hinc
1711 2393 1839 2447 dum
1866 2394 2047 2449 infan-

434 2501 534 2544 tes
576 2489 837 2557 exierint,
895 2497 1023 2543 eant
1072 2497 1126 2541 et
1163 2487 1263 2556 ipsi
1303 2502 1429 2542 cum
1460 2500 1558 2540 sua
1598 2483 1879 2549 custodia;
1930 2484 2050 2541 sine

447 2580 699 2635 custodia
747 2594 875 2635 vero
923 2594 1031 2634 non
1077 2586 1411 2649 praesumant
1462 2591 1738 2647 quoquam
1791 2575 2048 2642 transire,

448 2673 613 2726 etiam
653 2671 707 2726 in
738 2670 993 2737 ecclesia,
1026 2669 1246 2740 quando
1282 2668 1470 2723 volunt
1502 2668 1753 2738 accipere
1784 2666 2049 2722 Eucltari-

449 2765 633 2818 stiam.
660 2763 718 2818 In
744 2762 984 2818 claustro
1008 2762 1161 2837 juxta
1180 2777 1335 2816 suam
1360 2760 1662 2816 custodiam
1682 2759 1871 2814 sedeat
1892 2775 2050 2815 unus-

451 2856 711 2927 quisque.
754 2854 812 2910 ln
855 2855 1178 2909 dormitorio
1216 2869 1346 2909 vero
1386 2852 1544 2923 juxta
1595 2854 1937 2924 magistrum,
1967 2853 2051 2906 vel

450 2956 616 3002 antea
664 2947 903 3002 habeant
944 2945 1102 3001 lecta.
1153 2945 1381 3012 Quando
1418 2939 1838 3014 septimanar'ius
1885 2943 2050 2999 fuerit

449 3038 567 3106 ipse
599 3037 819 3107 juvenis
856 3036 1205 3101 fraternum
1246 3052 1345 3093 suo
1375 3038 1636 3108 magistro
1678 3046 1858 3107 potest
1898 3037 2049 3092 exire

449 3130 518 3183 de
539 3126 860 3183 dormitorio
891 3138 1019 3182 ante
1046 3128 1305 3192 infantes,
1344 3139 1399 3182 et
1424 3138 1547 3196 post
1572 3129 1751 3183 trinas
1770 3129 2048 3183 orationes

1496 347 1823 411 GUIDONS
1854 341 2151 401 ABBATIS
2193 331 2575 393 FAltFENSlS

3553 328 3650 388 mf

2225 451 2282 506 In
2325 446 2576 503 maximis
2617 441 3005 500 festivitatibus
3073 438 3345 497 duodecim
3394 440 3658 498 candelabra

2146 542 2255 597 sint
2301 550 2427 592 ante
2478 536 2650 590 altare
2697 534 2892 602 majus,
2939 532 3008 586 ad
3065 528 3351 586 matutinas
3399 527 3588 599 laudes,
3622 556 3644 589 ε

2146 637 2368 689 missam
2403 639 2459 685 et
2497 643 2804 698 veSperam,
2851 624 2972 682 aliis
2999 623 3147 679 boris
3187 632 3245 678 ut
3288 636 3460 693 supra.
3489 621 3659 689 Quandt

2146 741 2311 779 unum
2359 721 2610 793 quodque
2658 733 2802 789 resp.
2842 731 2872 770 a
2917 715 3129 770 duobus
3177 711 3428 767 fratribus
3470 721 3665 765 cantatur

2148 818 2216 872 ad
2246 817 2542 869 matutinos
2567 852 2582 878 ,
2626 826 2733 864 una
2773 809 2885 862 sola
2917 805 3140 861 collecta
3176 805 3242 859 ad
3269 803 3474 858 missam
3498 802 3663 859 matuti-

2146 909 2319 964 nalem
2350 907 2572 970 dicitur,
2606 914 2659 958 et
2698 902 2750 955 in
2788 900 2919 971 ipsis
2964 898 3154 953 diebus
3201 912 3307 950 non
3350 905 3582 959 cantatur,
3606 895 3661 948 Ad

2145 1000 2451 1063 Dominum,
2478 1013 2597 1051 cum
2629 992 2933 1058 tribularer,
2962 1006 3060 1061 pro
3086 988 3354 1044 defunctis
3374 990 3433 1041 ad
3456 989 3601 1041 hens.
3624 987 3665 1041 Si

2151 1093 2412 1162 magister
2443 1102 2641 1159 pueros
2689 1086 2856 1140 mittit
2902 1084 2954 1138 in
2995 1081 3282 1152 judicium,
3328 1093 3426 1133 non
3469 1078 3664 1132 delietad

2150 1186 2314 1239 alium
2343 1181 2648 1251 pertinere,
2681 1178 2785 1233 nisi
2816 1178 2883 1232 ad
2922 1176 3075 1231 illum
3113 1174 3204 1246 qui
3262 1172 3491 1227 ordinem
3521 1180 3664 1224 tract:

2147 1276 2193 1332 si
2225 1276 2423 1329 bonum
2454 1270 2667 1326 videtur
2716 1277 2780 1324 ut
2827 1266 3177 1332 absolvatur,
3221 1263 3427 1336 signum
3469 1263 3668 1332 magistro

2149 1366 2340 1432 faciat,
2368 1374 2425 1418 ut
2450 1363 2786 1417 absolvatur.
2821 1358 3089 1415 Sacerdos
3114 1373 3220 1412 non
3257 1364 3401 1426 petat
3429 1355 3600 1409 veniam
3620 1357 3667 1407 ad

2146 1459 2545 1516 confessionem
2583 1455 2778 1508 leritzc.
2806 1453 2988 1508 Abbas
3030 1452 3144 1506 sive
3185 1450 3485 1505 sacerdotes
3510 1460 3668 1515 εειιιςσ

2146 1549 2573 1606 satisfactionem
2615 1547 2754 1600 inter
2802 1560 2859 1599 se
2905 1542 3112 1597 faciant
3160 1542 3373 1612 quando
3408 1540 3498 1593 boc
3533 1548 3668 1607 agunt.

2146 1644 2302 1701 Omni
2337 1655 2568 1712 namque
2602 1650 2845 1709 tempore
2893 1636 3115 1706 quando
3154 1637 3205 1689 lit
3256 1630 3595 1691 intervallum,
3621 1634 3668 1682 at

2151 1736 2415 1792 lectiones
2461 1732 2788 1788 vacandum.
2833 1729 3063 1784 Tamdiu
3106 1728 3267 1781 debet
3318 1725 3476 1779 teneri
3516 1723 3668 1792 signum

2080 1840 2126 1900 Β
2155 1830 2222 1883 ad
2254 1830 2520 1899 primam,
2550 1834 2832 1895 quousque
2862 1821 3186 1877 conveniant
3216 1833 3424 1881 omnes,
3453 1824 3671 1883 utsepteni

2123 1934 2127 1941 '
2150 1920 2392 1992 psalmos
2415 1919 2707 1973 decantare
2733 1914 2945 1986 possint
2968 1912 3235 1975 inclinati,
3260 1921 3315 1966 et
3338 1910 3472 1965 facto
3488 1910 3608 1977 signo
3626 1909 3672 1960 ab

2151 2012 2347 2066 abbate
2383 2009 2748 2073 dimittantur,
2787 2015 2841 2062 et
2878 2007 3010 2060 liora
3040 2004 3347 2059 inchoatur.
3377 2002 3450 2056 Ad
3482 1999 3673 2063 leniam,

2149 2103 2265 2158 sive
2307 2112 2515 2158 sextam
2566 2099 2651 2155 vel
2696 2114 2893 2154 nouam
2939 2096 3146 2152 tamdiu
3197 2104 3380 2150 teneat
3421 2094 3675 2149 secretaria:

2153 2193 2452 2249 secundum
2481 2192 2717 2263 signum,
2752 2205 3038 2262 quousque
3064 2188 3235 2243 abbas
3264 2187 3439 2242 veniat
3474 2186 3517 2237 in
3539 2185 3674 2239 ebore.

2149 2285 2216 2341 Et
2243 2287 2285 2341 si
2308 2287 2475 2341 abbas
2502 2285 2677 2350 deest,
2711 2299 2815 2338 non
2846 2292 2931 2337 est
2964 2280 3186 2336 necesse
3214 2288 3531 2347 exspectare.
3559 2277 3677 2330 Sct'a

2122 2392 2127 2397 ‘
2154 2381 2287 2434 bora
2321 2388 2572 2433 teneatur
2594 2375 2893 2432 secundum
2917 2375 3130 2445 signum
3161 2387 3337 2441 usque
3365 2370 3479 2423 dum
3504 2368 3675 2421 dicatur.

2152 2472 2293 2527 Deus
2318 2473 2631 2525 misereatur
2686 2469 2767 2523 Ad
2807 2482 3007 2522 nonam
3050 2464 3387 2534 temporibus
3436 2458 3679 2515 meridiane

2150 2573 2332 2619 teneat
2357 2562 2564 2618 scillam
2598 2569 2807 2615 tantum
2846 2573 3148 2631 quousque,
3177 2554 3427 2609 Miserere
3451 2553 3554 2615 mei,
3580 2547 3676 2601 Dm

2152 2659 2394 2715 finiatur.
2449 2656 2529 2712 Ad
2571 2669 2856 2724 vesperum
2905 2652 2985 2706 ad‘
3048 2649 3467 2719 unumquodque
3524 2644 3680 2713 signum

2150 2766 2272 2805 eum
2302 2749 2552 2821 pulsatur
2590 2746 2781 2801 tandiu
2816 2743 3190 2814 protendatur,
3216 2749 3279 2794 ut
3304 2739 3435 2793 Dens
3456 2738 3504 2789 in
3527 2734 3680 2802 adjuto-

2152 2844 2289 2896 rium
2317 2858 2487 2896 meum
2519 2848 2822 2910 promatur.
2853 2836 2932 2890 Ad
2965 2834 3332 2891 secretarium
3372 2848 3470 2886 non
3509 2826 3681 2898 pertinet

2123 2949 2127 2953 '
2153 2936 2219 2990 de
2246 2935 2408 2988 missa
2439 2934 2735 3001 llOSpilllm,
2768 2929 2862 2985 sed
2893 2929 3062 2982 frater
3092 2926 3357 2981 ostiarius
3384 2923 3527 2977 debet
3546 2931 3680 2972 curata

2150 3028 2377 3093 habere,
2410 3036 2466 3080 et
2496 3025 2606 3091 illi,
2635 3024 2725 3094 qui
2774 3030 2920 3076 tenet
2945 3021 3189 3075 ordinem
3219 3019 3503 3079 dicere,nt
3531 3011 3602 3065 tali
3628 3010 3683 3062 iu-

2146 3118 2365 3189 jungat,
2396 3118 2489 3187 qui
2515 3117 2803 3187 diligenter
2834 3113 3005 3183 possit
3035 3110 3287 3181 implere.
3332 3107 3482 3163 Pueri
3506 3116 3685 3170 nanum

2076 458 2122 515 Α

449 3215 713 3272 inchoare
759 3231 913 3270 suam
964 3217 1358 3272 obedientiam.
1401 3217 1458 3271 Si
1504 3232 1631 3271 vero
1658 3232 1779 3271 cum
1814 3217 1934 3271 aliis
1978 3234 2045 3272 ex
2074 3219 2114 3277 C
2149 3209 2215 3264 ad
2248 3210 2468 3265 missam
2500 3208 2886 3263 Illallllinﬂleln
2908 3246 2923 3269 9
2957 3218 3077 3275 quae
3112 3211 3369 3257 εθιιιῖιιιιτ
3403 3199 3464 3255 ad
3500 3205 3683 3252 ⁸³¹¹ε¹³¹¹¹

451 3302 720 3360 fratribus
765 3302 951 3371 fuerit,
995 3320 1103 3359 non
1148 3314 1307 3361 exeat
1348 3306 1457 3361 ullo
1489 3308 1668 3371 modo,
1711 3306 1885 3362 donec
1930 3304 2047 3374 ejus

450 3393 701 3447 custodia
752 3394 1042 3461 excitetur,
1089 3403 1145 3448 et
1203 3394 1408 3465 pariter
1454 3409 1579 3450 cum
1646 3410 1711 3450 eo
1766 3405 1954 3465 surgat
1996 3406 2051 3452 et

454 3486 637 3541 abluat
682 3501 874 3541 manus
925 3496 1086 3557 atque
1144 3486 1374 3554 faciem;
1428 3498 1484 3543 et
1538 3498 1720 3543 ternas
1771 3492 2052 3545 orationes

453 3587 640 3648 agant.
672 3577 881 3632 Exinde
909 3577 1136 3633 redeant
1182 3580 1238 3633 in
1276 3580 1531 3648 coquina,
1560 3589 1613 3633 et
1639 3581 1876 3635 dimittat
1902 3581 2047 3653 [eum

454 3668 747 3741 magister]
794 3668 868 3724 ibi
922 3671 1022 3727 sub
1068 3672 1314 3749 custodia
1352 3687 1416 3727 ex
1449 3673 1535 3729 bis
1564 3674 1679 3740 uni,
1722 3674 1956 3744 qualiter
1999 3675 2050 3730 ei

455 3760 630 3813 vi‘sum
664 3758 850 3815 fuerit.

522 3848 580 3903 In
614 3851 906 3921 praecipuis
936 3847 1357 3918 festivitatibus,
1399 3853 1445 3908 si
1473 3853 1643 3909 abbas
1674 3853 1853 3918 deest,
1883 3855 2049 3911 missa

452 3952 562 3993 non
586 3939 840 4008 pertinet,
856 3950 913 3994 ut
939 3955 1057 3995 eam
1086 3941 1224 3997 nllus
1244 3951 1426 3997 cantet
1448 3943 1549 4000 nisi
1577 3944 2048 4002 bebdomadarius.

435 4030 562 4086 'Sed
594 4041 773 4087 tamen
800 4034 1099 4103 praevideat
1125 4036 1417 4101 armarius,
1446 4044 1505 4090 ut
1532 4052 1638 4093 non
1670 4053 1769 4108 per
1798 4038 2047 4094 ordinem

455 4121 507 4175 in
538 4122 760 4178 brevem
789 4124 993 4191 mittat,
1018 4125 1111 4179 sed
1146 4124 1307 4179 talem
1339 4127 1433 4196 qui
1460 4127 1668 4182 utiliter
1696 4128 1800 4183 scit
1822 4130 1933 4184 ‘boc
1965 4129 2049 4184 di-

450 4213 637 4269 vinum
682 4230 864 4285 agere.
906 4215 1137 4283 Quando
1178 4216 1286 4270 duo
1336 4215 1609 4272 tburibula
1654 4228 1779 4273 sunt
1830 4219 1880 4272 in
1921 4220 2052 4289 ipsis

450 4307 637 4377 festis,
670 4308 840 4364 abbas
864 4308 1106 4363 induitur
1132 4311 1198 4363 ad
1230 4324 1394 4362 unum
1415 4349 1434 4375 ,
1481 4308 1651 4364 frater
1687 4310 2050 4366 hebdomada-

452 4399 563 4454 rius
594 4400 659 4454 ad
692 4399 859 4455 aliud.
893 4398 952 4456 Si
988 4401 1158 4456 abbas
1183 4399 1348 4455 fuerit
1375 4402 1862 4469 bebdomadarius,
1891 4419 2047 4460 reve-

450 4493 647 4548 stiatur
678 4502 731 4549 et
763 4509 906 4549 unus
930 4504 997 4550 ex
1037 4495 1319 4562 fratribus,
1353 4495 1439 4550 eui
1472 4486 1800 4551 secretarius
1840 4511 2046 4553 annue-

449 4586 541 4639 rit.
581 4586 810 4662 Quando
850 4586 1022 4643 abbas
1064 4588 1282 4643 indutus
1327 4586 1494 4644 fuerit
1548 4589 1616 4645 ad
1660 4590 1933 4645 canticum
1979 4590 2046 4646 de

448 4679 753 4750 evangelio,
783 4690 839 4734 et
863 4680 1319 4736 bebdomadarius
1341 4697 1409 4737 ex
1440 4680 1546 4737 alia
1573 4691 1732 4753 parte
1754 4683 2047 4754 (armarins

449 4769 649 4839 quippe
688 4769 849 4824 debet
879 4769 1125 4825 invenire
1171 4770 1457 4828 collectam
1500 4781 1557 4828 et
1581 4773 1795 4844 signum
1820 4774 2043 4843 ponere)

448 4857 908 4913 ltebdomatlarius
954 4859 1121 4914 frater
1146 4861 1240 4931 qui
1284 4862 1573 4918 revestitus
1601 4873 1680 4917 est
1724 4872 1902 4918 teneat
1934 4862 2047 4918 col-

448 4948 752 5005 lcctanetnn
787 4950 900 5023 (60)
930 4960 1052 5005 ante
1100 4952 1378 5023 abbatem,
1408 4954 1455 5010 si
1503 4954 1552 5011 ei
1608 4954 1957 5025 permiserit;
1995 4954 2036 5013 si

444 5055 577 5098 vero
620 5057 725 5097 non
748 5085 762 5110 ,
796 5059 937 5098 unus
959 5058 1026 5098 ex
1056 5042 1342 5114 juvenibus
1374 5045 1465 5115 qui
1502 5052 1648 5101 Stant
1677 5046 1743 5100 ad
1774 5044 2046 5114 formam,

436 5142 631 5191 ‘teneat
675 5138 746 5191 ei.
799 5136 855 5191 Si
905 5136 1073 5191 abbas
1105 5136 1324 5192 indutus
1368 5136 1530 5192 fuerit
1578 5137 1756 5202 solus,
1798 5155 1937 5194 unus
1977 5154 2044 5193 ex

432 5228 731 5301 juvenibus
778 5225 1041 5283 fratribus
1098 5226 1291 5283 faciat.
1340 5228 1399 5283 Si
1448 5228 1730 5285 duodecim
1781 5228 2044 5285 lectiones

434 5314 653 5375 'faciunt
678 5317 895 5385 fratres,
923 5318 1060 5374 feria
1087 5327 1281 5389 quarta
1317 5319 1475 5389 pueri
1501 5334 1608 5375 non
1643 5318 1824 5376 lavent
1867 5322 2044 5394 capita

442 5424 548 5466 nec
582 5409 975 5468 calceamenta.
1008 5410 1067 5467 ln
1111 5410 1499 5468 festivitatibus
1539 5412 1734 5483 quibus
1770 5424 2044 5470 monaste-

443 5501 586 5557 rium
635 5511 809 5559 totum
860 5512 945 5559 est
975 5512 1229 5560 ornatum
1248 5546 1262 5571 ,
1294 5504 1379 5561 vel
1429 5505 1712 5560 dimidium
1735 5546 1752 5572 ,
1782 5504 1852 5560 ad
1880 5507 2042 5563 horas

446 5593 723 5664 regulares
745 5605 853 5651 tres
876 5596 1113 5652 candela:
1139 5597 1364 5653 ardeant
1386 5609 1513 5654 ante
1534 5598 1727 5654 altare.
1748 5597 1853 5655 Pro
1878 5600 2040 5655 missa

442 5685 653 5754 majore
679 5687 858 5741 omnia
887 5686 1038 5757 signa
1067 5688 1370 5756 pulsentur.

520 5818 635 5889 t60)
662 5817 1026 5877 Collectaneur
1050 5861 1067 5892 ,
1112 5811 1258 5882 uber
1295 5804 1492 5884 ec‘c'les.
1537 5825 1594 5885 in
1642 5841 1750 5897 quo
1780 5826 2052 5897 collectae,

2150 3318 2367 3357 erucem
2414 3317 2520 3356 non
2568 3309 2795 3372 pergant
2836 3297 2907 3353 ibi
2960 3298 3027 3351 ad
3070 3295 3419 3350 serviendum
3455 3286 3682 3345 sacerdmi.

2151 3398 2243 3450 sed
2291 3394 2575 3450 secretarii
2630 3393 3011 3447 administrent
3046 3389 3122 3444 illi
3166 3386 3427 3457 quidquid
3455 3391 3686 3451 congrum!

2150 3496 2233 3542 est
2253 3502 2373 3541 cum
2402 3486 2588 3541 levita.
2612 3484 2730 3540 Non
2767 3484 3141 3554 disciplinabit
3172 3482 3435 3552 magister
3459 3489 3619 3547 pueros
3648 3472 3685 3524 ir

2150 3578 2319 3633 choro
2348 3576 2395 3632 si
2437 3577 2666 3631 domnus
2697 3576 2868 3630 abbas
2913 3573 3127 3628 affuerit
3169 3581 3268 3626 aut
3310 3572 3453 3641 prior
3488 3583 3501 3621 :
3534 3579 3613 3619 nec
3639 3560 3685 3614 de

2150 3668 2455 3747 illolcboro,
2482 3668 2533 3722 in
2562 3683 2667 3737 quo
2692 3675 2821 3730 stat,
2849 3666 2939 3735 qui
2966 3665 3212 3720 ordinem
3242 3673 3409 3720 tenet.
3439 3660 3492 3713 Si
3513 3658 3686 3712 domum

2151 3744 2325 3816 abbas
2350 3776 2458 3815 non
2486 3771 2571 3815 est
2600 3769 2695 3814 aut
2737 3760 2917 3829 prior,
2949 3759 3209 3828 magister
3239 3773 3312 3812 ex
3341 3770 3435 3811 suo
3461 3754 3598 3807 ebore
3620 3744 3684 3800 ιν

2128 3850 2266 3908 εἰειι
2293 3853 2656 3922 disciplinam.
2685 3850 2740 3906 Si
2772 3861 2953 3905 tamen
2980 3866 3085 3905 non
3115 3857 3346 3921 prazstat
3375 3848 3425 3901 in
3447 3846 3525 3900 illo
3543 3842 3686 3897 choro.

2153 3944 2298 3999 unde
2326 3952 2409 3998 est
2439 3944 2549 4007 ille,
2582 3943 2673 4012 qui
2698 3942 2944 3997 ordinem
2976 3949 3153 4005 tenet;
3183 3939 3290 3995 nisi
3325 3938 3459 3995 forte
3482 3938 3578 4006 ipse
3600 3931 3684 3998 ius.

2153 4034 2307 4089 serit.
2333 4033 2467 4089 Nam
2501 4035 2544 4089 si
2589 4033 2914 4104 negligentia
2946 4047 3212 4088 converso
3255 4030 3536 4103 aliquando
3570 4023 3685 4079 inerit

2153 4128 2219 4183 de
2259 4128 2621 4192 candelabro,
2659 4136 2841 4197 potest
2876 4112 3060 4181 infans
3103 4134 3338 4196 portare
3376 4135 3526 4194 atque
3553 4130 3685 4172 tenere

2153 4236 2325 4290 usque
2356 4221 2481 4275 dum
2515 4218 2681 4291 Kyrie
2707 4220 2904 4273 eleison
2927 4218 3156 4284 dixerit,
3198 4227 3257 4273 et
3287 4218 3340 4272 in
3370 4215 3584 4272 crastino
3606 4208 3685 4275 «eius

2151 4316 2409 4385 magister
2432 4313 2761 4384 quereletur.
2780 4312 2840 4368 Si
2860 4313 3092 4367 domnus
3112 4311 3286 4366 abbas
3307 4310 3526 4378 aliquem
3543 4305 3684 4358 librum

2153 4409 2222 4464 de
2268 4408 2375 4464 alio
2411 4407 2744 4463 monasterio
2795 4400 3141 4476 aequisicrit,
3186 4413 3243 4459 et
3283 4401 3536 4473 praefinito
3571 4393 3685 4450 dXm

2151 4510 2396 4572 tempore
2446 4500 2720 4566 reddere,
2770 4498 2854 4554 vel
2908 4498 3012 4552 alia
3076 4496 3375 4552 necessitas
3446 4492 3611 4550 fuerit,
3647 4493 3684 4536 et

2080 4569 2129 4624 θ
2158 4569 2386 4646 domnus
2440 4590 2610 4646 abbas
2673 4588 3029 4661 praeceperit,
3078 4586 3165 4642 vel
3216 4586 3288 4641 ad
3363 4578 3683 4638 monasterium

2126 4678 2527 4747 mandaverit,
2579 4681 2818 4753 psalmos
2865 4679 3195 4745 familiares,
3250 4686 3307 4732 et
3359 4677 3586 4733 mnsam.
3626 4662 3681 4717 td

2126 4764 2514 4829 Vmeridianam
2553 4772 2722 4828 frater
2750 4772 2838 4827 ille
2872 4780 3096 4843 propter
3127 4770 3270 4825 banc
3298 4770 3597 4838 scripturam
3627 4757 3681 4812 di-

2149 4865 2351 4920 mittat.

2744 4949 2974 5009 CAPUT
3015 4949 3175 5007 XVII.

2518 5046 2679 5100 Pueri
2704 5048 2932 5117 qualiter
2958 5043 3215 5115 σπεῖραιάὶ
3236 5051 3379 5097 sunt.

2218 5136 2351 5193 Cum
2393 5148 2651 5208 parentes
2680 5153 2808 5192 suos
2849 5136 2987 5191 filios
3022 5137 3130 5189 Deo
3160 5135 3213 5188 in
3255 5128 3569 5187 monasterio
3586 5123 3684 5178 dare

2146 5230 2459 5300 voluerint,
2482 5229 2686 5285 faciant
2715 5229 2984 5300 imprimis
3006 5229 3073 5283 de
3100 5227 3338 5291 rebus,si
3360 5238 3491 5296 quas
3510 5220 3679 5277 babab

2146 5339 2248 5395 per
2295 5324 2477 5381 omnia
2551 5324 2694 5379 sicut
2726 5322 2935 5394 Regula
2991 5322 3125 5378 dicit
3173 5322 3314 5391 (cap.
3362 5317 3431 5375 58
3471 5324 3524 5372 et
3556 5312 3681 5378 ςαιομ

2150 5416 2357 5491 Deinde
2401 5432 2524 5472 cum
2556 5415 2910 5487 Evangelium
2941 5414 3141 5471 lectum
3182 5413 3343 5470 fuerit
3370 5411 3438 5467 ad
3479 5408 3679 5491 mireari.

2149 5517 2204 5564 et
2230 5490 2562 5564 offerendam
2581 5547 2595 5572 ,
2648 5507 2702 5561 iu
2730 5507 2920 5578 primis
2948 5505 3119 5562 abbas
3148 5503 3377 5570 fecerit;
3403 5494 3523 5556 tunc
3545 5490 3681 5550 ναιίιι

2148 5615 2285 5672 puer
2315 5605 2440 5653 ante
2473 5598 2645 5653 altare
2675 5598 2759 5653 vel
2798 5599 2865 5653 ad
2890 5597 3089 5669 gradus
3110 5637 3127 5663 ,
3158 5605 3215 5654 et
3252 5597 3408 5651 detur
3447 5592 3497 5647 in
3533 5590 3680 5641 tuan!!!

2150 5688 2291 5745 illius
2315 5686 2651 5744 offertorium
2672 5702 2796 5743 Clin]
2826 5687 2999 5745 hostia
3018 5698 3077 5745 et
3103 5686 3332 5754 air-pulla
3356 5682 3487 5749 vini,
3511 5687 3561 5735 et
3576 5680 3681 5730 an!!!

2084 5841 2177 5886 seu
2206 5838 2399 5899 preces
2428 5818 2794 5881 continentur.
