3864 6314
188 381 310 440 ηαδ

1357 389 1734 452 DISCIPLINA
1760 397 2165 457 FARFENSIS.

3279 411 3437 470 126$

185 500 243 549 de
271 495 542 597 fratribus,
589 495 675 549 cui
724 495 891 551 abbas
914 497 1135 569 jusserit
1178 502 1316 574 legat
1350 506 1487 563 hanc
1517 512 1747 567 schedu-
1775 519 1820 579 Α
1852 490 2013 586 quam
2041 516 2181 571 soliti
2216 515 2430 573 fuerant
2478 520 2599 578 aliis
2634 522 2858 591 diebus,
2895 533 2951 581 et
2989 524 3167 597 portio
3202 535 3458 605 ponetur-

182 587 300 642 iam.
335 572 501 658 t'Ego
545 588 715 643 frater
739 588 830 646 Ille
856 590 1026 649 offero
1069 594 1212 650 hunc
1238 572 1467 667 puerum
1520 604 1741 660 nomine

186 697 201 727 ι
239 676 375 733 Illius
401 693 521 734 cum
548 679 825 735 oblatione
858 682 907 736 in
940 700 1120 751 manu,
1150 695 1313 757 atque
1337 690 1627 760 petitione,
1660 678 1742 749 ai-

184 786 201 819 t
241 769 361 824 toris
388 770 524 841 palla
568 772 683 842 ejus
720 788 935 828 manum
969 774 1264 833 involutam
1299 780 1365 834 ad
1396 796 1592 837 nomen
1618 800 1745 839 san-

182 876 201 910 e
238 867 474 927 ciorum,
530 876 760 931 quoruut
818 864 907 919 hic
962 864 1203 938 reliquiae
1260 871 1631 941 continentur,
1688 883 1743 931 et

181 970 199 1005 t
234 952 401 1007 domni
448 953 660 1011 abbatis
709 958 990 1025 praesentis
1019 974 1034 1013 :
1068 961 1222 1016 trado
1272 978 1456 1018 coram
1513 967 1741 1026 testibus

176 1061 193 1093 ι
234 1042 542 1112 regulariter
566 1061 1014 1117 permansurum;
1042 1050 1116 1107 ita
1152 1062 1211 1108 ut
1260 1054 1330 1110 ab
1361 1056 1465 1110 hac
1508 1058 1593 1113 die
1632 1075 1737 1115 non

174 1154 189 1185 ι
231 1132 377 1189 liceat
404 1133 477 1189 illi
502 1135 698 1191 collum
732 1138 796 1191 de
820 1140 919 1195 sub
939 1138 1069 1208 jugo
1098 1142 1295 1215 regulae
1324 1155 1600 1203 excutere.
1630 1148 1738 1204 Sed

173 1239 190 1273 ι
232 1224 391 1294 magis
422 1223 663 1296 ejusdem
693 1228 893 1299 regula:
925 1230 1155 1287 fideliter
1181 1250 1241 1291 se
1271 1248 1561 1307 cognoscat
1584 1238 1737 1295 insti-

173 1335 188 1365 ι
230 1326 332 1370 tuta
376 1333 635 1387 servare,
677 1331 733 1377 et
785 1323 1014 1380 Domino
1062 1343 1184 1384 cum
1234 1332 1447 1387 caeteris
1500 1335 1735 1405 gratanti

172 1423 188 1455 σ
228 1405 395 1461 animo
424 1409 677 1466 militare.
710 1430 729 1466 ι
773 1412 890 1480 Qua
916 1416 1153 1485 perlecta
1176 1420 1335 1475 detur
1356 1422 1408 1477 in
1436 1424 1588 1494 pueri
1616 1441 1735 1480 ma-

166 1510 254 1549 nus
280 1497 409 1566 ipsa,
438 1508 491 1554 et
512 1501 700 1558 offerat
733 1520 856 1560 cum
888 1507 1183 1579 oblatione,
1215 1523 1269 1567 et
1293 1522 1419 1570 tunc
1446 1517 1614 1574 abbas
1643 1535 1733 1574 ac-

163 1584 309 1655 cipiat
335 1590 744 1648 custodiendam
776 1610 919 1652 eam.
954 1597 1010 1652 Si
1040 1599 1161 1657 laici
1191 1604 1388 1660 adsunt
1416 1619 1729 1677 pra-sentes,

164 1680 503 1751 advocentur,
552 1694 612 1739 ttt
640 1688 857 1745 videant
885 1698 942 1745 et
974 1694 1232 1762 audiant,
1284 1706 1343 1751 ut
1387 1699 1495 1754 sint
1543 1710 1727 1770 testes.

161 1767 295 1826 Tune
326 1774 492 1830 abbas
541 1775 699 1832 debet
757 1779 1083 1838 benedicere
1132 1786 1397 1842 cucullam
1440 1798 1494 1843 et
1534 1767 1731 1847 vestire

1845 619 1941 676 per
1968 616 2194 662 cunctos
2220 607 2415 665 fratres
2442 610 2559 667 sine
2584 614 2760 668 sonitu
2795 614 2982 671 scillae.
3009 608 3130 671 Alio
3154 616 3240 671 die
3268 619 3431 685 salis-

1846 695 2132 752 factionem
2165 697 2326 753 faciat
2362 699 2413 755 in
2442 702 2678 772 capitulo
2705 715 2759 760 et
2788 705 3027 761 absolvat
3051 722 3173 761 eum
3204 707 3436 779 domnus

1843 787 2009 843 abbas
2038 807 2051 843 :
2090 798 2145 843 et
2172 790 2215 844 si
2249 791 2418 846 abbas
2454 808 2558 847 non
2590 802 2691 858 est,
2726 795 2888 850 faciat
2916 796 3031 864 ille,
3060 798 3151 869 qui
3184 799 3428 854 ordinem

1845 887 2010 934 tenet.
2059 879 2189 936 Post
2232 883 2527 952 capitulum
2564 894 2784 941 cantent
2812 888 3047 959 quinque
3072 890 3308 960 psalmos
3333 905 3433 960 pro

1840 967 2111 1025 defunctis
2138 989 2151 1026 :
2184 970 2383 1029 deinde
2414 991 2512 1047 pro
2545 974 2661 1045 ipso
2694 976 2863 1032 fratre
2903 980 2994 1049 qui
3040 981 3317 1035 absolutus
3346 986 3431 1034 est

1838 1062 2106 1132 psalmum
2159 1064 2427 1121 Miserere.
2479 1067 2641 1140 Kyrie
2688 1070 2899 1125 eleison.
2942 1069 3099 1125 Pater
3135 1084 3324 1127 noster.
3363 1072 3431 1126 Et

1839 1168 1901 1205 ne
1929 1169 2042 1207 nos.
2072 1154 2395 1223 Capitulum.
2428 1157 2646 1214 Salvum
2680 1161 2766 1231 [ac
2794 1178 3026 1216 servum.
3056 1162 3204 1217 Mitte
3230 1166 3294 1226 ei,
3322 1164 3429 1218 Do-

1837 1245 1995 1300 mine.
2051 1245 2304 1302 Dominus
2363 1251 2644 1305 nobiscum.
2727 1253 3067 1324 Omnipotens
3122 1257 3428 1324 sempiterne

1837 1333 1997 1400 Deus,
2029 1339 2274 1393 miserere
2294 1340 2494 1410 famulo
2527 1352 2636 1396 tuo.
2670 1342 2790 1414 Ipso
2838 1346 2923 1400 die
2953 1348 3299 1418 prtestantius
3329 1347 3424 1401 de-

1834 1425 1966 1483 bent
1994 1427 2197 1486 habere
2230 1430 2432 1488 fratres
2464 1433 2516 1487 in
2549 1434 2860 1492 refectorio.

2438 1526 2665 1584 CAPUT
2707 1527 2848 1584 XIX.

1837 1610 1978 1678 Quid
2007 1629 2159 1684 agere
2178 1614 2361 1669 debeat
2390 1617 2760 1759 refector’nrt'us
2797 1620 2875 1675 vel
2913 1612 3063 1693 pueri
3106 1623 3231 1678 dum
3266 1626 3429 1681 servi-

2442 1698 2578 1742 tores
2629 1702 2823 1745 uermt.

2442 1698 2578 1742 tores
2605 1698 2823 1745 fuerint.

1906 1770 1962 1827 Si
2000 1773 2293 1830 servitores
2341 1784 2467 1831 sunt
2511 1778 2686 1849 pueri,
2720 1779 2824 1849 ipsi
2873 1779 3072 1837 debent
3108 1781 3292 1839 lavare
3333 1788 3429 1840 co;-

161 1877 387 1931 puerum,
420 1876 476 1921 οι
508 1868 650 1924 illico
682 1871 943 1942 incipiam
976 1875 1308 1934 cauendum
1336 1882 1535 1951 missae,
1564 1893 1619 1939 cl
1644 1885 1728 1939 in-
1762 1874 1803 1932 Β
1832 1863 2077 1920 chleares
2127 1874 2182 1920 et
2216 1881 2442 1938 scopare
2473 1886 2488 1924 :
2518 1868 2901 1927 refectorarius
2926 1888 3055 1928 vero
3092 1888 3288 1944 panem
3338 1891 3426 1932 re.

161 1952 264 2006 fans
289 1955 583 2013 collocetur
608 1976 731 2015 cum
758 1962 901 2019 aliis.
937 1964 1070 2022 Cum
1094 1970 1270 2025 artatis
1294 1980 1505 2044 tempus
1531 1990 1725 2032 conse-

156 2046 394 2102 crationis
421 2051 668 2117 venerit;
696 2055 965 2111 cucullam
1013 2074 1120 2115 non
1147 2071 1312 2118 exuat
1336 2062 1384 2119 ei
1413 2065 1599 2130 abbas,
1634 2067 1727 2122 sed

157 2139 530 2207 professionem
562 2146 703 2216 legat
730 2164 852 2204 eum
885 2155 1100 2210 caeteris
1139 2165 1303 2227 atque
1351 2158 1729 2218 benedictione

156 2231 283 2296 data,
307 2233 442 2289 sicut
473 2252 593 2292 mos
616 2247 721 2304 est,
748 2240 922 2297 mittat
947 2244 996 2299 ei
1016 2247 1279 2316 capellam
1304 2250 1355 2304 in
1383 2242 1542 2320 caput
1568 2263 1731 2324 atque

153 2324 426 2382 osculetur.
452 2328 534 2384 De
566 2331 775 2399 reliquo
812 2334 975 2390 faciat
1011 2338 1151 2393 sicut
1180 2340 1269 2395 alii
1301 2341 1514 2398 fratres.

684 2442 915 2498 CAPUT
954 2445 1136 2503 XVIII.

153 2519 221 2576 De
233 2524 498 2582 celterario
518 2528 953 2616 hebdomadario,
980 2540 1240 2616 quomodo
1261 2542 1589 2599 administret
1610 2545 1724 2616 fra-

643 2603 813 2658 tribus
834 2606 889 2660 in
919 2603 1210 2677 refectorio.

208 2684 260 2739 in
282 2688 539 2745 omnibus
566 2691 849 2749 duodecim
879 2695 1201 2756 lectionibus
1227 2710 1281 2757 et
1311 2702 1447 2758 feria
1490 2705 1645 2760 tertia
1670 2715 1724 2762 ct

146 2779 313 2847 quinta
337 2792 389 2837 et
433 2783 667 2839 sabbato
717 2786 767 2841 in
819 2788 1011 2858 primis
1053 2803 1287 2863 ponatur
1318 2812 1347 2851 a
1379 2799 1718 2855 senioribus:

145 2872 415 2928 secundam
473 2877 1007 2937 administrationem
1079 2886 1169 2944 det
1231 2888 1544 2946 cellerarius
1597 2908 1719 2948 cum

146 2957 615 3035 hebdomadariis,
666 2970 959 3040 incipiatur
996 2989 1027 3028 a
1080 2976 1410 3035 novissimis.
1476 2980 1718 3039 Tertiam

142 3050 323 3109 fratres
348 3057 692 3127 coqttinarii,
734 3060 1091 3133 similiterque
1143 3083 1171 3121 a
1224 3067 1528 3136 iunioribus
1581 3074 1719 3129 inci-

140 3140 289 3208 piant.
308 3144 369 3198 El
385 3147 429 3199 si
447 3146 766 3204 cellerarius
785 3152 1021 3221 aliquam
1040 3156 1350 3225 pietantiam
1368 3160 1480 3233 (61)
1502 3162 1713 3233 fecerit,

1829 1955 2031 2027 cipere.
2062 1955 2119 2011 Si
2146 1958 2301 2027 pueri
2334 1959 2556 2027 desunt,
2590 1976 2734 2016 unus
2762 1962 2828 2017 de
2867 1963 3222 2019 servitoribus
3262 1966 3426 2021 debet

1829 2048 2082 2106 cochleas
2118 2052 2333 2117 lavare,
2374 2059 2538 2123 atque
2588 2052 2889 2124 fragmenta
2940 2067 2971 2109 e
3025 2055 3229 2109 mensis
3265 2071 3421 2111 resu-

1831 2155 1999 2196 mere.
2061 2143 2128 2197 Et
2181 2152 2361 2199 tamen
2399 2144 2467 2199 de
2517 2143 2769 2202 omnibus
2818 2145 2975 2201 debet
3026 2147 3423 2216 providentiam

1830 2231 2030 2290 habere
2063 2235 2471 2304 refectorarius,
2500 2253 2570 2293 ne
2597 2240 2668 2295 sit
2695 2239 3017 2311 negligentia
3061 2238 3270 2311 aliqua;
3295 2244 3423 2314 quia
3512 2234 3515 2235 ν

1828 2329 1872 2383 si
1902 2327 2097 2399 fuerit,
2123 2346 2285 2401 super
2306 2331 2483 2403 ipsum
2510 2332 2709 2388 veniet.
2743 2331 2799 2387 In
2827 2331 2918 2387 XII
2956 2334 3276 2393 lectionibus
3307 2351 3423 2399 ser-

1827 2420 2027 2475 vitores
2058 2436 2178 2476 mox
2213 2431 2272 2477 ut
2292 2423 2589 2478 secundum
2620 2438 2828 2479 morem
2874 2427 3065 2496 squilla
3094 2428 3416 2496 insonuerit,

1827 2514 2126 2567 secundum
2152 2515 2492 2583 pulmentum
2525 2516 2787 2592 [portent]
2817 2538 2828 2573 :
2870 2520 2960 2576 ille
2987 2520 3417 2597 [refectorarius]

1825 2602 2028 2669 veniat,
2061 2613 2115 2659 et
2144 2604 2251 2660 ictu
2278 2607 2548 2677 percutiat
2577 2609 2806 2665 scillam.
2853 2610 3036 2668 Infans
3085 2613 3130 2669 si
3180 2628 3417 2683 praesens

1825 2688 1988 2745 fuerit
2012 2694 2101 2761 qui
2125 2709 2248 2749 cum
2273 2696 2378 2752 alio
2404 2698 2558 2753 venit
2581 2698 2648 2752 ad
2679 2697 2982 2770 legendum,
3008 2702 3236 2771 accipiat
3257 2704 3419 2774 phia.

1823 2778 1929 2835 lam
1960 2791 2015 2837 et
2059 2796 2242 2852 potum
2290 2789 2564 2859 propinet.
2609 2789 2666 2844 In
2716 2793 2907 2861 primis
2937 2793 3291 2849 refectorario
3331 2809 3419 2849 so-

1821 2882 1985 2927 nante
2013 2876 2286 2945 squillam,
2318 2878 2361 2933 si
2406 2893 2545 2948 puer
2573 2881 2827 2947 defuerit,
2860 2882 3023 2939 faciat
3070 2884 3183 2955 ipse
3209 2887 3291 2941 vel
3328 2888 3414 2943 cut

1819 2967 2073 3022 annuerit
2099 2967 2166 3023 de
2196 2971 2570 3027 servitoribus.
2608 2972 2921 3029 Meridiauis
2950 2978 3280 3047 temporibus
3304 2978 3418 3049 ipse

1818 3056 2042 3113 misceat
2065 3075 2261 3130 aquam
2293 3062 2403 3117 :ad
2448 3079 2646 3120 nonam
2671 3081 2795 3121 cum
2837 3069 3273 3138 septimanariis,
3322 3070 3418 3140 qui

1816 3163 1881 3203 ex
1908 3150 2013 3205 alia
2052 3152 2388 3209 hebdomada
2438 3154 2679 3212 fuerunt.
2715 3157 2990 3214 Justitiam
3019 3160 3203 3214 domui
3249 3160 3417 3216 abba-

140 3232 305 3303 poStea
337 3237 631 3293 inchoetur
668 3256 696 3295 a
744 3244 922 3300 tabula
965 3247 1146 3303 domui
1198 3225 1429 3307 abbatis.
1464 3225 1711 3312 Secunda

1823 3241 1886 3295 tis
1916 3243 2159 3311 quotidie
2186 3244 2391 3311 abluat,
2417 3254 2470 3302 et
2500 3257 2781 3320 postquam
2810 3251 3116 3321 cymbalum
3144 3252 3412 3317 sonuerit,
3496 3295 3502 3299 .

137 3322 281 3390 feria,
311 3344 363 3381 tv
403 3327 566 3396 feria,
591 3344 645 3385 vt
693 3330 825 3387 feria
874 3334 926 3388 in
971 3337 1161 3407 primis
1200 3341 1605 3399 hebdomadarii
1645 3346 1714 3402 ad

133 3412 321 3470 scillam
354 3419 600 3485 veniant,
648 3430 705 3475 et
735 3421 1050 3481 celierarius
1079 3441 1201 3483 cum
1234 3444 1353 3497 sua,
1380 3445 1542 3500 quam
1576 3450 1715 3489 nun-

132 3519 371 3576 cupamus
424 3511 788 3583 pietantiam,
842 3531 873 3570 a
927 3518 1199 3589 prioribus
1275 3523 1534 3593 incipiat,
1597 3528 1715 3583 sine

130 3600 291 3655 sonitu
338 3604 535 3669 scillae,
561 3614 617 3661 et
664 3604 863 3664 fratres
905 3610 1283 3681 septimanarii
1326 3630 1484 3671 suum
1534 3618 1712 3674 denta

130 3691 423 3749 novissimis
484 3693 820 3762 inchoantes,
861 3706 917 3754 et
961 3703 1307 3770 postmodum
1348 3705 1559 3778 signum
1592 3710 1713 3779 pul-

129 3790 241 3835 sent
266 3797 386 3839 cum
428 3784 655 3841 licentia
682 3787 752 3844 ad
794 3802 1102 3861 vesperum.
1152 3792 1378 3862 Quando
1421 3814 1578 3869 poma
1628 3801 1712 3856 vel

128 3869 292 3929 herba:
315 3876 691 3947 imponuntur,
716 3890 1002 3959 postquam
1026 3900 1211 3943 mensa
1235 3887 1707 3959 fueritbenedicta,

125 3969 172 4015 et
194 3978 375 4023 omnes
419 3968 625 4047 fratres
677 3956 950 4040 sederint,
996 3976 1311 4047 deportetur
1354 3998 1384 4036 a
1425 3983 1711 4043 cellerario

126 4068 236 4110 cutn
275 4073 374 4116 suo
420 4062 579 4117 socio
635 4063 688 4118 in
722 4064 915 4135 primis
951 4068 1278 4138 senioribus,
1310 4082 1365 4128 et
1404 4089 1621 4147 semper
1655 4078 1710 4135 in

122 4149 408 4208 scutellulis
442 4153 783 4224 deportatur.
817 4157 1044 4227 Quando
1069 4173 1195 4220 sunt
1218 4181 1384 4236 parva
1424 4185 1608 4240 poma,
1655 4172 1710 4230 in

119 4238 343 4297 canistro
392 4242 634 4311 deferat,
678 4257 735 4303 et
783 4252 1155 4323 unusquisque
1210 4238 1509 4313 secundum
1565 4262 1710 4331 quod

121 4327 325 4396 viderit,
354 4333 435 4389 sic
489 4337 743 4407 accipiat.
793 4340 876 4396 Ad
920 4342 1154 4400 infantes
1200 4355 1380 4402 autem
1428 4327 1613 4420 postea
1653 4353 1708 4409 in

118 4421 329 4479 scutella
354 4426 590 4493 deferat,
622 4438 677 4483 et
716 4431 806 4486 det
840 4432 954 4504 ipse
984 4437 1277 4509 unicuique
1298 4450 1459 4509 prout
1488 4442 1704 4499 viderit.

120 4509 342 4584 Denique
370 4516 488 4587 ipse
518 4519 841 4577 cellerarius
867 4524 1026 4581 debet
1061 4526 1349 4598 deportare
1381 4531 1701 4601 pietantiam

119 4616 166 4657 ει
198 4606 475 4676 pisciculis
494 4626 618 4665 cum
647 4614 813 4669 socio.
842 4615 899 4671 Si
930 4631 1112 4687 poma,
1153 4634 1273 4675 eum
1299 4623 1705 4685 refectoriario:

119 4698 323 4762 quando
346 4700 524 4773 olera,
556 4702 721 4760 faciat
756 4706 1076 4764 hortulanus
1101 4725 1227 4766 cum
1254 4727 1339 4768 eo.
1382 4714 1449 4769 Et
1479 4717 1524 4772 si
1572 4733 1705 4774 neu-

112 4800 186 4839 tna
221 4788 331 4861 (62)
360 4792 582 4860 efﬁciat,
612 4811 736 4850 eum
788 4797 960 4855 fratre
1002 4802 1095 4871 qui
1140 4819 1303 4875 super
1333 4806 1589 4865 horreum
1622 4819 1705 4873 est

108 4881 449 4939 constitutus.
481 4884 548 4940 Et
573 4889 791 4956 quando
834 4889 1118 4949 cellerario
1148 4894 1319 4951 visum
1371 4896 1562 4964 fuerit,
1614 4916 1703 4971 po.

109 4974 204 5022 test
233 4988 396 5042 quem
431 4975 545 5046 ipse
570 4976 696 5034 velit
738 4979 805 5035 de
852 4978 1115 5041 fratribus
1175 5001 1408 5046 evocare
1437 5001 1493 5046 et
1522 4992 1703 5051 facere

106 5072 222 5115 cum
253 5079 341 5119 eo.
374 5065 512 5123 Item
556 5071 774 5138 quando
824 5074 1120 5144 capitulum
1151 5092 1308 5135 suum
1363 5081 1525 5137 fuerit
1576 5100 1702 5155 pro:

106 5155 451 5225 tuntiatnm,
480 5158 597 5231 ipso
628 5162 715 5219 die
751 5165 911 5220 debet
936 5167 1140 5225 habere
1163 5174 1487 5249 generaliter
1506 5191 1571 5230 ex
1602 5193 1700 5234 sua

102 5254 266 5337 parte,
299 5258 357 5303 et
386 5248 536 5307 aliud
566 5267 895 5325 praeparare,
936 5248 1311 5329 proutntelius
1334 5269 1608 5337 potuerit,
1644 5279 1701 5326 et

100 5329 423 5394 cbaritatem
453 5340 659 5400 faciant
685 5346 803 5402 sine
825 5350 1007 5407 sonitu
1039 5353 1249 5424 squilla:
1277 5329 1353 5413 de
1372 5329 1701 5433 pigmentis;

101 5433 153 5479 et
178 5428 224 5482 si
253 5430 462 5489 lectum
504 5434 671 5493 fuerit
695 5455 757 5506 tt,
788 5456 842 5497 tv
870 5442 956 5498 vel
982 5459 1035 5499 vt
1063 5445 1222 5514 feria,
1257 5428 1398 5504 inter
1423 5428 1561 5509 duos
1583 5428 1698 5509 fra;

101 5522 206 5576 tres
248 5525 529 5584 condonet
573 5531 859 5590 scutellam
931 5537 1000 5592 de
1072 5537 1310 5608 piscibus
1354 5547 1698 5612 prtestantius

163 5676 597 5771 tlti_l)_f’ietqnlia,
643 5688 900 5760 pitantia,
962 5692 1259 5763 ferculum,
1310 5694 1463 5754 cibus
1497 5709 1696 5771 przeter

96 5749 338 5805 ordinent
369 5749 685 5815 concessus.

167 5820 279 5891 (iii)
309 5820 525 5879 Neuma
556 5830 751 5901 edicere
778 5848 895 5889 eum
919 5834 1117 5908 fratre,
1148 5839 1202 5897 id
1226 5850 1338 5911 est,
1369 5858 1489 5901 cum
1522 5843 1692 5902 altero

1817 3334 1899 3390 vel
1931 3335 2047 3407 ipse
2081 3338 2345 3393 assedcrit
2366 3355 2590 3407 mensae,
2619 3342 2801 3397 omnia
2837 3343 3097 3412 deportet.
3130 3342 3409 3408 Fratrum,

1816 3427 1908 3495 qui
1938 3443 2003 3482 ex
2032 3428 2229 3486 itinere
2265 3432 2524 3499 redeunt,
2560 3434 2718 3490 debet
2756 3435 2944 3490 lavare
2976 3437 3090 3507 ipse
3109 3434 3410 3504 justitiam;

1816 3519 2019 3575 Zallam
2054 3521 2167 3593 (63)
2193 3531 2356 3593 atque
2398 3524 2600 3581 baciles
2639 3525 2757 3596 (65)
2796 3527 2981 3582 domui
3024 3528 3273 3595 abbatis,
3326 3529 3411 3584 vel

1816 3610 1983 3675 illam,
2014 3626 2135 3681 quae
2173 3612 2425 3683 deputata
2453 3624 2537 3669 est
2570 3626 2791 3687 propter
2816 3632 3079 3689 pauperes
3116 3619 3199 3673 vel
3246 3634 3402 3690 pere.

1814 3701 1999 3771 grinos
2025 3701 2243 3769 fratres,
2276 3704 2389 3775 ipse
2429 3705 2628 3761 habeat
2653 3709 2753 3763 sub
2786 3724 2881 3764 sua
2908 3710 3177 3765 custodia.
3204 3709 3409 3766 Panum

1814 3789 2074 3847 librarum
2106 3790 2205 3864 [αι.
2235 3793 2448 3867 libram]
2477 3797 2592 3866 ipse
2615 3808 2806 3869 purget
2833 3800 2901 3853 ab
2926 3800 3072 3855 omni
3106 3800 3407 3856 fuscedine.

1812 3881 2063 3939 Linteum
2103 3894 2283 3941 tamen
2334 3887 2401 3941 ad
2457 3888 2632 3958 ipsum
2669 3905 2805 3960 opus
2834 3889 3152 3962 deputatum
3186 3893 3252 3945 ad
3299 3893 3411 3947 col-

1816 3975 1927 4041 lum
1961 3991 2178 4049 semper
2208 3979 2425 4047 habeat,
2454 3996 2623 4051 usque
2648 3982 2772 4037 dum
2802 3982 3051 4054 inspiciat
3075 3996 3317 4041 cunctos.

2414 4094 2642 4152 CAPUT
2682 4095 2800 4152 XX.

2276 4188 2396 4256 ﬁeri
2440 4190 2651 4312 qgango
2687 4194 2989 4247 conventuri
3029 4203 3152 4248 sunt
3194 4194 3266 4247 ad
3316 4210 3403 4247 ra-

2515 4275 2577 4312 en
2621 4277 2728 4312 mn.

2515 4275 2728 4315 emtum.

1879 4344 2051 4403 Debet
2085 4363 2226 4402 unus
2260 4346 2431 4404 frater
2456 4350 2540 4407 vel
2585 4349 2693 4406 duo
2724 4350 2925 4409 habere
2960 4352 3258 4423 iniunctum
3288 4354 3405 4410 olli-

1808 4440 1952 4497 cittm
1986 4443 2321 4499 rasoriorum
2350 4445 2750 4514 acuendorum,
2784 4454 2947 4518 atque
2978 4448 3403 4520 colligendorum

1814 4183 2056 4251 Qualiter
2094 4185 2241 4242 debet

1731 4573 1784 4633 Β
1808 4535 1875 4589 ad
1927 4536 2185 4590 scrinium
2234 4536 2322 4591 ttbi
2376 4548 2735 4608 reponuntur;
2770 4551 2826 4595 et
2866 4540 2980 4611 ipse
3021 4542 3181 4598 debet
3207 4560 3403 4615 procu-

1809 4643 1931 4683 rare
1967 4629 2207 4685 tonsoria
2250 4630 2316 4685 ad
2365 4631 2496 4686 illud
2524 4647 2661 4701 opus
2690 4633 2978 4703 deputata,
3008 4641 3059 4689 et
3094 4634 3235 4690 intra
3276 4634 3402 4691 dor-

1806 4717 2079 4772 mitorium
2114 4720 2455 4789 reponenda;
2489 4722 2744 4777 similiter
2768 4724 3177 4781 novaculorum.
3210 4726 3286 4781 Ea
3314 4728 3401 4783 die

1804 4824 1909 4879 qua
1943 4810 2171 4866 radendi
2192 4821 2321 4867 sunt
2343 4854 2360 4878 ,
2400 4828 2527 4868 mox
2557 4821 2617 4869 ttt
2644 4815 2696 4870 in
2720 4816 3018 4887 capitulum
3045 4819 3394 4885 conveniunt,

1802 4903 1947 4959 etde
1974 4904 2146 4960 salute
2176 4906 2482 4961 animarum
2507 4908 2928 4963 sermocinatum
2960 4909 3250 4965 habuerint
3270 4952 3283 4973 ,
3303 4909 3395 4977 ju-

1801 4996 1965 5052 beute
1997 4996 2209 5062 abbate,
2238 4999 2318 5053 vel
2345 4997 2434 5054 ille
2465 4999 2556 5069 qui
2580 5000 2825 5056 ordinem
2857 5002 3123 5065 tenuerit,
3153 5003 3197 5055 si
3227 5004 3396 5060 abbas

1802 5103 1909 5141 non
1938 5087 2111 5154 adest,
2142 5098 2365 5162 surgant
2393 5090 2468 5145 illi
2500 5089 2716 5157 fratres,
2748 5094 2838 5162 qui
2865 5106 2932 5146 ex
2961 5092 3065 5146 alia
3091 5094 3397 5162 septimana

1801 5179 2094 5247 coquinam
2122 5179 2371 5236 fecerunt
2398 5191 2453 5235 et
2481 5190 2609 5237 eant
2634 5197 2941 5254 praeparare
2973 5198 3168 5252 aquam
3198 5185 3266 5238 ad
3316 5184 3397 5240 lo-

1800 5283 1924 5339 eum
1955 5271 2333 5327 constitutum.
2386 5270 2747 5345 Surgentibus
2796 5287 2827 5327 e
2858 5273 3095 5344 capitulo
3145 5284 3394 5344 sonctur,

1801 5368 1857 5416 et
1892 5361 2112 5416 veniant
2161 5364 2411 5434 accipere
2453 5364 2824 5437 unusquisque
2873 5364 3077 5421 rasoria
3118 5366 3184 5422 de
3228 5382 3394 5423 manu

1800 5457 2185 5525 procuratoris.
2215 5455 2369 5512 Tunc
2402 5456 2863 5528 eleemosynarius
2907 5458 3105 5514 habeat
3133 5460 3399 5529 prteordin

1799 5557 1927 5603 nata
1950 5548 2173 5605 vascula
2216 5548 2268 5603 in
2299 5546 2418 5604 loco
2445 5548 2534 5604 ubi
2571 5550 2890 5606 conventuri
2940 5560 3065 5607 sunt
3101 5551 3388 5615 seniores;

1796 5718 2178 5848 ωῗεξὲξὶηιιᾳ,
2207 5774 2627 5848 manutergium,
2656 5786 2715 5832 ut
2741 5790 2902 5846 supra
2931 5778 3269 5837 notavimus.

1869 5846 1983 5913 (64)
2010 5846 2208 5913 Basiie,
2238 5846 2368 5902 Itala
2398 5846 2499 5904 vett
2524 5848 2730 5915 bucina,
2756 5848 2942 5918 pelvis.
