3864 6314
449 364 586 423 I287

1539 371 1863 430 GUIDONIS
1890 370 2187 431 ABBATIS
2225 368 2609 427 FARFENSIS

3573 373 3686 434 {358

446 495 571 534 cum
624 457 964 551 acceperint,
995 482 1367 552 unusquisque
1409 482 1616 540 deferat
1664 486 1764 541 sibi
1806 500 2022 555 aquam.
2052 495 2100 553 Α
2138 494 2226 537 eat
2254 491 2308 537 et
2339 484 2569 554 accipiat
2597 482 2792 540 librum
2823 494 2879 542 et
2904 485 3105 552 albam,
3147 496 3201 541 et
3243 492 3412 557 ponat
3437 483 3505 540 ad
3546 499 3689 540 unum

404 580 411 587 '
444 568 604 626 Pueri
636 570 921 641 deportent
969 589 1188 629 scamna
1230 590 1348 629 sua.
1393 574 1577 631 Abbas
1601 576 1685 630 vel
1713 577 1862 647 prior
1890 577 2024 632 inci-

442 666 556 732 piat
582 665 823 735 psalmos
850 668 1119 737 quinque;
1159 670 1211 723 in
1242 669 1433 739 primis
1466 686 1565 740 pro
1609 671 1894 734 defunctis,
1926 672 2021 742 qtti

439 757 783 826 praenuntiati
830 758 1048 815 fuerunt
1088 762 1140 815 in
1182 761 1419 831 capitulo
1454 770 1509 816 et
1554 777 1771 818 cursum
1800 763 2018 817 canoni-

438 864 560 903 cum
596 854 870 915 horarum,
902 852 1045 927 sicut
1085 868 1202 908 mos
1232 862 1317 909 est
1358 853 1410 909 in
1447 854 1677 923 coquina
1710 856 2018 909 decantare.

436 939 504 993 Et
527 941 870 1010 postmodum
897 944 1191 999 familiares
1216 945 1452 1017 psalmos
1477 962 1639 1018 super
1668 948 1833 1002 horas
1862 963 2021 1018 regu-

434 1032 598 1089 lares.
627 1034 848 1092 Interim
871 1039 998 1092 dum
1026 1037 1323 1109 psalmodia
1370 1038 1667 1104 duraverit,
1712 1039 1847 1093 nihil
1875 1038 2020 1093 aliud

431 1126 632 1196 aliquis
653 1127 813 1184 debet
839 1145 999 1200 agere
1025 1130 1127 1185 nisi
1155 1131 1378 1196 radere,
1406 1146 1505 1186 nec
1534 1138 1695 1202 caput
1726 1130 1907 1202 lavare
1937 1129 2021 1185 vel

432 1216 695 1282 tondere,
740 1220 842 1274 nisi
874 1221 1109 1290 psalmos
1137 1222 1351 1285 dicere,
1399 1236 1502 1276 nec
1551 1221 1779 1291 ungulas
1809 1234 2016 1276 secare.

430 1306 545 1363 Nec
584 1309 918 1365 refectorarii
973 1310 1127 1365 ibunt
1176 1312 1227 1365 in
1276 1311 1624 1367 refectorium
1675 1326 1849 1382 usque
1889 1310 2018 1365 dum

428 1396 694 1453 ﬁniantur
723 1399 935 1468 psalmi.
971 1401 1137 1470 Loqui
1168 1401 1345 1457 nullus
1374 1402 1569 1465 debet,
1611 1402 1703 1456 sed
1750 1417 1851 1455 nec
1879 1400 2017 1455 ullus

426 1486 601 1544 frater
629 1490 781 1545 radat
807 1491 970 1546 alium
998 1493 1049 1546 in
1082 1493 1293 1563 pellicia
1325 1509 1448 1547 cum
1479 1493 1602 1548 latis
1633 1493 1881 1560 manicis,
1912 1490 2018 1549 nisi

428 1597 548 1636 eam
572 1598 693 1652 qua:
719 1600 841 1639 cum
871 1585 1077 1655 Strictis
1116 1585 1344 1641 manicis
1370 1594 1481 1649 est,
1508 1585 1703 1640 habeat
1731 1584 2013 1648 vestitam,

425 1673 510 1728 vel
541 1674 803 1730 tunicam.
832 1675 966 1732 Cum
1020 1676 1320 1747 psalmodia
1362 1675 1578 1746 expleta
1621 1675 1811 1739 fuerit,
1846 1674 2015 1731 abbas

424 1764 918 1830 dieatBenedicite,
954 1775 1011 1821 et
1057 1765 1432 1838 unusquisque
1484 1766 1670 1820 redeat
1721 1765 1791 1819 ad
1837 1761 2014 1819 ollicia

424 1858 702 1927 deputata.
733 1858 790 1913 In
818 1861 920 1915 hac
943 1861 1077 1915 hora
1107 1860 1433 1917 secretarius
1467 1859 1627 1914 debet
1654 1858 1863 1914 scillam
1896 1856 2016 1927 pul-

421 1963 567 2013 sare,
598 1950 642 2004 si
676 1950 749 2004 ibi
786 1952 1079 2006 comesturi
1111 1960 1257 2006 sunt.
1314 1953 1371 2008 Si
1400 1950 1594 2020 aliquis
1622 1966 1689 2006 ex
1719 1948 2017 2003 infantibus

420 2056 529 2096 non
570 2040 735 2097 fuerit
772 2058 961 2109 rasus,
988 2045 1289 2115 procedant
1328 2046 1379 2101 in
1415 2046 1695 2107 scholam,
1725 2051 1782 2097 et
1822 2042 1894 2096 ibi
1937 2040 1989 2095 fa

420 2131 589 2203 ciant.
625 2130 762 2187 Nam
797 2134 843 2189 si
881 2149 949 2188 ex
996 2133 1255 2191 fratribus
1301 2134 1461 2190 alicui
1492 2133 1807 2204 contigerit,
1843 2140 1904 2186 ut
1934 2132 2017 2185 in—

419 2223 650 2291 choatus
691 2225 858 2282 fuerit
897 2229 963 2281 ad
996 2226 1315 2295 radendum,
1343 2235 1399 2283 et
1433 2228 1644 2297 signum
1692 2222 2013 2287 insonuerit,

428 2315 668 2372 dimittat
711 2317 815 2373 hoc
849 2333 1018 2389 opus,
1065 2322 1288 2390 surgat,
1324 2326 1381 2374 et
1420 2318 1609 2373 induat
1656 2314 1923 2372 cucullam
1961 2321 2017 2367 et

417 2414 509 2461 eat
531 2407 585 2462 in
616 2408 926 2476 ecclesiam,
958 2419 1013 2466 et
1042 2412 1114 2465 sit
1133 2419 1284 2467 extra
1314 2410 1565 2467 chorum.
1598 2407 1732 2463 Cum
1763 2406 1894 2463 hora
1920 2419 2016 2460 ex-

416 2498 564 2567 pleta
592 2499 777 2566 fuerit,
807 2511 1135 2569 revertatur,
1183 2511 1347 2573 atque
1390 2500 1547 2556 radat
1588 2515 1666 2555 se.
1718 2497 2013 2567 Postquam

416 2587 533 2643 dies
569 2589 661 2644 ille
706 2593 1017 2660 transierit,
1060 2608 1327 2664 nusquam
1354 2591 1496 2647 ullus
1520 2588 1685 2646 faciat
1705 2590 1822 2645 sine
1848 2588 2013 2643 licen-

416 2682 493 2737 tia
530 2684 871 2755 aliquatenus
915 2687 1236 2742 orationem.
1291 2685 1453 2741 Pueri
1504 2700 1635 2740 vero
1690 2698 1744 2739 tv
1794 2679 1930 2736 feria
1959 2686 2013 2734 et

415 2774 642 2845 sabbato
680 2788 909 2849 possunt
955 2794 1015 2834 se
1046 2777 1268 2833 tondere
1297 2777 1351 2832 in
1395 2775 1584 2832 schola
1626 2774 1745 2831 sine
1789 2786 1886 2829 sua
1916 2786 2012 2829 cu-

416 2865 580 2934 culla,
610 2869 815 2938 absque
834 2868 1047 2927 'tunica.
1074 2868 1265 2925 Nullus
1287 2866 1458 2923 frater
1486 2881 1546 2922 se
1573 2866 1760 2922 tundat
1793 2872 1850 2920 et
1889 2862 2012 2918 nni-

415 2957 617 3025 cuique
647 2958 809 3013 detur
844 2959 911 3012 ad
949 2959 1296 3015 medietatem
1344 2956 1558 3012 aurium
1601 2953 1853 3025 capillum
1880 2951 2011 3007 inci-

417 3050 548 3102 dere
579 3050 632 3102 in
656 3064 868 3120 gyrum.
893 3049 1068 3119 Caput
1110 3049 1203 3121 qui
1255 3048 1437 3105 lavare
1479 3046 1735 3112 voluerit,
1770 3046 1887 3115 ipsa
1920 3042 2009 3098 die

412 3140 532 3194 sine
546 3140 761 3195 licentia
784 3140 968 3203 faciat,
984 3141 1086 3195 alia
1109 3141 1195 3196 die
1210 3154 1315 3195 non
1338 3139 1486 3206 licet,
1500 3148 1555 3196 et
1573 3141 2008 3210 quandoeunque

410 3234 518 3289 hoc
541 3234 699 3303 facit,
719 3234 954 3289 tunicam
980 3248 1103 3290 cum
1126 3234 1250 3315 latis
1278 3232 1507 3289 manicis
1533 3231 1772 3287 indutam
1790 3228 2006 3284 habeat.
2034 3223 2080 3284 C

1006 3348 1232 3405 CAPUT
1272 3348 1414 3405 XXI.

502 3439 754 3496 Convenit
782 3441 895 3497 [nec
927 3441 1195 3496 monachis
1226 3457 1431 3512 semper
1455 3454 1664 3494 servare
1704 3436 1915 3491 culinis.

478 3551 537 3605 In
594 3555 826 3623 coquina
876 3555 1045 3611 frater
1089 3556 1180 3625 qui
1232 3556 1442 3627 primus
1484 3551 1699 3607 venerit
1739 3549 1997 3614 diluculo,

405 3645 649 3713 quandiu
692 3646 840 3701 solus
872 3646 1063 3711 fuerit,
1090 3647 1225 3701 nihil
1255 3647 1398 3701 aliud
1428 3662 1619 3716 gerere
1647 3643 1848 3716 poterit
1895 3641 1996 3697 nisi

407 3733 588 3790 locum
628 3735 957 3793 illuminare.
1004 3738 1295 3808 Postquam
1344 3738 1481 3792 alter
1520 3737 1605 3792 vel
1636 3737 1795 3791 ambo
1834 3749 1997 3790 vene-

404 3830 538 3893 rint,
566 3832 918 3903 psalmodiam
950 3836 1091 3891 sicut
1128 3836 1179 3888 in
1214 3835 1452 3890 radendo
1512 3843 1677 3888 totam
1719 3833 1900 3887 dicant
1927 3846 1993 3885 ex

404 3922 655 3994 integro;
712 3933 915 3995 praeter
958 3924 1259 3980 familiares
1313 3926 1379 3980 de
1430 3925 1580 3980 horis
1630 3923 1990 3996 regularibus,

402 4026 541 4081 quos
570 4012 623 4067 in
655 4013 883 4068 ecclesia
914 4030 1038 4068 cum
1072 4013 1191 4068 aliis
1211 4054 1225 4075 ,
1258 4014 1340 4069 vel
1371 4015 1486 4084 ipso
1518 4023 1758 4084 tempore
1787 4028 1885 4084 per
1933 4027 1993 4067 se

399 4106 604 4175 poterit
651 4108 1027 4179 unusquisque
1075 4107 1274 4162 dicere.
1326 4108 1440 4176 Ipsa
1488 4121 1616 4161 vero
1669 4105 1989 4176 psalmodia,

398 4213 564 4265 qnam
596 4198 649 4254 in
682 4201 913 4271 coquina
947 4200 1031 4256 vel
1069 4200 1122 4255 in
1174 4199 1414 4254 radendo
1443 4199 1528 4252 vel
1574 4198 1682 4254 alio
1728 4214 1985 4253 manuum

399 4303 567 4359 opere
594 4289 784 4347 dicunt
810 4291 1067 4361 primitus
1097 4290 1162 4345 ad
1200 4291 1439 4361 quinque
1482 4290 1743 4361 psalmos,
1800 4290 1851 4344 id
1881 4299 1983 4354 est,

404 4377 577 4434 Verba
614 4398 753 4447 mea,
784 4383 1004 4438 dicatur
1031 4383 1284 4437 Dominus
1316 4384 1595 4437 vobiscum.
1626 4382 1755 4437 Post
1781 4383 1987 4438 oratio-

395 4485 541 4534 nem,
576 4471 919 4543 Requiescant
946 4475 1000 4528 in
1035 4491 1181 4543 pace.
1214 4474 1408 4528 Postea
1437 4488 1542 4529 non
1573 4474 1676 4529 nisi
1700 4475 1766 4528 ad
1796 4489 1986 4544 vespe-

2126 591 2190 632 ex
2219 574 2478 631 altaribus
2511 594 2524 629 :
2555 592 2678 630 nam
2709 577 2839 633 nulli
2871 590 2954 635 est
2984 579 3202 635 licentia
3233 580 3455 633 aliunde
3477 578 3688 644 auferre,

2123 678 2407 739 postquam
2456 678 2739 739 acceptum
2764 671 2947 726 habet.
2988 672 3175 728 Denuo
3207 681 3518 727 revertatur
3547 672 3599 727 in
3623 688 3689 728 sa-

2124 760 2392 822 crarium,
2428 768 2484 814 et
2513 760 2745 829 accipiat
2783 760 3013 815 hostiam
3046 772 3101 817 et
3134 762 3360 817 calicem
3397 780 3411 815 :
3438 771 3569 817 tunc
3588 777 3689 832 per-

2121 849 2311 905 fundat
2332 864 2456 905 eunt
2484 867 2607 906 cum
2645 867 2783 922 aqua
2814 852 2867 906 in
2896 853 3184 919 infusorio,
3221 863 3392 924 atque
3417 862 3593 924 tergat
3613 853 3691 908 Iin-

2122 941 2267 997 teolo
2294 943 2608 1014 priusquam
2641 944 2892 1015 habuerit
2922 944 3147 1000 mistum
3176 946 3362 1000 vinum
3400 958 3457 1001 et
3496 960 3689 1015 aquam.

2120 1032 2444 1098 Conversus,
2481 1034 2573 1105 qui
2603 1035 2888 1107 adiuturus
2908 1046 2991 1091 est
3019 1052 3149 1092 eum
3176 1037 3414 1108 accipiat
3433 1037 3691 1093 candelam

2122 1135 2286 1196 atque
2309 1127 2591 1193 accendat,
2635 1136 2690 1183 et
2715 1137 2907 1199 pergat
2941 1129 3009 1183 ad
3032 1128 3233 1194 locum,
3257 1129 3348 1183 ubi
3373 1144 3532 1183 sacra
3551 1141 3694 1199 agere

2120 1214 2463 1272 debet.Tunc
2486 1216 2741 1273 sacerdos
2770 1226 2936 1273 exuat
2960 1233 3021 1274 se
3047 1218 3227 1274 tunica
3245 1227 3296 1273 et
3314 1218 3691 1289 llectatgenua,

2119 1312 2174 1357 et
2209 1304 2398 1359 induat
2428 1319 2486 1360 se
2520 1305 2721 1360 cultum
2754 1305 3168 1361 sacerdotalem.
3212 1307 3351 1361 Dum
3390 1308 3583 1362 stolam
3614 1308 3695 1362 ba-

2119 1398 2301 1455 buerit
2349 1400 2680 1469 impositam,
2728 1399 2897 1454 faciat
2926 1399 3322 1455 confessionem
3365 1415 3490 1455 cum
3523 1398 3692 1463 fratre,

2119 1502 2173 1545 et
2200 1500 2327 1545 tunc
2372 1500 2499 1561 agat
2536 1492 2783 1546 ordinem
2814 1491 2879 1545 ad
2917 1506 3093 1557 aram,
3150 1500 3205 1546 et
3251 1491 3467 1562 signant
3514 1500 3694 1546 sancta:

2118 1581 2295 1636 crucis
2325 1582 2594 1651 exprimat
2624 1582 2677 1635 in
2706 1581 2887 1637 fronte
2933 1597 3055 1646 sua,
3086 1590 3142 1637 et
3177 1582 3289 1637 Deo
3334 1581 3562 1652 incipiat
3614 1582 3695 1635 im-

2117 1671 2345 1728 molare.
2377 1670 2511 1725 Nam
2539 1686 2834 1744 conversus
2862 1672 2929 1726 ad
2956 1672 3130 1741 ipsum
3160 1672 3227 1727 ad
3254 1672 3518 1729 collectas
3546 1682 3601 1727 et
3627 1688 3697 1727 se-

2121 1771 2271 1819 creta
2306 1762 2380 1820 sit
2410 1763 2649 1828 inclinis,
2677 1764 2743 1818 ad
2777 1779 3040 1819 canonem
3072 1764 3418 1835 genuﬂectat,
3444 1765 3532 1819 vel
3562 1776 3695 1819 stans

2043 1871 2092 1932 Β
2127 1864 2271 1910 oret.
2296 1854 2415 1925 Ipse
2439 1856 2718 1920 sacerdos,
2741 1856 2785 1910 si
2810 1857 2877 1911 ad
2906 1856 3097 1915 horam
3130 1858 3501 1923 sonaverit,et
3520 1858 3695 1912 stolam

2119 1962 2227 2001 non
2259 1946 2511 2002 habuerit
2552 1946 2883 2017 impositam,
2914 1958 2971 2003 et
3004 1948 3219 2003 etiamsi
3245 1948 3423 2004 albam
3466 1949 3695 2003 indutam

2111 2036 2224 2107 jam
2250 2038 2470 2105 habeat,
2495 2039 2576 2094 sic
2596 2053 2655 2094 se
2675 2048 2930 2106 exuat,et
2950 2040 3017 2093 ad
3041 2039 3230 2095 horam
3251 2050 3465 2111 pergat.
3489 2039 3696 2107 Quando

2117 2142 2251 2183 vero
2282 2136 2508 2183 sonatur
2532 2127 2683 2185 scilla
2718 2137 2845 2184 ante
2874 2129 3113 2194 tertiam,
3145 2128 3189 2184 si
3225 2129 3475 2184 habuerit
3504 2138 3697 2183 tantum

2122 2221 2353 2276 calicem
2382 2230 2654 2291 paratum,
2688 2221 2770 2277 sic
2805 2230 2983 2292 potest
3023 2236 3184 2293 agere
3213 2221 3435 2275 missam
3470 2223 3593 2276 sine
3623 2237 3697 2276 re-

2115 2312 2492 2383 prehensione.
2538 2312 2673 2367 Nam
2721 2313 2767 2368 si
2803 2314 2870 2368 ad
2900 2315 3091 2368 horam
3131 2313 3455 2368 intraverint
3494 2312 3695 2391 fratres,

2128 2400 2220 2456 ile
2256 2410 2379 2471 post
2425 2402 2648 2458 missam
2703 2419 2856 2458 suam
2904 2402 3088 2458 flectat
3140 2419 3310 2475 genua
3353 2403 3488 2458 dum
3520 2413 3697 2459 exutus

2116 2492 2305 2556 fuerit,
2347 2503 2402 2549 et
2444 2494 2610 2551 horas
2638 2495 2862 2561 reddat;
2905 2512 3077 2566 usque
3102 2497 3230 2550 dum
3261 2496 3517 2552 seniores
3545 2506 3698 2550 stete—

2119 2585 2231 2637 rint
2260 2585 2326 2637 ad
2352 2583 2568 2649 horam,
2607 2585 2695 2641 ille
2737 2600 2842 2639 non
2871 2595 3163 2656 praesumat
3191 2585 3398 2640 intrare
3429 2587 3503 2640 ad
3528 2601 3698 2656 repor-

2119 2674 2375 2740 tandum;
2410 2684 2591 2730 tamen
2619 2676 2830 2746 expleta
2861 2677 3018 2741 hora,
3056 2676 3124 2730 ad
3149 2677 3384 2746 psalmos
3413 2676 3700 2730 familiares

2113 2774 2297 2834 potest
2333 2768 2588 2823 transire.
2627 2769 2936 2824 Conversus
2960 2769 3169 2825 deferat
3200 2770 3378 2824 albam
3403 2780 3465 2824 et
3495 2770 3698 2833 librum,

2110 2858 2369 2912 sacerdos
2399 2858 2627 2913 calicem
2673 2867 2728 2913 et
2777 2859 3070 2930 ampullam
3105 2860 3171 2915 ad
3222 2860 3399 2914 locum
3451 2860 3701 2916 constitu-

2113 2951 2250 3000 tum.

2678 3062 2906 3120 CAPUT
2945 3062 3131 3118 XXIII.

2182 3151 2263 3205 Ad
2291 3152 2502 3208 missam
2533 3155 2826 3225 generalem
2843 3156 3080 3237 qualiter
3110 3166 3271 3222 agant
3303 3160 3560 3212 sacerdos
3587 3168 3635 3211 et

2782 3238 3029 3279 ηιιηιδινι.

2110 3326 2111 3333 η
2184 3311 2408 3368 Dicente
2462 3314 2778 3381 sacerdote,
2835 3314 3017 3381 Orate,
3045 3316 3269 3386 fratres,
3332 3318 3601 3373 inclinent
3644 3333 3697 3372 se

2104 3405 2257 3472 pueri
2297 3404 2478 3475 spatio
2507 3405 2772 3461 orationis
2800 3406 3116 3474 Dominicae,
3146 3420 3201 3463 et
3233 3410 3378 3465 illico
3406 3427 3468 3465 se
3494 3413 3700 3482 erigant

2107 3500 2389 3548 vertentes
2424 3493 2606 3549 vultus
2653 3510 2783 3550 suos
2820 3495 2888 3551 ad
2926 3507 3111 3566 partes
3150 3499 3384 3553 orientis
3425 3500 3698 3568 :majores

2103 3592 2285 3638 autem
2314 3586 2423 3640 sint
2457 3585 2699 3644 acclines
2725 3603 2896 3659 usque
2928 3589 3053 3644 dum
3092 3591 3238 3645 dicat
3284 3592 3568 3655 sacerdos,
3604 3589 3699 3644 Per

2099 3674 2280 3730 omnia
2345 3676 2541 3731 saecula
2593 3678 2909 3734 sceculorum
2942 3676 2962 3734 7:
2993 3689 3049 3736 et
3107 3683 3175 3737 ad
3213 3691 3525 3738 extremum
3581 3698 3698 3739 cum

2098 3765 2319 3834 dixerit,
2352 3766 2459 3823 Per
2480 3771 2658 3824 omnia
2681 3771 2899 3839 swcula,
2929 3780 3036 3827 etc.
3070 3772 3296 3828 Oremus
3324 3790 3344 3827 :
3371 3772 3658 3843 Praeceptis
3678 3786 3697 3823 :

2098 3854 2261 3912 Pater
2298 3870 2474 3914 noster
2501 3877 2522 3916 :
2559 3861 2669 3917 sint
2702 3877 2892 3917 omnes
2919 3863 3160 3919 inclinati
3200 3874 3310 3921 tam
3342 3866 3497 3937 pueri
3535 3878 3698 3934 quam

2098 3944 2355 4015 majores,
2388 3948 2634 4005 dicentes
2664 3949 2771 4005 Sed
2807 3951 2969 4005 libera
3001 3968 3095 4007 nos
3121 3971 3152 4007 a
3182 3955 3346 4008 malo.
3374 3953 3619 4009 Infantes
3642 3965 3696 4006 se

2092 4038 2345 4110 erigant;
2404 4040 2604 4098 fratres
2663 4044 2773 4099 sint
2823 4044 3067 4100 inclinati
3121 4062 3295 4116 usque
3342 4048 3474 4103 dum
3519 4048 3698 4103 denuo

2092 4128 2314 4198 dixerit,
2358 4131 2465 4187 Per
2489 4134 2666 4188 omnia
2692 4135 2887 4190 swcula
2918 4136 3258 4191 swculorum.
3304 4137 3364 4193 In
3409 4139 3696 4194 duodecim

2090 4220 2416 4277 lectionibus
2453 4225 2710 4279 sacerdos
2748 4225 2800 4279 in
2855 4226 3075 4280 introitu
3116 4228 3299 4284 missae
3352 4230 3408 4284 in
3453 4228 3697 4285 sacrario

2089 4319 2257 4380 ponat
2296 4312 2581 4369 incensum
2626 4316 2678 4370 in
2708 4316 3002 4373 thuribulo).
3036 4316 3223 4373 Gloria
3270 4318 3453 4386 Patri,
3498 4320 3695 4375 incho-

2090 4414 2219 4460 ante
2243 4404 2357 4470 illo,
2405 4407 2495 4477 qui
2529 4406 2765 4463 ollicium
2805 4418 3083 4479 procurat,
3106 4412 3412 4480 procedens
3446 4421 3579 4468 ante
3624 4412 3699 4466 al-

2090 4502 2205 4549 tare
2225 4497 2457 4566 primum
2490 4496 2650 4553 faciat
2679 4500 3016 4565 orationem;
3051 4500 3248 4555 deinde
3280 4501 3448 4557 faciat
3474 4502 3694 4558 confes-

395 4576 490 4663 ξτιε
542 4562 779 4663 diem“?
825 4564 1082 4620 υουηίηιιδ
1135 4566 1435 4631 "nummi
1496 4574 1553 4621 θῑ
1602 4565 1978 4663 Βεηείξίοαηικε
2008 4562 2292 4642 Dsionem
2346 4588 2460 4657 ipse
2504 4600 2559 4643 et
2610 4587 2794 4644 levita.
2868 4562 3094 4660 Expleta
3140 4592 3381 4663 accipiat
3432 4595 3695 4649 sacerdos

393 4654 644 4710 Domino.
718 4655 926 4713 Deinde
976 4659 1229 4715 shnililer
1290 4660 1358 4713 ad
1422 4672 1678 4728 vesperas
1742 4658 1977 4727 dicatur,

392 4743 654 4801 Dominus
728 4747 1012 4803 vobiscum.
1093 4750 1436 4823 Requiescant
1524 4753 1579 4807 in
1665 4769 1813 4823 pace.
1895 4754 1978 4808 Ad

392 4840 825 4909 eompletorium'
858 4858 988 4899 vero
1052 4845 1284 4912 dicatur,
1363 4849 1622 4903 Dominus
1690 4849 1976 4911 vobiscum,

392 4944 449 4987 et
472 4934 794 4991 benedictio.
823 4935 902 4991 Ad
928 4937 1165 5007 psalmos
1186 4938 1483 4997 familiares
1526 4942 1763 5006 ultimos,
1796 4940 1977 4995 Domi-

392 5042 491 5080 nus
518 5027 801 5084 vobiscum.
835 5029 1217 5087 Benedicamus
1260 5032 1507 5089 Domino.
1546 5032 1866 5089 Benedicite.
1949 5048 1958 5058 '

955 5146 1184 5204 CAPUT
1220 5146 1385 5205 XXII.

392 5232 635 5300 Qualiter
661 5247 784 5309 agat
817 5241 1064 5296 sacerdos
1104 5243 1195 5325 qui
1236 5241 1341 5299 vult
1373 5242 1525 5298 suam
1567 5243 1783 5299 missam
1823 5238 1977 5319 agere

1072 5325 1290 5382 private.

461 5396 583 5452 Mox
628 5409 687 5455 ut
721 5403 958 5460 exierint
986 5421 1051 5461 ex
1087 5407 1496 5464 matutinalibus
1540 5406 1754 5474 ofllciis,
1786 5408 1831 5464 si
1859 5409 1976 5466 dies

389 5486 573 5553 fuerit,
599 5502 805 5548 annuat
828 5496 919 5551 uni
956 5513 1022 5553 ex
1049 5499 1352 5563 conversis,
1377 5498 1525 5570 quali
1553 5498 1702 5568 velit,
1735 5508 1790 5555 et
1824 5511 1972 5567 eant,

388 5580 571 5636 lavent
600 5600 792 5641 manus
817 5598 983 5658 atque
1012 5589 1193 5646 facies
1208 5607 1335 5648 suas
1371 5602 1427 5649 et
1460 5600 1688 5665 pergant
1719 5593 1773 5648 in
1801 5593 1972 5649 eccle-

387 5674 559 5737 siam;
596 5674 799 5733 faciant
827 5681 1002 5735 trinas
1041 5683 1340 5751 orationes,
1391 5686 1438 5741 si
1486 5686 1593 5743 illis
1638 5680 1970 5758 temporibus

389 5763 679 5829 convenit;
705 5767 788 5820 vel
823 5771 866 5824 si
904 5769 996 5825 XII
1030 5771 1289 5832 lectiones
1311 5776 1468 5833 facta:
1496 5778 1719 5847 Iuerint,
1748 5793 1815 5835 ex
1840 5786 1969 5834 tunc

2087 4676 2441 4744 thuribnlum,
2488 4686 2545 4733 et
2583 4679 2827 4735 inecnset
2854 4696 3026 4743 aram,
3061 4689 3116 4735 et
3159 4681 3326 4737 levita
3373 4684 3558 4738 denuo
3600 4698 3693 4736 ac-

2085 4777 2262 4837 cepto,
2304 4768 2511 4824 deferat
2548 4785 2645 4840 per
2675 4771 2862 4825 altaria
2912 4781 2967 4827 et
2995 4772 3063 4825 ad
3098 4772 3364 4829 domuum
3407 4776 3690 4837 ablatam,

2083 4868 2139 4915 et
2163 4875 2461 4917 conversus
2486 4877 2587 4932 per
2605 4879 2797 4919 omnes
2824 4865 2875 4919 in
2903 4866 3071 4922 choro
3095 4884 3111 4922 :
3143 4868 3198 4921 in
3220 4868 3415 4938 primis
3438 4870 3507 4923 ad
3534 4870 3687 4924 illum

2083 4953 2175 5021 qui
2204 4951 2381 5009 officio
2428 4954 2685 5010 deservit.
2724 4955 2807 5010 Ad
2846 4956 3196 5030 Evangelium
3235 4959 3471 5015 domnus
3516 4960 3691 5015 abbas

2082 5040 2243 5096 debet
2279 5041 2499 5098 mittere
2541 5043 2823 5098 incensum
2860 5045 2913 5099 in
2950 5047 3305 5114 thuribnlum,
3336 5048 3495 5103 levita
3528 5038 3693 5151 deici

2081 5130 2235 5188 rcute
2262 5133 2312 5188 ei
2339 5134 2793 5207 thymiamateria.
2824 5135 2879 5191 Si
2906 5153 3010 5192 non
3035 5138 3396 5206 adestabbas,
3417 5130 3693 5224 saces-(lg

2080 5226 2277 5281 mittat.
2306 5226 2558 5293 Peracto,
2588 5226 2940 5300 Evangelium
2970 5230 3210 5300 primum
3240 5233 3519 5289 osculetur
3546 5220 3693 5304 ipse?

2076 5317 2239 5374 levita
2298 5329 2508 5375 textum
2540 5361 2554 5386 ,
2605 5320 2730 5376 dein
2794 5322 2986 5378 altare.
3027 5322 3404 5381 Subdiaconus
3438 5326 3683 5398 accipiat

2079 5417 2288 5466 textum
2318 5421 2373 5468 et
2411 5411 2619 5469 deferat
2664 5414 2958 5479 sacerdoti,
3011 5416 3210 5472 domno
3258 5416 3460 5479 abbati,
3515 5429 3581 5473 et
3616 5420 3683 5473 ad

2078 5515 2269 5558 omnes
2299 5489 2531 5569 fratres;
2563 5503 2615 5558 in
2648 5505 2840 5575 primis
2869 5506 2935 5559 ad
2965 5506 3113 5561 illum
3140 5509 3233 5579 qui
3262 5509 3424 5564 instat
3442 5520 3683 5581 propter

2075 5595 2330 5652 ollicium.
2360 5598 2487 5655 Post
2507 5596 2837 5654 oﬂ‘erendam
2858 5614 3157 5656 conversus
3182 5602 3319 5658 ferat
3342 5603 3683 5674 thymiama-

2074 5690 2208 5744 toria
2238 5691 2472 5756 cantori,
2514 5699 2568 5747 et
2593 5699 2785 5746 cantor
2814 5700 2992 5764 portet
3017 5693 3219 5761 domno
3252 5696 3445 5759 abbati,
3484 5697 3540 5750 si
3569 5713 3681 5753 μοι

2076 5779 2249 5848 adest,
2282 5782 2394 5852 ipse
2418 5780 2600 5837 faciat.
2635 5781 2861 5839 Dicente
2888 5784 3191 5851 sacerdote,
3225 5782 3328 5839 Per
3356 5785 3550 5840 omnia
3576 5804 3681 5843 sc-
