1932 3157
41 167 95 199 {269

42 232 86 252 ἰιια
100 219 257 252 iaculorum,
274 218 363 246 veniat
379 217 470 249 levita,
487 220 549 251 post
565 215 641 243 illttm
658 216 803 244 subdiaco-
817 220 844 251 Α

55 278 81 298 us
90 268 176 297 subtus
191 275 198 293 z
214 265 292 293 levita
318 269 344 292 et
366 264 506 300 acolydtns
534 263 657 291 deferant
684 267 809 298 palenam

41 319 143 350 apertam
157 311 307 342 oﬂ‘ertorio;
322 314 392 337 slent
408 310 503 337 subtus
517 310 641 336 diacono.
656 308 810 336 Procedens

41 359 151 388 diaconus
160 357 193 385 ad
204 356 454 391 discooperiendunt
466 356 590 389 calicem,
603 355 718 390 primum
731 362 811 382 oscu-

48 411 98 434 etur
108 404 199 436 altare,
215 403 311 430 deinde
326 402 466 430 brachium
483 402 632 429 sacerdotis
648 402 689 427 vel
705 408 810 434 manus,

41 456 62 478 et
71 449 196 477 humiliter
205 448 312 476 recedat
324 452 351 474 ct
359 447 480 475 inclinet.
491 447 579 474 Finita
586 447 709 474 oratione
717 445 811 473 Donti-

42 495 90 523 ttica
99 502 112 522 a
121 494 268 530 sacerdote,
278 493 366 521 tradat
378 493 517 528 acolythus
524 497 650 528 patenam
660 500 720 522 cum
730 491 811 519 otl‘er—

43 539 192 568 toriolevitae
204 539 336 570 osculans,
344 538 381 566 illi
396 546 516 571 manum,
533 543 563 567 et
582 539 678 566 reddat
702 537 813 566 oll‘erto-

42 586 98 617 rium
109 593 197 623 puero.

69 632 93 662 ln
103 632 191 660 diebus
204 631 280 660 festis
289 631 331 659 vel
341 631 467 660 ontnibus
478 632 622 659 missarum
637 629 813 668 [solemniis],

42 677 123 713 quibus
142 677 262 705 induitur
284 684 352 711 ptter
376 677 466 705 tunica
489 677 532 704 vcl
553 677 661 710 casula,
675 676 731 712 ipse
746 675 817 704 ferat

44 728 140 757 textum,
155 723 225 751 alius
239 731 307 759 puer
327 724 440 751 calicem
458 733 465 751 :
482 723 595 758 privatis
617 727 706 750 autettt
723 721 816 749 diebus

43 776 170 796 conversus
186 769 231 804 qui
247 774 338 804 portat
352 768 545 796 cattdelabrutn
559 768 591 795 ad
605 768 717 795 utissatn
729 767 755 794 itt
772 767 817 794 illo

42 815 112 841 choro
125 813 191 841 unde
207 814 264 849 ipsa
286 813 391 851 [missa]
411 819 525 849 perstat,
539 813 631 842 exilia
647 818 723 848 parte
744 812 818 840 defc-

44 866 86 892 rat,
101 865 126 887 et
138 860 276 888 incensum
292 867 399 895 semper
418 860 500 887 debet
511 866 572 888 esse
587 860 621 887 ad
643 860 728 895 ipsatu
753 858 818 886 tuis-

44 908 177 940 sam.,Puer
188 909 234 944 qui
249 909 312 945 legit
324 908 478 945 epistolam,
494 909 551 944 ipse
566 913 655 944 portet
667 912 693 936 et
707 908 817 936 calicem
835 912 857 942 Β

43 953 61 986 si
73 953 145 986 valet,
162 959 189 982 et
207 953 278 982 bene
297 954 348 981 scit
363 953 464 982 facere.
490 953 558 985 Tres
581 953 676 980 hostiae
699 953 819 987 quotidie

43 997 187 1026 mittantur:
203 998 252 1034 qui
264 998 320 1027 vult
334 999 552 1031 communicare,
570 997 672 1031 faciat;
695 998 773 1030 siest
787 998 820 1026 de

43 1043 91 1078 ipso
99 1044 176 1072 choro
191 1044 265 1072 unde
287 1043 388 1072 fratres
403 1044 540 1077 offerunt;
566 1044 590 1072 si
617 1044 651 1072 de
667 1044 720 1071 alio
735 1044 820 1071 choro

42 1087 120 1123 fuerit,
142 1096 193 1117 non
210 1089 306 1122 faciat,
324 1089 375 1117 nisi
394 1088 584 1125 priorjubeat.
607 1088 755 1117 Dominicis
767 1088 822 1115 die-

42 1133 83 1161 bus
95 1135 209 1171 quinque
236 1136 381 1163 ntittanlur
397 1136 503 1169 ltostite,
532 1136 627 1165 diebus
646 1141 736 1164 autem
761 1135 821 1164 aliis

42 1181 105 1208 festis
120 1186 180 1215 tres,
195 1187 297 1218 pra-ter
313 1183 416 1218 tuajora
430 1183 572 1211 solemnia.

307 1241 421 1270 CAPUT
441 1241 536 1269 XXIV.

42 1285 73 1312 De
93 1285 230 1329 Ιζυιηῖῃὶεῐε
252 1288 342 1315 diebus
366 1287 404 1315 vel
426 1288 498 1323 festis
518 1296 564 1315 seu
582 1288 823 1324 quotidianis,quot

57 1321 184 1346 httmnnrm
201 1333 215 1346 ιι
231 1324 379 1346 urmlnriia
395 1324 500 1346 necandi
517 1323 544 1346 in
558 1323 673 1346 animi:
684 1324 803 1346 ιΙρΙιρηηι.

66 1323 184 1350 uminaria
201 1333 215 1350 (ι
231 1324 379 1350 κτνειατὶἰε
395 1324 500 1351 accendi
511 1323 544 1356 λη
558 1323 673 1351 ecclesiis
684 1324 804 1351 debeant.

72 1367 207 1397 Dominicis
226 1368 271 1396 vel
295 1369 422 1397 omnibus
443 1369 529 1405 festis,
556 1370 656 1405 quibus
680 1369 822 1398 duodecim

42 1412 155 1442 lcctiones
188 1414 314 1448 faciunt,
343 1415 469 1443 omnibus
510 1415 697 1451 temporibus,
725 1418 824 1451 praeter

42 1460 134 1491 quando
153 1460 178 1486 in
202 1460 299 1495 cappis
324 1460 472 1494 celebrant,
494 1461 547 1488 hoc
571 1460 650 1488 ntodo
665 1460 776 1487 faciant.
793 1459 822 1487 ln

42 1504 115 1538 prima
128 1506 214 1542 vigilia
229 1507 423 1539 accendantur,
443 1511 590 1542 antequam
607 1507 713 1541 signum
735 1511 823 1540 sonet,

44 1550 147 1586 qnittque
172 1551 319 1578 luminaria
344 1559 393 1587 per
421 1551 479 1579 loca
507 1552 673 1584 constituta,
699 1551 824 1579 videlicet

43 1601 113 1623 unum
128 1600 188 1625 ante
198 1597 287 1625 altare
307 1597 404 1632 majus,
424 1597 496 1632 quod
511 1597 553 1624 dic
569 1601 704 1632 noctuque
716 1597 824 1630 ardeat;
839 1593 861 1624 C

43 1641 142 1670 alterum
164 1643 190 1670 itt
209 1644 296 1671 choro
320 1651 403 1679 prope
419 1643 545 1671 abbatem
565 1647 629 1670 attle
647 1643 798 1678 analogiam
814 1651 823 1671 :

44 1687 137 1715 tertium
158 1693 222 1717 ante
245 1689 331 1716 altare
345 1696 392 1716 seu
407 1694 485 1716 extra
500 1689 612 1716 chorum
627 1697 634 1716 :
655 1690 781 1723 quartum
797 1688 826 1716 in

42 1731 141 1761 brachio
156 1734 244 1768 partis
262 1734 429 1770 aquilonaris
450 1734 477 1761 in
502 1735 649 1762 secretario
665 1738 729 1762 ante
741 1734 827 1762 altare

43 1778 115 1805 sancti
130 1778 286 1813 Benedicti;
302 1780 426 1814 quintum
440 1779 553 1807 australi
577 1786 651 1814 parte
669 1784 745 1807 extra
759 1780 825 1807 clto«

42 1829 92 1849 runt
117 1823 142 1850 itt
165 1824 281 1852 introitu
310 1824 442 1852 ecclesiae.
469 1824 581 1859 Expleto
608 1824 700 1859 itaque
719 1824 827 1852 cantico

43 1867 158 1900 gradatim
176 1870 367 1905 adaugeanlur
379 1869 433 1898 duo
444 1874 508 1897 attte
520 1870 606 1897 altare
623 1867 719 1903 majus.
732 1869 760 1897 ln
775 1873 828 1896 ler-

42 1913 74 1940 tio
89 1918 220 1943 nocturno
236 1915 362 1948 diacono,
377 1915 523 1951 Evangelio
539 1916 724 1951 pronuntiato,
742 1913 775 1942 Et
788 1922 828 1942 re-

41 1956 104 1992 liqua
123 1960 245 1993 dicente,
268 1960 361 1988 statim
387 1961 440 1989 duo
466 1961 607 1989 sccretarii
630 1961 830 1997 discooperiant

42 2002 165 2038 tabulam,
192 2005 361 2041 tertiumque
385 2006 536 2034 accendant
564 2006 780 2038 candelabrum,
802 2011 829 2033 et

41 2048 184 2085 analogium
200 2050 350 2079 deferatur.
364 2051 405 2078 Ad
423 2042 571 2079 matutinas
588 2052 681 2080 laudes
696 2052 769 2079 dicto
781 2051 831 2079 Be-

41 2095 182 2125 ntdicmu:
195 2098 322 2131 Domino,
335 2099 552 2133 exstinguuntur.
564 2098 604 2126 Ad
620 2099 731 2126 missam
746 2098 832 2127 tribus

41 2140 87 2168 duo
100 2140 297 2178 adjungantur,
321 2149 381 2178 qua:
404 2143 527 2171 couversi
553 2143 694 2175 deferant,
718 2148 745 2170 et
767 2143 833 2170 fiant

39 2186 160 2222 quinque.
177 2188 220 2215 Ad
235 2195 380 2223 vesperum
397 2188 447 2216 tria
461 2189 515 2216 sint
528 2193 591 2216 ante
604 2188 701 2217 altare.
716 2188 833 2216 [feriatis

40 2233 127 2262 diebus
150 2234 281 2262 similiter
306 2234 410 2263 faciant
435 2243 484 2270 per
502 2235 561 2263 loca
582 2236 713 2263 destinata
736 2240 833 2270 praeter

39 2279 79 2307 illa
95 2288 154 2316 quae
173 2282 327 2318 junguntur
342 2282 369 2309 in
387 2283 467 2309 tcrtio
487 2287 631 2310 nocturno.
651 2282 714 2309 Duae
731 2282 831 2309 canale-

40 2325 69 2353 lze
83 2327 136 2355 sint
148 2335 278 2356 accensa:
296 2333 360 2355 ante
374 2328 523 2364 principale
537 2327 632 2355 altare.
644 2328 757 2363 Explcto
768 2335 833 2355 catt-

40 2373 89 2401 lico
103 2375 240 2411 graduum
254 2375 334 2403 tertia
348 2380 401 2408 est,
416 2382 476 2410 quae
493 2375 528 2402 ibi
542 2382 650 2410 semper
663 2374 714 2402 erit
725 2381 832 2402 arsura.

39 2417 157 2454 Expletis
171 2419 279 2448 duobtts
295 2419 438 2448 nocturnis
450 2419 662 2454 exstinguantur
675 2418 746 2447 bime
768 2426 834 2446 can-

40 2465 103 2495 dela:
119 2475 209 2503 usque
228 2467 292 2495 dum
308 2467 408 2495 dicitur
424 2466 516 2502 vigilia
531 2470 714 2499 mortuorum,
733 2469 760 2493 et
775 2472 834 2492 ma-

41 2513 155 2542 tutinum
180 2521 290 2542 eorum.
317 2514 346 2541 In
373 2513 498 2541 laudibus
523 2513 622 2541 iterum
640 2512 832 2544 accendantur,

40 2559 196 2596 priusquam
211 2564 332 2589 sonetur.
345 2560 385 2588 Ad
399 2559 509 2588 missam
522 2565 577 2588 tres
592 2560 647 2587 sint
659 2564 721 2586 ante
732 2558 834 2591 altare;

41 2605 72 2632 ad
87 2613 234 2641 vesperum
250 2605 319 2634 dum.
336 2605 404 2632 Nam
419 2606 544 2634 omnibus
554 2606 649 2633 diebus
660 2604 836 2633 sabbatorum

43 2652 74 2679 ad
88 2661 222 2690 vesperas
242 2662 351 2689 semper
365 2655 419 2682 sint
434 2659 489 2682 tres
512 2654 650 2689 lampades
673 2657 736 2681 ante
751 2652 836 2681 altare

43 2706 172 2728 accensae.
196 2700 329 2728 Similiter
350 2701 455 2729 cttttctis
474 2701 569 2728 dielms
592 2700 747 2735 vigiliarum
773 2706 836 2726 san-

44 2749 146 2773 ctorum
168 2746 226 2774 sive
253 2752 408 2774 sanctarum
435 2746 532 2782 quibus
554 2745 599 2773 ΧΗ
624 2745 754 2773 lectiones
780 2744 837 2772 clli—

44 2793 152 2819 cinntur
168 2793 194 2819 itt
209 2793 336 2820 crastino.

619 157 809 187 DlStllPlJNA
826 154 1030 185 FARFENSIS.

1155 220 1271 250 CAPUT
1286 219 1370 248 XXV.

1059 268 1098 296 De
1121 268 1234 295 versibus
1255 264 1459 302 o/I‘erendarum.
1655 292 1658 297 .

1059 287 1098 296 νυ
1122 287 1233 295 mw...
1255 287 1459 302 .,,,-.-.._s.....v.
1655 292 1658 297 Ι

897 317 1086 348 Oﬁicionarius
1103 317 1200 349 frater,
1219 323 1280 343 mox
1294 319 1323 342 ut
1346 313 1418 341 dicta
1445 311 1528 339 fuerit
1539 287 1668 349 offcren-l

862 365 907 397 da.
923 364 1072 401 procedere
1096 368 1161 391 ante
1183 362 1308 390 abbatem
1327 364 1408 394 atqtte
1430 364 1549 385 attnuere
1577 345 1672 383 debet.

862 410 897 439 de
916 418 1045 439 versuum
1069 408 1251 437 inchoatione.
1271 406 1376 433 Abbate
1399 403 1545 439 incipiente
1560 401 1659 429 debent

862 463 958 484 omnes
970 455 1110 483 inclinare.
1126 454 1154 481 Si
1165 454 1222 489 ipse
1236 460 1289 480 non
1304 451 1427 486 imponit,
1445 449 1524 476 debet
1539 453 1659 475 annttere

863 502 934 535 aliis,
954 502 1053 537 quibus
1068 501 1156 529 visum
1182 500 1207 527 ei
1226 498 1320 531 fuerit,
1341 501 1368 524 et
1387 495 1458 523 illico
1474 501 1502 522 ut
1524 493 1659 521 initiatum

863 548 955 578 habet.
978 547 1069 575 facere
1095 545 1300 574 inclinationem
1315 550 1376 571 cum
1402 534 1561 571 reverentia,
1583 536 1660 573 pueri

864 595 929 623 hinc
939 598 968 622 et
988 593 1052 621 inde
1070 599 1167 620 ontnes
1192 590 1366 618 inclinantes.
1385 586 1416 614 Si
1439 586 1522 613 abbas
1542 589 1661 619 przesens

865 649 920 669 non
937 639 1028 672 fuerit,
1045 639 1127 667 faciat
1139 638 1230 674 prior;
1258 641 1286 664 et
1300 635 1323 663 si
1338 635 1413 670 prior
1443 632 1555 660 minime
1574 629 1661 660 adest,

866 691 970 715 annuat
1014 686 1138 718 decano;
1161 682 1271 719 quando
1303 682 1361 717 ipse
1386 679 1514 711 defuerit,
1542 677 1663 712 imponat

867 732 1012 764 armarius,
1036 735 1064 759 et
1080 731 1103 759 si
1124 727 1314 766 praenominati
1329 725 1420 754 cuncti
1436 726 1550 753 deerunt
1577 721 1664 749 adiut-

826 799 829 802 .
867 778 939 813 pleat
948 773 1301 813 ipse[oﬂicionarius].,Cum
1309 771 1456 807 jamprope
1468 770 1517 805 ipsi
1532 766 1664 795 versiculi

868 823 978 852 finiendi
999 812 1071 854 sunt,
1089 821 1181 849 veniat
1205 826 1355 848 conversus
1382 825 1443 846 cum
1469 814 1606 844 tlturibnlo
1630 812 1666 840 ad

869 875 1021 902 cautorem,
1036 873 1065 896 et
1076 872 1140 896 tunc
1155 867 1222 904 .ipse
1235 865 1341 894 deferat
1361 863 1469 896 abbati;
1492 862 1514 890 si
1536 868 1589 888 non
1610 864 1663 891 est,

872 915 941 943 [acia
948 919 957 942 t
964 914 1032 949 ipse.
1042 913 1108 941 Tota
1116 911 1328 947 Quadragesima
1335 910 1435 937 debent
1443 906 1563 943 quotidie
1570 911 1665 931 omnes

870 960 1027 990 decantare,
1041 957 1216 985 Paschalibus
1226 956 1354 994 deinceps
1364 954 1469 986 diebus,
1481 957 1508 980 et
1518 951 1570 978 illis
1578 949 1664 988 festis,

871 1014 931 1041 quae
946 1004 1031 1033 semel
1044 1003 1216 1032 celebrantur
1230 1002 1257 1029 in
1272 1009 1343 1028 antto
1358 999 1495 1028 similiter.
1518 995 1668 1024 Dominicis

871 1051 966 1079 diebus
993 1053 1024 1076 ut
1046 1048 1171 1075 venerint
1193 1054 1241 1083 per
1265 1050 1349 1073 totam
1381 1044 1559 1079 septimanam
1582 1047 1667 1068 unum

873 1102 977 1127 Ituttttm
991 1096 1146 1124 decantare.
1159 1095 1196 1122 De
1208 1092 1400 1121 festivitatibus
1417 1094 1585 1123 sanctorum,
1598 1094 1667 1124 quas

872 1143 1122 1176 celebrant,,unum
1133 1140 1175 1168 vel
1190 1140 1243 1168 duo
1255 1136 1486 1175 promeredebet.

1156 1195 1270 1225 CAPUT
1285 1194 1382 1223 XXVI.

902 1247 940 1275 Dc
966 1245 1055 1282 pueris
1078 1241 1378 1284 coquinariisgqn'aliler
1396 1244 1476 1275 agunt
1493 1247 1552 1266 cum
1574 1246 1633 1266 ma-

1225 1282 1324 1314 gistrts.

909 1330 989 1359 Pueri
1016 1328 1064 1365 qui
1099 1327 1252 1363 coquinarii
1277 1329 1350 1357 sunt,
1375 1323 1467 1351 omnia
1501 1321 1604 1349 faciant
1643 1320 1669 1347 in

874 1376 1001 1412 coquina,
1013 1381 1074 1410 quae
1087 1373 1146 1402 ﬁeri
1161 1373 1260 1401 debent
1277 1379 1291 1397 a
1306 1368 1519 1405 scptimanariis.
1540 1367 1629 1395 Etiam
1644 1367 1666 1393 in

874 1423 988 1452 sabbato
1010 1422 1110 1454 lavent,
1124 1425 1152 1448 et
1174 1422 1284 1454 tergunt
1302 1417 1385 1452 pedes
1406 1415 1520 1443 fratrum
1536 1422 1597 1442 cum
1612 1413 1668 1440 tali-

874 1471 925 1499 bus
939 1468 1105 1500 senioribus,
1116 1467 1162 1502 qtti
1175 1474 1223 1494 eos
1237 1464 1403 1495 custodiant,
1419 1471 1472 1490 non
1491 1469 1554 1489 cuttt
1566 1460 1664 1496 juveni-

875 1520 937 1548 bus.
957 1518 1073 1546 Tantum
1085 1521 1175 1544 autern
1189 1521 1243 1542 non
1261 1512 1457 1542 ministrabant
1470 1510 1503 1536 ad
1518 1508 1672 1544 prandium,

876 1574 926 1594 nec
941 1566 974 1593 ad
986 1571 1107 1593 mensam
1122 1563 1258 1594 servient;
1279 1561 1326 1589 sed
1341 1560 1374 1588 de
1391 1559 1451 1586 aliis
1467 1557 1596 1584 fratribus
1606 1562 1676 1589 quos

878 1612 1011 1648 magister
1022 1609 1169 1646 rogaverit.
1184 1608 1253 1636 Cum
1265 1605 1383 1634 viderint
1403 1603 1502 1631 fratres
1515 1601 1676 1636 coquinth-

877 1665 921 1687 res
932 1665 1000 1693 opus
1012 1665 1082 1689 esse,
1096 1661 1127 1684 nt
1139 1655 1287 1683 bulliantur
1300 1651 1419 1682 scutellaa
1429 1653 1541 1686 propter
1555 1650 1675 1681 adipem,

878 1704 942 1731 dent
953 1710 1001 1730 cas
1022 1701 1167 1730 cellerario
1188 1700 1287 1727 fratres
1308 1705 1335 1725 tv
1352 1696 1432 1727 feria,
1445 1695 1489 1722 vel
1505 1695 1534 1724 in
1547 1694 1602 1721 alio
1618 1694 1674 1725 die,

877 1752 905 1775 ct
925 1747 1008 1775 faciat
1028 1754 1077 1774 eas
1090 1746 1212 1776 abluere,
1229 1748 1257 1771 et
1278 1743 1377 1770 iterum
1395 1739 1510 1767 reddant
1523 1746 1570 1765 cas
1583 1737 1677 1772 coqui-

878 1794 973 1822 nariis.
995 1793 1117 1821 Sabbato
1135 1790 1289 1821 tuundetur,
1312 1792 1394 1822 atque
1408 1789 1535 1820 scopetnr
1546 1782 1675 1817 coqttina.

878 1841 982 1875 Aquam
1007 1837 1194 1866 mollissintam
1216 1842 1314 1863 novam
1339 1832 1478 1861 dimittant
1501 1828 1676 1857 intrantibus.

878 1888 984 1923 Aquam
1009 1886 1043 1913 ad
1066 1884 1215 1913 abluendos
1240 1881 1325 1917 pedes
1351 1880 1467 1907 fratrum
1492 1876 1677 1908 calefaciunt;

879 1941 950 1962 unus
960 1933 993 1960 de
1003 1930 1166 1960 exeuntibus
1179 1933 1207 1956 et
1221 1928 1290 1955 alius
1301 1927 1333 1954 de
1350 1924 1526 1955 intrantibus,
1540 1929 1599 1951 eam
1613 1925 1682 1948 ante.

881 1978 1028 2014 capitulum
1041 1980 1165 2013 portent:
1188 1975 1325 2002 intrantes
1339 1971 1463 2000 deferant
1476 1967 1632 1996 linteamina
1644 1973 1679 1993 ex

881 2024 1071 2062 promptuario
1086 2031 1092 2050 :
1108 2030 1123 2050 a
1143 2020 1289 2049 secretario
1306 2018 1398 2054 pelves
1409 2021 1436 2044 et
1448 2013 1682 2049 manutergiaale-t

882 2060 1015 2098 ferantur.
1027 2068 1118 2096 Abbas
1135 2065 1304 2095 solutnmodo
1315 2063 1349 2091 ad
1360 2069 1441 2090 unam
1453 2069 1487 2088 ex
1500 2060 1567 2096 ipsis
1579 2063 1677 2093 tecgat.

882 2117 941 2144 Duo
954 2114 1029 2151 ptteri
1040 2122 1092 2144 non
1105 2113 1195 2140 lavent
1208 2110 1300 2143 simul,
1322 2108 1452 2143 magister
1472 2111 1498 2134 et
1510 2112 1576 2140 ptter
1589 2104 1681 2131 lavent

884 2149 995 2190 sedente
1008 2160 1060 2188 alio
1087 2166 1172 2194 puero
1189 2157 1216 2185 in
1240 2155 1317 2184 sedili
1333 2162 1393 2183 suo.
1417 2153 1484 2180 Cum
1500 2149 1682 2178 convenerint

885 2209 919 2235 ad
936 2207 1079 2235 lavandum
1105 2202 1275 2234 linteamina,
1294 2204 1389 2235 surgat
1407 2205 1474 2234 puer
1496 2195 1680 2225 hebdomada-

887 2255 943 2282 rins
953 2253 987 2281 de
1009 2252 1085 2280 sedili
1098 2258 1158 2282 suo,
1174 2254 1204 2277 et
1215 2253 1334 2277 eatcum
1351 2246 1404 2274 alio
1419 2252 1503 2280 pttero
1519 2243 1594 2274 foras
1607 2243 1682 2278 capi-

887 2300 981 2333 tulum,
1006 2303 1034 2326 et
1057 2297 1167 2326 abluunt
1182 2296 1349 2323 linteamina.
1367 2293 1415 2321 His
1434 2291 1559 2327 expletis,
1584 2297 1683 2317 mantts

885 2354 949 2375 suas
964 2345 1068 2375 lavent.
1085 2342 1210 2372 deferant
1232 2348 1331 2375 aquattt
1361 2339 1396 2367 ad
1421 2337 1683 2367 ablttcttdas.,m-.tntts

884 2391 1007 2420 omnium
1019 2390 1145 2417 fratrum.
1158 2387 1235 2420 Unus
1245 2394 1278 2414 ex
1288 2386 1331 2413 his
1341 2384 1449 2420 pueris,
1462 2383 1507 2418 qui
1517 2383 1611 2418 jnn'wr
1630 2387 1682 2411 est,

886 2442 932 2465 eat
955 2437 982 2464 in
1006 2434 1089 2463 sedile
1109 2441 1201 2466 suum,
1227 2432 1314 2461 donec
1331 2438 1428 2459 omnes
1452 2428 1685 2458 abluunt,mattus

886 2490 960 2517 suas,
974 2482 1057 2510 etiam
1081 2480 1169 2516 pueri.
1183 2478 1261 2506 Tunc
1271 2482 1367 2513 surgat
1390 2477 1488 2504 iterum
1509 2482 1577 2509 puer
1590 2473 1626 2502 de
1640 2480 1685 2499 se-

887 2530 934 2557 dili
955 2535 1017 2561 suo,
1046 2531 1074 2555 et
1099 2526 1197 2555 veniat,
1209 2532 1270 2552 cutn
1291 2524 1345 2552 alio
1366 2522 1471 2550 infante
1504 2518 1587 2547 for‘as.
1614 2518 1684 2545 Cum

887 2573 1064 2611 deposuerint
1092 2571 1231 2605 utensilia,
1259 2577 1321 2598 cum
1333 2569 1432 2605 quibus
1454 2567 1607 2595 servierant
1625 2563 1684 2591 fra-

888 2622 975 2650 tribus
988 2621 1016 2648 in
1033 2620 1093 2650 loco
1106 2618 1249 2654 disposito.
1278 2616 1389 2644 veniant
1403 2615 1428 2642 in
1450 2618 1530 2642 antea
1552 2612 1578 2640 in
1594 2610 1684 2638 tnedio

888 2659 1007 2704 capitulo
1031 2667 1170 2698 ordinate,
1192 2668 1221 2692 et
1244 2662 1348 2693 faciant
1362 2660 1554 2690 reverentiam,
1579 2661 1685 2686 eteant

889 2718 915 2745 in
927 2716 1058 2745 sedilibus
1067 2714 1134 2743 suis.
1147 2711 1319 2741 Secretarius
1329 2716 1394 2737 vero
1410 2709 1475 2736 dum
1489 2706 1564 2743 pueri
1581 2705 1684 2733 habue-

890 2764 944 2791 rint
964 2770 1060 2791 manus
1084 2767 1148 2789 suas
1177 2758 1282 2787 ablutas
1307 2757 1413 2790 signum
1438 2754 1521 2782 faciat
1555 2750 1684 2787 pulsandi

889 2809 1003 2845 squillae,
1015 2813 1044 2835 et
1062 2809 1173 2841 accepta
1188 2803 1420 2845 licentiayergat,
1442 2804 1470 2828 et
1486 2799 1572 2827 lector
1594 2797 1686 2825 veniat

891 2855 917 2882 itt
944 2853 1035 2881 medio
1064 2851 1097 2879 ad
1126 2844 1370 2886 analogiumzrillo
1392 2847 1499 2882 signum
1532 2844 1694 2873 dimittente

892 2900 999 2931 (abbate
1016 2902 1152 2927 annuente
1175 2897 1211 2931 ei)
1225 2896 1339 2930 accipiat
1361 2893 1589 2925 benedictionem.
1605 2896 1686 2924 atque
