3864 6314
541 352 675 420 ,271

1629 346 1955 403 GUlDttNlS
1983 317 2277 401 annuis
2315 340 2701 401 ranrausrs

3612 350 3706 408 ατς

538 466 826 523 lectionem
851 464 1063 520 inchoet
1092 481 1106 527 ξ
1137 462 1349 532 legente
1375 460 1512 516 duos
1537 474 1732 516 versus
1757 461 1840 517 vel
1862 468 2134 531 praestan-
2160 439 2209 496 Α
2239 458 2499 527 posuerit,
2527 457 2653 514 talis
2679 456 2892 528 legatur
2914 470 2946 512 a
2972 454 3208 524 lectore;
3232 456 3399 514 nullus
3436 471 3498 516 ex
3524 459 3707 522 fratribus

543 559 667 622 tius,
703 556 1071 627 tuncjubente
1119 555 1314 608 abbate
1357 561 1544 623 surgat
1576 553 1669 609 ille
1701 553 1788 608 cui
1830 550 2050 619 annuit,
2084 558 2139 604 et
2238 558 2533 619 praesumat
2556 548 2721 604 alium
2745 550 2947 605 librum
2981 548 3277 619 imponere.
3309 549 3435 605 Nam
3464 562 3513 608 et
3540 559 3707 611 omnium

537 647 1057 721 tonetcymbalum.
1098 647 1174 703 Ex
1218 647 1345 702 hinc
1401 655 1629 718 surgant
1667 659 1879 707 omnes,
1930 643 2136 708 faciant

532 743 663 796 ante
682 752 740 805 et
770 732 935 805 retro,
968 748 1025 794 et
1048 748 1177 793 eant
1202 739 1328 794 dum
1358 748 1542 807 potum
1566 736 1730 792 fuerit
1757 736 2132 792 benedictum:

534 843 763 904 pergant
810 833 1217 889 hebdomadarii
1248 832 1492 902 coquinae
1532 840 1586 887 et
1608 833 1784 902 ignem
1814 829 2135 899 cooperiaut

519 910 587 1003 let
610 928 771 983 simul
797 928 1058 994 veniant;
1088 927 1158 981 ibi
1183 927 1386 981 faciant
1411 935 1536 980 ante
1581 932 1635 979 et
1667 934 1814 979 retro
1847 923 2131 1007 imponen-

531 1000 615 1074 tcs
638 1020 780 1074 hunc
814 1036 1057 1085 versum,
1086 1018 1397 1073 Benedictus
1426 1035 1499 1082 es,
1530 1018 1754 1071 Domine
1791 1010 1933 1070 Deus
1959 1032 2129 1081 meus,

529 1107 706 1162 tribus
733 1107 964 1162 vicibus.
991 1106 1155 1177 Kyrie
1179 1106 1393 1161 eleison.
1426 1102 1583 1159 Pater
1605 1114 1803 1159 noster.
1834 1103 1900 1158 Et
1933 1120 1994 1157 ne
2010 1119 2125 1158 nos.

515 1186 871 1266 IAdjutorimn
901 1208 1058 1263 nost.,
1083 1207 1215 1267 etc.,
1243 1206 1297 1252 et
1321 1196 1399 1251 sic
1435 1196 1711 1252 recedant.
1732 1193 1788 1248 Si
1822 1194 1987 1248 abbas
2017 1207 2125 1246 non

528 1298 634 1354 est,
668 1288 855 1343 eadem
884 1288 1085 1343 faciant
1107 1289 1159 1343 in
1190 1290 1308 1344 loco
1338 1288 1478 1357 ejus,
1507 1287 1597 1357 qui
1623 1287 1870 1341 ordinem
1892 1292 2119 1350 tenent;

518 1364 858 1446 unotidianis
882 1379 1070 1434 diebus
1092 1379 1339 1449 cymbalo
1362 1387 1593 1433 sonante
1611 1375 1832 1432 faciant.
1864 1374 1973 1429 illis
2004 1374 2119 1428 die-

523 1468 651 1532 bus,
681 1469 877 1539 quibus
902 1486 1006 1526 non
1034 1470 1279 1541 pulsatur
1300 1469 1632 1541 cymbalum,
1671 1468 1797 1521 dum
1829 1464 2123 1520 habuerint

515 1562 708 1616 omnia
736 1564 967 1633 expleta,
1000 1579 1120 1633 qua:
1146 1563 1219 1617 ibi
1249 1578 1385 1633 opus
1413 1570 1497 1617 est
1526 1559 1782 1623 faciendi,
1813 1559 1885 1612 ita
1912 1558 2117 1622 dicant,

508 1641 582 1704 'et
621 1653 893 1706 recedant.
932 1653 1028 1708 Die
1077 1652 1354 1708 Dominico
1391 1651 1617 1705 reddant
1672 1663 1800 1704 vasa
1832 1646 2029 1702 munda
2061 1656 2117 1702 et

525 1759 657 1798 sana
700 1745 983 1801 cellerario
1010 1761 1107 1816 per
1144 1759 1428 1801 numerum
1463 1752 1584 1814 post
1610 1739 1925 1811 capitulum,
1950 1748 2008 1794 et
2032 1738 2107 1792 in-

526 1833 800 1890 trantibus
828 1835 1043 1891 dentur.

1086 1924 1316 1993 CAPUT
1350 1923 1560 1985 XXVII.

927 2016 1007 2071 De
1044 2016 1366 2086 confessione
1398 2030 1702 2087 puerorum.

589 2106 727 2163 Cum
749 2106 815 2161 ad
861 2106 1259 2165 confessionem
1286 2108 1559 2175 ducuntur
1596 2108 1851 2173 infantes,
1882 2107 1927 2163 si
1957 2107 2110 2162 dom-

518 2212 625 2253 nus
661 2196 830 2253 abbas
860 2211 1097 2267 praesens
1126 2206 1226 2263 est,
1258 2199 1520 2269 magister
1545 2214 1639 2254 eos
1662 2197 1731 2261 ad
1756 2198 1906 2252 illum
1939 2208 2107 2268 usque

516 2288 820 2364 perducat;
847 2289 964 2359 ipso
1007 2299 1263 2360 surgente
1290 2290 1548 2361 magister
1596 2299 1721 2345 ante
1768 2289 1989 2361 capituli
2022 2305 2113 2346 se-

516 2382 648 2437 dere
672 2380 832 2436 debet
879 2381 1182 2438 introitum.
1241 2380 1299 2435 In
1343 2382 1463 2437 loco
1506 2398 1659 2447 vero,
1718 2383 1808 2453 qui
1843 2382 2111 2438 infantum

515 2472 656 2527 solet
679 2487 823 2537 esse,
871 2473 1164 2544 capitulum
1214 2473 1323 2529 illic
1357 2484 1414 2530 et
1460 2475 1861 2530 confessionem
1913 2475 2115 2530 debent

514 2580 697 2635 agere.
749 2564 909 2631 Prior
933 2564 1114 2620 infans
1148 2567 1300 2636 prius
1328 2567 1581 2633 accedat;
1627 2575 1778 2624 stans
1816 2566 2113 2625 confessio-

510 2656 636 2711 nem
676 2654 867 2731 faciat,
922 2656 1059 2711 alter
1082 2657 1135 2711 in
1166 2666 1323 2728 parte
1365 2659 1664 2713 meridiana
1716 2660 1905 2715 sedeat
1946 2674 2112 2730 super

508 2761 678 2800 unum
704 2745 914 2805 aedium
946 2761 1155 2808 eorum.
1184 2746 1313 2804 Post
1339 2749 1736 2805 confessionem
1777 2751 1975 2809 iterum
2014 2765 2111 2805 eos

506 2837 774 2906 magister
794 2838 1047 2915 accipiat.
1080 2839 1215 2894 Cum
1241 2856 1378 2907 vero,
1402 2842 1569 2911 priori
1606 2841 1687 2896 vel
1718 2841 1929 2896 decano
1960 2840 2111 2896 clau-

506 2930 608 2983 stri
649 2929 1063 2986 voluerintesse
1089 2932 1322 2988 confessi
1366 2949 1488 2989 eum
1523 2935 1782 3005 magister
1813 2935 1881 2990 ad
1931 2936 2106 3005 ipsum

505 3036 603 3076 eos
633 3022 971 3091 perduxerit,
995 3024 1179 3078 statim
1212 3026 1327 3094 ipse
1352 3025 1597 3089 recedat;
1629 3027 1779 3096 prior
1806 3026 1859 3079 in
1898 3027 2110 3096 capitus

2238 640 2467 699 fratrum
2495 641 2762 698 obscultet
2785 642 3077 707 lectiones,
3099 643 3452 712 responsoria,
3470 646 3706 716 etquidquid

2238 733 2383 789 intus
2408 744 2464 791 et
2487 734 2617 791 loris
2659 736 3028 801 eantaverint,
3069 735 3154 790 vel
3184 735 3420 809 legerint.
3444 736 3606 795 Omnes
3622 758 3707 797 vero

2235 825 2404 882 libros
2437 827 2607 899 ligare
2656 838 2820 898 atque
2856 827 3136 893 investire,
3168 842 3261 881 seu
3308 832 3564 885 emendare
3605 832 3706 889 debet

2233 931 2331 986 per
2360 932 2437 983 se,
2468 917 2552 973 vel
2581 933 2678 988 per
2703 918 2838 974 alios
2873 917 3071 974 fratres
3096 920 3356 986 eruditos,
3394 928 3445 976 et
3466 937 3576 992 quos
3600 924 3707 980 libuit
3798 920 3799 923 “

2231 1008 2512 1081 generales
2563 1010 2764 1065 debent
2815 1011 3058 1066 scribere
3107 1010 3343 1077 fratres,
3372 1014 3530 1068 omnia
3565 1016 3707 1068 am
3798 1062 3799 1075 ς

2232 1102 2349 1171 ipse
2379 1104 2593 1171 radere,
2618 1113 2782 1173 atque
2805 1103 3131 1171 perducere,
3172 1112 3229 1159 et
3281 1104 3549 1176 cuicunque
3569 1121 3619 1161 ex
3641 1106 3707 1162 ln-

2230 1197 2404 1251 tribus
2424 1196 2675 1267 jusserit,
2712 1205 2773 1252 ut
2802 1212 2925 1252 eum
2970 1194 3253 1265 adiuvent,
3282 1198 3509 1252 obediant
3532 1199 3706 1255 eizetti
3798 1244 3799 1247 η

2229 1289 2426 1359 aliquis
2450 1304 2516 1342 ex
2542 1289 2621 1344 eis
2652 1289 2913 1353 renuerit,
2942 1290 2995 1344 in
3020 1289 3265 1345 crastino
3292 1288 3617 1360 querelabitur.
3638 1291 3706 1345 An-

2226 1379 2479 1448 tipbonas
2507 1394 2627 1449 quae
2675 1387 2804 1433 sunt
2839 1394 2909 1433 ex
2946 1380 3230 1449 evangelio
3284 1379 3575 1449 imponat,“
3598 1380 3707 1435 abitas

2223 1485 2330 1523 non
2355 1470 2529 1525 adest.
2564 1470 2641 1525 De
2670 1470 2857 1535 missa,
2889 1468 3092 1534 oﬂieio,
3118 1485 3218 1525 nec
3271 1486 3374 1525 non
3401 1471 3462 1525 de
3494 1471 3706 1541 evangelio.
3798 1484 3799 1539 γ

2221 1570 2276 1616 et
2304 1571 2499 1618 caetera
2535 1563 2660 1626 alia,
2688 1577 2810 1632 qua
2840 1564 2906 1617 ad
2938 1562 3225 1618 ecclesiam
3280 1562 3537 1633 pertinent,
3564 1564 3707 1617 studeat

2223 1652 2340 1723 ipse
2375 1654 2691 1719 emendare,
2732 1654 2775 1708 si
2830 1653 3137 1725 neglectqu
3187 1652 3376 1708 fuerit.
3423 1652 3582 1708 Libros
3612 1652 3707 1709 fons
3798 1652 3799 1721 ᾗ

2219 1745 2521 1813 producere
2568 1744 2655 1801 vel
2698 1745 3016 1817 recolligere
3062 1747 3177 1815 ipse
3215 1744 3513 1802 debetcum
3559 1756 3706 1799 unum
3798 1768 3799 1817 γ

2144 1803 2193 1863 Β
2221 1803 2463 1926 ἓῆυθιίάίθ
2490 1851 2505 1890 ³
2536 1846 2592 1893 ει
2614 1837 2782 1892 mu“?!
2813 1803 2917 1903 alia
2944 1803 3107 1893 debet
3131 1838 3335 1893 habere
3374 1837 3464 1893 sub
3506 1852 3582 1891 sua
3609 1850 3705 1901 cun,

2219 1924 2339 1995 qua:
2370 1926 2603 1997 sparsim
2629 1927 2891 1984 habemus
2910 1927 3022 1998 jam
3053 1929 3383 1999 conscripta,
3414 1927 3538 1999 quod
3559 1928 3706 1984 bienni
3798 1924 3799 1995 γ

2214 2025 2301 2075 est
2323 2032 2460 2091 opus
2489 2018 2778 2095 inserere._
2816 2094 2819 2095 ν
3798 2016 3799 2095 γ

2788 2132 3022 2192 CAPUT
3058 2133 3255 2190 XXIX.

2738 2226 2814 2283 De
2848 2228 3295 2299 processiouibus.

2285 2315 2729 2389 Quandocunque
2764 2318 2962 2375 fratres
2987 2320 3395 2391 proccssionem
3424 2329 3536 2375 tvet
3558 2318 3705 2374 nterii

2216 2410 2448 2477 faciunt,
2478 2426 2600 2466 mox
2632 2420 2692 2466 ut
2737 2411 2882 2467 dicta
2918 2412 3083 2468 fuerit
3107 2429 3209 2467 una
3238 2429 3307 2469 ex
3333 2414 3599 2484 antipbonis
3631 2426 3708 2483 pro-

2214 2499 2584 2566 cessionariis,
2612 2498 2759 2557 illico
2796 2502 2902 2559 duo
2930 2503 3083 2574 pueri
3107 2504 3295 2559 dicent
3318 2504 3551 2568 litaniam,
3578 2503 3705 2557 tamin
3798 2498 3799 2574 γ

2215 2589 2329 2659 ipso
2353 2590 2567 2657 itinere,
2597 2610 2759 2664 quam
2800 2594 2855 2649 in
2894 2595 3122 2651 ecclesia
3171 2611 3299 2651 cum
3351 2606 3635 2651 revertentur
3673 2594 3707 2648 in

2212 2682 2461 2741 chorum.
2491 2682 2680 2741 Nullus
2706 2694 2997 2756 antequam
3020 2686 3204 2741 litania
3228 2686 3392 2744 fuerit
3416 2687 3591 2758 expleta
3606 2686 3708 2740 delet

2212 2773 2381 2840 exire,
2416 2775 2667 2844 quamvis
2689 2775 2965 2831 licentiam
2996 2777 3245 2833 habeat:
3286 2777 3385 2833 nisi
3413 2777 3521 2832 talis
3539 2774 3704 2830 necessi-

2215 2870 2298 2916 tas
2348 2865 2597 2919 evenerit
2634 2880 2797 2934 quam
2851 2866 3161 2923 nullatenus
3219 2869 3490 2938 prreterire
3531 2866 3705 2937 potuerit.

2209 2952 2343 3008 Nam
2382 2954 2617 3024 erplcta,
2657 2957 2701 3011 si
2730 2957 2889 3013 alicui
2915 2968 3000 3013 est
3040 2958 3196 3013 valde
3233 2975 3373 3029 opus
3402 2959 3558 3028 aliqua
3590 2969 3702 3011 ms:

2213 3064 2399 3118 agere,
2454 3059 2603 3120 petat
2657 3050 2933 3105 licentiam
2989 3050 3053 3106 D.
3104 3052 3343 3118 abbatis,
3380 3052 3458 3105 vel
3503 3050 3629 3111 illius,
3651 3046 3709 3115 qui

507 3112 618 3167 lum
673 3114 794 3187 illos
830 3119 1011 3184 ducat,
1040 3127 1095 3172 et
1138 3127 1265 3187 post
1313 3117 1712 3174 confessionem
1758 3120 1824 3179 ad
1861 3120 2101 3176 scholam

2208 3112 2472 3197 ordinem-
2495 3151 2659 3207 tenet,
2685 3143 2733 3197 si
2773 3142 2945 3199 abbas
2976 3160 3082 3200 non
3110 3153 3214 3207 est,
3246 3154 3306 3199 et
3334 3152 3530 3215 pergat;
3569 3142 3638 3196 sed
3658 3152 3708 3192 ta-

508 3206 756 3264 reducat.
786 3210 918 3271 Cum
945 3209 1180 3281 infantes
1209 3210 1415 3283 aliquot
1440 3211 1505 3266 de
1527 3210 1710 3267 schola
1736 3221 1865 3266 sunt
1901 3211 2101 3267 exituri

507 3298 578 3352 ad
613 3299 908 3374 capitulmn
961 3302 1517 3378 infantum,domnus
1561 3303 1730 3359 abbas
1759 3303 1919 3358 debet
1947 3303 2100 3358 veni-

508 3405 591 3455 re,
633 3402 689 3447 et
717 3393 851 3453 alios
880 3395 1112 3451 infantes
1140 3396 1289 3450 exire
1320 3395 1481 3451 faciat
1506 3414 1520 3469 ;
1555 3398 1669 3468 ipse
1694 3407 1875 3454 autem
1900 3406 1955 3452 et
1985 3413 2100 3453 ma-

506 3482 676 3549 gister
696 3498 819 3537 cum
852 3484 936 3549 iis,
970 3485 1062 3554 qui
1093 3484 1293 3541 exituri
1333 3493 1479 3551 sunt,
1519 3495 1863 3553 remaneant,
1894 3496 1947 3541 et
1969 3502 2100 3554 con,-

504 3570 796 3631 fessionem
848 3588 1036 3638 eorum
1093 3578 1298 3649 audiat.
1327 3578 1453 3633 Post
1494 3578 1890 3647 confessionem
1926 3581 2098 3651 magi-

504 3673 620 3721 ster
649 3665 769 3721 illos
811 3675 865 3721 et
901 3668 1301 3735 alius’reducat,
1332 3686 1504 3740 usque
1550 3671 1677 3726 dum
1707 3672 1772 3726 ad
1806 3687 2097 3727 consecra-

504 3754 705 3809 tionem
749 3758 969 3812 veniunt
1011 3774 1308 3828 procurare
1359 3763 1517 3818 debet
1577 3763 1718 3834 ipse:
1748 3762 2095 3835 postmodum

446 3920 459 3929 .
500 3842 704 3914 iaciant
727 3844 843 3912 alii,
871 3848 1068 3918 quibus
1093 3848 1335 3919 jnbetur.

1049 3962 1278 4035 CAPUT
1320 3966 1550 4022 xxvnt.

502 4056 746 4122 Qualiter
772 4069 929 4129 agant
974 4063 1240 4117 armarius
1284 4063 1361 4116 vel
1416 4075 1598 4119 cantor
1625 4065 1711 4119 die
1745 4065 2101 4129 Sabbatortmt,

681 4129 758 4182 vel
788 4129 956 4198 festis,
979 4142 1071 4184 aut
1095 4134 1235 4201 quod
1265 4136 1493 4188 exerceri
1517 4147 1748 4205 oporteat
1798 4139 1917 4208 ipsi.

568 4220 669 4275 Die
690 4221 1043 4276 sabbatorum
1070 4222 1270 4279 debent
1311 4240 1432 4280 esse
1471 4235 1726 4295 quatuor,
1751 4229 1842 4299 qui
1874 4231 2094 4285 brevem

494 4310 719 4377 faciant,
744 4316 1185 4383 quorumin'tans
1223 4317 1315 4387 qui
1339 4319 1545 4373 scribat
1584 4321 1762 4391 capita
1797 4338 2093 4392 responso-
2113 4373 2132 4405 θ

492 4402 1037 4477 riorum,cantor,qui
1056 4409 1256 4463 indicet
1271 4411 1489 4465 nomina
1504 4410 1733 4466 fratrum
1746 4414 2056 4469 canentium
2077 4433 2090 4470 :

2206 3244 2329 3285 tuen
2367 3239 2493 3286 ante
2525 3230 2692 3286 faciat
2721 3232 3108 3298 reverentiam,
3134 3242 3190 3288 et
3217 3233 3403 3288 abluat
3440 3232 3577 3302 pedes
3610 3243 3706 3287 suos.

2202 3330 2530 3391 ctprocuret
2556 3322 2699 3393 quod
2725 3325 3127 3392 procurandum
3155 3332 3261 3378 est.
3289 3323 3418 3378 Nam
3439 3325 3540 3377 sine
3560 3318 3707 3375 licentia

2201 3411 2343 3469 tellus
2366 3429 2636 3484 nusquam
2662 3414 2842 3478 faciat,
2874 3432 3049 3486 usque
3079 3416 3205 3471 dum
3234 3417 3398 3472 missa
3422 3414 3560 3470 fuerit
3581 3413 3708 3467 ﬁnita:

2201 3502 2458 3575 sitniIiter
2483 3505 2535 3558 in
2565 3504 2936 3576 rogationibus
2964 3504 3051 3561 vel
3074 3506 3195 3565 aliis
3222 3506 3635 3577 processionibus.

2279 3593 2412 3650 Item
2448 3614 2461 3649 :
2490 3594 2623 3649 Nam
2677 3597 2730 3651 in
2760 3596 2866 3652 illis
2918 3599 3280 3668 temporibus,
3322 3598 3521 3669 quando
3551 3602 3709 3665 pergunt

2200 3688 2266 3741 ad
2298 3696 2453 3742 extra
2480 3689 2888 3754 monasterium,
2912 3698 3043 3744 eant
3068 3689 3304 3744 dicendo
3343 3686 3635 3759 responsoria
3672 3692 3707 3735 et

2200 3780 2530 3848 antiphonas
2556 3795 2653 3850 pro
2678 3781 2940 3851 peccatis,
2968 3789 3024 3835 et
3045 3795 3111 3835 ex
3134 3780 3315 3836 beata:
3345 3779 3555 3852 Virginis
3587 3775 3709 3831 lana

2203 3868 2375 3943 [sttpp.
2408 3870 2606 3943 ofﬁcio]
2636 3887 2757 3942 quae
2779 3872 2967 3926 velint.
2994 3869 3114 3926 Jam
3143 3887 3316 3943 prope
3342 3872 3412 3927 ibi
3426 3869 3706 3941 proximante:

2201 3961 2465 4032 incipiant
2488 3963 2891 4034 responsorium
2922 3978 2990 4023 ex
3018 3964 3122 4025 illis
3153 3965 3401 4036 reliquiis
3435 3970 3702 4021 sanctorum,

2198 4069 2429 4124 quorum
2457 4056 2723 4134 vocabula
2766 4056 2842 4111 ibi
2895 4065 3215 4112 consecrata
3247 4054 3577 4129 [conscripta]
3609 4060 3703 4106 sunt.

2200 4145 2455 4207 Protinus
2480 4156 2538 4203 ut
2580 4148 2793 4204 finitum
2826 4148 3010 4213 fuerit,
3040 4150 3186 4204 dicat
3236 4151 3505 4213 sacerdos,
3546 4157 3703 4202 artatus.

2198 4237 2512 4294 Orationem
2548 4249 2862 4295 sanctorum
2895 4241 3108 4296 illorum
3136 4258 3151 4308 ;
3196 4250 3328 4296 tunc
3360 4245 3705 4311 prostemantsc

2198 4343 2388 4384 omnes
2412 4337 2467 4384 et
2494 4329 2696 4395 faciant
2727 4345 2938 4400 preces.
2985 4329 3149 4384 Pater
3198 4341 3400 4397 noster,
3430 4329 3479 4383 in
3514 4330 3599 4383 hoc
3627 4323 3703 4378 loco

2198 4434 2305 4472 non
2334 4431 2414 4473 est
2449 4419 2737 4474 dicendum
2768 4434 2796 4472 a
2820 4419 3103 4474 sacerdote
3136 4419 3380 4477 clamosa
3410 4432 3546 4482 voce,
3566 4428 3639 4469 nec
3659 4408 3702 4462 Et

492 4494 764 4551 armarius
794 4499 991 4569 quippe
1018 4501 1234 4555 nomina
1267 4503 1557 4574 legentium
1579 4514 1704 4560 uota
1748 4504 1899 4561 facit.
1952 4507 2085 4563 Item
2120 4517 2169 4576 Ι)
2196 4526 2260 4563 ne
2292 4526 2404 4562 nos.
2444 4507 2549 4565 Sed
2574 4510 2759 4564 statim
2787 4518 3000 4578 promat
3022 4510 3319 4579 psalmum,
3346 4526 3446 4581 pro
3489 4502 3699 4563 dequ

492 4594 687 4641 cantor
701 4586 1156 4647 hebdomadarius
1179 4594 1243 4648 de
1259 4593 1433 4671 oiiicio
1448 4603 1501 4649 et
1523 4596 1646 4651 talis
1673 4612 1794 4651 eum
1812 4597 1901 4654 tali
1919 4608 2083 4657 canat

491 4680 916 4747 respou‘sorium,
946 4682 1068 4741 talis
1117 4694 1174 4740 et
1233 4686 1355 4741 talis
1394 4688 1608 4761 alleluia
1666 4701 1992 4760 personent:
2027 4701 2083 4748 et

472 4765 777 4837 -Iectorem,
810 4772 875 4826 ad
897 4774 1211 4829 servitores.
1254 4776 1383 4843 Item
1407 4780 1678 4834 armarius
1709 4781 1909 4836 indicet
1954 4782 2082 4839 talis

490 4859 696 4915 habeat
726 4862 971 4928 missam,
998 4875 1054 4919 et
1079 4867 1166 4921 ille
1185 4868 1365 4939 infans
1391 4872 1698 4939 epistolam,
1724 4883 1775 4926 et
1802 4851 1893 4929 ille
1909 4889 2080 4929 evan—

491 4950 714 5021 gelium,
747 4962 909 5024 atque
940 4956 1061 5011 talis
1076 4958 1143 5011 ad
1177 4972 1417 5015 mensam
1444 4962 1729 5017 lectionem
1756 4964 1917 5037 legat.
1966 4965 2083 5022 Cel-

490 5041 725 5115 lerariuys
769 5038 965 5125 nempe
1021 5049 1132 5116 ille,
1160 5059 1324 5123 atque
1371 5052 1461 5109 ille
1503 5038 1792 5126 coquinam
1822 5036 2075 5115 faciant.

486 5136 545 5192 lu
578 5136 667 5193 XII
700 5140 1021 5199 lectionibus
1065 5143 1177 5200 sint
1230 5153 1381 5201 tres:
1415 5149 1705 5213 armarius,
1741 5161 1951 5220 cantor,
2002 5152 2081 5209 in-

488 5226 641 5301 fans;
671 5248 794 5306 nam
827 5233 941 5306 ipse
965 5236 1240 5295 armarius
1263 5237 1423 5311 debet
1453 5239 1738 5309 providere
1771 5243 1876 5298 illis
1926 5224 2083 5301 festi-

486 5318 775 5390 vitatibus,
805 5327 1003 5395 quibus
1060 5329 1114 5383 in
1170 5330 1358 5402 cappis
1411 5330 1710 5400 celebrant,
1754 5334 1801 5389 si
1852 5334 1941 5390 ille
1981 5338 2076 5407 qui

487 5410 946 5487 hebdomadarius
975 5420 1041 5476 de
1074 5420 1253 5478 olilcio
1295 5432 1454 5494 aptus
1500 5440 1607 5480 non
1660 5436 1765 5493 est,
1791 5437 1851 5482 ut
1887 5426 2076 5497 jubeat

486 5503 607 5557 aliis
634 5521 699 5559 ex
727 5509 1007 5581 fratribus,
1040 5521 1097 5565 ut
1139 5508 1365 5569 canten’t
1405 5516 1798 5590 invitatoriam,
1828 5530 1885 5575 et
1921 5530 2074 5591 post-

472 5597 707 5665 _molum
739 5610 861 5655 cum
896 5605 1013 5674 ipso
1040 5609 1128 5674 qui
1178 5607 1412 5673 otlicium
1465 5619 1763 5679 procurent
1819 5612 1888 5667 ad
1942 5612 2072 5669 mis-

484 5699 627 5751 sam.

557 5781 637 5857 ad
670 5796 911 5845 mensam
941 5796 1105 5855 atque
1123 5790 1463 5848 collationem
1490 5797 1705 5864 qualem
1736 5797 1932 5854 librum
1958 5799 2071 5871 ipse

2188 4604 2277 4672 qui
2310 4603 2383 4658 ibi
2434 4590 2809 4673 requiescunt,
2843 4601 3057 4668 Lauda,
3082 4604 3265 4659 anima
3318 4622 3453 4669 mea,
3480 4601 3699 4656 Delium.

2187 4695 2369 4764 Capit.
2398 4692 2442 4746 Α
2498 4704 2653 4762 porta
2698 4694 2877 4767 inferi.
2928 4693 3189 4750 Dominus
3240 4696 3515 4751 uobiscum.
3553 4687 3697 4747 Gratia.

2186 4784 2329 4839 Deus
2361 4785 2515 4855 cujus
2545 4785 2899 4845 miseratione.
2958 4782 3111 4859 Tunc
3143 4784 3254 4843 duo
3307 4787 3458 4856 pueri
3508 4778 3699 4848 incipi!”1

2184 4877 2426 4931 Iitaniam
2467 4876 2631 4949 It’yrie
2684 4886 2811 4931 ante
2837 4876 3012 4931 altare
3045 4885 3101 4933 et
3151 4877 3475 4947 perveniant
3517 4873 3574 4928 ad
3602 4871 3696 4939 ipsa

2182 4978 2423 5043 sanctos,
2454 4970 2684 5025 dicendo
2721 4970 2796 5026 ibi
2833 4985 3002 5039 usque
3026 4971 3095 5025 ad
3126 4984 3323 5025 nomen
3353 4969 3488 5025 beati
3507 4958 3695 5023 Joannis:

2189 5069 2245 5119 et
2285 5070 2411 5129 tunc
2442 5059 2626 5136 dicant
2662 5060 2839 5121 tribus
2868 5060 3102 5128 vicibus,
3125 5062 3321 5131 deinde
3370 5064 3503 5119 alios
3531 5055 3604 5128 qui
3638 5064 3693 5104 π’

2192 5162 2466 5223 quuntur;
2502 5164 2555 5208 et
2587 5153 2787 5208 faciant
2812 5162 2940 5209 ante
2976 5164 3033 5210 et
3062 5165 3210 5212 retro
3232 5166 3291 5213 et
3320 5159 3404 5214 sic
3442 5147 3693 5227 procedwv

2185 5246 2650 5327 quemadmodum
2685 5254 2969 5301 venerunt.

2761 5361 2989 5417 CAPUT
3028 5361 3196 5417 XXX.

2184 5448 2261 5504 De
2284 5460 2595 5524 sanctorum
2630 5454 2887 5524 reliquiis,
2908 5454 3138 5524 qualiter
3162 5453 3464 5524 deferantur
3480 5449 3542 5524 uti
3572 5447 3691 5524 1W

2256 5521 2346 5574 ubi
2374 5537 2585 5595 necesse
2621 5519 2747 5577 simi
2792 5519 3133 5595 deportanda
3178 5519 3689 5595 processionaliun‘”

2253 5591 2486 5662 qualiter
2517 5595 2841 5663 recipiantur
2858 5591 2979 5649 cum
3000 5591 3181 5650 laude.

2248 5707 2476 5774 Quando
2531 5708 2773 5780 reliquia:
2813 5710 3166 5780 deportanda;
3214 5719 3340 5767 sunt
3378 5704 3574 5768 aliatbi.
3617 5699 3687 5752 ὕοι

2176 5801 2335 5873 modo
2380 5800 2590 5875 faciunt
2619 5819 2631 5857 :
2658 5810 2933 5878 annuente
2975 5803 3237 5874 armario,
3263 5802 3344 5861 vel
3395 5799 3625 5871 laqueti“:
3654 5798 3689 5859 ει
