3864 6314
95 386 222 453 ιετδ,

1297 377 1675 438 PISCIPLINA
1701 379 2102 438 FARFENSIS.

3179 377 3315 437 ΕΠ

95 508 278 566 tempus
303 491 460 548 fuerit
481 491 752 561 loquendi,
785 492 872 547 vel
909 491 1000 548 illo
1021 494 1112 563 qui
1163 495 1407 550 ordinem
1441 505 1628 551 tenue—
1661 478 1868 549 A‘stris
1901 493 2135 549 :deiuae
2163 491 2228 547 D.
2256 490 2447 555 abbas,
2478 501 2528 548 et
2569 499 2696 547 tunc
2723 491 2811 546 alii
2869 492 3062 548 fratres
3096 493 3202 551 duo
3249 503 3323 576 ac.

96 588 173 651 rit,
198 585 540 639 revestiautur
586 583 766 637 cuncti
809 581 860 636 in
896 584 1102 652 cappis,
1147 585 1296 652 pueri
1352 584 1404 638 in
1468 584 1623 639 albis.

97 676 322 746 Reliquis:
344 675 448 729 sint
475 689 710 745 congrue
737 673 1044 740 collocatae;
1069 676 1345 730 secretarii
1385 676 1630 732 ecclesia:

95 765 278 834 pulsent
305 764 473 834 signa,
495 763 816 818 candelabra
840 765 945 817 duo
983 765 1332 834 deportentur
1354 781 1382 819 a
1407 781 1633 820 conver-

97 859 174 922 sis,
197 871 319 926 aqua
349 863 553 920 sancta,
582 870 738 919 crux,
770 855 1048 911 incensum
1079 875 1093 914 :
1133 859 1411 927 phonones
1456 859 1570 928 (65)
1600 875 1630 914 a

96 950 281 1005 famulis
302 948 669 1018 deportentur,
701 958 755 1002 et
789 964 952 1002 unum
981 949 1194 1020 signum
1233 965 1356 1005 cum
1385 951 1463 1005 eis
1509 951 1634 1006 mit-

97 1051 207 1094 tant.
231 1039 420 1094 Cantor
442 1037 663 1107 incipiat
692 1039 1116 1107 responsorium,
1149 1038 1342 1094 Sancte
1361 1039 1630 1108 Marcelle,

96 1131 163 1186 vel
186 1130 464 1185 secundum
507 1127 698 1198 quales
732 1127 973 1197 reliquiae
1013 1127 1246 1194 fuerint;
1298 1130 1632 1193 iucensetur.

97 1233 360 1291 exeautque
380 1237 574 1276 omnes
621 1220 827 1290 pariter
886 1229 1038 1274 extra
1089 1230 1273 1290 portas
1331 1238 1631 1285 murorum,

95 1315 259 1383 quibus
281 1313 665 1368 circumdatum
717 1321 800 1368 est
853 1314 1263 1366 monasterium.
1319 1314 1471 1369 Tunc
1527 1315 1636 1369 sint

96 1414 355 1475 praesentes
397 1406 485 1460 alii
545 1407 779 1468 fratres,
832 1405 922 1474 qui
970 1405 1271 1474 suscipiant
1325 1415 1634 1461 sanctorum

97 1498 340 1568 reliquias,
369 1506 422 1552 et
444 1497 662 1551 famulis
685 1497 871 1550 dicant
907 1503 965 1550 ut
1002 1496 1356 1566 deportentur
1402 1497 1492 1549 ubi
1544 1511 1641 1551 ne-

95 1602 218 1643 cesse
237 1587 485 1650 fuerit,et
505 1586 702 1642 fratres
733 1587 991 1641 inchoent
1033 1586 1288 1656 psalmos.
1326 1588 1406 1641 Ad
1456 1586 1638 1640 Domi-

95 1698 195 1734 num
214 1697 320 1733 cum
344 1680 647 1734 tribularer.
695 1680 762 1734 Et
805 1689 1152 1734 revertantur
1208 1681 1260 1733 in
1309 1681 1558 1745 chorum,
1583 1689 1640 1734 et

95 1781 261 1824 exuant
282 1787 335 1825 se
359 1780 412 1825 et
437 1778 689 1840 pergant,
715 1771 1087 1839 unusquisque
1111 1770 1177 1824 ad
1203 1769 1512 1824 olliciasua.
1545 1768 1639 1822 Illo

97 1870 303 1929 tempore
350 1862 569 1929 quando
628 1862 898 1916 reversuri
950 1870 1078 1916 sunt
1130 1871 1426 1929 procurent
1481 1871 1638 1917 antea
1675 1857 1716 1912 Β

93 1954 306 2008 nuntiare
331 1954 380 2008 in
412 1954 745 2019 coenobium,
771 1962 830 2007 ut
859 1952 968 2008 sint
991 1970 1181 2008 omnes
1212 1952 1408 2012 fratres
1442 1957 1493 2010 in
1517 1972 1644 2026 cap-

91 2044 174 2112 pis,
204 2043 420 2099 infantes
466 2045 516 2099 in
553 2045 711 2101 albis.
745 2046 902 2101 Prior
936 2046 1164 2120 incipiat
1193 2050 1453 2119 psalmos,
1485 2049 1643 2103 Mise-

90 2153 180 2190 me
193 2138 300 2203 mei,
328 2138 488 2193 Deus.
518 2139 677 2209 Deus,
701 2139 759 2198 in
781 2144 992 2199 nomine
1017 2153 1130 2197 tuo.
1159 2142 1321 2204 Dens,
1354 2144 1407 2196 in
1431 2143 1644 2210 adjuto-

90 2228 220 2281 νὶιυη·
246 2228 378 2284 Deut
423 2230 762 2302 misereatur,
797 2243 855 2290 et
899 2242 1028 2290 eant
1069 2235 1123 2289 in
1173 2233 1392 2288 obviam
1435 2235 1643 2289 sanctis

89 2317 318 2396 reliquiis.
340 2325 633 2382 Secretarii
656 2324 871 2395 pulsent
893 2325 1046 2397 signa
1094 2324 1177 2378 vel
1228 2323 1438 2388 famuli,
1473 2338 1643 2391 usque

92 2420 194 2472 dum
220 2420 320 2474 sint
340 2419 524 2475 omnia
555 2428 799 2488 peracta.
853 2418 1008 2474 Tunc
1051 2418 1327 2480 inchoent,
1356 2431 1500 2485 resp.
1532 2414 1642 2469 Iste

90 2523 287 2565 sanctus.
321 2512 478 2566 Dicat
499 2511 757 2566 sacerdos
781 2525 994 2573 versus,
1010 2508 1207 2577 Magna
1226 2517 1300 2562 est
1323 2507 1492 2577 gloria
1505 2507 1640 2576 ejus.

93 2601 168 2654 Vel
187 2603 471 2658 secundum
499 2601 686 2672 quales
713 2601 956 2672 reliquia:
982 2600 1182 2654 fuerint
1204 2608 1258 2654 et
1305 2599 1645 2668 pertinentes

93 2693 334 2760 collectas,
360 2704 411 2747 et
436 2709 651 2764 preces,
675 2693 869 2748 deinde
902 2692 1233 2747 iucensetur.
1295 2690 1528 2743 Rursum
1563 2688 1648 2740 in-

93 2784 259 2839 choent
289 2785 427 2840 aliud
462 2800 606 2856 resp.
637 2799 936 2854 congruum
960 2782 1164 2836 sanctis
1189 2779 1452 2848 reliquiis,
1487 2787 1540 2830 et
1571 2777 1644 2831 ita

92 2878 296 2942 peractis
325 2887 453 2932 eant
490 2878 541 2931 in
569 2876 992 2937 monasterium,
1021 2883 1074 2928 et
1102 2883 1374 2944 ponantur
1405 2870 1649 2940 reliquiae

91 2964 160 3017 ubi
206 2966 449 3034 ponenda:
509 2974 662 3031 sunt;
694 2965 874 3020 denuo
927 2965 1403 3020 incenscnturzet
1455 2967 1650 3032 pergat

91 3057 416 3129 unusquisque
446 3058 520 3112 ad
559 3073 696 3127 opus
717 3073 899 3111 suum.

600 3147 828 3203 CAPUT
882 3145 1074 3200 XXXI.

622 3238 757 3294 Item
784 3239 847 3292 de
873 3240 1073 3293 eodem.

149 3333 350 3397 quando
375 3348 578 3401 corpus
609 3341 854 3386 sanctum
904 3330 1037 3386 foris
1091 3328 1415 3401 portandum
1443 3337 1545 3391 est,
1597 3329 1650 3382 iu

91 3419 202 3475 albis
237 3422 423 3478 debent
447 3437 574 3478 esse
617 3422 798 3476 vestiti
823 3430 876 3476 et
902 3421 969 3476 de
997 3421 1114 3489 ipso
1137 3431 1326 3475 sancto
1347 3419 1502 3487 cujus
1528 3435 1656 3489 por-

90 3520 245 3566 tantur
270 3513 510 3583 reliquim
536 3513 621 3566 vel
653 3526 795 3581 resp.
843 3512 926 3566 vel
955 3511 1162 3581 antiph.
1204 3519 1446 3577 cantent,
1478 3512 1656 3566 donec

93 3605 361 3660 revertendi
388 3605 607 3676 signum
645 3603 796 3672 prior
823 3601 1010 3657 faciat.
1055 3601 1115 3656 In
1159 3602 1481 3657 revertendo
1509 3601 1654 3672 psal-

92 3712 189 3751 mos
216 3699 408 3753 dicant.
436 3699 577 3753 Cum
611 3712 741 3752 vero
764 3695 1006 3765 reliquiae
1049 3703 1400 3765 reportantur
1439 3696 1490 3750 ia
1521 3711 1652 3764 cap-

92 3788 158 3854 pis
185 3791 352 3846 vestiti
383 3791 590 3846 debent
617 3789 816 3843 fratres
845 3803 1155 3851 occurrere,
1182 3795 1237 3842 et
1279 3802 1400 3842 cum
1450 3787 1652 3841 exituri

89 3891 193 3935 sunt
211 3898 237 3938 e
259 3884 420 3940 choro
440 3884 603 3939 debet
631 3881 1057 3953 priorincipere,
1076 3879 1460 3944 Misereremei,
1489 3878 1650 3933 Deus.

89 3970 223 4039 Dm,
242 3975 290 4028 in
308 3978 641 4030 nominetuo.
667 3973 916 4028 Miserere
936 3974 1058 4039 mei,
1089 3971 1249 4037 Deus,
1269 3972 1510 4025 miserere
1529 3971 1650 4025 mei.

90 4059 205 4115 Deus
229 4064 553 4129 misereatur,
585 4072 715 4131 etc.,
747 4063 918 4119 donec
952 4063 1018 4117 ad
1067 4063 1324 4132 reliquias
1384 4077 1652 4132 pervene-

90 4152 177 4204 rint
206 4171 218 4206 :
247 4167 364 4224 post
395 4157 625 4211 missum
654 4157 936 4210 incensum
960 4155 1026 4210 de
1054 4156 1169 4225 ipso
1201 4167 1391 4210 sancto
1438 4155 1653 4208 dicatur

89 4247 236 4302 oratio
266 4265 280 4302 :
311 4249 509 4303 deinde
537 4248 603 4303 de
627 4248 742 4318 ipso
780 4254 968 4302 sancto
1000 4257 1222 4301 cautum
1272 4245 1542 4300 armarius
1573 4244 1656 4298 iu-

88 4335 247 4407 cipiat,
274 4352 325 4397 et
350 4343 429 4398 sic
448 4343 508 4396 in
535 4341 924 4398 monasterium
950 4349 1198 4412 pergant.

608 4453 840 4509 CAPUT
896 4451 1113 4507 XXXII.

509 4543 592 4598 Ad
617 4561 785 4614 regem
826 4544 1128 4598 deducenda
1137 4560 1186 4596 nt

163 4631 265 4689 ium
285 4637 504 4692 auditus
532 4636 695 4691 fuerit
723 4636 984 4690 adventus
1000 4637 1141 4705 regis
1155 4635 1207 4688 in
1238 4633 1650 4698 monasterium,

91 4732 200 4782 tunc
227 4728 420 4786 abbate
447 4729 532 4784 vel
559 4729 1048 4800 priore(annuente
1080 4727 1339 4781 fratribus
1359 4727 1404 4781 si
1433 4736 1647 4796 tempus

90 4832 180 4872 non
203 4819 361 4876 fuerit
386 4823 643 4894 loquendi
688 4822 740 4886 in
772 4821 1053 4891 claustro),
1086 4819 1412 4874 conveniant
1464 4832 1654 4873 oumes

89 4912 132 4964 in
154 4902 518 4984 ecclesiam,et
544 4918 773 4972 vestiant
801 4931 859 4972 se
888 4917 937 4970 in
962 4916 1166 4985 cappis,
1194 4916 1358 4970 etiam
1385 4915 1652 4979 conversi,

88 5014 132 5055 et
154 5005 377 5062 infantes
403 5008 633 5062 induant
654 5023 712 5062 se
743 5007 958 5061 tunicis.
1009 5005 1300 5060 Secretarii
1351 5013 1659 5075 prchareut

91 5099 496 5163 proeessionem,
533 5106 587 5153 et
619 5109 746 5154 tunc
769 5107 962 5153 sonent
988 5098 1093 5152 duo
1128 5099 1332 5168 majora
1365 5099 1542 5168 signa,
1571 5097 1656 5151 in-

87 5183 416 5256 cipientibus,
454 5189 529 5246 ita
560 5189 808 5245 ordinate
835 5203 1080 5259 pergere,
1109 5187 1252 5243 sicut
1301 5188 1356 5243 in
1386 5189 1470 5244 his
1525 5188 1656 5244 cha-

93 5279 375 5335 racteribus
400 5280 832 5336 demonstratur.

147 5367 307 5436 Crux,
383 5371 612 5428 Tlmrib.
687 5372 982 5427 Candelab.
1057 5373 1279 5427 Caudel.
1356 5372 1581 5428 Caudel.

146 5459 313 5530 Aqua,
388 5464 557 5530 Crux,
681 5464 908 5528 Textus.
1038 5463 1258 5530 Textus,
1363 5465 1582 5519 Textus.

148 5550 306 5617 Crux,
383 5553 612 5610 Thurii).
690 5555 981 5610 Candelab.
1058 5555 1277 5612 Candel.
1362 5555 1586 5610 Candel.

87 5637 330 5700 Conversi
359 5647 476 5702 bini
497 5657 550 5702 ct
582 5647 691 5703 bini
723 5647 872 5702 sint:
904 5655 1032 5703 tunc
1060 5646 1293 5705 infantes
1323 5665 1444 5704 cum
1493 5649 1658 5720 magi-

150 5815 253 5885 (ιίὃ)
280 5815 586 5889 Phonones,
619 5821 925 5891 Phanones,
968 5823 1209 5891 fanoncs,
1243 5823 1376 5891 vela,
1434 5824 1649 5880 vexilla.

1735 584 1862 650 duo,
1890 585 2032 639 sicut
2065 584 2373 653 superiores
2395 593 2550 648 sunt;
2577 593 2754 639 tamen
2787 599 2908 640 cum
2933 585 3146 640 silentio
3167 579 3323 642 eant."

1740 667 2188 726 Perveuieutibus
2219 670 2284 724 ad
2315 685 2462 735 eum,
2495 670 2671 726 tradet
2699 672 2746 726 ei
2771 688 2962 741 aquam
2994 683 3320 731 sanctamet

1734 762 2014 817 osculetur
2072 772 2298 828 textum,
2329 769 2384 817 et
2415 761 2742 816 iucensetur.
2802 762 3002 818 Deinde
3038 764 3322 819 inclinetur

1737 871 1888 924 resp.
1917 855 2050 908 Ecce
2080 855 2227 908 mitto
2276 855 2528 924 angelum
2559 871 2750 918 meum,
2791 864 2843 908 et
2871 857 3082 926 pulsent
3138 857 3321 912 famuli

1737 950 1918 1004 omnia
1943 950 2116 1019 signa.
2156 949 2210 1003 lu
2243 948 2472 1004 ecclesia
2506 948 2702 1018 tapetia
2732 948 2842 1002 sint
2895 949 3000 1003 duo
3050 951 3322 1016 ordinata,

1737 1057 1969 1111 quorum
1997 1058 2160 1095 unum
2193 1041 2262 1095 sit
2285 1050 2412 1095 ante
2437 1040 2608 1095 altare
2634 1051 2837 1096 sancta:
2865 1043 3065 1106 crucis,
3093 1053 3148 1096 ct
3196 1043 3325 1097 alte-

1739 1148 1858 1187 rum
1895 1142 2021 1188 ante
2056 1132 2249 1200 majus.
2299 1131 2451 1187 Tunc
2498 1132 2665 1187 abbas
2716 1134 2933 1188 inchoet
2983 1135 3192 1204 antiph.
3241 1134 3327 1189 vel

1739 1239 1884 1290 resp.
1917 1225 2059 1292 quod
2091 1225 2241 1287 vclit,
2274 1224 2418 1293 quod
2447 1239 2549 1278 con
2565 1224 2768 1279 veniat.
2791 1223 2909 1290 Quo
2936 1224 3148 1294 expleto
3196 1225 3328 1279 dicit

1739 1313 2031 1381 capitulum
2068 1325 2121 1368 et
2147 1315 2247 1368 has
2297 1314 2589 1375 orationes,
2626 1313 2967 1382 Omnipotens
3021 1315 3329 1380 sempiterna

1740 1403 2248 1475 Deus,quicazlestia
2270 1407 2428 1461 simul
2451 1417 2496 1460 et
2521 1417 2726 1460 terrena
2751 1406 3059 1460 moderaris.
3080 1405 3325 1462 Alleluia.

1743 1498 2085 1562 Omnipotens
2107 1502 2421 1568 sempiterne
2456 1500 2616 1562 Deus,
2650 1499 2894 1553 miserere
2944 1497 3146 1566 famulo
3190 1509 3280 1552 tuo
3311 1514 3331 1554 :

1739 1599 1795 1643 et
1818 1589 2041 1644 redeant
2073 1591 2125 1646 in
2153 1591 2470 1645 claustrum.
2497 1591 2575 1643 Ad
2612 1589 2851 1660 reginam
2882 1590 3069 1644 eadem
3099 1589 3330 1654 faciant;

1742 1681 2045 1737 setltamen
2073 1684 2502 1750 ingredientibus
2535 1682 2585 1734 iu
2616 1681 2899 1736 ecclesiam
2929 1683 3070 1736 hanc
3112 1681 3328 1751 antiph.

1739 1773 2061 1841 decanteut,
2097 1775 2228 1829 Cum
2267 1775 2460 1830 sederit
2491 1774 2631 1830 ﬁlius
2661 1775 2908 1829 hominis.

2296 1891 2521 1948 CAPUT
2553 1890 2792 1946 XXXIII.

2131 1987 2211 2040 Ad
2241 1988 2538 2056 episcopum
2566 1985 2948 2038 deducendum.

1811 2080 1962 2136 illico
1989 2089 2048 2134 ut
2092 2079 2376 2134 nuntiatus
2407 2078 2571 2133 fuerit
2617 2078 2668 2132 in
2697 2077 2944 2132 coenobio
2978 2062 3336 2150 episcopi'ad-I

1742 2181 1957 2236 ventus,
1986 2178 2192 2226 annuat
2231 2170 2380 2239 prior
2418 2168 2501 2223 vel
2532 2168 2640 2231 ille,
2668 2168 2759 2236 qui
2795 2167 3044 2221 ordinem
3102 2165 3338 2222 tenuerit

1743 2262 2029 2327 fratribus,
2061 2262 2104 2316 si
2137 2261 2190 2314 in
2219 2261 2456 2315 claustra
2495 2274 2601 2314 non
2633 2258 2954 2328 loquuntur,
3005 2266 3062 2311 ut
3086 2256 3340 2310 aduncu-

1743 2364 1830 2409 tur
1854 2352 2034 2409 cuncti
2059 2352 2112 2406 in
2137 2352 2362 2408 ecclesia
2398 2361 2451 2406 et
2479 2350 2840 2406 revestiautur
2889 2349 2942 2404 in
2991 2348 3177 2420 cappis
3230 2363 3342 2402 om-

1744 2462 1839 2502 nes
1879 2455 1933 2501 et
1957 2444 2193 2500 infantes
2224 2444 2276 2499 in
2307 2443 2463 2499 albis.
2498 2443 2700 2500 Deinde
2755 2443 3027 2512 accipiant
3084 2441 3340 2496 conversi

1750 2554 1947 2608 aquam
1979 2547 2248 2603 sanctam,
2277 2552 2515 2598 crucem,
2552 2536 2658 2590 duo
2696 2536 3043 2600 candelabra,
3069 2543 3125 2588 et
3154 2542 3339 2588 textus

1750 2629 2053 2699 Evangelii,
2096 2637 2151 2682 et
2210 2636 2338 2681 eant
2389 2642 2510 2680 cum
2569 2626 2803 2680 silentio.
2853 2625 2989 2680 Dent
3045 2624 3094 2679 ei
3142 2638 3344 2693 aquam

1747 2727 1998 2773 sanctam
2028 2728 2082 2774 et
2107 2717 2384 2773 osculetur
2417 2726 2620 2771 textum
2671 2725 2726 2771 et
2773 2718 3104 2771 iucensetur.
3140 2713 3345 2769 Deinde

1748 2813 1968 2867 inchoet
1990 2812 2415 2882 responsorium,
2451 2810 2585 2864 Ecce
2623 2827 2734 2864 rere
2767 2809 3034 2874 Israelita,
3059 2807 3145 2862 vel
3181 2807 3344 2872 Audi,

1749 2903 1942 2958 Israel.
1972 2903 2037 2957 Et
2059 2902 2340 2972 pulsentur
2371 2901 2621 2955 universa
2674 2900 2826 2967 signa
2887 2910 3122 2969 eantque
3161 2898 3213 2952 iu
3250 2912 3346 2951 ec-

1749 2995 1992 3049 clesiam.
2027 2993 2139 3047 Duo
2170 2993 2370 3062 tapetia
2421 2993 2530 3044 sint
2563 2992 2832 3054 ordinata,
2879 3005 3114 3060 quorum
3171 3003 3340 3040 unum

1751 3095 1875 3140 ante
1896 3085 2065 3138 altare
2097 3083 2412 3155 principale,
2445 3082 2674 3136 alterum
2703 3098 2832 3136 vero
2855 3083 2920 3136 ad
2949 3081 3119 3135 altare
3139 3087 3348 3135 sancta:

1674 3212 1720 3272 ε
1751 3177 1932 3232 crucis
1977 3187 2032 3232 et
2055 3178 2277 3232 redeant
2308 3176 2360 3229 in
2388 3175 2704 3229 claustrum.

2293 3263 2522 3320 CAPUT
2560 3262 2799 3317 XXXIV.

2075 3354 2211 3409 Item
2246 3356 2314 3408 ad
2353 3355 2594 3407 abbatem
2641 3354 3027 3407 deducendum.

1825 3449 1906 3504 Ad
1940 3448 2192 3504 abbatem
2218 3463 2453 3518 namque
2482 3462 2586 3500 non
2620 3455 2882 3501 sanantur
2912 3445 3086 3514 signa,
3119 3456 3220 3496 nec
3261 3455 3351 3493 ve-

1755 3541 1996 3596 stiuntur
2021 3554 2237 3603 omnes;
2264 3539 2357 3592 sed
2399 3546 2608 3591 tantum
2641 3535 2740 3598 illi,
2789 3533 2880 3604 qui
2939 3530 3349 3602 proeessionem

1757 3638 2007 3700 portant;
2044 3643 2311 3696 nusquam
2367 3636 2627 3682 canentes
2654 3640 2752 3678 nec
2777 3623 2976 3687 eundo,
3002 3637 3103 3676 nec
3163 3634 3348 3675 rever-

1756 3724 1937 3779 tendo.
1971 3722 2028 3776 Si
2062 3731 2240 3776 tamen
2292 3720 2416 3775 talis
2447 3718 2729 3790 dignitatis
2764 3716 2946 3782 fuerit,
2976 3723 3202 3786 possunt
3233 3729 3350 3768 om-

1756 3830 1854 3870 nes
1882 3813 2080 3869 fratres
2106 3825 2229 3867 esse
2253 3811 2306 3866 in
2339 3811 2544 3882 cappis,
2585 3808 2737 3879 pueri
2771 3808 2824 3862 iu
2858 3807 3014 3862 albis.

2308 3902 2537 3960 CAPUT
2578 3901 2795 3956 XXXV.

2113 3996 2197 4052 Ad
2237 3998 2574 4052 serenitatem
2608 3995 3006 4064 postulandam.

1753 4092 1790 4162 Ι
1826 4091 2054 4158 Quando
2082 4091 2311 4146 multum
2338 4090 2492 4160 pluit,
2523 4088 2906 4143 convenientes
2947 4087 2999 4140 in
3051 4081 3351 4153 capitulum

1756 4182 2103 4236 concorditer
2131 4182 2292 4236 simul
2328 4181 2659 4236 constituant
2686 4180 2830 4232 hunc
2875 4176 3139 4246 psalmum
3169 4175 3356 4229 dicen-

1755 4273 1882 4326 dum
1915 4275 1981 4328 ad
2008 4274 2270 4340 litaniam,
2295 4269 2638 4332 Benedixisti,
2674 4267 2913 4331 Domine,
2940 4274 3134 4318 terram
3184 4271 3355 4322 luam,

1756 4363 1914 4420 Feria
1939 4383 1992 4420 tv
2023 4373 2077 4421 et
2100 4381 2151 4418 vt
2176 4365 2242 4418 ad
2273 4361 2676 4434 proeessionem
2708 4357 2916 4427 antiph.
2947 4353 3357 4416 Inundaverunt

1756 4475 1930 4530 aquae,
1954 4467 2008 4512 et
2037 4457 2260 4512 missam
2309 4451 2683 4509 matutinalem
2714 4466 2777 4506 ex
2805 4465 2891 4504 ea.
2938 4446 3208 4512 Officium,
3245 4461 3365 4500 ωηο.

1679 4564 1732 4625 D
1759 4550 1846 4603 nia
1875 4565 1994 4615 qua:
2022 4547 2191 4617 fecisti
2215 4545 2383 4600 nobis.
2432 4541 2749 4603 Collectam,
2778 4538 2859 4591 Ad
2891 4548 2937 4591 te
2974 4554 3088 4601 nos,
3115 4535 3360 4600 Domine,

1761 4639 2085 4704 clamantes;
2122 4650 2178 4692 et
2207 4637 2510 4706 aliasjuxta
2561 4647 2763 4686 morem
2821 4631 3078 4685 dicendas
3129 4644 3226 4699 pro
3269 4629 3362 4680 dc-

1761 4731 1986 4798 functis,
2016 4741 2072 4786 et
2095 4730 2382 4786 lectionem
2411 4727 2660 4782 Jeremia:
2691 4725 2886 4794 proph.
2944 4721 3070 4776 Ila’c
3102 4721 3227 4774 dicit
3255 4717 3362 4770 Do-
3417 4743 3434 4758 ο

1761 4823 1936 4876 minus
1968 4839 1986 4877 :
2019 4820 2275 4891 Nunquid
2311 4817 2590 4889 projiciens
2623 4816 2862 4885 abjccisti
2911 4813 3134 4867 ludam.
3191 4812 3360 4880 Resp.

1761 4913 2040 4968 Protector
2073 4924 2250 4967 noster
2272 4913 2470 4982 aspice,
2496 4909 2658 4964 Deus.
2682 4908 2926 4963 Alleluia.
2943 4905 3172 4962 Ostende
3192 4904 3360 4968 nobis,

1763 5009 2011 5062 Domine.
2042 5006 2393 5077 Evangelium
2416 5002 2711 5059 secundum
2740 5001 2964 5067 Lucam,
2994 4998 3060 5052 In
3089 4998 3178 5052 illo
3229 5010 3366 5053 tent-

1759 5118 1906 5172 pore,
1939 5100 2074 5154 dixit
2123 5097 2284 5154 Jesus
2340 5097 2612 5167 discipulis
2662 5096 2771 5148 suis
2810 5109 2828 5144 :
2864 5091 3118 5146 Misereor
3161 5090 3370 5160 turbat;

1759 5193 1885 5262 quia
1917 5192 2103 5244 triduo
2125 5191 2239 5260 jam
2274 5192 2526 5244 sustinent
2566 5205 2664 5241 me.
2720 5183 2907 5240 Olfert.
2958 5180 3102 5235 Sicut
3137 5181 3188 5234 in
3217 5179 3365 5232 Italo-

1763 5294 2034 5338 canstnm.
2065 5283 2284 5339 Comm.
2310 5282 2516 5336 Inclina
2539 5295 2720 5334 aurem
2743 5286 2912 5338 tuam,
2941 5273 3024 5327 vel
3055 5288 3169 5325 cum
3205 5287 3360 5325 voca-

1763 5393 1870 5431 rent
1912 5388 1978 5430 te.
2014 5377 2093 5430 Ad
2121 5375 2380 5445 majorem
2419 5376 2639 5430 missam
2684 5382 2804 5445 post
2833 5369 3190 5432 offerendam,
3237 5380 3367 5432 cunt

1760 5468 2024 5524 sacerdos
2058 5467 2397 5522 inchoavcrit
2427 5467 2684 5521 ordinare
2721 5465 2946 5520 calicem
2981 5477 3101 5516 cum
3131 5461 3361 5513 diacono

1759 5578 1921 5633 super
1941 5561 2134 5625 altare,
2166 5571 2292 5615 tunc
2323 5568 2512 5612 cantor
2541 5557 2802 5630 [inchoet]
2833 5559 2884 5611 in
2933 5557 3099 5610 choro
3145 5565 3362 5622 respon-

1761 5655 1990 5719 serium,
2027 5652 2167 5706 Dctts
2190 5651 2462 5723 quiscdcs
2489 5663 2505 5701 .‘
2533 5649 2646 5703 Tibi
2690 5648 2967 5702 derelictus
3011 5654 3085 5700 est
3139 5654 3355 5714 pauper.
