3834 6304
476 351 622 413 1275

1582 344 1908 405 GUIDONIS
1935 340 2226 399 ABBATIS
2260 338 2645 398 FARFENSIS

3584 345 3684 401 1276

478 450 834 533 Prosternent
861 476 923 517 se
950 475 1140 517 omnes
1167 460 1222 517 in
1234 468 1398 522 terra,
1419 470 1700 531 surgentes
1720 468 1901 528 autem
1917 466 2060 515 stent
2094 440 2138 499 Α
2168 460 2220 514 in
2251 476 2398 529 pace,
2421 468 2469 514 et
2498 473 2621 512 erue
2648 473 2742 512 nos
2768 473 2799 510 a
2839 457 3085 528 prasenti
3138 465 3349 527 august.
3388 455 3555 510 Amen.
3600 461 3686 528 Quo

474 557 621 612 versi
653 566 842 611 contra
878 553 1050 611 altare
1079 568 1248 623 usque
1274 552 1401 608 dunt
1448 553 1702 608 sacerdos
1735 552 1894 621 dicit,
1917 562 2062 606 orate

472 660 570 717 pro
608 646 777 704 nobis.
1832 660 1835 663 ’

1007 740 1235 798 CAPUT
1276 738 1517 795 XXXVI.

760 832 841 887 Ad
873 832 1103 904 pluviam
1127 832 1494 903 postulandum
1520 830 1778 899 ofﬁcium.

479 1002 483 1007 ,
558 945 719 1001 Salus
746 946 948 1016 populi.
974 945 1194 1002 Collect.
1222 945 1382 1009 Deus,
1413 946 1465 998 in
1492 960 1594 1014 quo
1636 942 1874 997 vivimus.
1903 939 2057 996 Lect.

474 1040 625 1097 Hier.
660 1040 861 1110 Proph.
888 1040 1115 1093 Locutus
1157 1051 1231 1092 est
1254 1037 1513 1092 Ieremias
1540 1036 1717 1089 dicens
1746 1051 1766 1090 :
1794 1033 2055 1102 Exsurge,

473 1131 639 1186 lauda
662 1132 718 1185 in
743 1141 912 1187 nocte.
934 1132 1093 1201 ReSp.
1126 1129 1394 1199 Propitius
1407 1140 1535 1182 esto.
1564 1125 1811 1182 Alleluia.
1837 1124 2061 1180 Ostende

475 1224 643 1278 nobis.
677 1223 931 1293 Evangel.
956 1222 1251 1278 secundum
1270 1220 1491 1284 Lucam,
1522 1217 1746 1272 Factum
1775 1226 1849 1271 est
1876 1217 1931 1270 in
1956 1231 2060 1269 una

475 1316 681 1370 dierum
702 1325 750 1370 et
769 1315 925 1369 Iesus
951 1314 1183 1368 ascendit
1214 1316 1268 1368 in
1299 1313 1615 1367 naviculam.
1666 1308 1857 1367 Oﬂ‘eﬂ.
1911 1306 2061 1363 Sicut

476 1410 530 1464 in
559 1410 943 1464 holocaustum.
975 1408 1184 1464 Comm.
1224 1406 1435 1461 Inclina
1458 1422 1644 1461 aurem
1674 1416 1841 1461 tuam.

1003 1544 1229 1601 CAPUT
1268 1543 1531 1603 XXXVII.

832 1641 911 1694 Ad
945 1641 1175 1695 diversas
1211 1654 1385 1708 preces
1414 1637 1705 1707 faciendas.

551 1745 662 1800 [lac
694 1744 903 1799 ratione
926 1743 1203 1798 faciendus
1232 1742 1581 1798 ecclesiastici
1606 1738 1816 1797 ordinis
1848 1737 2057 1796 clamor

477 1839 546 1893 ad
576 1838 878 1892 Dominum.
906 1836 985 1890 Ad
1012 1836 1233 1890 missam
1261 1834 1612 1905 principalem
1636 1831 1748 1900 jam
1771 1831 1916 1886 dicta
1942 1845 2066 1885 ora-

478 1931 624 1985 tione
640 1931 913 1985 Dominica
933 1929 1165 1984 ministri
1184 1928 1429 1984 ecclesiae
1454 1926 1770 1997 cooperiant
1786 1923 2065 1997 pavimen-

478 2034 591 2080 tum
627 2034 752 2079 ante
774 2023 944 2078 altare
969 2022 1168 2089 cilicio,
1191 2031 1245 2075 et
1270 2022 1498 2092 desuper
1521 2028 1722 2091 ponant
1743 2017 2064 2074 cruciﬁxum

476 2122 533 2169 et
562 2124 766 2169 textum
801 2113 1238 2181 Evangeliorum,
1271 2121 1325 2167 et
1368 2126 1596 2181 corpora
1649 2116 1983 2176 sanctorum,
2011 2116 2066 2161 et

475 2208 856 2269 omnisclerus
879 2208 931 2284 in
961 2208 1269 2278 pavimento
1288 2206 1789 2277 jaceatprostratus
1819 2203 2067 2260 canendo

477 2302 765 2373 psalmum,
786 2300 850 2356 Ut
868 2303 1015 2372 quid,
1038 2301 1204 2366 Deus,
1224 2302 1457 2369 repulisti
1475 2302 1528 2355 in
1547 2302 1703 2369 ﬁnem
1716 2300 1815 2355 sub
1830 2298 2063 2354 silentio.

478 2391 701 2447 Interim
731 2394 837 2448 duo
863 2395 1015 2465 signa
1046 2397 1421 2464 percutiantur
1452 2395 1519 2449 ab
1549 2394 1795 2449 ecclesiae
1824 2391 2065 2447 custodi-

485 2486 607 2549 bus,
638 2486 893 2557 solusque
922 2487 1178 2542 sacerdos
1217 2498 1342 2543 ante
1379 2487 1717 2542 Dominicum
1771 2500 1972 2557 corpus
2013 2493 2069 2540 et

477 2581 794 2651 sanguinem
828 2581 1037 2635 noviter
1079 2590 1481 2646 consecratum,
1512 2590 1567 2636 et
1612 2590 1735 2635 ante
1783 2579 2071 2649 praedictas

480 2669 741 2739 reliquias
769 2681 1105 2737 Sanctorum,
1131 2671 1237 2726 alta
1266 2686 1397 2727 voce
1434 2672 1657 2741 incipiat
1685 2672 1830 2726 hunc
1864 2670 2070 2725 clamo-

478 2778 592 2819 rem
624 2764 804 2819 dicere
832 2784 844 2818 :
873 2765 1100 2821 Ostende
1149 2767 1316 2822 nobis.
1367 2765 1497 2820 Esto
1532 2768 1699 2831 nobis,
1750 2767 1903 2821 Dom.
1957 2766 2071 2821 Me-

477 2864 650 2908 mento
680 2858 864 2924 nostri,
896 2857 1046 2911 Dom.
1078 2857 1281 2913 Memor
1302 2869 1411 2912 esto
1436 2875 1586 2928 cong.
1618 2857 1877 2929 Exsurge,
1910 2858 2066 2912 Dom.

483 2944 723 3012 Domine,
758 2950 950 3001 exaudi
988 2959 1122 3001 orat.
1154 2949 1219 3003 In
1262 2950 1449 3019 spiritu
1477 2949 1793 3002 humilitatis
1819 2959 1866 3001 et
1893 2951 2069 3002 animo

478 3037 704 3090 contrito
732 3049 851 3090 ante
896 3049 1135 3091 sanctum
1178 3039 1346 3093 altare
1388 3049 1534 3092 tuum
1578 3050 1626 3092 et
1658 3038 2071 3092 sacratissimum

2165 556 2405 610 clamore
2454 552 2596 607 facto
2647 558 2989 622 reportentur
3045 550 3291 620 reliquiae
3338 550 3451 604 suis
3498 550 3688 621 locis,“

2162 646 2309 700 dicat
2333 635 2587 699 sacerdos
2630 644 2730 697 sub
2773 642 2990 697 silentio
3026 642 3339 708 collectam,
3397 640 3567 697 Libera
3603 661 3691 711 uas,

2163 753 2484 809 quatsumus,
2523 736 2759 789 Dam'ne.

2654 826 2911 897 ,carur
2943 825 3228 881 xxxvut.

2410 920 2545 976 Item
2592 920 2656 974 de
2704 919 2885 975 eadem
2931 918 2991 973 in
3020 919 3127 971 alia
3174 917 3500 988 diﬁinitione.

2231 1016 2367 1072 Cum
2414 1013 2751 1069 surrexerint
2796 1026 2827 1067 e
2861 1009 3099 1081 capitulo
3121 1010 3209 1065 die
3252 1009 3533 1064 Dominico
3553 1017 3705 1065 sonent

2163 1107 2398 1175 signum,
2425 1113 2590 1175 agant
2616 1103 2953 1168 orationem;
2987 1102 3111 1157 dein
3150 1108 3312 1156 exeat
3350 1100 3591 1153 sacerdos
3612 1115 3703 1155 cum

2164 1194 2460 1251 infantibus
2502 1204 2559 1250 et
2597 1202 2902 1265 praeparent
2932 1208 2990 1247 se
3017 1192 3084 1247 ad
3133 1191 3379 1246 missam.
3416 1187 3557 1243 Tunc
3587 1200 3706 1247 sonet

2162 1289 2376 1360 signum
2428 1289 2602 1343 denuo
2628 1288 2773 1357 quod
2801 1286 2974 1357 majus
3011 1296 3117 1349 est,
3144 1284 3283 1337 duas
3315 1283 3481 1345 vices,
3514 1296 3599 1349 pro
3634 1297 3707 1335 an-

2163 1364 2514 1437 nunciatione
2559 1378 2864 1451 principali.
2917 1378 2999 1432 Ad
3064 1376 3434 1446 expletionem
3479 1373 3706 1444 Evangelii

2165 1471 2379 1528 dicatur
2403 1470 2575 1527 Credo
2596 1473 2651 1524 in
2681 1486 2845 1524 unum
2874 1470 3063 1524 Deum.
3097 1469 3223 1537 Quo.
3237 1466 3457 1537 expleto
3496 1468 3707 1523 ascendat

2166 1568 2434 1623 armarius
2457 1567 2509 1623 in
2539 1566 2805 1637 pulpitum
2829 1573 2884 1619 ct
2924 1563 3137 1617 nuntiet
3171 1562 3314 1633 plebi
3352 1560 3597 1615 malitiam
3618 1575 3711 1629 per-

2165 1669 2498 1717 secutorum.
2552 1658 2686 1713 Dein
2762 1656 3021 1727 procedat
3076 1656 3216 1709 alius
3286 1654 3462 1708 frater
3522 1661 3570 1706 et
3601 1651 3710 1722 legat

2168 1754 2546 1815 anathemata,
2577 1750 2658 1806 vel
2690 1748 2977 1803 maledicta
3024 1756 3132 1802 tam
3165 1744 3326 1807 Novi,
3352 1759 3511 1814 quam
3540 1743 3709 1796 Veteris

2168 1845 2501 1901 Testamenti
2528 1842 2825 1899 secundum
2847 1840 3136 1895 utilitatem
3168 1853 3233 1891 ac
3256 1835 3549 1907 jussionem
3570 1849 3594 1886 a
3612 1833 3710 1887 sede

2166 1939 2465 2011 apostolica
2508 1944 2808 2004 acceptam,
2836 1942 2893 1989 et
2921 1947 2951 1986 a
2976 1929 3172 1987 vicinis
3186 1927 3460 1998 episcopis
3487 1926 3712 1996 probatio.

2166 2049 2313 2098 nem,
2344 2033 2524 2087 datam
2557 2028 2989 2085 maledictionem
3037 2041 3144 2080 non
3194 2021 3612 2086 emendantibns,
3637 2020 3711 2073 be-

2168 2127 2530 2183 nedictionem
2561 2124 2641 2179 eis
2669 2122 2760 2194 qni
2788 2137 2847 2178 se
2868 2127 3183 2191 praeparant
3230 2115 3297 2169 ad
3326 2114 3711 2168 emendationss.

2168 2219 2284 2287 Qua
2339 2218 2479 2273 lecta
2538 2216 2918 2284 exstinguuntur
2955 2211 3204 2275 candela,
3242 2210 3523 2280 pulsentur
3570 2208 3711 2261 omnia

2168 2314 2345 2382 signa.
2379 2310 2628 2365 Dimissis
2652 2314 3003 2379 prosternant
3045 2320 3105 2360 se
3141 2317 3334 2358 omnes
3370 2302 3425 2357 in
3459 2310 3653 2359 terram,
3674 2307 3715 2351 et-

2168 2403 2270 2459 Itos
2312 2401 2550 2473 psalmos
2591 2400 2904 2455 decantent.
2959 2396 3203 2460 Domine,
3248 2394 3378 2464 quid
3429 2389 3712 2459 multiplicati

2167 2505 2309 2551 sunt.
2346 2493 2483 2548 Deus
2510 2495 2563 2547 in
2585 2492 2935 2563 adjutorium.
2968 2487 3063 2545 Vel
3087 2487 3222 2542 istos
3252 2485 3393 2539 duos
3416 2482 3713 2552 atljungentts

2167 2588 2516 2646 Benedixisti.
2543 2585 2935 2640 Fundamenta.
2962 2579 3054 2636 Vel
3094 2579 3284 2649 quales
3311 2577 3590 2636 habuerint
3613 2589 3710 2627 cou-

2169 2686 2388 2740 stitutos
2417 2697 2483 2738 ex
2536 2680 2680 2735 aliis.
2706 2675 2884 2746 Capit.
2940 2672 3166 2729 Ostende
3210 2670 3382 2723 nobis.
3433 2665 3553 2720 Esto
3587 2664 3713 2718 nobis.

2172 2778 2434 2848 Exsurge,
2461 2775 2703 2829 Domine.
2745 2769 3035 2826 Orationes
3066 2784 3080 2817 :
3112 2763 3353 2817 Concede
3416 2777 3505 2814 nos
3534 2756 3715 2826 famulos

2170 2880 2313 2936 tuos,
2377 2882 2704 2939 qutvsumus,
2760 2861 3004 2915 Domine.
3059 2856 3407 2925 Omnipotens
3462 2850 3719 2918 sempiterna

2176 2962 2340 3024 Deus,
2370 2967 2693 3012 maestorum.
2722 2951 2818 3008 Vel
2845 2952 2985 3006 sicut
3016 2948 3278 3008 diximus,
3313 2952 3374 2996 ut
3420 2942 3617 2995 decreta
3640 2939 3715 2990 lua-

2171 3054 2405 3108 bnerint.
2450 3050 2745 3117 Surgentcs
2769 3051 2989 3099 cantent
3010 3038 3362 3094 offerendam,
3406 3042 3459 3088 et
3482 3029 3722 3101 perﬁciant

478 3142 669 3195 corpus
719 3136 766 3180 et
798 3128 1101 3199 sanguinem
1126 3139 1295 3196 tuum,
1326 3129 1545 3184 Domine
1579 3131 1730 3195 Iesu,
1758 3129 2066 3200 Redemptor

2175 3144 2416 3197 missam.
2447 3139 2584 3194 Aliis
2613 3136 2803 3191 diebus
2841 3129 3172 3203 quotidianis
3203 3134 3372 3196 agant
3423 3123 3512 3176 ita.
3546 3120 3649 3173 llo:
3677 3126 3718 3216 ut

480 3218 687 3282 mundi,
709 3220 1023 3284 accedimus,
1048 3230 1097 3274 et
1124 3220 1188 3273 de
1213 3222 1438 3290 peccatis
1486 3221 1703 3286 nostris,
1734 3238 1828 3290 pro
1882 3222 2068 3291 quibus

479 3309 620 3379 iuste
649 3310 941 3381 affligimur
966 3308 1247 3381 culpabiles
1268 3324 1451 3366 contra
1475 3323 1522 3365 te
1551 3329 1645 3367 nos
1674 3311 1962 3365 reddimus.
1987 3312 2070 3365 Ad

480 3411 551 3467 te,
585 3401 806 3458 Domine
831 3403 982 3467 Iesu,
1012 3405 1267 3468 venimus,
1297 3404 1368 3459 ad
1394 3415 1444 3458 te
1471 3405 1722 3475 prostrati
1752 3402 2069 3470 clamamus,

478 3496 604 3567 quia
631 3496 728 3548 viri
762 3497 929 3567 iniqui
952 3506 999 3550 et
1021 3497 1228 3567 superbi
1252 3498 1463 3569 suisque
1491 3498 1685 3552 viribus
1711 3498 1897 3567 conﬁsi
1916 3498 2073 3553 undi-

479 3584 580 3653 que
605 3601 761 3654 super
788 3602 882 3640 nos
906 3588 1206 3657 insurgunt,
1236 3597 1404 3642 terras
1446 3588 1608 3657 hujus
1653 3590 1948 3643 sanctuarii
1990 3590 2071 3644 tui

478 3689 893 3749 cwterarumque
923 3679 1021 3733 sibi
1042 3681 1398 3748 subjectarum
1422 3680 1763 3736 ecclesiarum
1788 3681 2069 3749 invadunt,

479 3770 853 3840 deprtcdantur
877 3779 924 3824 et
954 3780 1190 3836 vastant,
1212 3787 1468 3841 pauperes
1495 3782 1612 3825 tuos
1636 3771 1865 3826 cultores
1885 3788 2071 3828 earum

382 3912 401 3927 .
479 3867 535 3920 in
567 3866 745 3921 dolore
767 3878 813 3921 et
843 3869 982 3937 fame
1011 3877 1163 3945 atque
1225 3870 1464 3941 nuditate
1501 3870 1669 3941 vivere
1710 3868 1933 3938 faciunt,
1962 3881 2073 3924 tor-

479 3959 666 4013 mentis
688 3962 843 4014 etiam
887 3970 936 4014 et
982 3959 1172 4030 gladiis
1222 3962 1487 4024 occidunt,
1520 3971 1726 4016 nostras
1776 3963 1933 4016 etiam
1988 3979 2071 4017 res

480 4050 621 4103 unde
650 4051 813 4105 vivere
859 4052 1100 4105 debemus
1132 4053 1184 4106 in
1222 4063 1312 4107 tuo
1352 4063 1536 4107 sancto
1579 4054 1807 4119 servitio,
1844 4063 1893 4108 et
1940 4070 2073 4125 quas

485 4143 647 4198 beata:
668 4145 858 4199 anima!
876 4144 997 4198 huic
1027 4146 1140 4200 loco
1165 4163 1259 4216 pro
1284 4146 1450 4200 salute
1481 4164 1578 4201 sua
1607 4146 1950 4217 reliquerunt,
1979 4147 2085 4211 dis

466 4234 678 4304 'ripiunt
710 4237 899 4290 :nobis
929 4238 1087 4291 etiam
1112 4238 1363 4293 violenter
1392 4239 1662 4309 auferunt.
1693 4239 1931 4293 Ecclesia
1979 4249 2073 4295 tua

482 4328 612 4395 lucc,
646 4329 891 4395 Domine,
940 4348 1098 4401 quant
1150 4332 1336 4401 priscis
1383 4334 1699 4402 temporibus
1746 4333 1985 4403 fundasti
2022 4342 2073 4388 et

481 4423 781 4489 sublimasti
810 4425 865 4478 in
893 4423 1139 4478 honorent
1168 4424 1332 4478 beata:
1360 4441 1570 4493 semper
1604 4423 1833 4493 Virginis
1859 4425 2070 4492 Marite,

479 4514 623 4570 sedet
656 4516 709 4569 in
733 4516 1084 4580 tristitia,non
1110 4526 1184 4571 est
1207 4518 1296 4587 qui
1319 4516 1616 4572 consoletur
1643 4527 1692 4573 et
1721 4519 1900 4574 liberet
1932 4537 2071 4585 eam,
2106 4538 2151 4594 Ι)

483 4606 588 4661 nisi
618 4615 700 4672 tu,
731 4606 870 4661 Deus
896 4621 1091 4661 noster.
1120 4606 1358 4678 Exsurge
1376 4608 1557 4679 igitur,
1590 4608 1816 4664 Domine
1835 4608 1987 4675 Iesu,
2018 4611 2070 4665 in

424 4754 439 4765 ,
483 4696 809 4768 adjutorium
836 4708 1105 4773 nostrum;
1131 4701 1372 4767 conferta
1401 4708 1576 4763 uos,et
1600 4698 1863 4755 auxiliare
1884 4700 2070 4766 nobis;

483 4805 726 4860 expugna
777 4792 1140 4861 impugnantes
1188 4807 1303 4857 nos,
1327 4791 1513 4860 frange
1565 4792 1723 4846 etiam
1775 4792 2074 4861 superbiam

484 4879 718 4944 illorum,
754 4880 844 4951 qui
863 4890 1007 4934 tuum
1034 4881 1207 4935 locum
1231 4890 1278 4935 et
1302 4897 1397 4935 nos
1418 4880 1686 4951 afﬂigunt.
1711 4880 1790 4936 Tu
1816 4882 1942 4947 scis,
1968 4881 2078 4936 Do-

484 4973 647 5039 mine,
677 4974 767 5041 qui
795 4984 916 5028 sunt
946 4973 1026 5028 illi
1047 4987 1095 5029 et
1127 4973 1343 5029 nomina
1369 4973 1607 5041 illorum,
1631 4991 1852 5045 corpora
1871 4992 2075 5047 quoque

483 5074 531 5118 et
561 5065 721 5119 corda
751 5082 933 5121 eorum
964 5076 1244 5137 antequam
1266 5076 1608 5121 nascerentur
1633 5068 1729 5121 tibi
1748 5077 1866 5121 sunt
1896 5070 2076 5139 cogni-

485 5165 559 5223 ta.
595 5154 925 5226 Quapropter
946 5174 1057 5223 eos,
1089 5158 1250 5223 Deus,
1276 5159 1409 5211 sicut
1439 5158 1540 5212 scis
1561 5158 1857 5228 justiﬁcata
1887 5161 1942 5215 in
1970 5162 2077 5214 vir-

487 5257 595 5301 tute
623 5256 734 5311 tua,
761 5248 848 5318 fac
871 5267 957 5304 eos
991 5265 1297 5319 cognoscere
1350 5266 1447 5302 sua
1489 5249 1793 5321 malefacta,
1822 5261 1872 5305 et
1910 5251 2075 5308 libera

488 5353 581 5392 nos
610 5338 662 5391 in
694 5340 1055 5395 misericordia
1094 5348 1218 5402 tua;
1254 5357 1317 5394 ne
1344 5340 1601 5411 despicias
1624 5360 1741 5407 nos,
1768 5342 1931 5409 Deus,
1964 5342 2075 5399 cla-

488 5420 688 5480 mantes
719 5426 789 5477 ad
818 5434 867 5480 te
903 5426 957 5479 in
1006 5425 1317 5495 afflictione,
1347 5429 1436 5480 sed
1468 5439 1679 5497 propter
1718 5428 1943 5498 gloriam
1975 5444 2074 5483 no-

487 5517 646 5571 minis
676 5519 755 5572 tui
777 5528 824 5573 et
855 5520 1290 5585 misericordiam,
1309 5537 1409 5590 qua
1425 5521 1598 5575 locum
1624 5523 1783 5575 istum
1811 5520 2073 5590 fundasti,

487 5618 534 5697 et
560 5608 613 5665 in
642 5610 889 5667 honorem
914 5613 1183 5684 genitricis
1208 5624 1314 5675 tuor
1362 5613 1676 5680 sublimasti,
1708 5615 1933 5669 visitasti
1982 5632 2076 5672 nos

2173 3231 2515 3289 surrexerint
2550 3245 2581 3284 e
2630 3226 2889 3297 capitulo,
2942 3224 3163 3278 veniant
3199 3229 3253 3274 et
3280 3219 3463 3272 dicant
3493 3217 3541 3267 in
3572 3211 3719 3283 primis

2173 3326 2413 3394 quinque
2458 3320 2695 3391 psalmos
2737 3331 2835 3386 pro
2888 3314 3185 3376 defunctis,
3228 3319 3285 3364 et
3345 3320 3474 3363 tunc
3509 3312 3719 3359 sonenlar

2171 3417 2347 3487 signa,
2417 3422 2473 3470 et
2529 3410 2785 3481 dejiciant
2844 3423 2904 3463 se
2966 3407 3018 3460 in
3058 3405 3226 3459 humo
3280 3413 3333 3456 et
3402 3401 3572 3454 dicant
3610 3396 3727 3450 sicut
3818 3420 3819 3423 η

2171 3520 2360 3579 supra.

2717 3588 2946 3646 CAPUT
2996 3584 3242 3641 XXXIX.

2260 3688 2504 3758 Qualiter
2550 3693 2707 3749 aqant
2742 3684 2787 3737 si
2818 3680 3111 3805 pgcessuri
3141 3687 3263 3731 sunt
3311 3672 3382 3727 ad
3429 3670 3655 3727 Sanctam

2911 3766 3103 3803 artant.

2911 3766 3103 3803 artam.

2200 3906 2203 3907 ,
2247 3851 2475 3922 Quando
2496 3850 2699 3905 vadunt
2730 3846 2798 3899 ad
2841 3842 3120 3898 basilicam
3172 3838 3230 3894 S.
3266 3837 3474 3899 Mariae,
3502 3838 3662 3887 statim
3678 3835 3723 3883 ut

2175 3945 2538 4009 surrexerint,
2564 3942 2822 4013 incipiant
2853 3938 3093 4008 psalmos
3126 3949 3223 4003 pro
3244 3930 3534 3993 defunctis,
3551 3935 3597 3980 et
3610 3932 3717 3996 post-

2174 4042 2395 4097 modum
2444 4035 2698 4108 prostrati
2728 4048 2825 4103 pro
2861 4026 3304 4085 tribulationibus
3349 4023 3553 4090 absque
3580 4018 3724 4073 sonitu

2175 4133 2510 4190 tonnitorum
2548 4128 2687 4198 (66),
2715 4135 2770 4182 et
2813 4124 3003 4196 psalmi
3045 4122 3300 4175 dicantur
3340 4115 3485 4170 sicut
3509 4109 3725 4183 praedixi-

2175 4242 2320 4282 mus.
2370 4224 2438 4278 Et.
2490 4194 2783 4292 aliquando
2815 4194 2879 4271 si
2930 4214 3097 4270 velint
3146 4211 3447 4280 adiungere
3505 4204 3725 4275 psalmum

2176 4317 2407 4383 Inclina,
2440 4313 2665 4369 Domine
2693 4320 2749 4366 et
2778 4305 3121 4369 Benedimisti,
3147 4305 3266 4357 lucc
3304 4300 3541 4371 capitula
3561 4298 3724 4349 dicant.

2178 4407 2308 4463 Post
2331 4416 2562 4472 partum.
2598 4401 2844 4457 Ostende.
2879 4399 3003 4453 Esto
3034 4396 3201 4451 nobis.
3230 4393 3529 4469 ‘Collectas.
3560 4387 3724 4443 Conte-

2176 4500 2261 4553 de.
2296 4495 2625 4566 lneﬂ‘abilem
2657 4493 2821 4547 Deus.
2869 4489 2973 4556 Qui
3024 4488 3331 4551 contritum,
3386 4485 3469 4540 vel
3519 4482 3723 4535 Hostiam

2179 4600 2498 4644 nostrorum.
2546 4583 2753 4651 Quibus
2807 4580 2972 4635 ﬁnitis
3027 4589 3227 4633 exeant
3287 4585 3344 4631 et
3416 4583 3565 4629 sonet
3611 4570 3727 4641 prior

2181 4677 2441 4751 tabulam,
2473 4675 2516 4730 si
2545 4683 2755 4744 tempus
2806 4669 2970 4725 luerit
3006 4668 3153 4739 loqui
3187 4667 3242 4721 in
3269 4666 3527 4730 claustro,
3559 4671 3605 4719 et
3631 4672 3729 4729 ρετ·
3818 4672 3819 4745 ξ

2177 4780 2269 4843 gat
2302 4768 2673 4840 unusquisque
2704 4763 2770 4819 ad
2801 4761 2973 4817 omnia
3012 4776 3129 4815 sua.

2782 4852 3011 4911 CAPUT
3051 4852 3160 4907 XL.
3247 4857 3262 4867 '

2348 5022 2349 5025 η
2383 4954 2460 5009 De
2494 4950 2747 5024 fratribus
2792 4946 3099 5004 exeuntibus
3124 4946 3190 5000 de
3226 4945 3561 5001 monasterio.

2254 5048 2450 5106 Frater
2498 5044 2710 5116 fugiens
2750 5042 2817 5099 de
2866 5039 3208 5097 monasterio
3238 5040 3370 5093 dum
3416 5035 3598 5093 reverti
3650 5046 3727 5087 vo-

2181 5141 2370 5205 luerit,
2403 5135 2580 5192 nudus
2607 5144 2661 5189 et
2690 5133 3041 5191 discalciatus
3065 5131 3249 5191 veniat
3282 5131 3337 5185 in
3365 5127 3660 5200 capitulum,
3685 5123 3729 5175 in

2182 5240 2406 5296 brachio
2447 5250 2640 5296 tenens
2694 5232 2985 5298 cucullam,
3018 5240 3073 5288 et
3125 5244 3291 5284 manu
3324 5227 3525 5295 virgam
3558 5219 3737 5275 ferens.

2182 5335 2418 5406 Accepto
2443 5336 2650 5407 judicio
2695 5339 2784 5388 eat
2811 5328 2956 5382 foras
3009 5325 3063 5379 in
3095 5321 3280 5392 aliquo
3306 5318 3447 5382 loco,
3471 5324 3541 5407 .et
3564 5309 3729 5365 vestiat

2183 5446 2242 5487 se
2262 5439 2318 5486 et
2338 5429 2569 5486 calciet:
2603 5432 2991 5490 revertensque
3044 5416 3098 5470 in
3137 5410 3457 5481 capitulum,
3482 5412 3614 5477 petat
3655 5415 3726 5452 ve.

2182 5522 2329 5577 niam
2391 5529 2522 5575 ante
2583 5516 2836 5572 abbatem
2890 5521 2945 5577 et
3002 5508 3119 5578 ipso
3170 5504 3398 5575 iubente
3444 5509 3527 5554 eat
3570 5491 3727 5549 sedere

2183 5614 2323 5671 sicut
2350 5610 2548 5682 Regula
2579 5607 2825 5680 praecipit
2856 5605 3001 5677 (cap.
3032 5600 3146 5672 29).
3178 5595 3238 5654 Si
3293 5594 3359 5649 ι).
3399 5593 3556 5649 abbas
3581 5587 3726 5641 deest.

564 5775 696 5851 (66)_
719 5775 1061 5851 Tonnitorum
1088 5778 1315 5842 sonitus,
1337 5794 1458 5851 reor
1491 5793 1615 5834 esse
1639 5779 1792 5851 signa
1824 5777 1905 5835 vel
1943 5788 2097 5836 notas
2126 5786 2374 5832 tonorum
2424 5783 2659 5826 muSIces
2695 5785 2707 5821 :
2741 5780 2804 5821 ac
2831 5766 2877 5820 si
2904 5762 3107 5818 diceret
3149 5776 3164 5812 :
3210 5752 3447 5826 psalmos
3477 5764 3564 5820 pro
3588 5743 3728 5799 tritiu-

572 5845 782 5901 ionibus
812 5847 1011 5906 absque
1044 5860 1170 5903 tono
1190 5850 1448 5909 prostrati
1484 5851 1684 5907 dicant.
