3834 6304
2482 306 2628 335 ;”υ“ν-”
2645 311 2682 325 ’ν

65 402 167 464 ηπ
1068 390 1069 393 ~
1216 345 1592 413 DlSClPLlNA
1620 345 2021 406 FARFENSIS:
3099 342 3241 404 mg

64 516 139 591 ipsi
173 506 441 566 reservetur
469 487 748 561 judicium.
777 480 911 537 Cum
952 485 1135 532 autem
1163 484 1413 529 reversus
1443 466 1559 522 fue-
1585 464 1637 526 Α
1670 464 1890 520 dilectio
1948 471 2061 530 tua,
2103 461 2229 533 quia
2267 460 2535 533 suggessit
2573 458 2675 516 iste
2728 459 2901 523 frater
2935 455 3027 512 Ille
3055 453 3237 521 nobis,

530 583 542 591 .
583 581 594 591 .
711 584 721 591 .
794 590 803 591 ,
848 588 863 591 ᾼ
900 575 1183 591 -A-_-_..-...
1218 563 1329 591 AL...
1381 561 1554 591 Ann-nn
1658 570 1710 591 nl
1740 559 1811 591 illi
1845 556 2116 591 Iino-uiuum
2147 555 2400 591 dna-omne
2435 552 2712 591 vnhiannm
2759 522 3047 591 ιιειιιῖιριηίέ,
3117 544 3237 591 Nm!

68 524 77 534 '
129 522 139 529 '
173 522 440 566 reserYelul'
469 522 748 561 μιυιιιιιηιυ
779 522 911 537 νει-ι-
952 522 1135 532 wu-vu-
1168 522 1369 529 --.----
1396 522 1407 524 -
1585 522 1637 526 ,_
2047 522 2060 530 ν
2123 522 2137 533 ,
2335 522 2393 533 ,ι

158 604 251 671 ipse
289 593 439 647 frater
466 581 728 639 subducat
752 590 812 630 se
842 588 871 627 a
891 575 1187 639 conspectu
1215 563 1354 633 ejus,
1379 561 1556 616 donec
1658 570 1716 613 ut
1740 559 1812 611 illi
1845 556 2117 610 licentiam
2147 555 2401 609 daremus
2435 552 2713 608 vobiscum
2759 522 3055 619 habitandi,
3117 544 3238 603 Nos

1404 652 1517 671 .-,r_
1662 657 1839 671 --_......
1898 646 2019 671 -..:..
2099 652 2150 671 1..
2207 641 2553 671 Annnnm:mlln
2614 640 2917 671 ..ιιι-..ιιι-Δηι
2993 624 3235 671 riu-Asnaus“

1530 678 1557 693 ο
1659 657 1842 702 autem
1895 646 2039 716 quia
2099 652 2151 698 te
2205 641 2556 714 cognovimus
2614 640 2918 712 regularem
2993 624 3252 715 ordinent.

1665 750 1876 802 tenere,
1922 735 2252 807 praebuimus
2303 747 2629 805 consensum
2678 733 2728 786 ei
2775 732 3051 788 vobiscum
3081 726 3247 793 habia

1663 831 1833 903 tandi.
1863 829 2016 883 Nunc
2031 838 2210 884 autem
2243 826 2393 882 illum
2420 826 2515 881 tibi
2541 824 2881 888 commendo,
2908 833 2968 879 ut
2992 822 3139 877 illum
3162 823 3253 889 ita,

1660 932 1866 977 tractes
1893 919 2053 975 sicuti
2079 932 2205 991 ego,
2234 925 2290 972 et
2318 932 2420 989 pro
2448 915 2539 972 illo
2558 915 2824 970 rationem
2848 912 3078 969 Domino
3101 912 3255 973 sicut,

1660 1030 1763 1087 ego
1792 1013 2009 1070 reddas.

64 652 132 758 tali
155 652 197 748 llr]
230 689 331 743 loco
360 679 550 739 veniat,
578 672 664 726 ubi
697 675 847 740 petat
890 665 1104 717 veniam
1155 672 1306 714 suam
1336 652 1526 709 satisra

63 747 226 847 Licino,
246 788 291 835 et
314 770 443 845 quod
488 767 537 821 ei
566 757 902 834 praeceperit,
947 754 998 809 id
1032 751 1216 807 faciat.
1247 747 1363 804 Una
1400 751 1559 799 nocte

59 835 265 953 in
300 835 531 933 hospitali
565 863 853 922 antequam
886 846 1195 915 recipiatur.
1245 839 1305 894 Si
1360 835 1560 907 fugerit

62 935 110 1031 ile
132 969 275 1037 aliqua
301 958 424 1014 cella
453 963 506 1009 et
554 949 625 1005 ibi
665 957 916 1002 reversus
945 938 1132 1003 fuerit,
1160 935 1475 1004 recipiatur,
1500 937 1566 999 ut.

62 1076 123 1123 est
139 1031 271 1130 supra
288 1051 509 1106 dictum:
539 1052 593 1099 et
620 1040 836 1111 quando
853 1034 1062 1091 venerit
1084 1031 1150 1086 ad
1172 1036 1334 1099 caput
1375 1036 1561 1080 mona—

61 1102 444 1219 sterii,rsimiliter
482 1142 532 1197 id
562 1137 743 1193 faciat.
774 1134 831 1189 Si
866 1130 1065 1201 fugerit
1103 1128 1171 1183 de
1199 1124 1379 1193 aliqua
1402 1102 1567 1193 cella,

62 1266 99 1310 et
119 1251 173 1307 ibi
197 1262 287 1302 non
313 1251 546 1296 reversus
576 1232 758 1295 fuerit,
790 1238 844 1284 et
862 1226 1072 1281 venerit
1094 1222 1162 1276 ad
1186 1227 1349 1290 caput
1372 1229 1563 1270 mona-

60 1343 191 1405 sterii,
216 1335 502 1405 recipiatur,
531 1336 587 1380 ut
608 1333 691 1380 est
716 1320 967 1391 superius
989 1321 1367 1389 prmnotatum,
1392 1310 1565 1363 donec

62 1445 232 1495 vocetur
252 1399 387 1502 prior
412 1425 478 1479 de
533 1422 648 1491 ipsa
704 1416 861 1479 cella,
905 1422 960 1467 et
1007 1407 1297 1464 audiantur
1330 1399 1565 1471 querelae

61 1532 305 1589 amborum,
327 1529 377 1575 et
411 1516 716 1582 ubicunque
759 1507 922 1564 fuerit
953 1502 1108 1572 culpa
1132 1501 1349 1554 iuventa
1380 1507 1568 1549 emen-

60 1629 193 1682 detur.
224 1586 339 1674 Post
382 1613 493 1668 barc
538 1607 584 1662 si
626 1601 792 1675 priori
847 1598 1061 1654 videtur
1102 1598 1408 1649 revertatur
1453 1586 1568 1656 ipse

59 1719 187 1772 frater
208 1712 267 1767 ad
298 1708 460 1779 ipsam
492 1701 707 1758 cellam.

580 1789 810 1849 CAPUT
851 1786 985 1841 XLI.

500 1888 581 1944 De
625 1879 1041 1957 phlebotomatis.

109 1997 153 2052 Si
173 1993 276 2062 quis
300 1991 458 2045 frater
496 1980 736 2039 voluerit
757 1975 1070 2047 sanguinem
1102 1969 1349 2025 minuere
1375 1979 1573 2036 procn-

57 2054 339 2145 retindicare
370 2077 577 2143 abbati,
606 2072 691 2127 vel
716 2068 909 2140 priori,
938 2066 981 2120 si
1007 2062 1175 2117 abbas
1222 2074 1333 2123 non
1386 2054 1568 2118 adest;

59 2178 223 2235 licentia
255 2173 473 2241 denique
499 2174 746 2236 accepta,
778 2168 868 2217 eat
898 2157 1139 2214 indicare
1168 2148 1473 2208 cellerario,
1516 2151 1575 2198 ut

57 2274 210 2327 habere
246 2237 402 2323 faciat
423 2260 748 2315 arcedouem
780 2253 917 2322 (67),
963 2248 1047 2304 vel
1078 2246 1124 2301 si
1168 2255 1381 2309 tempus
1410 2237 1576 2293 fuerit

57 2363 236 2432 Ilyt'lIlIS,
283 2359 452 2428 ignem
517 2349 815 2407 accendere
860 2341 1025 2397 faciat
1085 2339 1142 2394 in
1204 2331 1574 2391 calefactorio.

57 2422 170 2502 Tunc
192 2422 362 2515 pergat
389 2440 452 2495 ad
481 2438 710 2507 januam
735 2433 1103 2499 Eleemosyna:
1122 2432 1178 2479 et
1200 2422 1432 2490 accipiat
1457 2432 1573 2471 vas.

56 2544 144 2597 Mox
173 2513 223 2594 ut
241 2513 584 2606 Evangelinm
632 2529 920 2585 recitatum
951 2520 1118 2576 fuerit
1140 2526 1228 2573 eat
1258 2531 1381 2571 cum
1412 2513 1581 2569 silen-

55 2636 110 2687 tio
125 2642 263 2703 atque
299 2629 360 2684 de
383 2605 537 2683 more
559 2622 744 2687 faciat,
768 2627 975 2673 et‘tunc
995 2614 1139 2670 dicat
1175 2610 1348 2665 tribus
1368 2605 1581 2660 vicibus

53 2726 160 2780 Deus
181 2694 229 2779 in
266 2718 610 2792 adjutorium,
643 2711 940 2783 adiungens
974 2704 1157 2759 Gloria
1188 2701 1361 2757 Patri.
1417 2694 1582 2767 Κριτία

52 2819 219 2873 eleiian.
240 2814 388 2869 Pater
413 2820 611 2866 noster.
643 2804 709 2860 Et
737 2820 800 2859 ne
818 2818 934 2858 nos.
963 2795 1305 2869 Adjutorium
1322 2799 1579 2846 nostrum.

52 2909 314 2965 Beuedicite.
363 2904 688 2973 Pcrpetrata
738 2909 866 2950 vero
902 2896 1157 2962 peragret
1207 2880 1580 2939 refectorium.

55 3001 95 3056 Si
114 2988 214 3070 post
243 2995 520 3067 prandium
545 2992 767 3046 visitare
801 2983 1053 3069 voluerit,
1082 2978 1225 3034 sicut
1246 2972 1585 3045 prmtulimus

52 3064 192 3147 omnia
212 3064 396 3146 habeat
418 3088 768 3157 praeparata.
781 3064 915 3134 Cum
940 3073 1374 3146 phlebotomatus
1398 3064 1584 3130 fuerit,

53 3183 195 3237 statim
221 3154 445 3250 pergens
472 3176 532 3231 in
552 3154 904 3228 refectorium
945 3165 1083 3220 offas
1103 3160 1289 3217 faciat.
1319 3156 1377 3214 Si
1411 3154 1585 3211 servi-
1610 3175 1659 3241 ο

53 3281 164 3327 tores
196 3248 425 3327 sederint
468 3266 541 3322 ad
570 3277 811 3320 mensam
831 3301 845 3326 ,
889 3259 1004 3329 ipse
1032 3263 1182 3327 petat
1208 3249 1485 3307 licentiam
1517 3248 1587 3303 ab

53 3365 121 3418 illo
143 3363 221 3432 qui
252 3361 450 3418 sederit
487 3357 560 3414 ad
613 3354 887 3426 squillam.
921 3348 980 3404 Si
1022 3348 1255 3402 domnus
1300 3341 1471 3397 abbas
1504 3345 1590 3395 est

51 3460 248 3511 minutus
272 3454 554 3524 sanguine,
587 3451 641 3505 in
676 3446 914 3503 crastino
939 3439 1211 3509 accipiant
1238 3435 1498 3490 mixtum:
1536 3438 1592 3486 et

54 3544 103 3594 ad
122 3555 311 3595 versum
339 3518 397 3592 si
414 3535 617 3604 aliquis
658 3528 893 3586 defuerit
942 3542 1010 3581 ex
1042 3520 1306 3592 sanguine
1345 3518 1590 3582 minutis,

51 3632 228 3700 quando
253 3629 481 3696 venerit,
513 3633 664 3698 petat
692 3621 988 3682 licentiam,
1013 3626 1070 3672 et
1098 3616 1242 3671 dicat
1271 3626 1512 3677 versum,
1539 3621 1596 3665 et

52 3724 237 3778 accedat
280 3722 346 3777 ad
392 3733 675 3775 mensam:
712 3713 963 3771 similiter
1007 3709 1177 3779 faciat
1226 3707 1271 3762 si
1314 3705 1464 3776 prior
1512 3709 1597 3757 est

2234 1078 2461 1137 CAPUT
2498 1075 2681 1134 XLIII.

1656 1236 1663 1245 ,
2095 1174 2171 1231 De
2212 1174 2461 1247 portoriis
2498 1169 2822 1227 monasterii.

1655 1266 1665 1320 τ
1734 1271 2017 1326 Portarius
2073 1268 2241 1323 frater
2283 1280 2552 1336 nusquam
2606 1264 2766 1319 debet
2817 1259 3083 1331 equitare,
3142 1255 3251 1314 nisi

1668 1365 1808 1442 forte
1832 1362 2246 1432 superveneriut
2282 1360 2563 1430 praedones
2586 1354 2730 1425 infra
2776 1352 3039 1408 terminos
3061 1361 3254 1404 mona-

1668 1457 1849 1521 sterii;
1908 1472 2006 1526 pro
2062 1454 2167 1509 boc
2229 1451 2433 1523 poterit
2479 1462 2724 1519 pergere.
2792 1444 3068 1515 Equorum
3120 1453 3255 1496 vero

1670 1562 1988 1602 ascensores
2017 1546 2069 1598 in
2094 1556 2247 1599 suam
2271 1539 2462 1596 cellam
2493 1535 2842 1591 advenientes
2865 1532 2932 1586 ab
2948 1531 3065 1601 ipso
3080 1530 3257 1585 hono-

1674 1640 1828 1695 rifice
1850 1637 2211 1706 excipiantur,
2244 1642 2300 1688 et
2322 1646 2352 1686 a
2379 1629 2597 1685 famulis
2626 1628 2889 1690 servisve,
2939 1634 2995 1680 et
3032 1623 3257 1692 iubente

1673 1733 1857 1804 priore
1908 1728 2207 1787 secundum
2258 1720 2484 1781 illorum
2512 1734 2869 1792 personarum
2916 1690 3258 1786 qualitatem.

1573 1815 1648 1893 ’Β
1677 1827 1795 1896 Ipse
1815 1823 2072 1895 praefatus
2098 1821 2269 1876 frater
2297 1817 2409 1872 suis
2434 1812 2800 1883 subjectaneis
2829 1809 2941 1881 (69)
2972 1822 3164 1878 panem
3203 1812 3262 1859 et

1668 1919 1858 1989 {vinum
1886 1914 2131 1987 quotidie
2158 1911 2369 1967 deferat
2417 1909 2511 1963 ibi.
2547 1907 2683 1963 Dum
2723 1903 2870 1959 domi
2908 1916 3014 1956 non
3056 1896 3261 1954 fuerint

1675 1988 1938 2083 hospites,
1970 2009 2027 2063 in
2062 2004 2350 2077 coquinum
2381 2009 2507 2057 eant
2538 1997 2601 2052 ad
2628 1987 2953 2057 edendum;
2986 1991 3116 2061 quia
3156 1988 3259 2057 ipsi

1679 2077 1877 2161 debent.
1905 2101 2108 2166 facere,
2136 2095 2354 2167 quando
2384 2098 2600 2155 vacant,
2629 2101 2828 2156 cappas
2856 2084 3105 2137 fratrum.
3139 2077 3261 2133 Caio

1678 2213 1835 2279 cares
1860 2208 2147 2267 equorum,
2184 2188 2271 2244 vel
2321 2185 2524 2241 fascias
2571 2182 2687 2251 ipse
2738 2184 3012 2250 procuret.
3050 2171 3260 2227 Famuli

1676 2276 2060 2361 procuratores
2121 2282 2487 2351 equitatoruni
2546 2277 2619 2333 ibi
2676 2258 2996 2335 comedunt;
3076 2265 3263 2321 famuli

1678 2379 1930 2453 discipuli
1957 2376 2188 2450 portarii
2218 2374 2300 2430 eis
2336 2372 2599 2435 serviant,
2628 2377 2815 2439 postea
2871 2364 2971 2434 ipsi
3014 2377 3137 2417 cum
3169 2374 3267 2415 co-

1679 2475 1804 2545 quis
1832 2473 2017 2529 edant.
2050 2470 2170 2542 Ipse
2201 2467 2374 2522 frater
2398 2479 2521 2519 cum
2553 2461 2670 2516 suis
2713 2456 2967 2513 omnibus
3007 2465 3279 2521 superve-p

1681 2542 1959 2622 aientibus
1982 2563 2124 2617 lecta
2158 2567 2410 2622 sternat;
2443 2554 2543 2626 ipsi
2573 2552 2642 2607 ibi
2661 2551 2901 2621 iaceant.
2937 2545 2992 2601 In
3023 2542 3269 2598 crastino

1681 2655 1948 2711 maturius
1989 2652 2081 2722 qui
2136 2648 2254 2704 vult
2299 2648 2354 2702 in
2394 2643 2683 2701 ecclesiam
2732 2638 2939 2701 venire,
2995 2648 3120 2689 cum
3170 2645 3269 2685 sua

1681 2747 1934 2804 lanterna
1966 2742 2237 2799 illuminet
2259 2746 2316 2795 et
2360 2737 2688 2799 introducat.
2725 2733 2770 2788 si
2796 2730 2920 2785 talis
2948 2726 3112 2783 fuerit
3141 2738 3272 2793 perc

1683 2856 1859 2905 sona;
1891 2837 1974 2894 sin
2014 2850 2146 2890 vero
2196 2834 2310 2904 ipse
2355 2846 2464 2886 non
2516 2827 2632 2882 vult
2678 2822 2955 2894 occupari,
3003 2813 3272 2871 familiam

1683 2938 1927 2994 moneat,
1956 2936 2015 2982 ut
2039 2901 2241 2986 faciat;
2255 2920 2464 2978 Ostium
2494 2933 2628 2985 vero
2656 2913 2799 2986 quod
2836 2918 2919 2967 est
2959 2908 3103 2963 inter
3138 2901 3275 2975 gali-

1685 3022 1826 3079 leam
1843 3019 1956 3093 (70)
1987 3029 2044 3074 et
2071 3017 2310 3074 claustra
2333 3030 2364 3068 a
2395 3009 2622 3082 praefato
2648 3007 2816 3061 lratre
2832 2999 3075 3072 quotidie
3099 2994 3287 3051 inane

1687 3115 1983 3187 aperiatur,
2009 3120 2066 3166 et
2086 3123 2212 3166 sero
2240 3114 2366 3161 ante
2386 3101 2729 3158 collationem
2758 3093 3065 3152 claudatur.
3108 3144 3111 3145 ν

2255 3192 2485 3254 CAPUT
2524 3189 2708 3248 XLIV.

1922 3294 2165 3364 Qualiter
2183 3300 2305 3363 agat
2346 3282 2686 3344 constabulus
2715 3279 2827 3351 (71)
2859 3276 3041 3346 frater.

1762 3356 2120 3450 Constabulus
2150 3356 2350 3456 quippe
2378 3378 2551 3434 frater
2588 3374 2787 3429 habeat
2816 3368 2917 3423 sub
2963 3378 3059 3418 sua
3090 3356 3294 3416 custo-'

1693 3485 1782 3542 dia
1810 3496 2003 3554 equos,
2040 3449 2333 3546 omniaque
2370 3471 2708 3541 equitatuuin
2742 3465 3037 3516 stramenta
3076 3461 3129 3507 et
3174 3449 3285 3504 fre—

1693 3596 1763 3636 na
1786 3579 2064 3649 ipsorum;
2092 3582 2384 3633 annonam,
2403 3562 2485 3619 vel
2510 3560 2693 3632 paleas
2707 3557 2759 3610 in
2787 3553 2923 3607 locis
2939 3542 3275 3604 constitutis.

1695 3640 1999 3729 Extraneos
2035 3664 2317 3721 venientes
2351 3668 2513 3723 atque
2544 3658 2832 3723 pergentes
2870 3646 2984 3714 ipse
3030 3640 3287 3708 procuret

52 3725 237 3778 accedat
280 3725 346 3777 ad
392 3733 675 3775 mensam:
712 3725 963 3771 simulter
1007 3725 1177 3779 lactat
1226 3725 1271 3762 ει
1314 3725 1464 3776 prior
1512 3725 1597 3757 est
1696 3725 1773 3729 -ν-
1812 3725 1815 3726 ν
2218 3751 2229 3762 .
2538 3744 2547 3755 ,
2714 3738 2725 3750 1
3057 3729 3068 3738 _

50 3816 252 3870 minutiis
279 3814 572 3886 sanguine,
624 3808 879 3865 Inﬁrmus
924 3811 1104 3860 autem
1135 3801 1228 3872 qui
1256 3815 1357 3870 pro
1386 3812 1482 3853 sua
1510 3796 1597 3851 ίη,
1697 3778 1822 3820 cum
1845 3759 1959 3817 suis
1976 3750 2338 3813 familiaribus
2366 3743 2602 3800 famulis.
2624 3740 2727 3808 Ipsi
2742 3750 2874 3805 ergo
2890 3746 2957 3786 ne
2980 3725 3283 3798 quidquam

1701 3854 1899 3886 ο-ηιηηο
1977 3846 2079 3886 πιἰαί
2140 3843 2282 3886 ηιιηιι
2324 3840 2406 3886 eis
2454 3832 2674 3886 iusserit
2698 3825 2956 3886 prmfatus
2993 3818 3195 3877 frater;
3229 3818 3283 3866 el

314 3818 572 3886 anguine.
624 3818 879 3865 lnlirmus
924 3818 1104 3860 antem
1135 3818 1228 3872 qut
1256 3818 1357 3870 pro
1386 3818 1482 3853 sua
1511 3818 1597 3851 in-
1708 3818 1747 3820 -ί
2454 3835 2467 3846 .
2633 3832 2643 3843 .

400 3908 412 3917 -
460 3904 495 3917 ο-
597 3901 609 3913 ο
655 3909 764 3917 μμ
830 3910 932 3917 _-_
978 3901 1124 3917 ..-ω
1165 3890 1438 3917 “Mdg”,
1499 3902 1598 3917 Μ,
1701 3854 1922 3917 faciant,
1977 3846 2082 3904 nisi
2140 3843 2283 3915 quod
2324 3840 2406 3894 eis
2450 3840 2674 3904 iusserit
2698 3825 2956 3909 prmfalus
2993 3818 3195 3877 frater;
3229 3818 3290 3866 ει

52 3906 269 3960 firmitate
297 3904 503 3974 accipit
541 3901 791 3965 mixtum,
830 3910 937 3951 non
978 3901 1130 3965 petat
1164 3890 1465 3953 licentiam,
1499 3902 1600 3943 nec
1701 3890 1922 3917 '“""""
1979 3890 2082 3904 ·’··’·
2141 3890 2283 3915 ἰ-ν-
2450 3890 2468 3904 -
2701 3890 2712 3898 -
2790 3906 2831 3926 λ
2916 3912 2926 3922 ,

1703 3946 1820 3974 -ι-η
1844 3935 2267 3974 -οη-οοιιρηαῐηηρ
2290 3926 2489 3974 ηυιρινίι
2517 3921 2580 3974 ad
2627 3935 2721 3974 eos
2765 3915 2926 3974 aliqui

52 3906 269 3960 firmitate
297 3904 503 3974 accipit
541 3904 791 3965 mixtum,
830 3910 937 3951 non
978 3904 1130 3965 petat
1164 3904 1465 3953 licentiam,
1499 3904 1600 3943 nec
1701 3904 1922 3917 ------ηι
2158 3904 2173 3915 -
2448 3926 2459 3938 ,
2790 3906 2831 3926 η.
2916 3912 2926 3922 ⁸

49 4000 169 4057 dicat
192 4015 427 4056 versum,
468 3994 714 4052 υοτηηυε
751 3990 920 4046 abbas
946 3988 1107 4044 debet
1158 3986 1413 4056 accipere
1462 3982 1604 4037 ωίχ,
1702 3946 1820 4001 sine
1844 3935 2267 4010 reprehensione
2290 3935 2489 4001 poterit
2517 3921 2580 3978 ad
2627 3935 2721 3974 eos
2765 3911 2970 4014 aliquid
3016 3908 3083 3963 ad
3118 3904 3289 3961 eden—

1712 4036 1827 4057 λ--η-
1864 4033 1992 4057 τίκ-υ-
2018 4046 2031 4057 -
2068 4036 2247 4057 ιη-ηιιη
2282 4036 2309 4057 o
2352 4014 2634 4057 ρριιριοηνίη
2671 4007 2971 4057 mimritari.
3029 3999 3107 4053 De
3156 3991 3289 4049 refer-

52 4000 169 4057 ἀῖοίιι
192 4015 427 4056 Versum.
468 3994 714 4052 Domnus
751 3991 920 4046 abbas
946 3991 1107 4044 debet
1158 3991 1413 4056 accipere
1462 3991 1604 4037 πηιχ..
1702 3991 1819 4001 -----
2290 3991 2306 4001 ,
2584 4014 2594 4025 .
2825 4007 2836 4018 .
2934 4002 2946 4014 .

52 4102 140 4147 tum
186 4094 247 4147 ad
301 4092 543 4149 εείιιςηη,
595 4086 752 4143 prio,
802 4092 1006 4147 autem,
1061 4080 1108 4136 si
1147 4079 1383 4136 domnus
1433 4076 1606 4131 abbas
1705 4036 1831 4091 dum
1861 4033 2034 4094 dare;
2068 4036 2249 4081 tamen
2281 4036 2313 4074 a
2352 4014 2971 4097 cellerarioquieritari.
3029 3999 3107 4053 De
3156 3991 3295 4049 refe-

1713 4124 1879 4149 “““‘
1904 4135 2033 4149 ""M
2067 4126 2408 4149 "mum-Imm
2436 4107 2589 4149 debet
2621 4108 2903 4149 asnortare
2924 4105 3026 4147 nec
3052 4089 3165 4149 ipse
3192 4097 3295 4138 nec

1707 4124 1881 4182 ctorio
1904 4135 2035 4176 vero
2067 4126 2409 4186 nequaquam
2436 4107 2592 4162 debet
2621 4096 2903 4170 asportare
2924 4105 3026 4147 nec
3052 4089 3165 4156 ipse
3192 4097 3295 4138 nec

48 4183 182 4240 fuerit
208 4185 258 4242 in
308 4179 671 4247 monasmrio’
714 4177 767 4232 in
823 4188 924 4231 suo
959 4171 1120 4229 stallo
1172 4168 1433 4239 “cum”;
1471 4174 1528 4220 et
1560 4164 1605 4219 si
2068 4164 2590 4247 fratribus.
2639 4164 2740 4246 III-SI
2770 4188 2853 4242 cui
2876 4186 3087 4247 iussum
3113 4174 3245 4229 fucri

51 4183 182 4240 fuerit
208 4185 258 4242 in
308 4179 671 4247 monasterio,
714 4177 767 4232 in
823 4188 924 4231 suo
959 4176 1120 4229 stallo
1172 4176 1433 4239 accipiat;
1471 4176 1528 4220 et
1560 4176 1605 4219 si
2155 4176 2170 4186 -
2448 4201 2458 4211 ι
2677 4193 2687 4203 _
2726 4191 2737 4203 ,
2839 4186 2892 4198 Η
3220 4176 3245 4202 ⁸,

51 4294 138 4332 non
161 4279 307 4335 adest
338 4279 539 4341 abbas,
577 4274 646 4330 ad
678 4268 933 4341 squillam
977 4266 1202 4323 sedeat:
1235 4261 1490 4317 similiter
1517 4260 1610 4313 de-
1711 4210 2050 4292 [qumquam]
2068 4210 2136 4265 de
2157 4200 2740 4341 “'"sggaltgzualjr‘
2770 4204 2853 4242 c‘"
2876 4195 3087 4255 Juss‘m‘
3113 4176 3296 4229 tum"

50 4374 213 4449 canus,
256 4372 301 4428 si
344 4370 504 4441 prior
538 4368 711 4423 deest.
744 4361 974 4431 Quando
1024 4356 1242 4413 insimul
1281 4352 1614 4410 conveniunt.

50 4446 412 4533 pblebotomati
446 4475 573 4516 cum
605 4456 811 4528 pueris,
842 4464 972 4509 tunc
993 4452 1181 4507 dicunt
1215 4462 1436 4504 versum
1465 4444 1614 4516 pari-

50 4565 151 4611 ter:
178 4557 358 4612 infans
383 4556 539 4625 legat
559 4517 846 4607 lectionem
876 4563 943 4603 ex
972 4543 1158 4608 corde,
1186 4540 1381 4597 deinde
1406 4539 1571 4594 edant
1597 4554 1613 4592 :

49 4646 259 4703 habeant
312 4648 424 4704 tria
467 4642 831 4717 pulmentaria
880 4644 1144 4708 apparata
1201 4628 1619 4703 accllerario;

47 4740 177 4810 pueri
204 4755 334 4797 vero
380 4755 578 4795 unum.
616 4735 887 4790 Levautes
910 4743 1128 4784 versum
1157 4726 1342 4780 dicant
1382 4734 1625 4776 commu-

48 4834 187 4888 niter.
232 4836 289 4889 Si
324 4834 402 4889 ibi
451 4830 779 4893 comeditnr,
829 4825 925 4897 qui
964 4822 1080 4877 vult
1115 4820 1343 4875 mixtum
1387 4825 1623 4877 sumere,

48 4924 103 4979 de
126 4939 216 4980 sua
247 4923 469 4997 justitia
504 4930 669 4993 atque
710 4918 847 4974 libra
874 4924 995 4987 post
1019 4911 1241 4968 missam
1270 4906 1396 4964 edat
1422 4902 1627 4971 absque

48 5028 207 5072 versu.
247 4992 341 5072 λιι
400 4992 665 5086 vesperas
711 5010 805 5066 det
838 5008 889 5063 ei
941 5001 1257 5062 cellerarius
1313 4993 1516 5051 aliuuid
1560 4992 1629 5048 ad

49 5107 452 5164 eomedeudum.

2285 4286 2513 4349 CAPUT
2553 4280 2717 4339 XLV.

1896 4394 1899 4395 ν
1964 4393 2042 4449 De
2072 4385 2385 4458 hospitibus,
2419 4375 2646 4450 qualiter
2673 4365 3049 4436 suscipiantur.

1792 4492 1909 4550 Hoc
1935 4494 2281 4552 summopere
2309 4490 2447 4531 unus
2480 4472 2647 4525 frater
2678 4463 2764 4519 vel
2792 4463 2898 4517 duo
2924 4472 3046 4513 cum
3083 4453 3197 4509 suis
3227 4449 3294 4505 fa-

1726 4586 1888 4644 mulis
1909 4586 2220 4653 procurent,
2248 4581 2306 4625 ut
2342 4580 2464 4622 cuin
2510 4558 2755 4629 hospites
2801 4546 3216 4608 adventaverint
3252 4542 3308 4596 in

1726 4684 1843 4755 ipsa
1877 4642 2179 4737 mansione,
2218 4681 2339 4739 qua:
2370 4662 2565 4719 talibus
2592 4657 2847 4726 deputata
2872 4658 2977 4714 est,
3003 4659 3197 4701 omnes
3227 4642 3313 4696 in-

1729 4741 1951 4832 ducant,
1986 4776 2184 4823 etcum
2211 4759 2359 4818 omni
2391 4750 2728 4812 humanitate
2752 4742 3083 4821 suscipiant,
3115 4744 3169 4793 ct
3194 4741 3312 4807 post

1731 4878 1945 4924 caenam
1972 4859 2259 4916 abluantur
2282 4854 2363 4910 eis
2387 4867 2416 4906 a
2446 4846 2662 4904 famulis
2706 4840 2911 4913 pedes,
2944 4842 3003 4890 et
3053 4837 3313 4901 parentur

1733 4955 2090 5019 lectisternia,
2142 4958 2200 5006 et
2250 4950 2295 5005 si
2345 4945 2427 5002 eis
2467 4938 2753 5015 placuerit,
2794 4941 2906 4987 tres
2956 4928 3073 4983 dies
3114 4924 3323 4990 absque

1734 5047 2168 5110 contradictione
2186 5046 2493 5102 morentur;
2525 5042 2580 5087 et
2609 5045 2734 5088 cum
2763 5035 2989 5097 pergere
3015 5012 3327 5072 voluerint,

618 5171 847 5229 CAPUT
884 5165 1045 5225 XLII.
1736 5103 2021 5203 denarium
2049 5133 2277 5207 singulis
2304 5132 2555 5187 donetur.
2588 5124 2646 5179 Si
2675 5117 2873 5188 aliquis
2906 5128 2973 5168 ex
3003 5108 3150 5229 .ipsis'
3175 5103 3326 5206 inlic-

50 5270 271 5333 Qualiter
299 5265 752 5325 commendatitiw
781 5262 968 5316 litterrc
982 5256 1174 5312 danda:
1205 5262 1308 5308 sint
1340 5250 1631 5305 monachis.

110 5363 217 5436 Ego
261 5364 381 5434 (68)
434 5361 530 5417 Ille
583 5357 805 5415 linmilis
860 5354 1052 5416 abbas,
1096 5348 1348 5404 salutem.
1410 5342 1634 5398 Noverit

110 5476 218 5548 (67)
258 5476 478 5531 Arcada
521 5473 558 5528 f.
588 5472 843 5542 ligamen,
889 5480 997 5535 quo
1031 5456 1523 5548 arcetnrrsanguis,
1565 5453 1638 5548 'ab

46 5524 271 5605 arcendo
322 5524 1031 5613 dictum—quanquam.et
1099 5532 1201 5612 li_oc
1246 5528 1474 5613 lingainen
1504 5524 1637 5613 [allio

46 5595 268 5675 nomine:
317 5595 759 5672 genita—vetei-es
788 5595 1227 5664 'nominaverint.
1272 5597 1435 5652 Iisiis.
1486 5595 1636 5651 'Ord.

108 5704 197 5742 IIII.
221 5704 371 5742 part.
398 5705 447 5742 1ο

108 5705 120 5737 ι
186 5729 197 5742 .
356 5730 371 5742 .
429 5726 447 5742 .

46 5687 418 5832 ωᾶζὲβῗῖέυέ
459 5756 691 5813 formula
714 5754 1017 5811 litterarum
1042 5760 1107 5801 ex
1138 5740 1433 5798 traditione
1460 5736 1637 5794 Ililde-

48 5831 182 5889 mari
204 5831 518 5899 desumpta
546 5838 646 5886 est.

1737 5254 1860 5296 mus
1881 5230 2185 5296 advenerit,
2218 5225 2573 5297 quoadusque
2611 5214 2947 5291 melioretur,
2972 5203 3017 5260 si
3065 5195 3325 5260 voluerit,

1738 5345 1894 5391 extra
1922 5330 2113 5388 cellam
2149 5340 2258 5399 non
2296 5328 2493 5377 exeat:
2554 5314 2871 5387 hoc‘tamen
2894 5294 3244 5381 pauperibus
3271 5298 3327 5346 et

1802 5448 1927 5534 lli?)
1996 5436 2351 5511 Subjectanei.
2380 5427 2609 5493 subditi,
2656 5416 2914 5490 subjecti,
2972 5424 3119 5468 cum
3170 5418 3325 5462 com-

1742 5536 1925 5636 “lilii
1981 5582 2209 5636 Galilea.
2254 5572 2514 5636 Gallilaca,
2581 5562 2841 5623 Galleria.
2900 5553 3037 5611 Vide
3079 5544 3329 5620 superius

1742 5634 1747 5637 -
1813 5589 1925 5659 (70)
1981 5582 2209 5644 Galilea,

1742 5671 2359 5771 ῃοξίιίξίῖἠυηκιαὺυιωε
2397 5725 2581 5769 comes
2612 5704 2839 5771 stabuli,
2887 5698 2979 5771 qui
3028 5686 3226 5751 stabuli
3270 5690 3330 5741 et

1816 5704 2317 5802 (IIIS-Conslame
2341 5731 2359 5770 :
2388 5725 2581 5802 ico‘mcs
2612 5704 2839 5772 stabuli,

1747 5786 2010 5870 cqimr'uin
2046 5807 2231 5849 curam
2258 5786 2498 5858 gerebat.
2538 5837 2547 5844 ,
