3834 6304
543 358 685 419 H79

1661 359 1987 418 cunnosts
2022 346 2310 418 Austris
2342 344 2731 423 ‘rsnrsusts

3639 371 3743 434 me

542 476 848 550 peregrinis
881 470 1258 531 tantummodo
1288 483 1371 530 est
1396 474 1785 531 exhibendum.
1808 475 1942 531 Nam
1970 476 2131 532 debet
2163 462 2202 522 Α
2235 476 2317 530 dis
2345 477 2613 531 manibus.
2645 478 2810 533 Baeill
2840 486 3003 550 atque
3043 478 3238 551 squilla
3269 468 3342 535 ibi
3384 479 3644 542 habeantur
3665 504 3739 561 ρη

539 571 712 627 frater
761 577 1085 641 procurator
1108 567 1351 636 ejusdem
1384 568 1489 623 loci
1524 568 1765 639 quotidie
1786 568 2032 639 accipere
2061 583 2127 623 ex

536 662 905 734 proinptuario
930 676 1097 732 panes
1126 662 1313 718 decem
1341 669 1397 717 et
1427 668 1663 733 septem,
1713 670 1769 716 et
1808 660 1977 717 libras
2015 671 2127 729 tres

537 770 604 816 ex
631 757 720 814 illo
748 773 910 829 pane,
941 773 1103 829 quem
1138 758 1382 813 seniores
1405 756 1699 812 habuerint
1724 754 1777 810 in
1808 754 2122 819 refectorio;

532 862 589 908 et
616 859 886 922 quotquot
922 866 1021 922 per
1056 849 1298 921 singulos
1338 850 1456 906 dies
1500 848 1741 906 defuncti
1787 846 2125 919 pronuntiati

533 942 761 1010 fuerint,
790 944 1151 1013 totstipendia
1183 943 1433 1013 accipiat,
1467 950 1575 997 tam
1606 941 1673 997 de
1688 940 1942 1013 panibus,
1962 955 2123 1009 quam

531 1035 600 1089 de
628 1034 749 1089 aliis
770 1034 1008 1095 cibariis.
1040 1034 1181 1089 sicut
1205 1033 1284 1089 eis
1305 1075 1320 1100 ,
1341 1033 1386 1090 si
1405 1032 1668 1096 viverent,
1690 1032 1932 1086 daretur.
1964 1030 2126 1085 Simio

532 1123 661 1181 liter
688 1141 788 1195 pro
814 1125 942 1189 illis,
990 1126 1041 1179 in
1078 1141 1305 1195 quorum
1354 1124 1731 1180 anniversario
1764 1124 1981 1194 plenum
2010 1122 2125 1178 olli-

532 1216 680 1270 cium
718 1215 797 1283 fit,
845 1226 921 1270 tot
955 1216 1257 1286 dispensas,
1311 1217 1394 1271 vel
1427 1217 1669 1287 justitias
1707 1216 1953 1286 recipiet,
2004 1231 2126 1286 quae

532 1309 845 1363 constituta:
878 1308 1079 1363 fuerint
1107 1309 1325 1365 inloco.
1355 1308 1726 1366 Pulmentaria
1761 1324 1890 1365 vero
1929 1323 1995 1364 ex
2027 1324 2122 1363 co-

532 1398 697 1467 quina
741 1399 1027 1454 tradentur
1054 1418 1080 1454 a
1106 1400 1512 1469 septimanariis
1542 1400 1823 1467 fratribus,
1857 1400 1939 1455 vel
1965 1417 1993 1454 a
2017 1400 2127 1453 cel-

535 1489 768 1554 Ierariis,
803 1491 958 1561 quasi
989 1492 1055 1546 ad
1095 1507 1339 1547 mensam
1371 1492 1687 1547 debuissent
1707 1491 1821 1545 dari
1850 1506 1916 1546 ex
1949 1491 2126 1545 omni-

532 1580 657 1649 bus,
694 1598 814 1654 quae
861 1584 930 1639 ibi
982 1593 1358 1655 praeparantur
1406 1586 1475 1640 ad
1512 1602 1641 1642 usus
1693 1585 1922 1640 fratrum
1969 1594 2023 1640 et
2069 1585 2122 1639 in

532 1674 748 1730 situlam
787 1674 898 1745 (ῖέ)
926 1677 1160 1743 mittant,
1199 1693 1361 1747 quam
1402 1678 1474 1733 ibi
1523 1686 1882 1750 praeparatam
1923 1677 2123 1735 habeat

530 1781 855 1839 procurator
878 1770 1070 1826 frater.
1112 1771 1380 1828 Similiter
1416 1782 1725 1844 praeparent
1755 1773 1890 1830 duas
1927 1774 2119 1829 situlas

532 1860 587 1914 in
644 1860 951 1933 refectorio.
1028 1863 1307 1935 Praepositi
1371 1866 1502 1936 ipsis
1550 1865 1706 1932 locis,
1763 1867 2120 1935 undecunque

530 1955 915 2020 remeaveriut,
949 1955 1091 2011 istud
1131 1957 1365 2013 ollicium
1406 1959 1708 2030 adimplere
1748 1961 2039 2015 studeant:
2073 1960 2117 2015 si

529 2042 604 2097 illi
637 2060 741 2097 non
768 2045 990 2112 fuerint,
1023 2046 1340 2103 cellerarius
1365 2049 1550 2115 faciat,
1583 2060 1804 2120 propter
1834 2051 2117 2105 adunanda

527 2135 795 2207 stipendia
826 2138 1065 2195 famulis.
1106 2139 1335 2211 Jejuniis
1371 2143 1615 2209 Quatuor
1640 2142 1969 2215 Temporum
1997 2142 2121 2197 uni-

529 2229 704 2283 versis
729 2245 849 2299 qua:
872 2230 1080 2286 circulo
1122 2232 1251 2288 anni
1286 2243 1432 2301 sunt,
1475 2250 1811 2304 quaecunque
1841 2250 2113 2291 remanse-

528 2318 639 2373 rint
669 2335 734 2375 ex
780 2321 1087 2390 refectorio,
1138 2324 1189 2379 in
1222 2324 1325 2380 hoc
1369 2342 1505 2396 opus
1553 2316 1908 2396 censeantur;
1963 2338 2017 2383 et
2053 2330 2121 2385 de

527 2411 869 2469 infirmorum
900 2416 1059 2471 domo
1085 2417 1273 2472 eadem
1299 2417 1452 2473 fiant.
1486 2419 1753 2474 Similiter
1778 2421 1843 2475 de
1868 2422 2121 2478 omnibus

527 2506 724 2576 vigiliis
761 2524 896 2579 quas
918 2510 1216 2579 celebrant,
1246 2512 1362 2568 fieri
1387 2512 1567 2569 debet.
1614 2513 1688 2569 Ex
1726 2514 1936 2571 Domini
1965 2533 2121 2572 nam-

528 2616 631 2671 que
657 2600 904 2657 Adventu
935 2620 1104 2675 usque
1145 2604 1392 2662 Natalem
1422 2606 1540 2677 ejus
1562 2608 1665 2663 hoc
1688 2609 1962 2663 decretura
1993 2620 2075 2666 est
2104 2629 2117 2666 :

528 2707 558 2745 a
592 2693 769 2763 capite
805 2693 996 2765 jejunii
1036 2712 1207 2767 usque
1250 2697 1317 2754 ad
1369 2697 1680 2769 paschalcm
1722 2700 2120 2757 solemnitatem

528 2785 790 2853 quotidie,
818 2788 1061 2859 exceptis
1092 2790 1389 2846 Dominicis
1419 2790 1628 2857 diebus,
1657 2792 1838 2847 omnia
1872 2793 2123 2849 similiter

528 2876 725 2931 dentur
753 2877 806 2933 in
837 2878 1259 2952 eleemosynam.
1294 2881 1427 2938 Nam
1458 2883 1578 2954 ipse
1622 2884 1791 2939 frater
1834 2902 1955 2940 cum
2008 2887 2122 2942 suis

530 2963 866 3034 adiutoribus
893 2980 949 3025 et
980 2972 1081 3027 hoc
1120 2972 1279 3028 debet
1311 2974 1631 3046 adimplere,
1675 2976 1925 3031 videlicet
1976 2978 2118 3047 prati

530 3061 769 3128 secandi,
802 3064 944 3134 quod
975 3081 1040 3119 ex
1071 3065 1187 3136 ipso
1220 3066 1499 3122 meliorem
1524 3069 1747 3134 viderit,
1781 3080 1835 3123 et
1871 3071 1936 3124 ad
1972 3070 2122 3126 latri-

531 3165 653 3206 nam
702 3153 933 3209 fratrum
965 3156 1241 3226 deportari
1274 3172 1460 3212 curam
1493 3159 1771 3230 suscipiat.
1807 3161 2116 3217 Luminaria

531 3258 585 3298 tn
614 3246 950 3301 dormitorio.
983 3256 1147 3301 atnue
1176 3248 1515 3301 infirmorum
1545 3251 1705 3301 domo
1733 3254 1847 3301 inse
1868 3264 2119 3301 nmcnmt

2229 3148 2493 3206 Similiter
2524 3153 2899 3222 unmquisque
2925 3152 3095 3207 faciat
3123 3151 3423 3208 osculando
3451 3151 3649 3205 interim
3674 3166 3761 3204 ωι-

2229 3260 2348 3298 nus.
2382 3242 2535 3299 Tunc
2563 3254 2719 3299 sonet
2750 3245 3001 3301 squillam
3032 3255 3083 3300 et
3112 3246 3405 3301 benedicat
3433 3244 3606 3299 cibum
3630 3252 3764 3301 etno-
3832 3242 3834 3301 Ι

2225 3260 2348 3298 nus.
2382 3245 2535 3299 Tunc
2563 3254 2719 3299 sonet
2750 3245 3001 3314 squillam
3032 3255 3083 3300 et
3112 3246 3405 3301 benedicat
3433 3245 3606 3299 cibum
3630 3252 3764 3312 etpo-

530 3258 585 3298 tn
614 3246 950 3319 dormitorio,
983 3256 1147 3319 atque
1176 3248 1515 3305 infirmorum
1545 3251 1705 3306 domo
1733 3254 1847 3323 ipse
1867 3264 2121 3324 procuret

531 3341 719 3396 ordine
744 3356 866 3396 cum
897 3340 1031 3396 suis.
1096 3341 1326 3398 Vascula
1370 3342 1438 3397 ad
1480 3345 1832 3401 minuendum
1863 3362 2115 3403 cruorem

530 3445 645 3501 ipse
683 3430 785 3485 sibi
838 3431 1121 3503 assignata
1172 3433 1392 3503 habeat,
1445 3450 1513 3490 ne
1563 3436 1741 3507 aliqua
1796 3437 2122 3510 negligentia

531 3523 785 3591 patiatur.
819 3522 1076 3579 Ecclesiae
1101 3527 1363 3594 oratoria,
1396 3527 1719 3595 claustrum,
1751 3530 1944 3587 domus
1967 3532 2123 3587 infir-

532 3632 767 3682 morum,
802 3615 1148 3673 refectoriuin
1199 3628 1362 3689 atque
1408 3622 1702 3691 capitulum
1746 3621 1860 3694 ipse
1904 3626 2123 3681 studeat

531 3705 847 3773 emundare,
870 3717 925 3762 et
954 3725 1051 3779 per
1080 3712 1261 3766 omnia
1286 3712 1512 3781 juncum
1546 3714 1843 3785 imponere.
1875 3714 2117 3783 Catiuos,

533 3796 620 3866 qui
649 3795 909 3855 fratribus
933 3801 1184 3859 radendis
1215 3805 1452 3874 deputati
1498 3815 1645 3875 sunt,
1700 3807 1815 3876 ipse
1866 3808 1967 3863 sub
2023 3824 2120 3865 sua

532 3905 663 3946 cura
727 3892 944 3960 habeat,
998 3904 1055 3951 et
1102 3899 1439 3966 temporibus
1501 3901 1822 3970 opportunis
1873 3902 2116 3969 tribuat,

532 3991 693 4048 atque
741 3986 1084 4055 postmodum
1138 3992 1337 4048 nitidos
1390 4001 1446 4047 et
1494 3993 1723 4050 mundos
1776 4005 2026 4066 reponat.
2060 3996 2120 4053 In

531 4071 646 4141 ipsa
670 4076 802 4131 cella
824 4079 911 4134 cui
934 4095 1039 4136 non
1065 4083 1419 4153 permittitur,
1445 4100 1545 4140 nec
1571 4086 1931 4157 ingrediatur.
1966 4086 2119 4142 Man-

531 4165 716 4224 datum
747 4186 1046 4243 pauperum
1106 4175 1176 4231 ibi
1223 4188 1462 4248 geratur.
1512 4179 1819 4238 Pomerium
1855 4182 1967 4253 (75)
2018 4181 2122 4237 sub

530 4278 628 4319 sua
656 4267 897 4322 custodia
926 4268 1122 4325 habeat
1144 4286 1266 4326 cum
1299 4272 1583 4327 cellerario
1632 4273 1791 4328 simul
1840 4274 2121 4345 plantandi

530 4364 699 4425 atque
734 4357 1105 4415 custodiendi.

1091 4450 1320 4508 CAPUT
1368 4453 1531 4509 XLVI

532 4536 778 4617 Qualiter
802 4550 879 4597 est
916 4546 1177 4614 agentium
1209 4548 1531 4622 mandatum
1569 4547 1638 4602 ad
1672 4566 1947 4621 pauperes,
1980 4551 2119 4622 quod
2147 4543 2200 4607 υ
2226 4531 2369 4587 tibus
2395 4532 2464 4586 ad
2497 4532 2697 4601 gradus
2729 4547 2901 4602 genua
2936 4532 3181 4596 flectant,
3216 4531 3384 4604 Hyrie
3405 4534 3602 4588 eleison
3630 4549 3785 4613 ρει-εον,

1075 4616 1309 4686 quotidie
1336 4617 1570 4687 eﬂ'icitur.

602 4694 737 4754 Nam
784 4699 955 4757 frater
979 4702 1100 4769 ille,
1130 4704 1222 4774 qui
1265 4704 1369 4759 hoc
1403 4705 1637 4762 ollicium
1668 4724 1831 4780 super
1857 4726 1915 4767 se
1940 4726 2124 4767 susce-

533 4796 687 4866 ptum
739 4789 925 4857 habet,
975 4807 1100 4848 cum
1152 4808 1252 4848 suo
1300 4795 1550 4852 ministro
1594 4797 1792 4855 habeat
1841 4801 1911 4855 ibi
1942 4804 2123 4858 omnia

531 4894 653 4948 quae
682 4880 791 4938 illic
823 4892 950 4943 sunt
997 4885 1306 4941 necessaria
1345 4899 1671 4958 przeparata,
1696 4892 1948 4948 videlicet
1979 4892 2125 4950 lebe-

512 4979 646 5039 {tem
679 4972 769 5026 ubi
810 4989 1008 5043 aquam
1039 4974 1326 5031 calefaciat
1350 4986 1405 5032 et
1426 4979 1689 5036 concham
1720 4982 1787 5036 ad
1828 4980 2121 5038 lavandum

530 5061 699 5133 pedes
736 5077 948 5130 eorum,
993 5073 1047 5121 et
1081 5064 1185 5120 tria
1213 5066 1550 5135 linteamina,
1593 5086 1825 5142 quorum
1856 5088 2021 5128 unum
2054 5074 2125 5130 sit

532 5152 850 5221 deputatum
877 5166 1100 5227 propter
1122 5159 1385 5227 seniores,
1413 5163 1504 5233 qni
1534 5162 1661 5217 ituri
1686 5173 1813 5218 sunt
1837 5166 1905 5219 ad
1946 5164 2121 5236 ipsum

532 5242 767 5307 ofﬁcium
806 5246 1160 5317 implendttm.
1193 5249 1340 5308 Illico
1370 5266 1430 5308 ut
1458 5255 1619 5325 pedes
1664 5253 1874 5311 ablutos
1921 5255 2123 5313 habue-

533 5338 665 5405 rint,
710 5356 907 5397 manus
932 5344 1077 5410 :suas
1114 5346 1181 5401 ad
1227 5345 1403 5417 ipsum
1433 5357 1686 5419 tcrgant:
1728 5352 2020 5406 secundum
2052 5352 2123 5407 sit

532 5443 633 5503 pro
657 5444 953 5502 pauperum
990 5434 1259 5507 pedibus;
1307 5438 1525 5494 tertium
1552 5441 1865 5496 eorumdem
1900 5441 2120 5498 abluen-

603 5585 931 5664 (72_)§'itula,
959 5589 1231 5655 sacculus,
1260 5589 1345 5645 vel
1376 5591 1603 5658 cistella,
1628 5608 1734 5663 qua
1762 5592 1913 5664 panis
1943 5594 2120 5652 cibus-

532 5669 637 5725 que
670 5658 932 5716 defertur.
1648 5658 1660 5663 ’
1762 5658 1775 5664 ’
2096 5678 2101 5679 ’

606 5727 717 5795 (75)
762 5727 1094 5791 Pomerium.
1135 5730 1283 5804 locns
1330 5732 1419 5804 ubi
1462 5747 1621 5801 poma
1669 5745 1986 5804 nascuntur,
2028 5747 2120 5793 aut

532 5806 889 5851 asservantur
918 5814 1016 5871 pro
1044 5802 1339 5869 volucrium
1367 5802 1578 5857 hortus.

2229 570 2417 624 eadem
2460 586 2625 625 causa
2672 570 3039 642 adimplenda.
3075 572 3244 641 Igitur
3275 584 3549 645 antequam
3574 594 3742 652 surgam

2229 662 2472 719 seniores
2502 676 2567 717 ex
2601 664 2853 732 prandio,
2900 667 3120 734 quando
3147 666 3309 721 simul
3342 681 3464 722 sunt
3489 679 3739 741 comessuri,

2226 754 2310 811 vel
2340 756 2558 825 quando
2588 764 2739 810 sexta
2784 758 2918 811 hora
2963 766 3017 811 et
3049 773 3174 813 sero
3204 760 3465 815 caenaturi
3494 773 3627 827 sunt,
3652 777 3743 825 tunc

2229 848 2428 903 habeat
2477 846 2712 903 famulus
2749 850 2931 904 omnia
2984 861 3312 922 praeparata,
3356 870 3477 924 qua:
3504 854 3569 909 ibi
3602 873 3745 915 conve-

2228 939 2502 1009 niunt.!ut
2539 940 2744 1012 absque
2783 957 2935 998 mora
2973 946 3365 1001 convenientes
3410 945 3590 1004 fratres
3631 952 3742 1008 triun

2226 1045 2523 1102 pauperum
2553 1034 2830 1105 obsequiis
2879 1035 3163 1102 insudent,
3217 1038 3564 1096 lavandorum
3597 1043 3744 1101 scilicet

2225 1121 2445 1191 pedum.
2491 1122 2586 1178 Die
2616 1125 2898 1182 Dominico
2948 1128 3184 1184 domnus
3214 1128 3386 1183 abbas
3434 1146 3559 1186 eum
3596 1134 3743 1191 duobus
3832 1182 3834 1197 .

2228 1214 2525 1272 infantibus
2566 1226 2621 1273 et
2649 1234 2840 1274 eorum
2890 1222 3155 1293 magistro
3182 1233 3279 1279 eat
3305 1223 3374 1277 ad
3403 1238 3590 1280 eorum
3617 1239 3743 1282 cato-
3832 1202 3834 1227 l

2226 1309 2368 1364 diam
2392 1325 2407 1364 :
2436 1312 2480 1366 si
2508 1313 2676 1367 abbas
2704 1330 2811 1368 non
2850 1313 3036 1381 fuerit,
3066 1316 3215 1386 prior
3254 1316 3427 1373 faciat
3453 1318 3506 1372 in
3532 1316 3741 1385 ejusrice.
3832 1366 3834 1373 .

2228 1400 2429 1455 Deinde
2451 1400 2547 1456 alii
2573 1401 2731 1456 sicuti
2764 1405 3008 1457 annotati
3038 1414 3166 1460 sunt
3186 1404 3328 1460 infra
3359 1404 3522 1462 ferias
3545 1408 3591 1463 in
3611 1409 3743 1465 breve.
3832 1482 3834 1485 ι

2227 1492 2467 1549 Sabbato
2516 1503 2727 1549 tantum
2772 1497 3017 1566 magistri
3064 1513 3187 1552 cum
3243 1497 3542 1553 infantibus
3581 1498 3743 1557 faciant.
3832 1494 3834 1563 ξ

2225 1584 2359 1639 Nam
2394 1586 2657 1641 continuo
2692 1595 2752 1641 nt
2793 1589 3139 1643 surrexerint
3180 1606 3211 1644 a
3240 1605 3399 1645 caena
3447 1599 3598 1659 atque
3623 1591 3747 1650 incc-

2225 1680 2386 1735 clesia
2420 1678 2595 1735 oratio
2626 1692 3005 1735 consummata
3036 1682 3221 1750 fuerit,
3255 1692 3388 1738 tunc
3425 1683 3635 1738 famulus
3658 1696 3747 1743 ante

2225 1769 2370 1824 fores
2398 1769 2643 1824 ecclesiae
2676 1771 2915 1824 tabulam
2948 1771 3147 1842 pulset,
3177 1780 3233 1826 et
3277 1772 3352 1827 illi
3389 1782 3516 1840 tres,
3551 1774 3630 1844 qui
3657 1775 3742 1830 ituri

2225 1867 2373 1927 sunt,
2413 1870 2632 1926 exeant,
2663 1870 2718 1915 et
2742 1862 2952 1931 primus
2982 1863 3198 1917 illorum
3226 1863 3283 1918 in
3317 1864 3497 1918 medio
3522 1865 3691 1930 veniat,
3713 1878 3743 1921 et

2226 1950 2300 2004 illi
2334 1952 2440 2007 duo
2470 1952 2595 2007 hinc
2624 1961 2679 2006 et
2715 1953 2838 2006 inde
2881 1962 3011 2009 eant
3047 1954 3376 2025 incipientes
3412 1956 3651 2026 psalmum
3675 1958 3744 2012 li-

2222 2058 2394 2095 serere
2438 2043 2558 2107 mei,
2594 2042 2755 2097 Deus.
2785 2043 2919 2098 Cum
2963 2055 3090 2101 ante
3113 2046 3259 2114 ipsos
3290 2046 3513 2112 fuerint,
3542 2050 3747 2118 stent'per

2222 2132 2488 2195 ordinem,
2521 2133 2980 2203 quemadmodum
3014 2136 3226 2206 priores
3256 2147 3409 2202 sunt,
3453 2148 3603 2207 atque
3626 2154 3748 2210 genus

2223 2225 2443 2281 ﬂectant
2496 2234 2623 2281 ante
2670 2241 2798 2291 eos,-
2850 2228 3048 2283 deinde
3105 2230 3372 2300 incipiant
3429 2232 3749 2300 autipbouam:

2225 2315 2537 2371 Mandatum
2565 2333 2749 2371 novum
2774 2326 2827 2371 et
2848 2316 2952 2372 alia
2979 2332 3102 2389 qua:
3123 2321 3486 2387 conveniunt,
3514 2330 3567 2375 et
3590 2321 3753 2377 illorum
3832 2308 3834 2315 I

2222 2410 2387 2481 pedes
2411 2410 2672 2481 incipiant
2698 2410 2907 2464 lavare.

2294 2503 2567 2558 Continuo
2595 2512 2655 2558 ut
2678 2502 2925 2560 ablutum
2954 2503 3193 2577 primum
3230 2504 3509 2571 habuerit,
3539 2504 3755 2561 illioo'det
3832 2562 3834 2565 .

2224 2599 2291 2654 ad
2320 2598 2486 2653 alium
2528 2599 2847 2667 linteamen,
2881 2608 2940 2654 ut
2971 2599 3138 2665 lavet,
3171 2610 3375 2672 tergat,
3405 2599 3672 2663 osculetur.
3694 2610 3757 2653 at-
3832 2674 3834 2679 Ι

2224 2707 2329 2761 que
2378 2691 2588 2763 capillis
2632 2692 2827 2762 capitis
2869 2693 3215 2763 permundet‘.
3253 2693 3376 2765 Ipse
3421 2708 3545 2748 vero
3581 2700 3652 2746 eat
3688 2693 3755 2746 ubi
3832 2682 3834 2689 ’

2226 2782 2461 2837 famulus
2489 2798 2615 2838 cum
2651 2799 2790 2854 aqua
2827 2793 2885 2838 et
2913 2783 3083 2840 linteo
3125 2799 3371 2856 praesens
3393 2784 3650 2847 adstat,et
3674 2798 3760 2835 uts-
3832 2780 3834 2856 ξ

2224 2890 2326 2930 nus
2364 2890 2491 2930 suas
2511 2875 2733 2930 abluat:
2768 2876 3023 2933 similiter
3047 2878 3233 2932 caeteri
3277 2876 3507 2933 faciant.
3550 2876 3661 2930 Dein
3694 2876 3761 2929 ills

2223 2967 2314 3035 qui
2348 2981 2412 3020 ex
2457 2966 2591 3036 ipsis
2640 2968 2879 3038 primus,
2922 2969 3159 3039 accipiat
3195 2984 3433 3039 aquam,
3465 2977 3522 3023 et
3546 2968 3665 3022 alius
3685 2968 3761 3020 [ἱει-
3832 2964 3834 3039 ξ

2226 3059 2458 3121 teamcn,
2482 3069 2536 3113 et
2565 3068 2648 3113 ter
2674 3058 2918 3113 effundat
2940 3060 3217 3131 lympham
3242 3060 3298 3114 in
3328 3075 3522 3113 manus
3544 3059 3761 3128 pauperis.

2225 3343 2366 3398 tum,
2417 3334 2507 3404 qui
2556 3336 2636 3389 eis
2685 3336 2800 3389 dari
2847 3335 3030 3390 debet.
3083 3335 3328 3390 Primum
3380 3332 3765 3405 accipiatluuus-
3832 3332 3834 3405 ξ

2223 3426 2454 3495 quisque
2489 3427 2542 3480 in
2591 3426 2841 3481 manilius
2880 3428 2994 3482 suis
3027 3426 3302 3497 justitiam
3334 3427 3473 3491 vini,
3521 3435 3574 3481 et
3614 3424 3765 3478 libram

2221 3518 2407 3586 panis,
2439 3526 2494 3573 et
2523 3534 2646 3572 cum
2684 3518 2984 3590 gratiarum
3013 3519 3232 3575 actione
3258 3519 3342 3574 eis
3370 3518 3590 3583 tribuat,
3617 3530 3767 3572 eorum

2222 3626 2415 3667 manus
2464 3612 2781 3668 osculando.
2827 3612 2981 3675 Tunc
3024 3614 3224 3669 exinde
3274 3613 3509 3685 accipiat
3562 3626 3685 3668 unus
3722 3610 3769 3664 de

2221 3704 2354 3775 ipsis
2391 3705 2656 3773 libellum,
2693 3706 2784 3777 qui
2815 3706 3013 3762 ibidem
3044 3721 3263 3777 semper
3291 3704 3485 3762 adesse
3528 3705 3695 3769 debet;
3729 3712 3769 3758 et

2221 3796 2337 3852 hzec
2366 3796 2607 3866 capitula
2650 3806 2815 3867 atque
2861 3798 3143 3853 orationes
3184 3798 3458 3863 dicentur,
3492 3812 3608 3868 qua:
3642 3796 3689 3851 in
3721 3808 3769 3848 eo

2220 3898 2349 3945 sunt
2370 3891 2729 3960 conscriptae:
2756 3899 2811 3945 et
2833 3899 2961 3945 tunc
2984 3891 3248 3946 inclinent
3283 3906 3342 3946 se
3371 3900 3499 3947 ante
3526 3905 3636 3955 eos,
3662 3898 3767 3944 etei

2220 3982 2307 4038 his
2335 3998 2477 4039 unus
2525 3982 2671 4039 dicat
2711 3998 2952 4048 versum,
2996 3982 3225 4039 Ostende
3252 3986 3423 4052 nobis,
3449 3984 3678 4051 Domine,
3701 3986 3771 4038 lio

2219 4074 2561 4129 sericordiam
2588 4083 2757 4128 tuam.
2787 4072 2837 4127 Κ
2840 4074 2953 4143 yrie
2977 4073 3197 4130 eleison.
3230 4072 3400 4131 Pater
3426 4086 3621 4132 noster.
3649 4077 3705 4131 Et
3728 4093 3771 4129 as

2222 4185 2337 4223 nos.
2360 4165 2721 4239 Suscepimus,
2752 4166 2916 4222 Deus.
2948 4166 3027 4221 Tu
3059 4168 3348 4222 mandasti.
3369 4169 3629 4225 Dominus
3646 4172 3773 4225 ωὑὲεα

2222 4274 2362 4311 cum.
2387 4254 2574 4312 Oratio
2603 4256 2820 4322 Adesto,
2846 4256 3089 4321 Domine,
3106 4257 3410 4328 obsequium
3434 4261 3687 4316 servitutis
3709 4277 3775 4315 ιοι.

2221 4357 2364 4401 stne.
2400 4345 2467 4401 Et
2491 4355 2620 4401 tunc
2648 4362 2770 4402 cum
2805 4345 3115 4401 reverentia
3142 4356 3346 4402 exeant
3373 4348 3523 4404 hunc
3553 4346 3783 4443 psalmi"

2223 4439 2584 4503 decantando,
2608 4437 2856 4492 Miserere
2870 4438 2989 4502 mei,
3014 4437 3177 4494 Deus.
3199 4439 3507 4495 Ecclesiam
3528 4456 3765 4513 lter-agna

2224 4623 2501 4690 nantibus,
2546 4634 2600 4691 et
2640 4627 2739 4679 has
2779 4639 2970 4695 preces
2999 4623 3110 4677 Deo
3137 4623 3396 4692 offerant,
3430 4624 3600 4680 Pater
3626 4624 3774 4687 uestes]

2225 4716 2453 4773 Ostende
2491 4717 2661 4779 nobis,
2692 4715 2775 4771 vel
2802 4726 2852 4769 et
2892 4717 3067 4771 veniat
3095 4732 3255 4783 super
3280 4733 3400 4771 nos.
3441 4716 3690 4770 Dominus
3717 4728 3770 4765 ro-

2225 4809 2443 4864 biscum.
2472 4807 2742 4870 Collecta,
2783 4808 3029 4862 Actiones
3073 4792 3310 4873 nostras',
3348 4808 3436 4864 vel
3480 4807 3771 4877 Omnipotens

2223 4900 2533 4970 sempiterne
2583 4896 2744 4964 Deus,
2795 4899 2962 4967 dirige
2992 4908 3144 4952 actus
3182 4906 3416 4964 nostros,
3446 4906 3577 4953 tunc
3622 4900 3773 4953 exeant

2222 4998 2279 5045 et
2298 4990 2440 5045 sicut
2469 4988 2558 5044 alii
2589 4986 2857 5051 fecerunt,
2888 4987 2960 5041 ita
2996 4996 3050 5040 et
3071 4984 3299 5041 faciant.

2775 5077 3003 5134 CAPUT
3060 5074 3267 5132 XLVII.

2224 5173 2301 5227 De
2337 5173 2591 5243 fratribus
2619 5173 2708 5244 qui
2741 5171 2967 5241 suscepti
2990 5181 3112 5225 sunt
3147 5171 3203 5224 in
3232 5170 3428 5224 nostris
3462 5168 3771 5224 societatibus.

2294 5263 2404 5319 Hos
2432 5279 2620 5319 versus
2642 5263 2986 5331 conscriptos
3008 5261 3208 5315 habeat
3229 5262 3575 5316 camerarius
3600 5260 3653 5315 in
3674 5259 3770 5327 fuste

2222 5354 2486 5411 lectorum
2519 5356 2655 5427 (74),
2689 5356 2806 5412 sive
2832 5356 2884 5411 in
2914 5353 3169 5426 plumatis
3195 5352 3311 5425 (75)
3345 5353 3592 5426 ipsorum
3621 5354 3668 5408 in
3687 5352 3771 5405 dor-

2223 5446 2439 5501 mitorio
2464 5446 2730 5501 fratrum:

2221 5605 2239 5663 ἶ
2294 5602 2408 5678 (EQ)
2451 5601 2631 5678 Ifustis
2655 5601 2928 5678 lectoru_m_.
2958 5600 3081 5656 lecti
3112 5613 3411 5678 compages
3442 5598 3669 5678 lignea...

2295 5672 2408 5755 (ξι)
2451 5672 2733 5739 Plantam,
2770 5672 3037 5745 pulvinar,
3076 5670 3355 5745 cervical:
3391 5680 3524 5742 pars
3552 5670 3666 5728 lecti
3703 5677 3765 5721 εει

2220 5759 2405 5814 perlor
