3834 6304
34 368 132 427 lilii

77 475 278 535 Lectulus
304 448 367 525 en
404 478 630 539 [rutrum
658 466 963 522 venientium
1003 462 1235 517 cernitur
1263 461 1415 515 isthic
1438 474 1458 513 :

74 567 245 626 Stantia
269 563 516 617 lectorum
546 569 825 613 cernuntur
853 555 1043 625 ﬂorida
1076 554 1326 625 fratrum.

24 667 122 722 Nam
148 668 194 715 et
221 660 323 728 ipse
348 652 678 708 camerarius
715 650 873 729 debet
903 664 1023 702 cum
1067 646 1173 701 alio
1210 644 1381 699 fratre
1411 660 1531 700 omo

22 760 132 813 nium
163 748 462 805 vestimenta
510 743 739 798 fratrum
769 754 950 796 emere
998 747 1159 809 atque
1202 737 1448 792 invenire
1478 745 1534 793 et

22 846 283 905 distribuere
308 839 375 893 ad
409 848 882 907 unumquemque,
913 840 1071 903 prout
1106 829 1367 885 condecet
1395 838 1451 883 et
1478 830 1532 883 in

20 941 107 993 loco
137 941 208 989 est
233 930 584 986 constitutum
616 942 630 980 :
666 924 918 980 videlicet
947 932 1006 977 ut
1050 921 1303 977 omnibus
1352 919 1535 974 fratri—

14 1033 92 1117 Ibus
113 1027 186 1078 det
210 1036 297 1093 per
320 1017 561 1090 singulos
584 1017 717 1073 duas
745 1014 1051 1076 staminias,
1078 1012 1331 1067 similiter
1359 1011 1533 1067 femo-

17 1119 151 1175 ralia:
180 1116 301 1169 duas
330 1110 570 1167 cucullus
599 1119 654 1164 et
695 1109 829 1163 duas
860 1107 1071 1162 tunicas
1114 1122 1237 1161 cum
1268 1106 1390 1161 latis
1419 1122 1533 1161 ma-

17 1208 133 1270 nicis;
159 1204 275 1258 duas
304 1201 577 1271 pelliculas
592 1215 713 1254 cum
737 1198 941 1253 strictis
968 1198 1213 1265 manicis,
1238 1208 1292 1253 et
1317 1198 1531 1253 tertiam

16 1316 105 1355 cum
130 1296 299 1366 largis;
336 1295 537 1364 caligas
566 1293 878 1357 distribuat,
921 1291 1271 1347 nocturnales
1296 1300 1351 1346 et
1378 1291 1531 1346 diur-

14 1390 152 1453 uales;
175 1382 381 1457 pedules
423 1384 492 1439 ad
524 1381 817 1437 arcendum
847 1381 1040 1454 frigus,
1082 1380 1188 1437 duo
1212 1381 1365 1452 paria
1394 1382 1531 1436 den-

14 1496 150 1553 une:
187 1488 332 1533 nocte
368 1485 425 1529 et
468 1476 573 1532 duo
602 1491 668 1531 ex
701 1476 817 1543 die;
867 1485 922 1532 et
970 1476 1038 1531 ad
1087 1491 1532 1547 unumquemque

13 1572 170 1643 singula
197 1568 380 1637 vagina
424 1583 547 1623 cum
578 1568 815 1633 cultello,
846 1578 1047 1638 praeter
1086 1568 1383 1637 scriptores
1437 1568 1528 1637 qui

13 1664 110 1716 duos
145 1659 385 1722 habeant,
417 1667 472 1713 et
500 1658 736 1729 corrigia
781 1660 847 1713 ad
895 1657 1241 1730 cingendum.
1288 1657 1527 1725 Tabula,

13 1765 103 1805 acus
126 1758 332 1820 pectene
369 1748 482 1817 (76)
520 1763 641 1803 cum
689 1747 947 1804 dumento
977 1748 1114 1819 (77),
1164 1748 1429 1818 capellum
1473 1750 1526 1803 in

14 1841 141 1909 capite
166 1840 295 1909 quod
319 1837 428 1893 alio
460 1840 676 1895 nomine
697 1841 953 1910 capitium
985 1844 1225 1895 Vocatur.
1256 1839 1311 1893 In
1336 1841 1535 1897 lectulo

14 1934 54 1987 nl
79 1946 491 2001 unumquemque
520 1932 807 2002 deputetur
852 1932 973 1986 lena
1012 1948 1133 1987 cum
1165 1933 1413 2003 pellicula
1447 1935 1532 1990 in-

13 2023 182 2087 restita,
223 2037 409 2092 sagum
454 2021 702 2088 laneum,
743 2023 993 2094 capitale.
1039 2022 1375 2081 Vestimenta
1419 2026 1535 2083 sive

14 2115 305 2168 :alciamenta
358 2113 487 2168 dum
543 2125 869 2186 rumpuntur
918 2132 1012 2171 seu
1068 2128 1302 2172 sunntur
1362 2135 1531 2174 unus-

14 2206 183 2274 Iuisque
215 2201 383 2256 frater
419 2202 563 2258 lavet
605 2204 903 2273 imprimis,
936 2206 1130 2262 deinde
1174 2216 1300 2263 ante
1329 2209 1529 2263 ostium

13 2294 206 2349 wditorii
237 2294 475 2363 deferat,
513 2303 569 2351 et
609 2298 943 2353 camerarius
980 2292 1232 2369 accipiat,
1265 2309 1319 2354 et
1341 2300 1535 2369 depor-

15 2391 56 2436 et
75 2382 129 2435 ad
161 2392 416 2449 sartores,
470 2396 527 2439 ut
574 2388 885 2443 emendent.
923 2388 1000 2443 De
1047 2387 1307 2445 fratribus
1352 2391 1533 2445 nullus

14 2473 118 2529 lebet
156 2491 375 2549 pergere
448 2479 517 2533 ad
561 2480 737 2550 ipsos,
774 2497 879 2537 nee
914 2483 1151 2552 aliquam
1196 2485 1534 2539 emendatio-

14 2581 87 2620 nem
113 2567 273 2624 facere
304 2568 373 2624 de
402 2572 741 2628 vestimentis
768 2574 1069 2629 secundum
1100 2592 1255 2630 suum
1297 2575 1532 2644 libitum,

14 2659 71 2713 risi
92 2660 217 2729 quod
244 2673 565 2718 consuetum
590 2663 752 2721 fuerit
776 2668 1177 2734 monasterii,et
1202 2671 1538 2725 camerarius

14 2752 295 2810 rdinaverit.
350 2755 459 2823 Qui
496 2757 642 2812 aliud
687 2759 877 2814 fecerit
923 2762 1169 2816 districte
1206 2763 1533 2834 dijudicetur

18 2841 289 2899 bomnibus
331 2844 618 2912 fratribus,
668 2858 727 2902 ut
765 2850 947 2903 czeteri
989 2860 1253 2917 metuant.
1298 2849 1431 2904 Nam
1479 2859 1535 2906 et

14 2947 75 2986 ise
99 2932 253 2989 frater
281 2951 508 3007 semper
546 2938 813 2994 sollicitus
849 2940 937 3003 sit,
976 2940 1280 3011 ubicunque
1329 2943 1527 2997 viderit

14 3026 345 3095 estimentum,
379 3038 441 3084 et
484 3044 552 3085 ex
600 3030 861 3087 fratribus
890 3034 1030 3103 quod
1068 3033 1303 3103 aliquam
1347 3051 1532 3104 repre-

1160 338 1538 402 DISCIPLINA
1576 344 1979 401 FARFENSIS.

1555 441 1612 501 Δ

3085 353 3234 409 4281

2180 453 2409 520 CAPUT
2450 456 2675 522 XLVI".

1925 548 1999 606 De
2031 550 2197 621 [mire
2224 565 2380 623 Super
2409 557 2595 629 horrea
2630 558 2933 612 constituto.
2998 596 3001 597 ν

1704 638 1899 699 Frater
1918 642 2009 713 qui
2028 657 2193 713 super
2214 644 2408 699 horrea
2431 648 2759 704 constitutus
2781 657 2866 704 est
2889 649 2957 706 ad
2978 647 3226 706 solamen

1637 733 1938 801 cellerarit,
1984 734 2087 791 hoc
2126 735 2369 805 quotidie
2412 751 2672 793 exercere
2701 738 2895 807 debet;
2926 741 3073 812 quod
3109 740 3227 810 ipse

1636 841 1830 897 nempe
1854 825 2124 882 frumenta
2154 827 2317 883 dandi
2349 836 2516 899 atque
2547 828 2891 900 recolligendi
2918 832 3023 887 sub
3052 845 3221 886 manu

1636 932 1733 974 sua
1769 919 2002 985 habeat,
2047 928 2102 974 et
2152 919 2219 974 de
2260 920 2376 990 ipso
2426 921 2627 976 horreo
2668 921 2878 977 clavem
2914 934 3123 991 teneat,
3169 924 3226 981 et
3272 975 3279 982 .

1636 1008 1901 1080 quidquid
1944 1010 2013 1065 ad
2044 1020 2216 1066 artem
2262 1011 2545 1080 pistoriam
2586 1011 2845 1081 pertinet,
2881 1028 3061 1069 omnia
3094 1030 3227 1083 pro-

1637 1103 1817 1158 curari
1886 1104 2119 1158 studeat.
2177 1103 2234 1159 ln
2297 1106 2673 1175 promptuario
2730 1120 2967 1176 namque
3016 1106 3239 1177 habeat.

1638 1195 1817 1250 locum
1847 1197 2202 1251 constitutum
2230 1197 2320 1252 ubi
2348 1212 2514 1267 panes
2535 1198 2806 1254 coadunet
2825 1200 2929 1254 sub
2952 1199 3225 1263 seracula,

1637 1289 1691 1344 in
1744 1288 2097 1345 refectorium
2149 1292 2475 1361 portandum
2522 1302 2621 1362 per
2671 1306 2731 1347 se
2778 1289 2864 1347 vel
2901 1291 3225 1346 submissam

1637 1395 1925 1449 personam
1985 1382 2220 1436 decretis
2270 1381 2421 1436 boris
2472 1379 2631 1449 juxta
2692 1388 3229 1450 mensuram”un

1640 1469 1836 1526 fratres
1867 1482 2017 1526 sunt.
2047 1471 2125 1526 Ex
2157 1472 2246 1526 illo
2275 1472 2421 1543 quod
2454 1472 2778 1528 remanserit
2801 1484 2872 1528 ex
2900 1470 3225 1536 refectione,

1635 1573 1834 1636 praeter
1866 1564 1951 1619 illa
1983 1574 2193 1621 tantum
2228 1575 2469 1637 tempora
2503 1565 2719 1635 quando
2755 1561 3226 1635 eleeaiosynarius

1635 1658 1879 1726 recipere
1924 1657 2118 1723 debet,
2173 1657 2355 1713 omnia
2408 1656 2513 1712 alia
2565 1656 2667 1711 sub
2725 1672 2824 1712 sua
2886 1655 3249 1727 providentia.

1638 1746 1789 1802 fiant.
1843 1746 2128 1802 Pulmenta
2179 1763 2299 1819 qua:
2346 1763 2378 1802 a
2433 1746 2792 1803 servitoribus
2838 1744 3257 1810 remanserint,

1642 1841 1901 1910 recipiat;
1932 1850 2129 1910 praeter
2150 1840 2305 1915 fabas
2330 1839 2382 1895 in
2416 1839 2588 1905 feriis,
2620 1854 2741 1909 qua:
2770 1839 2837 1894 ad
2866 1854 2927 1894 se
2955 1839 3229 1909 pertinent

1638 1936 1951 1990 constitutis
1999 1935 2352 2004 temporibus.
2369 1934 2522 2011 ,lpse
2577 1948 2710 1991 vero
2756 1940 3080 1988 cunctorum
3130 1931 3228 1986 ad-

1635 2028 1999 2092 ventantium,
2049 2028 2162 2081 sive
2195 2026 2248 2081 in
2288 2026 2420 2097 ipsis
2450 2025 2583 2080 locis
2620 2023 2951 2080 morantium
2985 2022 3229 2078 familia-

1639 2118 1792 2173 ribus
1841 2120 2160 2189 dispensare
2209 2118 2367 2174 debet
2411 2132 2509 2188 per
2539 2116 2889 2186 semetipsum
2919 2122 3127 2169 tantum
3156 2123 3227 2168 ex

1635 2212 1888 2282 panibus.
1949 2211 2024 2266 De
2066 2209 2383 2265 stramentis
2431 2210 2671 2278 ipsorum
2718 2206 3057 2271 animalium,
3099 2218 3227 2260 cum

1636 2306 1833 2375 quibus
1889 2303 2146 2357 alimenta
2195 2301 2597 2367 coadunantur,
2646 2300 2761 2369 ipse
2806 2312 2998 2353 curam
3040 2295 3227 2360 faciat,

1635 2410 1703 2449 ne
1740 2394 2083 2464 negligantur
2114 2408 2143 2445 a
2187 2391 2422 2447 famulis.
2476 2391 2552 2446 De
2597 2389 2937 2445 vestimentis
2983 2395 3226 2443 mutato-

1637 2486 1734 2541 riis
1781 2484 2036 2552 fratrum,
2083 2486 2407 2540 adveniente
2458 2482 2595 2540 feria
2642 2482 2827 2545 tertia.
2874 2482 3071 2536 habeat
3120 2480 3228 2536 duo

1635 2576 1913 2648 marsupia
1978 2577 2323 2643 (senioribus
2381 2575 2653 2631 stantibus
2718 2573 2785 2628 ad
2843 2570 3222 2627 matutinalem

1636 2670 1911 2737 missam),
1943 2669 2130 2722 veniat
2163 2668 2279 2738 ipse
2304 2681 2427 2721 cum
2480 2664 2810 2721 ablutatorio
2836 2663 2952 2735 (79)
2999 2662 3228 2717 famulo-

1634 2778 1753 2817 rum
1784 2762 1848 2815 ad
1874 2762 2207 2831 deportanda
2236 2760 2351 2825 illa,
2377 2760 2574 2829 quibus
2597 2772 2788 2813 omnes
2816 2755 3020 2811 fratres
3046 2755 3226 2826 prius-

1634 2870 1797 2925 quam
1847 2855 2061 2926 signum
2110 2854 2259 2908 horae
2287 2853 2479 2923 prima:
2513 2851 2597 2906 vel
2631 2851 2801 2906 tertia:
2835 2851 2942 2906 illis
2970 2848 3224 2918 tempori-

1634 2945 1753 3005 bus.
1784 2960 1906 3014 quae
1942 2945 2266 2999 COIH'ellitllll
2296 2959 2467 3013 usque
2494 2945 2619 2997 dum
2648 2942 2977 2997 lectionibus
3005 2949 3227 3007 vacant,

1634 3046 1936 3104 exuuntur,
1964 3046 2025 3090 ut
2059 3052 2181 3090 cum
2213 3037 2426 3107 signum
2458 3034 2753 3105 pulsaverit
2784 3035 2957 3104 posita
2987 3034 3232 3088 habeant
3270 3108 3273 3109 ν

14 3117 256 3173 rnsionem
305 3119 534 3184 habeat,
579 3130 638 3173 ut
684 3122 1020 3187 emendetur,
1077 3124 1161 3177 vel
1210 3123 1527 3183 auferatur:
1556 3160 1602 3222 Ο
1636 3128 1689 3182 in
1750 3127 1927 3183 locum
1990 3129 2373 3183 constitutum.
2434 3126 2673 3182 Infantes
2734 3136 2914 3181 autem
2977 3125 3228 3181 similiter

14 3212 79 3266 uia
109 3212 167 3265 ad
209 3213 385 3283 ipsum
439 3214 681 3285 respicit,
728 3215 773 3269 si
827 3215 1142 3287 neglexerit.
1191 3217 1355 3272 Lecta
1403 3236 1527 3275 cum

14 3310 122 3363 riore
165 3308 490 3379 frequenter
536 3312 837 3381 pervideat,
890 3327 961 3368 ne
989 3312 1147 3367 alieni
1190 3310 1392 3383 aliquid
1436 3328 1531 3368 ve-

14 3398 83 3452 lat.
112 3398 260 3454 Palea
295 3402 380 3456 vel
435 3400 615 3456 fenum
679 3403 793 3473 ipse
824 3419 947 3458 cum
986 3403 1291 3458 sartoribus
1329 3403 1531 3459 habere

17 3492 103 3544 ciat
126 3502 241 3545 octo
277 3493 399 3547 dies
436 3503 562 3546 ante
614 3492 811 3549 festum
849 3495 1110 3565 principis
1157 3494 1528 3565 apostolorum

14 3584 255 3654 lSillgHIOS
299 3587 498 3640 lectos.
543 3588 615 3641 De
644 3588 984 3642 vestimentis
1016 3602 1145 3642 vero
1183 3589 1311 3642 dum
1344 3588 1533 3643 tribuit

14 3689 114 3737 ira,
144 3676 368 3746 recipiat
408 3687 644 3731 vetusta.
693 3677 1033 3733 Linteamina
1070 3688 1375 3747 opportuna
1416 3694 1531 3733 ma-

14 3763 102 3816 bus
126 3765 232 3820 sive
260 3768 501 3837 pedibus
525 3768 639 3838 ipse
669 3770 972 3839 provideat,
999 3770 1253 3824 similiter
1280 3768 1529 3824 mantiles

14 3852 228 3911 :fectorii.
254 3858 457 3914 Videat
482 3870 540 3914 ut
571 3874 785 3930 semper
808 3870 1077 3931 praecepta
1107 3862 1318 3917 abbatis
1343 3870 1528 3916 custo-

16 3955 87 4011 at;
112 3948 364 4005 similiter
392 3948 567 4005 faciat
614 3952 834 4022 prioris,
879 3952 965 4006 vel
996 3952 1209 4019 decaui,
1253 3967 1347 4009 seu
1384 3952 1529 4006 illius

14 4039 39 4091 ιί
62 4042 299 4097 ordinem
332 4043 611 4109 tenuerit,
646 4043 863 4113 quando
899 4044 1066 4099 abbas
1096 4044 1292 4099 absens
1340 4043 1531 4110 fuerit,

41 4131 170 4185 nulla
217 4134 432 4189 habeat
468 4134 573 4189 sub
614 4149 710 4189 sua
747 4150 877 4189 cura
919 4135 1183 4190 absconsa
1232 4137 1363 4206 (tam
1404 4135 1526 4200 iste,

14 4235 95 4276 iam
142 4226 436 4281 secretarii
472 4225 556 4280 vel
584 4226 899 4299 cellerarii,)
936 4240 1057 4298 qua
1096 4244 1202 4282 non
1250 4228 1359 4283 sint
1391 4244 1529 4298 prae-

14 4316 143 4381 guita
187 4319 394 4388 priori,
445 4318 532 4372 vel
574 4321 809 4375 decano:
861 4320 1111 4376 similiter
1160 4324 1226 4376 de
1276 4322 1530 4376 onmibus

14 4404 269 4463 edieutiis.
299 4407 450 4476 Quia
482 4409 525 4463 si
555 4412 622 4464 ad
654 4408 917 4479 judicium
960 4410 1200 4473 venerit,
1247 4419 1302 4464 et
1327 4410 1527 4479 aliquid

1632 3219 1837 3275 faciant
1861 3221 1926 3275 de
1968 3220 2304 3275 vestimentis
2333 3220 2445 3275 suis
2476 3230 2534 3272 ut
2565 3220 2783 3290 quando
2825 3226 2952 3272 ante
2989 3216 3226 3288 primam

1629 3323 1837 3368 exuunt
1867 3312 2237 3374 nocturnales,
2273 3322 2400 3367 tunc
2439 3310 2687 3365 deferant
2717 3310 2830 3377 illa,
2872 3308 2928 3366 et
2957 3310 3009 3366 in
3036 3325 3225 3364 arcam

1629 3405 1870 3459 mittant.
1911 3404 2021 3458 Illis
2064 3420 2194 3458 vero
2240 3402 2577 3473 temporibus
2624 3402 2844 3472 quando
2893 3399 2961 3457 ad
3006 3401 3229 3455 tertiam

1630 3495 1932 3549 insonuerit
1959 3494 2174 3564 squilla.
2202 3503 2394 3547 euntes
2426 3493 2631 3562 pariter
2660 3493 2886 3546 induant
2916 3507 2974 3546 se
3000 3491 3221 3561 caligis.

1628 3597 1685 3642 et
1732 3587 1812 3642 sie
1861 3591 2076 3640 demum
2139 3587 2463 3639 vestimenta
2527 3585 2815 3653 depnrtent
2873 3584 2940 3636 ad
2990 3584 3223 3652 gradus;

1632 3692 1870 3751 tuncque
1908 3687 2139 3749 pergant
2169 3692 2471 3743 secessum,
2498 3687 2553 3731 et
2601 3676 2652 3729 in
2697 3675 2971 3729 redeundo
3012 3674 3099 3728 illa
3130 3690 3222 3728 sn-

1631 3784 1783 3828 mant
1815 3782 1978 3843 atque
2008 3773 2062 3826 in
2093 3786 2253 3826 arcas
2277 3769 2558 3825 effundant
2587 3770 2737 3840 operi
2768 3768 2896 3823 huic
2923 3768 3224 3823 institutas.

1630 3865 1764 3921 Nam
1789 3866 1833 3920 si
1867 3864 1990 3934 quis
2014 3880 2152 3918 unus
2178 3864 2408 3917 fratrum
2428 3902 2444 3928 ,
2470 3860 2729 3916 oblivioni
2759 3871 2852 3915 aut
2885 3859 3225 3932 negligentiae

1631 3957 1862 4021 deditus,
1903 3971 2001 4010 sua
2035 3955 2310 4010 distulerit
2353 3953 2484 4009 inibi
2524 3968 2727 4024 ponere
2752 3952 3078 4008 vestimenta
3111 3961 3224 4007 sta-

1634 4059 1749 4105 tuto
1792 4058 2062 4119 tempore,
2093 4048 2404 4103 nullatenus
2450 4045 2610 4101 aliter
2641 4045 2969 4100 lavabuntnr
2993 4060 3006 4098 :
3032 4052 3085 4099 et
3114 4043 3220 4098 nisi

1630 4141 1782 4213 prius
1818 4149 2074 4211 suggerat
2109 4138 2447 4211 granalario,
2495 4154 2601 4192 non
2645 4145 2821 4207 potest
2848 4135 3129 4206 perlicere.
3163 4124 3218 4189 Si

1629 4233 1752 4304 quis
1780 4247 1875 4288 sua
1915 4232 2139 4287 abluere
2165 4231 2398 4285 voluerit
2429 4230 2774 4293 vestimenta,
2804 4228 3012 4296 absque
3036 4241 3078 4279 re
3097 4240 3221 4295 pre-

1630 4326 1893 4381 liensione
1940 4323 2103 4378 faciat
2142 4322 2244 4377 hoc
2296 4322 2485 4387 modo;
2530 4320 2752 4389 quando
2785 4319 2912 4373 velit
2955 4316 3218 4371 feriarum

1633 4415 1741 4479 die,
1787 4429 1910 4469 mox
1962 4422 2021 4468 ut
2071 4411 2399 4468 offerendam
2453 4410 2519 4464 ad
2571 4409 2792 4463 missam
2842 4403 3221 4461 mtutinalem

14 4506 200 4552 rentum
235 4499 414 4554 fuerit
445 4500 515 4554 ab
559 4500 834 4570 aliquibus
873 4518 938 4556 ex
985 4500 1116 4570 ipsis
1147 4500 1429 4565 fratribus,
1472 4501 1524 4555 in
1557 4516 1605 4577 ι)
1633 4507 1833 4562 factam
1863 4506 2137 4571 habuerit,
2168 4513 2257 4558 eat
2281 4513 2335 4558 et
2361 4502 2571 4558 deferat
2602 4501 2655 4556 in
2688 4499 2807 4555 loco
2835 4498 3136 4555 constituto
3166 4497 3224 4552 in

14 4591 199 4657 uprium
242 4592 629 4663 deputabitur,
660 4603 714 4648 et
740 4594 791 4648 in
826 4610 1039 4665 ptenam
1071 4595 1355 4663 mergitur,
1385 4595 1528 4647 sicut

31 4684 359 4737 monasterio
386 4683 539 4738 beati
566 4683 812 4754 Gregorii
844 4699 997 4754 papae
1028 4683 1254 4753 contigit
1285 4683 1349 4736 de
1375 4681 1553 4741 Justo.

14 4775 191 4830 maelio
216 4778 363 4846 (78),
401 4785 462 4830 et
495 4791 561 4829 ex
592 4777 776 4831 multis
820 4775 939 4830 aliis
967 4775 1232 4831 etenobiis
1278 4766 1391 4842 jam
1428 4788 1525 4827 ex-

13 4865 308 4923 rli‘snmus.
339 4869 401 4923 In
446 4869 677 4937 coquina
710 4868 938 4939 regulari
972 4867 1085 4922 sive
1114 4865 1368 4919 familiari
1412 4880 1529 4917 om-

14 4970 21 5007 ι
46 4961 291 5015 utensilia
324 4961 458 5017 sive
487 4959 666 5016 cacabi
691 4968 1061 5033 praeparentur
1083 4960 1150 5012 ab
1174 4957 1313 5027 ipso,
1332 4964 1531 5026 prreter

13 5065 121 5108 neos
149 5063 205 5109 et
234 5052 723 5124 scutellulas,qnte
746 5053 944 5109 dentur
962 5066 993 5107 a
1016 5050 1298 5109 cellerario
1318 5059 1373 5104 et
1392 5060 1529 5117 prae-

13 5140 115 5199 site.

20 5430 102 5507 ~76)
136 5435 288 5507 Lege
316 5435 562 5507 pectines
588 5452 687 5505 pro
714 5443 941 5507 perteue.

18 5504 99 5578 77)
138 5504 291 5579 Lege
318 5504 646 5579 indumento
687 5504 784 5572 pro
812 5506 1087 5571 damento,
1127 5507 1220 5555 aut
1261 5506 1411 5554 certe
1438 5507 1528 5551 tu-

13 5590 104 5638 ηιο,
136 5578 190 5632 id
221 5577 333 5643 est,
373 5577 632 5631 malefar.

18 5668 103 5735 78)
140 5669 241 5725 Hic
286 5669 703 5740 proprietarius
740 5675 877 5732 erat,
925 5676 981 5723 et
1021 5665 1149 5740 ideo
1193 5675 1223 5717 a
1263 5657 1528 5730 Gregorio

14 5756 130 5808 gno,
157 5741 255 5812 qui
284 5737 426 5795 turre
459 5738 515 5792 in
541 5737 781 5812 Romano
803 5740 977 5812 sancti
1006 5737 1235 5812 Andre-te
1260 5740 1527 5812 monaste-

31 5806 194 5868 nam
221 5820 379 5880 erat,
407 5824 560 5867 anno
588 5809 794 5867 scilicet
816 5808 926 5865 589
957 5806 1277 5881 gravissime
1303 5806 1529 5873 punitus

1635 4598 1873 4653 claustro
1900 4606 1955 4652 et
1985 4596 2057 4651 ibi
2089 4602 2328 4665 coaptet,
2364 4604 2419 4649 et
2461 4592 2584 4648 hinc
2613 4600 2802 4663 pergat
2846 4590 2898 4645 in
2927 4588 3223 4658 coquinum

1634 4704 1689 4747 et
1716 4691 1953 4747 hauriat.
1974 4729 1989 4744 .
2014 4727 2030 4744 .
2054 4729 2069 4743 .
2094 4688 2330 4759 eapitelli
2380 4698 2436 4741 et
2469 4684 2775 4749 calefaciat,
2824 4682 2919 4753 qui
2948 4681 3134 4737 statim
3163 4688 3224 4735 ut

1634 4783 1934 4839 surrexerit
1963 4781 2030 4836 de
2074 4780 2315 4851 capitulo
2350 4786 2561 4849 pergat,
2603 4784 2765 4845 atque
2809 4772 2957 4845 quod
3004 4771 3055 4827 ei
3084 4783 3225 4840 Opus

1634 4884 1736 4937 est.
1786 4882 2063 4945 operetur.
2120 4871 2213 4927 Sic
2258 4887 2392 4942 ergo
2441 4878 2526 4926 est
2569 4868 2868 4940 agendum;
2919 4871 2980 4919 ut
3024 4861 3228 4933 quibus

1634 4969 1785 5025 boris
1833 4967 2031 5022 fratres
2082 4975 2299 5037 vacant.
2332 4962 2656 5019 lectionibus
2717 4959 2801 5015 vel
2862 4958 2922 5013 in
2977 4954 3227 5010 claustro

1634 5068 1851 5130 tempus
1877 5056 2135 5129 loquendi
2163 5073 2268 5113 non
2292 5056 2479 5122 fuerit,
2506 5054 2559 5110 id
2582 5067 2744 5124 agere
2772 5066 2876 5105 non
2901 5051 3221 5119 prmsumat.

1633 5152 1865 5208 Pedules
1892 5161 2079 5208 autem
2110 5149 2482 5220 unusquisque
2511 5145 2727 5202 sibimet
2765 5143 2948 5197 lavet:
2980 5135 3221 5201 euculla,

1636 5254 1800 5315 atque
1830 5245 2010 5300 tunica
2038 5244 2217 5299 rarius
2243 5251 2325 5298 est
2349 5239 2612 5304 lavanda;
2642 5245 2818 5290 tamen
2849 5246 2944 5301 per
2966 5245 3027 5283 se
3053 5243 3224 5282 occu-

1635 5436 1766 5503 fuit;
1806 5437 2074 5507 siquidem
2118 5436 2356 5491 defuncti
2400 5446 2637 5502 corpus,
2681 5443 2791 5507 non
2864 5408 2898 5480 n
2935 5420 3215 5507 communi

1638 5493 2205 5563 fratrum-conditorio
2249 5493 2563 5569 humatum,
2608 5493 2701 5558 sed
2734 5500 2788 5554 in
2834 5493 3222 5565 Sterquilinium

1632 5578 1932 5648 projectum
1956 5577 2079 5633 fuit.

1707 5669 1821 5742 (79)
1845 5668 2237 5742 Ablutatorium
2266 5666 2332 5742 ab
2356 5661 2616 5718 abluendo
2644 5659 2868 5725 dictum,
2901 5670 2996 5712 vas
3024 5663 3134 5719 est,
3162 5652 3222 5707 lt-

1632 5735 1741 5828 qua
1764 5735 1943 5797 vestes
1968 5739 2200 5795 sordida:
2229 5735 2469 5794 collecta:
2493 5743 2641 5788 sunt.
