  <div class='ocr_page' id='page_1' title='image "/cluster/home/n/w/nwhite01/storage/ocr_20150623/150/hvd.32044015473788/645.png"; bbox 0 0 3834 6304; ppageno 0'>
   <div class='ocr_carea' id='block_1_1' title="bbox 640 259 778 319">
    <p class='ocr_par' dir='ltr' id='par_1_1' title="bbox 640 259 778 319">
     <span class='ocr_line' id='line_1_1' title="bbox 640 259 778 319; baseline 0.043 -6"><span class='ocrx_word' id='word_1_1' title='bbox 640 259 778 319; x_wconf 70' lang='grc'><strong>1288</strong></span> 
     </span>
    </p>
   </div>
   <div class='ocr_carea' id='block_1_2' title="bbox 641 368 2221 444">
    <p class='ocr_par' dir='ltr' id='par_1_2' title="bbox 641 368 2221 444">
     <span class='ocr_line' id='line_1_2' title="bbox 641 368 2221 444; baseline -0.004 -14"><span class='ocrx_word' id='word_1_2' title='bbox 641 386 856 444; x_wconf 87' lang='lat' dir='ltr'><strong>pentur.</strong></span> <span class='ocrx_word' id='word_1_3' title='bbox 885 371 989 440; x_wconf 85' lang='lat' dir='ltr'><strong>Qui</strong></span> <span class='ocrx_word' id='word_1_4' title='bbox 1036 385 1164 427; x_wconf 78' lang='lat' dir='ltr'><strong>vero</strong></span> <span class='ocrx_word' id='word_1_5' title='bbox 1200 379 1309 428; x_wconf 87' lang='lat' dir='ltr'><strong>tam</strong></span> <span class='ocrx_word' id='word_1_6' title='bbox 1345 371 1542 428; x_wconf 77' lang='lat' dir='ltr'><strong>debilis</strong></span> <span class='ocrx_word' id='word_1_7' title='bbox 1567 378 1671 433; x_wconf 89' lang='lat' dir='ltr'><strong>est.</strong></span> <span class='ocrx_word' id='word_1_8' title='bbox 1703 371 1795 441; x_wconf 87' lang='lat' dir='ltr'><strong>qui</strong></span> <span class='ocrx_word' id='word_1_9' title='bbox 1837 372 1942 425; x_wconf 89' lang='lat' dir='ltr'><strong>hoc</strong></span> <span class='ocrx_word' id='word_1_10' title='bbox 1988 368 2221 425; x_wconf 83' lang='lat' dir='ltr'><strong>officium</strong></span> 
     </span>
    </p>
   </div>
   <div class='ocr_carea' id='block_1_3' title="bbox 639 459 2219 532">
    <p class='ocr_par' dir='ltr' id='par_1_3' title="bbox 639 459 2219 532">
     <span class='ocr_line' id='line_1_3' title="bbox 639 459 2219 532; baseline 0.001 -18"><span class='ocrx_word' id='word_1_11' title='bbox 639 476 803 532; x_wconf 74' lang='lat' dir='ltr'><strong>agere</strong></span> <span class='ocrx_word' id='word_1_12' title='bbox 842 476 950 516; x_wconf 90' lang='lat' dir='ltr'><strong>non</strong></span> <span class='ocrx_word' id='word_1_13' title='bbox 994 459 1157 529; x_wconf 84' lang='lat' dir='ltr'><strong>valet,</strong></span> <span class='ocrx_word' id='word_1_14' title='bbox 1191 460 1346 516; x_wconf 89' lang='lat' dir='ltr'><strong>fratri</strong></span> <span class='ocrx_word' id='word_1_15' title='bbox 1379 470 1678 532; x_wconf 69' lang='lat' dir='ltr'><strong>praenotata</strong></span> <span class='ocrx_word' id='word_1_16' title='bbox 1713 469 1987 530; x_wconf 75' lang='lat' dir='ltr'><strong>suggerat,</strong></span> <span class='ocrx_word' id='word_1_17' title='bbox 2026 469 2084 513; x_wconf 95' lang='lat' dir='ltr'><strong>ut</strong></span> <span class='ocrx_word' id='word_1_18' title='bbox 2117 459 2219 515; x_wconf 87' lang='lat' dir='ltr'><strong>sibi</strong></span> 
     </span>
    </p>
   </div>
   <div class='ocr_carea' id='block_1_4' title="bbox 634 554 2222 635">
    <p class='ocr_par' dir='ltr' id='par_1_4' title="bbox 634 554 2222 635">
     <span class='ocr_line' id='line_1_4' title="bbox 634 554 2222 635; baseline -0.001 -23"><span class='ocrx_word' id='word_1_19' title='bbox 634 555 852 613; x_wconf 83' lang='lat' dir='ltr'><strong>efficere</strong></span> <span class='ocrx_word' id='word_1_20' title='bbox 874 554 1082 620; x_wconf 89' lang='lat' dir='ltr'><strong>valeat,</strong></span> <span class='ocrx_word' id='word_1_21' title='bbox 1114 565 1338 627; x_wconf 76' lang='lat' dir='ltr'><strong>propter</strong></span> <span class='ocrx_word' id='word_1_22' title='bbox 1364 556 1508 626; x_wconf 90' lang='lat' dir='ltr'><strong>quod</strong></span> <span class='ocrx_word' id='word_1_23' title='bbox 1545 556 1774 635; x_wconf 80' lang='lat' dir='ltr'><strong>singulis</strong></span> <span class='ocrx_word' id='word_1_24' title='bbox 1808 572 2107 625; x_wconf 79' lang='lat' dir='ltr'><strong>congruum</strong></span> <span class='ocrx_word' id='word_1_25' title='bbox 2137 564 2222 612; x_wconf 90' lang='lat' dir='ltr'><strong>est</strong></span> 
     </span>
    </p>
   </div>
   <div class='ocr_carea' id='block_1_5' title="bbox 634 637 2217 723">
    <p class='ocr_par' dir='ltr' id='par_1_5' title="bbox 634 637 2217 723">
     <span class='ocr_line' id='line_1_5' title="bbox 634 637 2217 723; baseline -0.001 -17"><span class='ocrx_word' id='word_1_26' title='bbox 634 650 831 707; x_wconf 86' lang='lat' dir='ltr'><strong>de&#39;bac</strong></span> <span class='ocrx_word' id='word_1_27' title='bbox 877 666 936 706; x_wconf 89' lang='lat' dir='ltr'><strong>re</strong></span> <span class='ocrx_word' id='word_1_28' title='bbox 974 652 1077 707; x_wconf 84' lang='lat' dir='ltr'><strong>sibi</strong></span> <span class='ocrx_word' id='word_1_29' title='bbox 1106 652 1426 723; x_wconf 88' lang='lat' dir='ltr'><strong>eximplere.</strong></span> <span class='ocrx_word' id='word_1_30' title='bbox 1458 637 1592 707; x_wconf 83' lang='lat' dir='ltr'><strong>Nam</strong></span> <span class='ocrx_word' id='word_1_31' title='bbox 1637 653 1748 722; x_wconf 89' lang='lat' dir='ltr'><strong>ipsa</strong></span> <span class='ocrx_word' id='word_1_32' title='bbox 1779 651 1995 723; x_wconf 81' lang='lat' dir='ltr'><strong>lympha</strong></span> <span class='ocrx_word' id='word_1_33' title='bbox 2022 652 2087 705; x_wconf 92' lang='lat' dir='ltr'><strong>de</strong></span> <span class='ocrx_word' id='word_1_34' title='bbox 2112 664 2217 721; x_wconf 83' lang='lat' dir='ltr'><strong>qua</strong></span> 
     </span>
    </p>
   </div>
   <div class='ocr_carea' id='block_1_6' title="bbox 635 742 2220 815">
    <p class='ocr_par' dir='ltr' id='par_1_6' title="bbox 635 742 2220 815">
     <span class='ocr_line' id='line_1_6' title="bbox 635 742 2220 815; baseline 0 -19"><span class='ocrx_word' id='word_1_35' title='bbox 635 742 820 800; x_wconf 85' lang='lat' dir='ltr'><strong>lavare</strong></span> <span class='ocrx_word' id='word_1_36' title='bbox 857 758 1049 800; x_wconf 83' lang='lat' dir='ltr'><strong>omnes</strong></span> <span class='ocrx_word' id='word_1_37' title='bbox 1078 745 1304 812; x_wconf 88' lang='lat' dir='ltr'><strong>debent,</strong></span> <span class='ocrx_word' id='word_1_38' title='bbox 1343 745 1508 800; x_wconf 91' lang='lat' dir='ltr'><strong>ullum</strong></span> <span class='ocrx_word' id='word_1_39' title='bbox 1538 755 1751 815; x_wconf 80' lang='lat' dir='ltr'><strong>tempus</strong></span> <span class='ocrx_word' id='word_1_40' title='bbox 1794 760 1899 798; x_wconf 93' lang='lat' dir='ltr'><strong>non</strong></span> <span class='ocrx_word' id='word_1_41' title='bbox 1933 752 2220 814; x_wconf 84' lang='lat' dir='ltr'><strong>praetereat</strong></span> 
     </span>
    </p>
   </div>
   <div class='ocr_carea' id='block_1_7' title="bbox 631 832 2218 905">
    <p class='ocr_par' dir='ltr' id='par_1_7' title="bbox 631 832 2218 905">
     <span class='ocr_line' id='line_1_7' title="bbox 631 832 2218 905; baseline 0.001 -18"><span class='ocrx_word' id='word_1_42' title='bbox 631 848 743 903; x_wconf 82' lang='lat' dir='ltr'><strong>quo</strong></span> <span class='ocrx_word' id='word_1_43' title='bbox 770 832 919 893; x_wconf 24' lang='lat' dir='ltr'><strong>satis.</strong></span> <span class='ocrx_word' id='word_1_44' title='bbox 939 850 1044 889; x_wconf 82' lang='lat' dir='ltr'><strong>non</strong></span> <span class='ocrx_word' id='word_1_45' title='bbox 1073 836 1166 900; x_wconf 85' lang='lat' dir='ltr'><strong>sit,</strong></span> <span class='ocrx_word' id='word_1_46' title='bbox 1208 850 1370 905; x_wconf 89' lang='lat' dir='ltr'><strong>quam</strong></span> <span class='ocrx_word' id='word_1_47' title='bbox 1401 835 1491 891; x_wconf 90' lang='lat' dir='ltr'><strong>ille</strong></span> <span class='ocrx_word' id='word_1_48' title='bbox 1518 834 1687 889; x_wconf 82' lang='lat' dir='ltr'><strong>frater</strong></span> <span class='ocrx_word' id='word_1_49' title='bbox 1712 834 1812 888; x_wconf 84' lang='lat' dir='ltr'><strong>sub</strong></span> <span class='ocrx_word' id='word_1_50' title='bbox 1839 850 1934 889; x_wconf 89' lang='lat' dir='ltr'><strong>sua</strong></span> <span class='ocrx_word' id='word_1_51' title='bbox 1961 849 2096 888; x_wconf 74' lang='lat' dir='ltr'><strong>cura</strong></span> <span class='ocrx_word' id='word_1_52' title='bbox 2122 834 2218 888; x_wconf 84' lang='lat' dir='ltr'><strong>ha-</strong></span> 
     </span>
    </p>
   </div>
   <div class='ocr_carea' id='block_1_8' title="bbox 633 912 2217 996">
    <p class='ocr_par' dir='ltr' id='par_1_8' title="bbox 633 912 2217 996">
     <span class='ocr_line' id='line_1_8' title="bbox 633 912 2217 996; baseline -0.001 -17"><span class='ocrx_word' id='word_1_53' title='bbox 633 922 782 989; x_wconf 79' lang='lat' dir='ltr'><strong>beat,</strong></span> <span class='ocrx_word' id='word_1_54' title='bbox 817 924 905 980; x_wconf 86' lang='lat' dir='ltr'><strong>cui</strong></span> <span class='ocrx_word' id='word_1_55' title='bbox 936 923 1237 996; x_wconf 71' lang='lat' dir='ltr'><strong>iniunctum</strong></span> <span class='ocrx_word' id='word_1_56' title='bbox 1265 934 1350 980; x_wconf 88' lang='lat' dir='ltr'><strong>est</strong></span> <span class='ocrx_word' id='word_1_57' title='bbox 1377 912 1662 991; x_wconf 83' lang='lat' dir='ltr'><strong>horreum;</strong></span> <span class='ocrx_word' id='word_1_58' title='bbox 1692 934 1746 978; x_wconf 91' lang='lat' dir='ltr'><strong>et</strong></span> <span class='ocrx_word' id='word_1_59' title='bbox 1771 924 2082 978; x_wconf 88' lang='lat' dir='ltr'><strong>linteamina</strong></span> <span class='ocrx_word' id='word_1_60' title='bbox 2124 936 2217 977; x_wconf 80' lang='lat' dir='ltr'><strong>co-</strong></span> 
     </span>
    </p>
   </div>
   <div class='ocr_carea' id='block_1_9' title="bbox 631 1016 2213 1089">
    <p class='ocr_par' dir='ltr' id='par_1_9' title="bbox 631 1016 2213 1089">
     <span class='ocr_line' id='line_1_9' title="bbox 631 1016 2213 1089; baseline 0.001 -19"><span class='ocrx_word' id='word_1_61' title='bbox 631 1016 812 1086; x_wconf 77' lang='lat' dir='ltr'><strong>quina:</strong></span> <span class='ocrx_word' id='word_1_62' title='bbox 844 1016 958 1086; x_wconf 84' lang='lat' dir='ltr'><strong>ipse</strong></span> <span class='ocrx_word' id='word_1_63' title='bbox 981 1031 1197 1089; x_wconf 83' lang='lat' dir='ltr'><strong>semper</strong></span> <span class='ocrx_word' id='word_1_64' title='bbox 1238 1017 1497 1087; x_wconf 89' lang='lat' dir='ltr'><strong>accipiat,</strong></span> <span class='ocrx_word' id='word_1_65' title='bbox 1528 1026 1691 1089; x_wconf 87' lang='lat' dir='ltr'><strong>atque</strong></span> <span class='ocrx_word' id='word_1_66' title='bbox 1732 1032 1825 1087; x_wconf 88' lang='lat' dir='ltr'><strong>per</strong></span> <span class='ocrx_word' id='word_1_67' title='bbox 1851 1031 1911 1071; x_wconf 91' lang='lat' dir='ltr'><strong>se</strong></span> <span class='ocrx_word' id='word_1_68' title='bbox 1942 1016 2213 1071; x_wconf 79' lang='lat' dir='ltr'><strong>restituat.</strong></span> 
     </span>
    </p>
   </div>
   <div class='ocr_carea' id='block_1_10' title="bbox 633 1108 2213 1181">
    <p class='ocr_par' dir='ltr' id='par_1_10' title="bbox 633 1108 2213 1181">
     <span class='ocr_line' id='line_1_10' title="bbox 633 1108 2213 1181; baseline -0.001 -17"><span class='ocrx_word' id='word_1_69' title='bbox 633 1108 929 1165; x_wconf 80' lang='lat' dir='ltr'><strong>Refectorii</strong></span> <span class='ocrx_word' id='word_1_70' title='bbox 969 1110 1169 1181; x_wconf 86' lang='lat' dir='ltr'><strong>quippe</strong></span> <span class='ocrx_word' id='word_1_71' title='bbox 1194 1109 1480 1169; x_wconf 77' lang='lat' dir='ltr'><strong>,mensales</strong></span> <span class='ocrx_word' id='word_1_72' title='bbox 1508 1120 1564 1166; x_wconf 91' lang='lat' dir='ltr'><strong>et</strong></span> <span class='ocrx_word' id='word_1_73' title='bbox 1591 1109 1786 1177; x_wconf 84' lang='lat' dir='ltr'><strong>zallas,</strong></span> <span class='ocrx_word' id='word_1_74' title='bbox 1813 1119 1972 1179; x_wconf 88' lang='lat' dir='ltr'><strong>atque</strong></span> <span class='ocrx_word' id='word_1_75' title='bbox 2016 1109 2213 1163; x_wconf 85' lang='lat' dir='ltr'><strong>lintea-</strong></span> 
     </span>
    </p>
   </div>
   <div class='ocr_carea' id='block_1_11' title="bbox 632 1205 2214 1280">
    <p class='ocr_par' dir='ltr' id='par_1_11' title="bbox 632 1205 2214 1280">
     <span class='ocr_line' id='line_1_11' title="bbox 632 1205 2214 1280; baseline 0.003 -21"><span class='ocrx_word' id='word_1_76' title='bbox 632 1205 798 1268; x_wconf 84' lang='lat' dir='ltr'><strong>mina,</strong></span> <span class='ocrx_word' id='word_1_77' title='bbox 831 1206 1029 1275; x_wconf 84' lang='lat' dir='ltr'><strong>quibus</strong></span> <span class='ocrx_word' id='word_1_78' title='bbox 1058 1207 1304 1264; x_wconf 80' lang='lat' dir='ltr'><strong>seniores</strong></span> <span class='ocrx_word' id='word_1_79' title='bbox 1336 1224 1528 1264; x_wconf 90' lang='lat' dir='ltr'><strong>manus</strong></span> <span class='ocrx_word' id='word_1_80' title='bbox 1556 1217 1791 1280; x_wconf 75' lang='lat' dir='ltr'><strong>tergunt,</strong></span> <span class='ocrx_word' id='word_1_81' title='bbox 1824 1225 1887 1262; x_wconf 89' lang='lat' dir='ltr'><strong>ex</strong></span> <span class='ocrx_word' id='word_1_82' title='bbox 1928 1207 2214 1264; x_wconf 89' lang='lat' dir='ltr'><strong>refectorio</strong></span> 
     </span>
    </p>
   </div>
   <div class='ocr_carea' id='block_1_12' title="bbox 627 1296 2213 1372">
    <p class='ocr_par' dir='ltr' id='par_1_12' title="bbox 627 1296 2213 1372">
     <span class='ocr_line' id='line_1_12' title="bbox 627 1296 2213 1372; baseline 0.004 -22"><span class='ocrx_word' id='word_1_83' title='bbox 627 1296 868 1366; x_wconf 86' lang='lat' dir='ltr'><strong>accipiat</strong></span> <span class='ocrx_word' id='word_1_84' title='bbox 893 1308 947 1353; x_wconf 90' lang='lat' dir='ltr'><strong>et</strong></span> <span class='ocrx_word' id='word_1_85' title='bbox 971 1296 1154 1355; x_wconf 85' lang='lat' dir='ltr'><strong>lavare</strong></span> <span class='ocrx_word' id='word_1_86' title='bbox 1183 1297 1371 1367; x_wconf 88' lang='lat' dir='ltr'><strong>faciat,</strong></span> <span class='ocrx_word' id='word_1_87' title='bbox 1394 1309 1451 1356; x_wconf 91' lang='lat' dir='ltr'><strong>et</strong></span> <span class='ocrx_word' id='word_1_88' title='bbox 1480 1302 1547 1356; x_wconf 92' lang='lat' dir='ltr'><strong>ad</strong></span> <span class='ocrx_word' id='word_1_89' title='bbox 1573 1302 1746 1372; x_wconf 90' lang='lat' dir='ltr'><strong>ipsum</strong></span> <span class='ocrx_word' id='word_1_90' title='bbox 1773 1300 1996 1359; x_wconf 79' lang='lat' dir='ltr'><strong>fratrem</strong></span> <span class='ocrx_word' id='word_1_91' title='bbox 2022 1317 2213 1358; x_wconf 87' lang='lat' dir='ltr'><strong>recon-</strong></span> 
     </span>
    </p>
   </div>
   <div class='ocr_carea' id='block_1_13' title="bbox 630 1388 2211 1461">
    <p class='ocr_par' dir='ltr' id='par_1_13' title="bbox 630 1388 2211 1461">
     <span class='ocr_line' id='line_1_13' title="bbox 630 1388 2211 1461; baseline 0.005 -18"><span class='ocrx_word' id='word_1_92' title='bbox 630 1388 825 1459; x_wconf 73' lang='lat' dir='ltr'><strong>signet.</strong></span> <span class='ocrx_word' id='word_1_93' title='bbox 859 1390 939 1444; x_wconf 84' lang='lat' dir='ltr'><strong>Ex</strong></span> <span class='ocrx_word' id='word_1_94' title='bbox 970 1391 1309 1448; x_wconf 90' lang='lat' dir='ltr'><strong>infirmorum</strong></span> <span class='ocrx_word' id='word_1_95' title='bbox 1356 1393 1520 1451; x_wconf 87' lang='lat' dir='ltr'><strong>domo</strong></span> <span class='ocrx_word' id='word_1_96' title='bbox 1553 1407 1736 1452; x_wconf 88' lang='lat' dir='ltr'><strong>sumat</strong></span> <span class='ocrx_word' id='word_1_97' title='bbox 1774 1397 1861 1451; x_wconf 87' lang='lat' dir='ltr'><strong>ille</strong></span> <span class='ocrx_word' id='word_1_98' title='bbox 1906 1396 2092 1461; x_wconf 86' lang='lat' dir='ltr'><strong>frater,</strong></span> <span class='ocrx_word' id='word_1_99' title='bbox 2124 1397 2211 1452; x_wconf 89' lang='lat' dir='ltr'><strong>cui</strong></span> 
     </span>
    </p>
   </div>
   <div class='ocr_carea' id='block_1_14' title="bbox 630 1481 2213 1559">
    <p class='ocr_par' dir='ltr' id='par_1_14' title="bbox 630 1481 2213 1559">
     <span class='ocr_line' id='line_1_14' title="bbox 630 1481 2213 1559; baseline 0.006 -23"><span class='ocrx_word' id='word_1_100' title='bbox 630 1481 806 1550; x_wconf 88' lang='lat' dir='ltr'><strong>ipsum</strong></span> <span class='ocrx_word' id='word_1_101' title='bbox 855 1485 1177 1554; x_wconf 85' lang='lat' dir='ltr'><strong>obsequium</strong></span> <span class='ocrx_word' id='word_1_102' title='bbox 1228 1486 1528 1556; x_wconf 87' lang='lat' dir='ltr'><strong>injunctum</strong></span> <span class='ocrx_word' id='word_1_103' title='bbox 1580 1498 1706 1556; x_wconf 87' lang='lat' dir='ltr'><strong>est,</strong></span> <span class='ocrx_word' id='word_1_104' title='bbox 1754 1491 1999 1545; x_wconf 88' lang='lat' dir='ltr'><strong>mantilia</strong></span> <span class='ocrx_word' id='word_1_105' title='bbox 2048 1501 2213 1559; x_wconf 90' lang='lat' dir='ltr'><strong>atque</strong></span> 
     </span>
    </p>
   </div>
   <div class='ocr_carea' id='block_1_15' title="bbox 627 1573 2208 1648">
    <p class='ocr_par' dir='ltr' id='par_1_15' title="bbox 627 1573 2208 1648">
     <span class='ocr_line' id='line_1_15' title="bbox 627 1573 2208 1648; baseline 0.007 -22"><span class='ocrx_word' id='word_1_106' title='bbox 627 1573 819 1638; x_wconf 75' lang='lat' dir='ltr'><strong>zallas,</strong></span> <span class='ocrx_word' id='word_1_107' title='bbox 870 1586 927 1630; x_wconf 85' lang='lat' dir='ltr'><strong>et.</strong></span> <span class='ocrx_word' id='word_1_108' title='bbox 955 1577 1146 1631; x_wconf 85' lang='lat' dir='ltr'><strong>reddat</strong></span> <span class='ocrx_word' id='word_1_109' title='bbox 1178 1578 1228 1633; x_wconf 90' lang='lat' dir='ltr'><strong>ei</strong></span> <span class='ocrx_word' id='word_1_110' title='bbox 1260 1580 1576 1648; x_wconf 90' lang='lat' dir='ltr'><strong>supradicto</strong></span> <span class='ocrx_word' id='word_1_111' title='bbox 1605 1580 1865 1637; x_wconf 84' lang='lat' dir='ltr'><strong>ofIiciario</strong></span> <span class='ocrx_word' id='word_1_112' title='bbox 1890 1585 1958 1636; x_wconf 89' lang='lat' dir='ltr'><strong>ad</strong></span> <span class='ocrx_word' id='word_1_113' title='bbox 1989 1582 2208 1638; x_wconf 90' lang='lat' dir='ltr'><strong>abluen-</strong></span> 
     </span>
    </p>
   </div>
   <div class='ocr_carea' id='block_1_16' title="bbox 625 1666 2210 1732">
    <p class='ocr_par' dir='ltr' id='par_1_16' title="bbox 625 1666 2210 1732">
     <span class='ocr_line' id='line_1_16' title="bbox 625 1666 2210 1732; baseline 0.008 -12"><span class='ocrx_word' id='word_1_114' title='bbox 625 1666 780 1731; x_wconf 88' lang='lat' dir='ltr'><strong>dtttn,</strong></span> <span class='ocrx_word' id='word_1_115' title='bbox 813 1677 871 1721; x_wconf 92' lang='lat' dir='ltr'><strong>ut</strong></span> <span class='ocrx_word' id='word_1_116' title='bbox 894 1683 1017 1723; x_wconf 90' lang='lat' dir='ltr'><strong>cum</strong></span> <span class='ocrx_word' id='word_1_117' title='bbox 1052 1668 1159 1724; x_wconf 89' lang='lat' dir='ltr'><strong>lota</strong></span> <span class='ocrx_word' id='word_1_118' title='bbox 1191 1670 1392 1727; x_wconf 89' lang='lat' dir='ltr'><strong>fuerint</strong></span> <span class='ocrx_word' id='word_1_119' title='bbox 1425 1673 1529 1729; x_wconf 88' lang='lat' dir='ltr'><strong>sibi</strong></span> <span class='ocrx_word' id='word_1_120' title='bbox 1560 1677 1934 1731; x_wconf 80' lang='lat' dir='ltr'><strong>rcStitnantur.</strong></span> <span class='ocrx_word' id='word_1_121' title='bbox 1968 1676 2210 1732; x_wconf 88' lang='lat' dir='ltr'><strong>Sabbato</strong></span> 
     </span>
    </p>
   </div>
   <div class='ocr_carea' id='block_1_17' title="bbox 622 1758 2211 1836">
    <p class='ocr_par' dir='ltr' id='par_1_17' title="bbox 622 1758 2211 1836">
     <span class='ocr_line' id='line_1_17' title="bbox 622 1758 2211 1836; baseline 0.008 -25"><span class='ocrx_word' id='word_1_122' title='bbox 622 1758 717 1812; x_wconf 89' lang='lat' dir='ltr'><strong>die</strong></span> <span class='ocrx_word' id='word_1_123' title='bbox 760 1760 1109 1827; x_wconf 74' lang='lat' dir='ltr'><strong>adveniente,</strong></span> <span class='ocrx_word' id='word_1_124' title='bbox 1159 1764 1202 1818; x_wconf 90' lang='lat' dir='ltr'><strong>si</strong></span> <span class='ocrx_word' id='word_1_125' title='bbox 1248 1766 1415 1823; x_wconf 86' lang='lat' dir='ltr'><strong>semel</strong></span> <span class='ocrx_word' id='word_1_126' title='bbox 1464 1770 1828 1836; x_wconf 88' lang='lat' dir='ltr'><strong>comederint,</strong></span> <span class='ocrx_word' id='word_1_127' title='bbox 1872 1786 1995 1826; x_wconf 87' lang='lat' dir='ltr'><strong>mox</strong></span> <span class='ocrx_word' id='word_1_128' title='bbox 2039 1780 2099 1825; x_wconf 90' lang='lat' dir='ltr'><strong>ut</strong></span> <span class='ocrx_word' id='word_1_129' title='bbox 2145 1775 2211 1825; x_wconf 83' lang='lat' dir='ltr'><strong>de</strong></span> 
     </span>
    </p>
   </div>
   <div class='ocr_carea' id='block_1_18' title="bbox 625 1849 2210 1935">
    <p class='ocr_par' dir='ltr' id='par_1_18' title="bbox 625 1849 2210 1935">
     <span class='ocr_line' id='line_1_18' title="bbox 625 1849 2210 1935; baseline 0.009 -33"><span class='ocrx_word' id='word_1_130' title='bbox 625 1849 921 1907; x_wconf 61' lang='lat' dir='ltr'><strong>refectoriu</strong></span> <span class='ocrx_word' id='word_1_131' title='bbox 965 1855 1220 1923; x_wconf 84' lang='lat' dir='ltr'><strong>exierint,</strong></span> <span class='ocrx_word' id='word_1_132' title='bbox 1270 1859 1759 1935; x_wconf 61' lang='lat' dir='ltr'><strong>veniatfprwfatus</strong></span> <span class='ocrx_word' id='word_1_133' title='bbox 1800 1860 1968 1916; x_wconf 84' lang='lat' dir='ltr'><strong>frater</strong></span> <span class='ocrx_word' id='word_1_134' title='bbox 2004 1871 2059 1918; x_wconf 91' lang='lat' dir='ltr'><strong>et</strong></span> <span class='ocrx_word' id='word_1_135' title='bbox 2087 1878 2210 1918; x_wconf 91' lang='lat' dir='ltr'><strong>eum</strong></span> 
     </span>
    </p>
   </div>
   <div class='ocr_carea' id='block_1_19' title="bbox 626 1945 2213 2024">
    <p class='ocr_par' dir='ltr' id='par_1_19' title="bbox 626 1945 2213 2024">
     <span class='ocr_line' id='line_1_19' title="bbox 626 1945 2213 2024; baseline 0.01 -30"><span class='ocrx_word' id='word_1_136' title='bbox 626 1957 854 1997; x_wconf 89' lang='lat' dir='ltr'><strong>numero</strong></span> <span class='ocrx_word' id='word_1_137' title='bbox 889 1945 1120 2015; x_wconf 87' lang='lat' dir='ltr'><strong>recipiat</strong></span> <span class='ocrx_word' id='word_1_138' title='bbox 1146 1948 1213 2003; x_wconf 89' lang='lat' dir='ltr'><strong>de</strong></span> <span class='ocrx_word' id='word_1_139' title='bbox 1238 1964 1400 2004; x_wconf 90' lang='lat' dir='ltr'><strong>manu</strong></span> <span class='ocrx_word' id='word_1_140' title='bbox 1431 1949 1645 2005; x_wconf 86' lang='lat' dir='ltr'><strong>famuli.</strong></span> <span class='ocrx_word' id='word_1_141' title='bbox 1677 1953 1878 2009; x_wconf 88' lang='lat' dir='ltr'><strong>Deinde</strong></span> <span class='ocrx_word' id='word_1_142' title='bbox 1905 1955 2213 2024; x_wconf 74' lang='lat' dir='ltr'><strong>prtecedant</strong></span> 
     </span>
    </p>
   </div>
   <div class='ocr_carea' id='block_1_20' title="bbox 622 2036 2209 2116">
    <p class='ocr_par' dir='ltr' id='par_1_20' title="bbox 622 2036 2209 2116">
     <span class='ocr_line' id='line_1_20' title="bbox 622 2036 2209 2116; baseline 0.009 -27"><span class='ocrx_word' id='word_1_143' title='bbox 622 2036 894 2103; x_wconf 85' lang='lat' dir='ltr'><strong>seniores,</strong></span> <span class='ocrx_word' id='word_1_144' title='bbox 931 2049 986 2094; x_wconf 91' lang='lat' dir='ltr'><strong>et</strong></span> <span class='ocrx_word' id='word_1_145' title='bbox 1030 2043 1407 2113; x_wconf 82' lang='lat' dir='ltr'><strong>unusquisque</strong></span> <span class='ocrx_word' id='word_1_146' title='bbox 1435 2059 1532 2099; x_wconf 91' lang='lat' dir='ltr'><strong>sua</strong></span> <span class='ocrx_word' id='word_1_147' title='bbox 1562 2046 1814 2116; x_wconf 87' lang='lat' dir='ltr'><strong>accipiat.</strong></span> <span class='ocrx_word' id='word_1_148' title='bbox 1865 2047 1924 2103; x_wconf 88' lang='lat' dir='ltr'><strong>Si</strong></span> <span class='ocrx_word' id='word_1_149' title='bbox 1971 2048 2055 2104; x_wconf 90' lang='lat' dir='ltr'><strong>bis</strong></span> <span class='ocrx_word' id='word_1_150' title='bbox 2079 2049 2209 2104; x_wconf 89' lang='lat' dir='ltr'><strong>cde-</strong></span> 
     </span>
    </p>
   </div>
   <div class='ocr_carea' id='block_1_21' title="bbox 625 2125 2208 2210">
    <p class='ocr_par' dir='ltr' id='par_1_21' title="bbox 625 2125 2208 2210">
     <span class='ocr_line' id='line_1_21' title="bbox 625 2125 2208 2210; baseline 0.009 -30"><span class='ocrx_word' id='word_1_151' title='bbox 625 2125 756 2191; x_wconf 81' lang='lat' dir='ltr'><strong>rint,</strong></span> <span class='ocrx_word' id='word_1_152' title='bbox 788 2134 994 2200; x_wconf 77' lang='lat' dir='ltr'><strong>vesperi</strong></span> <span class='ocrx_word' id='word_1_153' title='bbox 1029 2130 1235 2188; x_wconf 84' lang='lat' dir='ltr'><strong>faciant</strong></span> <span class='ocrx_word' id='word_1_154' title='bbox 1264 2136 1717 2204; x_wconf 89' lang='lat' dir='ltr'><strong>quemadmodum</strong></span> <span class='ocrx_word' id='word_1_155' title='bbox 1758 2150 1817 2193; x_wconf 93' lang='lat' dir='ltr'><strong>ut</strong></span> <span class='ocrx_word' id='word_1_156' title='bbox 1852 2155 2034 2210; x_wconf 88' lang='lat' dir='ltr'><strong>supra.</strong></span> <span class='ocrx_word' id='word_1_157' title='bbox 2074 2140 2208 2195; x_wconf 85' lang='lat' dir='ltr'><strong>Nam</strong></span> 
     </span>
    </p>
   </div>
   <div class='ocr_carea' id='block_1_22' title="bbox 623 2219 2210 2301">
    <p class='ocr_par' dir='ltr' id='par_1_22' title="bbox 623 2219 2210 2301">
     <span class='ocr_line' id='line_1_22' title="bbox 623 2219 2210 2301; baseline 0.011 -31"><span class='ocrx_word' id='word_1_158' title='bbox 623 2219 950 2275; x_wconf 85' lang='lat' dir='ltr'><strong>vestimenta</strong></span> <span class='ocrx_word' id='word_1_159' title='bbox 1012 2222 1601 2297; x_wconf 14' lang='lat' dir='ltr'><strong>infantumrtnagister</strong></span> <span class='ocrx_word' id='word_1_160' title='bbox 1663 2229 1873 2284; x_wconf 91' lang='lat' dir='ltr'><strong>illorum</strong></span> <span class='ocrx_word' id='word_1_161' title='bbox 1926 2233 2210 2301; x_wconf 80' lang='lat' dir='ltr'><strong>acquirere</strong></span> 
     </span>
    </p>
   </div>
   <div class='ocr_carea' id='block_1_23' title="bbox 622 2309 2212 2387">
    <p class='ocr_par' dir='ltr' id='par_1_23' title="bbox 622 2309 2212 2387">
     <span class='ocr_line' id='line_1_23' title="bbox 622 2309 2212 2387; baseline 0.009 -24"><span class='ocrx_word' id='word_1_162' title='bbox 622 2309 788 2365; x_wconf 78' lang='lat' dir='ltr'><strong>debet</strong></span> <span class='ocrx_word' id='word_1_163' title='bbox 814 2321 871 2365; x_wconf 93' lang='lat' dir='ltr'><strong>et</strong></span> <span class='ocrx_word' id='word_1_164' title='bbox 908 2314 1198 2370; x_wconf 89' lang='lat' dir='ltr'><strong>restituere</strong></span> <span class='ocrx_word' id='word_1_165' title='bbox 1230 2316 1298 2371; x_wconf 90' lang='lat' dir='ltr'><strong>ad</strong></span> <span class='ocrx_word' id='word_1_166' title='bbox 1324 2331 1420 2373; x_wconf 90' lang='lat' dir='ltr'><strong>eos</strong></span> <span class='ocrx_word' id='word_1_167' title='bbox 1448 2319 1501 2372; x_wconf 94' lang='lat' dir='ltr'><strong>in</strong></span> <span class='ocrx_word' id='word_1_168' title='bbox 1529 2318 1739 2387; x_wconf 88' lang='lat' dir='ltr'><strong>schola,</strong></span> <span class='ocrx_word' id='word_1_169' title='bbox 1770 2319 1854 2374; x_wconf 84' lang='lat' dir='ltr'><strong>vel</strong></span> <span class='ocrx_word' id='word_1_170' title='bbox 1883 2322 1950 2376; x_wconf 92' lang='lat' dir='ltr'><strong>ad</strong></span> <span class='ocrx_word' id='word_1_171' title='bbox 1986 2321 2212 2378; x_wconf 79' lang='lat' dir='ltr'><strong>lectulos</strong></span> 
     </span>
    </p>
   </div>
   <div class='ocr_carea' id='block_1_24' title="bbox 623 2402 2206 2485">
    <p class='ocr_par' dir='ltr' id='par_1_24' title="bbox 623 2402 2206 2485">
     <span class='ocr_line' id='line_1_24' title="bbox 623 2402 2206 2485; baseline 0.008 -30"><span class='ocrx_word' id='word_1_172' title='bbox 623 2402 916 2472; x_wconf 82' lang='lat' dir='ltr'><strong>deportare</strong></span> <span class='ocrx_word' id='word_1_173' title='bbox 945 2418 1071 2460; x_wconf 92' lang='lat' dir='ltr'><strong>cum</strong></span> <span class='ocrx_word' id='word_1_174' title='bbox 1113 2408 1407 2478; x_wconf 87' lang='lat' dir='ltr'><strong>aliquantis</strong></span> <span class='ocrx_word' id='word_1_175' title='bbox 1451 2412 1519 2467; x_wconf 83' lang='lat' dir='ltr'><strong>de</strong></span> <span class='ocrx_word' id='word_1_176' title='bbox 1552 2412 1708 2482; x_wconf 80' lang='lat' dir='ltr'><strong>Ipsis.</strong></span> <span class='ocrx_word' id='word_1_177' title='bbox 1754 2413 1811 2469; x_wconf 92' lang='lat' dir='ltr'><strong>Si</strong></span> <span class='ocrx_word' id='word_1_178' title='bbox 1850 2430 1987 2485; x_wconf 88' lang='lat' dir='ltr'><strong>opus</strong></span> <span class='ocrx_word' id='word_1_179' title='bbox 2022 2414 2206 2483; x_wconf 88' lang='lat' dir='ltr'><strong>fuerit,</strong></span> 
     </span>
    </p>
   </div>
   <div class='ocr_carea' id='block_1_25' title="bbox 621 2495 2205 2579">
    <p class='ocr_par' dir='ltr' id='par_1_25' title="bbox 621 2495 2205 2579">
     <span class='ocr_line' id='line_1_25' title="bbox 621 2495 2205 2579; baseline 0.01 -34"><span class='ocrx_word' id='word_1_180' title='bbox 621 2502 805 2561; x_wconf 88' lang='lat' dir='ltr'><strong>potest</strong></span> <span class='ocrx_word' id='word_1_181' title='bbox 828 2495 1147 2553; x_wconf 88' lang='lat' dir='ltr'><strong>cellerarius</strong></span> <span class='ocrx_word' id='word_1_182' title='bbox 1180 2500 1467 2557; x_wconf 87' lang='lat' dir='ltr'><strong>sustollere</strong></span> <span class='ocrx_word' id='word_1_183' title='bbox 1507 2504 1813 2560; x_wconf 83' lang='lat' dir='ltr'><strong>malleolum</strong></span> <span class='ocrx_word' id='word_1_184' title='bbox 1841 2506 1909 2561; x_wconf 92' lang='lat' dir='ltr'><strong>de</strong></span> <span class='ocrx_word' id='word_1_185' title='bbox 1936 2507 2205 2579; x_wconf 87' lang='lat' dir='ltr'><strong>cytnbalo,</strong></span> 
     </span>
    </p>
   </div>
   <div class='ocr_carea' id='block_1_26' title="bbox 626 2586 2207 2671">
    <p class='ocr_par' dir='ltr' id='par_1_26' title="bbox 626 2586 2207 2671">
     <span class='ocr_line' id='line_1_26' title="bbox 626 2586 2207 2671; baseline 0.013 -36"><span class='ocrx_word' id='word_1_186' title='bbox 626 2588 806 2639; x_wconf 85' lang='lat' dir='ltr'><strong>tamen</strong></span> <span class='ocrx_word' id='word_1_187' title='bbox 835 2586 878 2640; x_wconf 92' lang='lat' dir='ltr'><strong>si</strong></span> <span class='ocrx_word' id='word_1_188' title='bbox 908 2586 1115 2657; x_wconf 90' lang='lat' dir='ltr'><strong>aliquid</strong></span> <span class='ocrx_word' id='word_1_189' title='bbox 1159 2591 1353 2647; x_wconf 88' lang='lat' dir='ltr'><strong>melius</strong></span> <span class='ocrx_word' id='word_1_190' title='bbox 1388 2608 1551 2663; x_wconf 90' lang='lat' dir='ltr'><strong>quam</strong></span> <span class='ocrx_word' id='word_1_191' title='bbox 1581 2597 1727 2651; x_wconf 87' lang='lat' dir='ltr'><strong>soliti</strong></span> <span class='ocrx_word' id='word_1_192' title='bbox 1768 2607 1893 2653; x_wconf 89' lang='lat' dir='ltr'><strong>sunt</strong></span> <span class='ocrx_word' id='word_1_193' title='bbox 1933 2614 2207 2671; x_wconf 69' lang='lat' dir='ltr'><strong>pta-para-</strong></span> 
     </span>
    </p>
   </div>
   <div class='ocr_carea' id='block_1_27' title="bbox 621 2674 2207 2757">
    <p class='ocr_par' dir='ltr' id='par_1_27' title="bbox 621 2674 2207 2757">
     <span class='ocr_line' id='line_1_27' title="bbox 621 2674 2207 2757; baseline 0.013 -31"><span class='ocrx_word' id='word_1_194' title='bbox 621 2674 823 2729; x_wconf 85' lang='lat' dir='ltr'><strong>verint.</strong></span> <span class='ocrx_word' id='word_1_195' title='bbox 852 2677 987 2732; x_wconf 87' lang='lat' dir='ltr'><strong>Nam</strong></span> <span class='ocrx_word' id='word_1_196' title='bbox 1016 2679 1108 2734; x_wconf 91' lang='lat' dir='ltr'><strong>ille</strong></span> <span class='ocrx_word' id='word_1_197' title='bbox 1135 2680 1325 2749; x_wconf 89' lang='lat' dir='ltr'><strong>frater,</strong></span> <span class='ocrx_word' id='word_1_198' title='bbox 1350 2685 1444 2754; x_wconf 89' lang='lat' dir='ltr'><strong>qui</strong></span> <span class='ocrx_word' id='word_1_199' title='bbox 1476 2701 1641 2757; x_wconf 88' lang='lat' dir='ltr'><strong>super</strong></span> <span class='ocrx_word' id='word_1_200' title='bbox 1668 2687 1864 2744; x_wconf 88' lang='lat' dir='ltr'><strong>horrea</strong></span> <span class='ocrx_word' id='word_1_201' title='bbox 1894 2700 1978 2744; x_wconf 91' lang='lat' dir='ltr'><strong>est</strong></span> <span class='ocrx_word' id='word_1_202' title='bbox 2000 2692 2207 2746; x_wconf 88' lang='lat' dir='ltr'><strong>consti-</strong></span> 
     </span>
    </p>
   </div>
   <div class='ocr_carea' id='block_1_28' title="bbox 608 2770 2208 2855">
    <p class='ocr_par' dir='ltr' id='par_1_28' title="bbox 608 2770 2208 2855">
     <span class='ocr_line' id='line_1_28' title="bbox 608 2770 2208 2855; baseline 0.013 -35"><span class='ocrx_word' id='word_1_203' title='bbox 608 2775 794 2833; x_wconf 84' lang='lat' dir='ltr'><strong>tutus,</strong></span> <span class='ocrx_word' id='word_1_204' title='bbox 842 2770 1032 2842; x_wconf 76' lang='lat' dir='ltr'><strong>signa,</strong></span> <span class='ocrx_word' id='word_1_205' title='bbox 1075 2790 1196 2844; x_wconf 62' lang='lat' dir='ltr'><strong>quae</strong></span> <span class='ocrx_word' id='word_1_206' title='bbox 1237 2777 1416 2832; x_wconf 88' lang='lat' dir='ltr'><strong>danda</strong></span> <span class='ocrx_word' id='word_1_207' title='bbox 1464 2787 1591 2834; x_wconf 90' lang='lat' dir='ltr'><strong>sunt</strong></span> <span class='ocrx_word' id='word_1_208' title='bbox 1639 2796 1737 2850; x_wconf 85' lang='lat' dir='ltr'><strong>per</strong></span> <span class='ocrx_word' id='word_1_209' title='bbox 1773 2781 2038 2849; x_wconf 76' lang='lat' dir='ltr'><strong>ofﬁcinas,</strong></span> <span class='ocrx_word' id='word_1_210' title='bbox 2090 2786 2208 2855; x_wconf 86' lang='lat' dir='ltr'><strong>ipse</strong></span> 
     </span>
    </p>
   </div>
   <div class='ocr_carea' id='block_1_29' title="bbox 621 2864 2207 2943">
    <p class='ocr_par' dir='ltr' id='par_1_29' title="bbox 621 2864 2207 2943">
     <span class='ocr_line' id='line_1_29' title="bbox 621 2864 2207 2943; baseline 0.011 -28"><span class='ocrx_word' id='word_1_211' title='bbox 621 2864 906 2932; x_wconf 87' lang='lat' dir='ltr'><strong>procurari</strong></span> <span class='ocrx_word' id='word_1_212' title='bbox 956 2866 1147 2934; x_wconf 83' lang='lat' dir='ltr'><strong>faciat,</strong></span> <span class='ocrx_word' id='word_1_213' title='bbox 1194 2872 1336 2940; x_wconf 90' lang='lat' dir='ltr'><strong>quod</strong></span> <span class='ocrx_word' id='word_1_214' title='bbox 1373 2880 1481 2927; x_wconf 89' lang='lat' dir='ltr'><strong>tam</strong></span> <span class='ocrx_word' id='word_1_215' title='bbox 1531 2875 1775 2943; x_wconf 82' lang='lat' dir='ltr'><strong>abunde,</strong></span> <span class='ocrx_word' id='word_1_216' title='bbox 1823 2886 1883 2932; x_wconf 88' lang='lat' dir='ltr'><strong>ut</strong></span> <span class='ocrx_word' id='word_1_217' title='bbox 1917 2893 2024 2933; x_wconf 92' lang='lat' dir='ltr'><strong>non</strong></span> <span class='ocrx_word' id='word_1_218' title='bbox 2061 2877 2207 2933; x_wconf 89' lang='lat' dir='ltr'><strong>indi-</strong></span> 
     </span>
    </p>
   </div>
   <div class='ocr_carea' id='block_1_30' title="bbox 618 2959 2202 3042">
    <p class='ocr_par' dir='ltr' id='par_1_30' title="bbox 618 2959 2202 3042">
     <span class='ocr_line' id='line_1_30' title="bbox 618 2959 2202 3042; baseline 0.013 -36"><span class='ocrx_word' id='word_1_219' title='bbox 618 2965 781 3023; x_wconf 79' lang='lat' dir='ltr'><strong>geant</strong></span> <span class='ocrx_word' id='word_1_220' title='bbox 811 2959 1057 3025; x_wconf 89' lang='lat' dir='ltr'><strong>moneri;</strong></span> <span class='ocrx_word' id='word_1_221' title='bbox 1103 2970 1158 3016; x_wconf 91' lang='lat' dir='ltr'><strong>et</strong></span> <span class='ocrx_word' id='word_1_222' title='bbox 1205 2964 1319 3033; x_wconf 91' lang='lat' dir='ltr'><strong>ipse</strong></span> <span class='ocrx_word' id='word_1_223' title='bbox 1359 2965 1567 3021; x_wconf 83' lang='lat' dir='ltr'><strong>dividat</strong></span> <span class='ocrx_word' id='word_1_224' title='bbox 1598 2983 1695 3038; x_wconf 90' lang='lat' dir='ltr'><strong>per</strong></span> <span class='ocrx_word' id='word_1_225' title='bbox 1738 2984 2202 3042; x_wconf 85' lang='lat' dir='ltr'><strong>unumquemque,</strong></span> 
     </span>
    </p>
   </div>
   <div class='ocr_carea' id='block_1_31' title="bbox 616 3049 2203 3131">
    <p class='ocr_par' dir='ltr' id='par_1_31' title="bbox 616 3049 2203 3131">
     <span class='ocr_line' id='line_1_31' title="bbox 616 3049 2203 3131; baseline 0.011 -33"><span class='ocrx_word' id='word_1_226' title='bbox 616 3057 817 3116; x_wconf 71' lang='lat' dir='ltr'><strong>prmter</strong></span> <span class='ocrx_word' id='word_1_227' title='bbox 848 3049 1190 3105; x_wconf 88' lang='lat' dir='ltr'><strong>infirmorum</strong></span> <span class='ocrx_word' id='word_1_228' title='bbox 1221 3054 1465 3121; x_wconf 91' lang='lat' dir='ltr'><strong>domum,</strong></span> <span class='ocrx_word' id='word_1_229' title='bbox 1504 3060 1557 3111; x_wconf 94' lang='lat' dir='ltr'><strong>in</strong></span> <span class='ocrx_word' id='word_1_230' title='bbox 1593 3074 1757 3128; x_wconf 89' lang='lat' dir='ltr'><strong>quam</strong></span> <span class='ocrx_word' id='word_1_231' title='bbox 1787 3058 1997 3127; x_wconf 88' lang='lat' dir='ltr'><strong>famuli,</strong></span> <span class='ocrx_word' id='word_1_232' title='bbox 2027 3061 2120 3131; x_wconf 92' lang='lat' dir='ltr'><strong>qui</strong></span> <span class='ocrx_word' id='word_1_233' title='bbox 2148 3062 2203 3116; x_wconf 89' lang='lat' dir='ltr'><strong>itt</strong></span> 
     </span>
    </p>
   </div>
   <div class='ocr_carea' id='block_1_32' title="bbox 618 3131 2200 3225">
    <p class='ocr_par' dir='ltr' id='par_1_32' title="bbox 618 3131 2200 3225">
     <span class='ocr_line' id='line_1_32' title="bbox 618 3131 2200 3225; baseline 0.014 -35"><span class='ocrx_word' id='word_1_234' title='bbox 618 3136 736 3207; x_wconf 91' lang='lat' dir='ltr'><strong>ipso</strong></span> <span class='ocrx_word' id='word_1_235' title='bbox 762 3141 990 3195; x_wconf 90' lang='lat' dir='ltr'><strong>servitio</strong></span> <span class='ocrx_word' id='word_1_236' title='bbox 1016 3142 1257 3199; x_wconf 73' lang='lat' dir='ltr'><strong>deputati</strong></span> <span class='ocrx_word' id='word_1_237' title='bbox 1287 3131 1435 3212; x_wconf 72' lang='lat' dir='ltr'><strong>sunt,</strong></span> <span class='ocrx_word' id='word_1_238' title='bbox 1462 3158 1750 3218; x_wconf 89' lang='lat' dir='ltr'><strong>procurent</strong></span> <span class='ocrx_word' id='word_1_239' title='bbox 1773 3152 2060 3221; x_wconf 87' lang='lat' dir='ltr'><strong>acquirere</strong></span> <span class='ocrx_word' id='word_1_240' title='bbox 2077 3168 2200 3225; x_wconf 69' lang='lat' dir='ltr'><strong>quae</strong></span> 
     </span>
    </p>
   </div>
   <div class='ocr_carea' id='block_1_33' title="bbox 614 3230 1026 3287">
    <p class='ocr_par' dir='ltr' id='par_1_33' title="bbox 614 3230 1026 3287">
     <span class='ocr_line' id='line_1_33' title="bbox 614 3230 1026 3287; baseline 0.01 -4"><span class='ocrx_word' id='word_1_241' title='bbox 614 3230 697 3285; x_wconf 88' lang='lat' dir='ltr'><strong>eis</strong></span> <span class='ocrx_word' id='word_1_242' title='bbox 727 3231 1026 3287; x_wconf 83' lang='lat' dir='ltr'><strong>sufficiant.</strong></span> 
     </span>
    </p>
   </div>
   <div class='ocr_carea' id='block_1_34' title="bbox 1167 3326 1633 3395">
    <p class='ocr_par' dir='ltr' id='par_1_34' title="bbox 1167 3326 1633 3395">
     <span class='ocr_line' id='line_1_34' title="bbox 1167 3326 1633 3395; baseline 0.009 -13"><span class='ocrx_word' id='word_1_243' title='bbox 1167 3326 1416 3395; x_wconf 46' lang='lat' dir='ltr'><strong>.CAPUT</strong></span> <span class='ocrx_word' id='word_1_244' title='bbox 1446 3330 1633 3386; x_wconf 72' lang='lat' dir='ltr'><strong>XLIX.</strong></span> 
     </span>
    </p>
   </div>
   <div class='ocr_carea' id='block_1_35' title="bbox 1201 3419 1616 3478">
    <p class='ocr_par' dir='ltr' id='par_1_35' title="bbox 1201 3419 1616 3478">
     <span class='ocr_line' id='line_1_35' title="bbox 1201 3419 1616 3478; baseline 0.012 -5"><span class='ocrx_word' id='word_1_245' title='bbox 1201 3419 1279 3474; x_wconf 86' lang='lat' dir='ltr'><strong>De</strong></span> <span class='ocrx_word' id='word_1_246' title='bbox 1302 3424 1616 3478; x_wconf 81' lang='lat' dir='ltr'><strong>secreturiis.</strong></span> 
     </span>
    </p>
   </div>
   <div class='ocr_carea' id='block_1_36' title="bbox 617 3510 2202 3575">
    <p class='ocr_par' dir='ltr' id='par_1_36' title="bbox 617 3510 2202 3575">
     <span class='ocr_line' id='line_1_36' title="bbox 617 3510 2202 3575; baseline 0.006 -10"><span class='ocrx_word' id='word_1_247' title='bbox 617 3510 727 3565; x_wconf 79' lang='lat' dir='ltr'><strong>Seu</strong></span> <span class='ocrx_word' id='word_1_248' title='bbox 777 3510 1015 3566; x_wconf 75' lang='lat' dir='ltr'><strong>versiculi</strong></span> <span class='ocrx_word' id='word_1_249' title='bbox 1064 3514 1292 3568; x_wconf 81' lang='lat' dir='ltr'><strong>auafiter</strong></span> <span class='ocrx_word' id='word_1_250' title='bbox 1350 3528 1470 3571; x_wconf 79' lang='lat' dir='ltr'><strong>sunt</strong></span> <span class='ocrx_word' id='word_1_251' title='bbox 1524 3520 1884 3574; x_wconf 70' lang='lat' dir='ltr'><strong>conscribendi</strong></span> <span class='ocrx_word' id='word_1_252' title='bbox 1937 3521 1990 3575; x_wconf 89' lang='lat' dir='ltr'><strong>iu</strong></span> <span class='ocrx_word' id='word_1_253' title='bbox 2042 3520 2202 3575; x_wconf 82' lang='lat' dir='ltr'><strong>culice</strong></span> 
     </span>
    </p>
   </div>
   <div class='ocr_carea' id='block_1_37' title="bbox 1208 3596 1607 3656">
    <p class='ocr_par' dir='ltr' id='par_1_37' title="bbox 1208 3596 1607 3656">
     <span class='ocr_line' id='line_1_37' title="bbox 1208 3596 1607 3656; baseline 0.01 -18"><span class='ocrx_word' id='word_1_254' title='bbox 1208 3596 1363 3655; x_wconf 75' lang='lat' dir='ltr'><strong>atque</strong></span> <span class='ocrx_word' id='word_1_255' title='bbox 1397 3599 1607 3656; x_wconf 75' lang='lat' dir='ltr'><strong>potetur.</strong></span> 
     </span>
    </p>
   </div>
   <div class='ocr_carea' id='block_1_38' title="bbox 688 3670 2201 3752">
    <p class='ocr_par' dir='ltr' id='par_1_38' title="bbox 688 3670 2201 3752">
     <span class='ocr_line' id='line_1_38' title="bbox 688 3670 2201 3752; baseline 0.011 -26"><span class='ocrx_word' id='word_1_256' title='bbox 688 3670 984 3730; x_wconf 90' lang='lat' dir='ltr'><strong>Secretarii</strong></span> <span class='ocrx_word' id='word_1_257' title='bbox 1037 3691 1273 3747; x_wconf 86' lang='lat' dir='ltr'><strong>namque</strong></span> <span class='ocrx_word' id='word_1_258' title='bbox 1306 3679 1484 3734; x_wconf 90' lang='lat' dir='ltr'><strong>lavent</strong></span> <span class='ocrx_word' id='word_1_259' title='bbox 1524 3682 1671 3736; x_wconf 89' lang='lat' dir='ltr'><strong>omni</strong></span> <span class='ocrx_word' id='word_1_260' title='bbox 1714 3693 1907 3752; x_wconf 86' lang='lat' dir='ltr'><strong>quarta</strong></span> <span class='ocrx_word' id='word_1_261' title='bbox 1938 3684 2072 3740; x_wconf 90' lang='lat' dir='ltr'><strong>feria</strong></span> <span class='ocrx_word' id='word_1_262' title='bbox 2103 3701 2201 3742; x_wconf 84' lang='lat' dir='ltr'><strong>ca-</strong></span> 
     </span>
    </p>
   </div>
   <div class='ocr_carea' id='block_1_39' title="bbox 615 3761 2201 3846">
    <p class='ocr_par' dir='ltr' id='par_1_39' title="bbox 615 3761 2201 3846">
     <span class='ocr_line' id='line_1_39' title="bbox 615 3761 2201 3846; baseline 0.011 -31"><span class='ocrx_word' id='word_1_263' title='bbox 615 3761 770 3827; x_wconf 85' lang='lat' dir='ltr'><strong>lices,</strong></span> <span class='ocrx_word' id='word_1_264' title='bbox 808 3774 863 3818; x_wconf 93' lang='lat' dir='ltr'><strong>et</strong></span> <span class='ocrx_word' id='word_1_265' title='bbox 893 3765 980 3820; x_wconf 92' lang='lat' dir='ltr'><strong>die</strong></span> <span class='ocrx_word' id='word_1_266' title='bbox 1025 3766 1373 3823; x_wconf 84' lang='lat' dir='ltr'><strong>sabbatorum</strong></span> <span class='ocrx_word' id='word_1_267' title='bbox 1407 3771 1599 3837; x_wconf 85' lang='lat' dir='ltr'><strong>valde,</strong></span> <span class='ocrx_word' id='word_1_268' title='bbox 1650 3773 1908 3843; x_wconf 88' lang='lat' dir='ltr'><strong>omnique</strong></span> <span class='ocrx_word' id='word_1_269' title='bbox 1959 3786 2201 3846; x_wconf 89' lang='lat' dir='ltr'><strong>tempore</strong></span> 
     </span>
    </p>
   </div>
   <div class='ocr_carea' id='block_1_40' title="bbox 614 3855 2202 3929">
    <p class='ocr_par' dir='ltr' id='par_1_40' title="bbox 614 3855 2202 3929">
     <span class='ocr_line' id='line_1_40' title="bbox 614 3855 2202 3929; baseline 0.009 -22"><span class='ocrx_word' id='word_1_270' title='bbox 614 3862 671 3908; x_wconf 87' lang='lat' dir='ltr'><strong>et</strong></span> <span class='ocrx_word' id='word_1_271' title='bbox 711 3855 953 3923; x_wconf 90' lang='lat' dir='ltr'><strong>quotidie</strong></span> <span class='ocrx_word' id='word_1_272' title='bbox 1000 3859 1328 3929; x_wconf 86' lang='lat' dir='ltr'><strong>perfundant</strong></span> <span class='ocrx_word' id='word_1_273' title='bbox 1367 3872 1493 3916; x_wconf 89' lang='lat' dir='ltr'><strong>ante</strong></span> <span class='ocrx_word' id='word_1_274' title='bbox 1542 3863 1761 3918; x_wconf 90' lang='lat' dir='ltr'><strong>missam</strong></span> <span class='ocrx_word' id='word_1_275' title='bbox 1800 3881 1903 3919; x_wconf 89' lang='lat' dir='ltr'><strong>una</strong></span> <span class='ocrx_word' id='word_1_276' title='bbox 1940 3867 2110 3922; x_wconf 85' lang='lat' dir='ltr'><strong>liora:</strong></span> <span class='ocrx_word' id='word_1_277' title='bbox 2146 3876 2202 3924; x_wconf 90' lang='lat' dir='ltr'><strong>et</strong></span> 
     </span>
    </p>
   </div>
   <div class='ocr_carea' id='block_1_41' title="bbox 612 3945 2201 4030">
    <p class='ocr_par' dir='ltr' id='par_1_41' title="bbox 612 3945 2201 4030">
     <span class='ocr_line' id='line_1_41' title="bbox 612 3945 2201 4030; baseline 0.01 -29"><span class='ocrx_word' id='word_1_278' title='bbox 612 3945 668 4001; x_wconf 89' lang='lat' dir='ltr'><strong>hi</strong></span> <span class='ocrx_word' id='word_1_279' title='bbox 702 3948 954 4003; x_wconf 84' lang='lat' dir='ltr'><strong>versiculi</strong></span> <span class='ocrx_word' id='word_1_280' title='bbox 995 3954 1290 4025; x_wconf 87' lang='lat' dir='ltr'><strong>conscripti</strong></span> <span class='ocrx_word' id='word_1_281' title='bbox 1315 3955 1426 4010; x_wconf 88' lang='lat' dir='ltr'><strong>sint</strong></span> <span class='ocrx_word' id='word_1_282' title='bbox 1450 3954 1504 4009; x_wconf 85' lang='lat' dir='ltr'><strong>iit</strong></span> <span class='ocrx_word' id='word_1_283' title='bbox 1531 3956 1680 4027; x_wconf 86' lang='lat' dir='ltr'><strong>ipsis,</strong></span> <span class='ocrx_word' id='word_1_284' title='bbox 1716 3973 1815 4028; x_wconf 89' lang='lat' dir='ltr'><strong>per</strong></span> <span class='ocrx_word' id='word_1_285' title='bbox 1842 3974 2201 4030; x_wconf 52' lang='lat' dir='ltr'><strong>unttmqucmé</strong></span> 
     </span>
    </p>
   </div>
   <div class='ocr_carea' id='block_1_42' title="bbox 610 4039 1049 4111">
    <p class='ocr_par' dir='ltr' id='par_1_42' title="bbox 610 4039 1049 4111">
     <span class='ocr_line' id='line_1_42' title="bbox 610 4039 1049 4111; baseline 0.009 -19"><span class='ocrx_word' id='word_1_286' title='bbox 610 4054 720 4111; x_wconf 88' lang='lat' dir='ltr'><strong>que</strong></span> <span class='ocrx_word' id='word_1_287' title='bbox 748 4039 855 4095; x_wconf 92' lang='lat' dir='ltr'><strong>duo</strong></span> <span class='ocrx_word' id='word_1_288' title='bbox 879 4053 933 4096; x_wconf 90' lang='lat' dir='ltr'><strong>et</strong></span> <span class='ocrx_word' id='word_1_289' title='bbox 966 4048 1049 4106; x_wconf 65' lang='grc' dir='ltr'><strong>ἧς.</strong></span> 
     </span>
    </p>
   </div>
   <div class='ocr_carea' id='block_1_43' title="bbox 682 4132 2200 4205">
    <p class='ocr_par' dir='ltr' id='par_1_43' title="bbox 682 4132 2200 4205">
     <span class='ocr_line' id='line_1_43' title="bbox 682 4132 2200 4205; baseline 0.009 -18"><span class='ocrx_word' id='word_1_290' title='bbox 682 4132 733 4202; x_wconf 80' lang='lat'><strong>7.</strong></span> <span class='ocrx_word' id='word_1_291' title='bbox 778 4132 1005 4205; x_wconf 81' lang='lat' dir='ltr'><strong>Mystica</strong></span> <span class='ocrx_word' id='word_1_292' title='bbox 1047 4134 1176 4191; x_wconf 91' lang='lat' dir='ltr'><strong>hinc</strong></span> <span class='ocrx_word' id='word_1_293' title='bbox 1225 4136 1441 4194; x_wconf 89' lang='lat' dir='ltr'><strong>Domini</strong></span> <span class='ocrx_word' id='word_1_294' title='bbox 1494 4151 1785 4198; x_wconf 91' lang='lat' dir='ltr'><strong>sumuntttr</strong></span> <span class='ocrx_word' id='word_1_295' title='bbox 1836 4144 1965 4198; x_wconf 91' lang='lat' dir='ltr'><strong>hinc</strong></span> <span class='ocrx_word' id='word_1_296' title='bbox 2015 4159 2200 4201; x_wconf 85' lang='lat' dir='ltr'><strong>sacra-</strong></span> 
     </span>
    </p>
   </div>
   <div class='ocr_carea' id='block_1_44' title="bbox 1896 4234 2122 4308">
    <p class='ocr_par' dir='ltr' id='par_1_44' title="bbox 1896 4234 2122 4308">
     <span class='ocr_line' id='line_1_44' title="bbox 1896 4234 2122 4308; baseline 0.013 -19"><span class='ocrx_word' id='word_1_297' title='bbox 1896 4234 2122 4308; x_wconf 87' lang='lat' dir='ltr'><strong>[ntctita.</strong></span> 
     </span>
    </p>
   </div>
   <div class='ocr_carea' id='block_1_45' title="bbox 677 4316 2087 4397">
    <p class='ocr_par' dir='ltr' id='par_1_45' title="bbox 677 4316 2087 4397">
     <span class='ocr_line' id='line_1_45' title="bbox 677 4316 2087 4397; baseline 0.011 -28"><span class='ocrx_word' id='word_1_298' title='bbox 677 4317 733 4387; x_wconf 75' lang='lat'><strong>7.</strong></span> <span class='ocrx_word' id='word_1_299' title='bbox 774 4316 819 4373; x_wconf 92' lang='grc' dir='ltr'>Ο</span> <span class='ocrx_word' id='word_1_300' title='bbox 860 4317 1016 4373; x_wconf 75' lang='lat' dir='ltr'><strong>Filii!</strong></span> <span class='ocrx_word' id='word_1_301' title='bbox 1047 4321 1191 4390; x_wconf 88' lang='lat' dir='ltr'><strong>quod</strong></span> <span class='ocrx_word' id='word_1_302' title='bbox 1220 4324 1436 4379; x_wconf 89' lang='lat' dir='ltr'><strong>sumitis</strong></span> <span class='ocrx_word' id='word_1_303' title='bbox 1468 4325 1856 4397; x_wconf 84' lang='lat' dir='ltr'><strong>amplectimini</strong></span> <span class='ocrx_word' id='word_1_304' title='bbox 1891 4343 1994 4383; x_wconf 91' lang='lat' dir='ltr'><strong>me.</strong></span> <span class='ocrx_word' id='word_1_305' title='bbox 2027 4336 2087 4393; x_wconf 49' lang='grc' dir='ltr'><strong>ᾗ</strong></span> 
     </span>
    </p>
   </div>
   <div class='ocr_carea' id='block_1_46' title="bbox 678 4412 2193 4494">
    <p class='ocr_par' dir='ltr' id='par_1_46' title="bbox 678 4412 2193 4494">
     <span class='ocr_line' id='line_1_46' title="bbox 678 4412 2193 4494; baseline 0.009 -28"><span class='ocrx_word' id='word_1_306' title='bbox 678 4414 736 4482; x_wconf 90' lang='lat'><strong>7.</strong></span> <span class='ocrx_word' id='word_1_307' title='bbox 779 4412 1027 4470; x_wconf 73' lang='lat' dir='ltr'><strong>Statuitur</strong></span> <span class='ocrx_word' id='word_1_308' title='bbox 1068 4417 1194 4473; x_wconf 91' lang='lat' dir='ltr'><strong>hinc</strong></span> <span class='ocrx_word' id='word_1_309' title='bbox 1236 4422 1459 4491; x_wconf 78' lang='lat' dir='ltr'><strong>sanguis</strong></span> <span class='ocrx_word' id='word_1_310' title='bbox 1491 4422 1704 4478; x_wconf 88' lang='lat' dir='ltr'><strong>Domini</strong></span> <span class='ocrx_word' id='word_1_311' title='bbox 1746 4424 1814 4480; x_wconf 90' lang='lat' dir='ltr'><strong>de</strong></span> <span class='ocrx_word' id='word_1_312' title='bbox 1846 4439 2072 4494; x_wconf 89' lang='lat' dir='ltr'><strong>corpore</strong></span> <span class='ocrx_word' id='word_1_313' title='bbox 2107 4424 2193 4480; x_wconf 69' lang='lat' dir='ltr'><strong>fu—</strong></span> 
     </span>
    </p>
   </div>
   <div class='ocr_carea' id='block_1_47' title="bbox 1983 4515 2121 4588">
    <p class='ocr_par' dir='ltr' id='par_1_47' title="bbox 1983 4515 2121 4588">
     <span class='ocr_line' id='line_1_47' title="bbox 1983 4515 2121 4588; baseline 0.007 -18"><span class='ocrx_word' id='word_1_314' title='bbox 1983 4515 2121 4588; x_wconf 74' lang='lat' dir='ltr'><strong>(sus.</strong></span> 
     </span>
    </p>
   </div>
   <div class='ocr_carea' id='block_1_48' title="bbox 679 4595 2191 4678">
    <p class='ocr_par' dir='ltr' id='par_1_48' title="bbox 679 4595 2191 4678">
     <span class='ocr_line' id='line_1_48' title="bbox 679 4595 2191 4678; baseline 0.011 -29"><span class='ocrx_word' id='word_1_315' title='bbox 679 4595 735 4665; x_wconf 82' lang='lat'><strong>7.</strong></span> <span class='ocrx_word' id='word_1_316' title='bbox 778 4595 879 4664; x_wconf 84' lang='lat' dir='ltr'><strong>Qui</strong></span> <span class='ocrx_word' id='word_1_317' title='bbox 914 4598 1056 4655; x_wconf 89' lang='lat' dir='ltr'><strong>bibis</strong></span> <span class='ocrx_word' id='word_1_318' title='bbox 1094 4601 1236 4656; x_wconf 90' lang='lat' dir='ltr'><strong>hunc</strong></span> <span class='ocrx_word' id='word_1_319' title='bbox 1268 4613 1451 4673; x_wconf 89' lang='lat' dir='ltr'><strong>potum</strong></span> <span class='ocrx_word' id='word_1_320' title='bbox 1491 4620 1614 4662; x_wconf 89' lang='lat' dir='ltr'><strong>cum</strong></span> <span class='ocrx_word' id='word_1_321' title='bbox 1656 4622 1851 4678; x_wconf 77' lang='lat' dir='ltr'><strong>magno</strong></span> <span class='ocrx_word' id='word_1_322' title='bbox 1887 4625 2040 4665; x_wconf 87' lang='lat' dir='ltr'><strong>smne</strong></span> <span class='ocrx_word' id='word_1_323' title='bbox 2085 4620 2191 4664; x_wconf 83' lang='lat' dir='ltr'><strong>trc-</strong></span> 
     </span>
    </p>
   </div>
   <div class='ocr_carea' id='block_1_49' title="bbox 709 4698 2117 4773">
    <p class='ocr_par' dir='ltr' id='par_1_49' title="bbox 709 4698 2117 4773">
     <span class='ocr_line' id='line_1_49' title="bbox 709 4698 2117 4773; baseline 0.018 -39"><span class='ocrx_word' id='word_1_324' title='bbox 709 4730 712 4734; x_wconf 88' lang='lat'><strong>.</strong></span> <span class='ocrx_word' id='word_1_325' title='bbox 1832 4698 2027 4773; x_wconf 88' lang='lat' dir='ltr'><strong>[more.</strong></span> <span class='ocrx_word' id='word_1_326' title='bbox 2058 4706 2117 4764; x_wconf 56' lang='grc' dir='ltr'>ὦ</span> 
     </span>
    </p>
   </div>
   <div class='ocr_carea' id='block_1_50' title="bbox 676 4777 2193 4862">
    <p class='ocr_par' dir='ltr' id='par_1_50' title="bbox 676 4777 2193 4862">
     <span class='ocr_line' id='line_1_50' title="bbox 676 4777 2193 4862; baseline 0.012 -30"><span class='ocrx_word' id='word_1_327' title='bbox 676 4777 730 4847; x_wconf 83' lang='lat'><strong>7.</strong></span> <span class='ocrx_word' id='word_1_328' title='bbox 772 4777 963 4836; x_wconf 85' lang='lat' dir='ltr'><strong>Vodilo</strong></span> <span class='ocrx_word' id='word_1_329' title='bbox 1015 4798 1210 4840; x_wconf 89' lang='lat' dir='ltr'><strong>nomen</strong></span> <span class='ocrx_word' id='word_1_330' title='bbox 1268 4785 1476 4843; x_wconf 88' lang='lat' dir='ltr'><strong>habens</strong></span> <span class='ocrx_word' id='word_1_331' title='bbox 1531 4789 1649 4845; x_wconf 69' lang='lat' dir='ltr'><strong>haec</strong></span> <span class='ocrx_word' id='word_1_332' title='bbox 1695 4804 1823 4846; x_wconf 85' lang='lat' dir='ltr'><strong>vasa</strong></span> <span class='ocrx_word' id='word_1_333' title='bbox 1880 4802 2193 4862; x_wconf 85' lang='lat' dir='ltr'><strong>patraverat</strong></span> 
     </span>
    </p>
   </div>
   <div class='ocr_carea' id='block_1_51' title="bbox 1904 4883 2155 4956">
    <p class='ocr_par' dir='ltr' id='par_1_51' title="bbox 1904 4883 2155 4956">
     <span class='ocr_line' id='line_1_51' title="bbox 1904 4883 2155 4956; baseline 0.012 -17"><span class='ocrx_word' id='word_1_334' title='bbox 1904 4883 2117 4956; x_wconf 86' lang='lat' dir='ltr'><strong>[abbas.</strong></span> <span class='ocrx_word' id='word_1_335' title='bbox 2151 4912 2155 4919; x_wconf 61' lang='grc' dir='ltr'><strong>ε</strong></span> 
     </span>
    </p>
   </div>
   <div class='ocr_carea' id='block_1_52' title="bbox 671 4965 2075 5043">
    <p class='ocr_par' dir='ltr' id='par_1_52' title="bbox 671 4965 2075 5043">
     <span class='ocr_line' id='line_1_52' title="bbox 671 4965 2075 5043; baseline 0.009 -24"><span class='ocrx_word' id='word_1_336' title='bbox 671 4965 726 5033; x_wconf 90' lang='lat'><strong>7.</strong></span> <span class='ocrx_word' id='word_1_337' title='bbox 768 4965 987 5026; x_wconf 80' lang='lat' dir='ltr'><strong>Henrici</strong></span> <span class='ocrx_word' id='word_1_338' title='bbox 1030 4972 1192 5043; x_wconf 79' lang='lat' dir='ltr'><strong>regis,</strong></span> <span class='ocrx_word' id='word_1_339' title='bbox 1237 4983 1292 5029; x_wconf 90' lang='lat' dir='ltr'><strong>et</strong></span> <span class='ocrx_word' id='word_1_340' title='bbox 1326 4990 1554 5032; x_wconf 89' lang='lat' dir='ltr'><strong>munere</strong></span> <span class='ocrx_word' id='word_1_341' title='bbox 1593 4977 1819 5031; x_wconf 85' lang='lat' dir='ltr'><strong>contulit</strong></span> <span class='ocrx_word' id='word_1_342' title='bbox 1851 4981 1981 5032; x_wconf 84' lang='lat' dir='ltr'><strong>aris.</strong></span> <span class='ocrx_word' id='word_1_343' title='bbox 2017 4986 2075 5043; x_wconf 52' lang='grc' dir='ltr'>ὦ</span> 
     </span>
    </p>
   </div>
   <div class='ocr_carea' id='block_1_53' title="bbox 602 5078 2187 5166">
    <p class='ocr_par' dir='ltr' id='par_1_53' title="bbox 602 5078 2187 5166">
     <span class='ocr_line' id='line_1_53' title="bbox 602 5078 2187 5166; baseline 0.011 -34"><span class='ocrx_word' id='word_1_344' title='bbox 602 5078 680 5133; x_wconf 81' lang='lat' dir='ltr'><strong>De</strong></span> <span class='ocrx_word' id='word_1_345' title='bbox 707 5081 900 5166; x_wconf 69' lang='lat' dir='ltr'><strong>tabulis</strong></span> <span class='ocrx_word' id='word_1_346' title='bbox 940 5101 1059 5154; x_wconf 81' lang='lat' dir='ltr'><strong>quw</strong></span> <span class='ocrx_word' id='word_1_347' title='bbox 1095 5087 1285 5166; x_wconf 65' lang='lat' dir='ltr'><strong>debent</strong></span> <span class='ocrx_word' id='word_1_348' title='bbox 1317 5089 1434 5166; x_wconf 64' lang='lat' dir='ltr'><strong>ﬁeri</strong></span> <span class='ocrx_word' id='word_1_349' title='bbox 1460 5107 1553 5166; x_wconf 78' lang='lat' dir='ltr'><strong>per</strong></span> <span class='ocrx_word' id='word_1_350' title='bbox 1578 5095 1984 5166; x_wconf 68' lang='lat' dir='ltr'><strong>unumquodque</strong></span> <span class='ocrx_word' id='word_1_351' title='bbox 2018 5096 2187 5150; x_wconf 82' lang='lat' dir='ltr'><strong>altare</strong></span> 
     </span>
    </p>
   </div>
   <div class='ocr_carea' id='block_1_54' title="bbox 814 5157 1971 5231">
    <p class='ocr_par' dir='ltr' id='par_1_54' title="bbox 814 5157 1971 5231">
     <span class='ocr_line' id='line_1_54' title="bbox 814 5157 1971 5231; baseline 0.013 -25"><span class='ocrx_word' id='word_1_352' title='bbox 814 5157 925 5208; x_wconf 85' lang='lat' dir='ltr'><strong>suis</strong></span> <span class='ocrx_word' id='word_1_353' title='bbox 963 5158 1261 5211; x_wconf 81' lang='lat' dir='ltr'><strong>nominibus</strong></span> <span class='ocrx_word' id='word_1_354' title='bbox 1292 5157 1548 5214; x_wconf 69' lang='lat' dir='ltr'><strong>dedicatis</strong></span> <span class='ocrx_word' id='word_1_355' title='bbox 1575 5164 1629 5216; x_wconf 83' lang='lat' dir='ltr'><strong>in</strong></span> <span class='ocrx_word' id='word_1_356' title='bbox 1662 5157 1971 5231; x_wconf 63' lang='lat' dir='ltr'><strong>parietibus.</strong></span> 
     </span>
    </p>
   </div>
   <div class='ocr_carea' id='block_1_55' title="bbox 672 5242 1975 5327">
    <p class='ocr_par' dir='ltr' id='par_1_55' title="bbox 672 5242 1975 5327">
     <span class='ocr_line' id='line_1_55' title="bbox 672 5242 1975 5327; baseline 0.014 -32"><span class='ocrx_word' id='word_1_357' title='bbox 672 5242 725 5310; x_wconf 86' lang='lat'><strong>7.</strong></span> <span class='ocrx_word' id='word_1_358' title='bbox 773 5243 997 5301; x_wconf 69' lang='lat' dir='ltr'><strong>Eximitc</strong></span> <span class='ocrx_word' id='word_1_359' title='bbox 1025 5249 1173 5303; x_wconf 84' lang='lat' dir='ltr'><strong>vocis</strong></span> <span class='ocrx_word' id='word_1_360' title='bbox 1208 5252 1515 5319; x_wconf 55' lang='lat' dir='ltr'><strong>praecinctis</strong></span> <span class='ocrx_word' id='word_1_361' title='bbox 1545 5254 1793 5327; x_wconf 83' lang='lat' dir='ltr'><strong>dogmata</strong></span> <span class='ocrx_word' id='word_1_362' title='bbox 1828 5259 1975 5313; x_wconf 88' lang='lat' dir='ltr'><strong>verbi</strong></span> 
     </span>
    </p>
   </div>
   <div class='ocr_carea' id='block_1_56' title="bbox 668 5326 1913 5418">
    <p class='ocr_par' dir='ltr' id='par_1_56' title="bbox 668 5326 1913 5418">
     <span class='ocr_line' id='line_1_56' title="bbox 668 5326 1913 5418; baseline 0.014 -31"><span class='ocrx_word' id='word_1_363' title='bbox 668 5333 726 5401; x_wconf 82' lang='lat'><strong>7.</strong></span> <span class='ocrx_word' id='word_1_364' title='bbox 765 5326 995 5393; x_wconf 79' lang='lat' dir='ltr'><strong>Mirifiea</strong></span> <span class='ocrx_word' id='word_1_365' title='bbox 1029 5342 1173 5397; x_wconf 89' lang='lat' dir='ltr'><strong>serie</strong></span> <span class='ocrx_word' id='word_1_366' title='bbox 1199 5344 1489 5401; x_wconf 86' lang='lat' dir='ltr'><strong>residentis</strong></span> <span class='ocrx_word' id='word_1_367' title='bbox 1513 5347 1913 5418; x_wconf 65' lang='lat' dir='ltr'><strong>Bartholomtei,</strong></span> 
     </span>
    </p>
   </div>
   <div class='ocr_carea' id='block_1_57' title="bbox 668 5485 2179 5577">
    <p class='ocr_par' dir='ltr' id='par_1_57' title="bbox 668 5485 2179 5577">
     <span class='ocr_line' id='line_1_57' title="bbox 668 5485 2179 5577; baseline 0.011 -30"><span class='ocrx_word' id='word_1_368' title='bbox 668 5485 993 5577; x_wconf 33' lang='grc' dir='ltr'><strong>(ξφ-ΒΨγεῖ</strong></span> <span class='ocrx_word' id='word_1_369' title='bbox 1037 5496 1139 5553; x_wconf 89' lang='lat' dir='ltr'><strong>hoc</strong></span> <span class='ocrx_word' id='word_1_370' title='bbox 1169 5500 1290 5556; x_wconf 89' lang='lat' dir='ltr'><strong>loco</strong></span> <span class='ocrx_word' id='word_1_371' title='bbox 1321 5513 1405 5577; x_wconf 83' lang='lat' dir='ltr'><strong>est</strong></span> <span class='ocrx_word' id='word_1_372' title='bbox 1438 5505 1658 5572; x_wconf 86' lang='lat' dir='ltr'><strong>scheda,</strong></span> <span class='ocrx_word' id='word_1_373' title='bbox 1708 5506 1761 5562; x_wconf 91' lang='lat' dir='ltr'><strong>in</strong></span> <span class='ocrx_word' id='word_1_374' title='bbox 1812 5522 1916 5576; x_wconf 89' lang='lat' dir='ltr'><strong>qua</strong></span> <span class='ocrx_word' id='word_1_375' title='bbox 1962 5509 2179 5564; x_wconf 89' lang='lat' dir='ltr'><strong>nomina</strong></span> 
     </span>
    </p>
   </div>
   <div class='ocr_carea' id='block_1_58' title="bbox 599 5554 2178 5649">
    <p class='ocr_par' dir='ltr' id='par_1_58' title="bbox 599 5554 2178 5649">
     <span class='ocr_line' id='line_1_58' title="bbox 599 5554 2178 5649; baseline 0.013 -34"><span class='ocrx_word' id='word_1_376' title='bbox 938 5564 1221 5649; x_wconf 67' lang='lat' dir='ltr'><strong>librorum,</strong></span> <span class='ocrx_word' id='word_1_377' title='bbox 1251 5574 1342 5641; x_wconf 86' lang='lat' dir='ltr'><strong>qui</strong></span> <span class='ocrx_word' id='word_1_378' title='bbox 1377 5585 1502 5649; x_wconf 72' lang='lat' dir='ltr'><strong>ante</strong></span> <span class='ocrx_word' id='word_1_379' title='bbox 1540 5554 1738 5631; x_wconf 64' lang='lat' dir='ltr'><strong>annitm</strong></span> <span class='ocrx_word' id='word_1_380' title='bbox 1770 5554 2178 5649; x_wconf 46' lang='lat' dir='ltr'><strong>etiiqtte&#39;eorniti</strong></span> 
     </span>
    </p>
   </div>
   <div class='ocr_carea' id='block_1_59' title="bbox 599 5640 2179 5725">
    <p class='ocr_par' dir='ltr' id='par_1_59' title="bbox 599 5640 2179 5725">
     <span class='ocr_line' id='line_1_59' title="bbox 599 5640 2179 5725; baseline 0.015 -44"><span class='ocrx_word' id='word_1_381' title='bbox 599 5640 1040 5725; x_wconf 35' lang='lat' dir='ltr'><strong>atlt&#39;nnc-enssiﬂerant,</strong></span> <span class='ocrx_word' id='word_1_382' title='bbox 1079 5640 1583 5725; x_wconf 62' lang='lat' dir='ltr'><strong>notabantur..llzec</strong></span> <span class='ocrx_word' id='word_1_383' title='bbox 1615 5650 1833 5725; x_wconf 78' lang='lat' dir='ltr'><strong>scheda,</strong></span> <span class='ocrx_word' id='word_1_384' title='bbox 1877 5640 1947 5725; x_wconf 80' lang='grc' dir='ltr'>ὐι</span> <span class='ocrx_word' id='word_1_385' title='bbox 1996 5649 2179 5725; x_wconf 75' lang='lat' dir='ltr'><strong>llildc-</strong></span> 
     </span>
    </p>
   </div>
   <div class='ocr_carea' id='block_1_60' title="bbox 599 5709 2177 5790">
    <p class='ocr_par' dir='ltr' id='par_1_60' title="bbox 599 5709 2177 5790">
     <span class='ocr_line' id='line_1_60' title="bbox 599 5709 2177 5790; baseline 0.018 -41"><span class='ocrx_word' id='word_1_386' title='bbox 599 5709 783 5755; x_wconf 49' lang='lat' dir='ltr'><strong>murus</strong></span> <span class='ocrx_word' id='word_1_387' title='bbox 835 5709 888 5759; x_wconf 89' lang='lat' dir='ltr'><strong>in</strong></span> <span class='ocrx_word' id='word_1_388' title='bbox 933 5721 1029 5762; x_wconf 86' lang='lat' dir='ltr'><strong>sua</strong></span> <span class='ocrx_word' id='word_1_389' title='bbox 1080 5713 1367 5773; x_wconf 82' lang='lat' dir='ltr'><strong>traditione</strong></span> <span class='ocrx_word' id='word_1_390' title='bbox 1411 5716 1465 5773; x_wconf 89' lang='lat' dir='ltr'><strong>in</strong></span> <span class='ocrx_word' id='word_1_391' title='bbox 1517 5720 1754 5790; x_wconf 77' lang='lat' dir='ltr'><strong>regulam</strong></span> <span class='ocrx_word' id='word_1_392' title='bbox 1801 5709 1975 5788; x_wconf 75' lang='lat' dir='ltr'><strong>tloc&#39;et,</strong></span> <span class='ocrx_word' id='word_1_393' title='bbox 2024 5722 2177 5778; x_wconf 67' lang='lat' dir='ltr'><strong>initio</strong></span> 
     </span>
    </p>
   </div>
   <div class='ocr_carea' id='block_1_61' title="bbox 1766 256 2843 329">
    <p class='ocr_par' dir='ltr' id='par_1_61' title="bbox 1766 256 2843 329">
     <span class='ocr_line' id='line_1_61' title="bbox 1766 256 2843 329; baseline -0.001 -14"><span class='ocrx_word' id='word_1_394' title='bbox 1766 257 2094 329; x_wconf 75' lang='lat' dir='ltr'><strong>CClDONlS</strong></span> <span class='ocrx_word' id='word_1_395' title='bbox 2126 260 2423 316; x_wconf 77' lang='lat' dir='ltr'><strong>ABBATIS</strong></span> <span class='ocrx_word' id='word_1_396' title='bbox 2462 256 2843 317; x_wconf 72' lang='lat' dir='ltr'><strong>FARFENSIS</strong></span> 
     </span>
    </p>
   </div>
   <div class='ocr_carea' id='block_1_62' title="bbox 2231 3112 2273 3169">
    <p class='ocr_par' dir='ltr' id='par_1_62' title="bbox 2231 3112 2273 3169">
     <span class='ocr_line' id='line_1_62' title="bbox 2231 3112 2273 3169; baseline 0 0"><span class='ocrx_word' id='word_1_397' title='bbox 2231 3112 2273 3169; x_wconf 95' lang='lat' dir='ltr'><strong>C</strong></span> 
     </span>
    </p>
   </div>
   <div class='ocr_carea' id='block_1_63' title="bbox 3674 273 3751 332">
    <p class='ocr_par' dir='ltr' id='par_1_63' title="bbox 3674 273 3751 332">
     <span class='ocr_line' id='line_1_63' title="bbox 3674 273 3751 332; baseline 0.052 -4"><span class='ocrx_word' id='word_1_398' title='bbox 3674 273 3751 332; x_wconf 66' lang='grc' dir='ltr'>ιιιι</span> 
     </span>
    </p>
   </div>
   <div class='ocr_carea' id='block_1_64' title="bbox 2250 356 3641 442">
    <p class='ocr_par' dir='ltr' id='par_1_64' title="bbox 2250 356 3641 442">
     <span class='ocr_line' id='line_1_64' title="bbox 2250 356 3641 442; baseline 0.008 -20"><span class='ocrx_word' id='word_1_399' title='bbox 2250 356 2305 414; x_wconf 76' lang='grc' dir='ltr'><strong>Α</strong></span> <span class='ocrx_word' id='word_1_400' title='bbox 2402 373 2455 442; x_wconf 74' lang='lat'><strong>7,</strong></span> <span class='ocrx_word' id='word_1_401' title='bbox 2495 371 2881 442; x_wconf 86' lang='lat' dir='ltr'><strong>Pontificisqne</strong></span> <span class='ocrx_word' id='word_1_402' title='bbox 2907 370 3068 426; x_wconf 88' lang='lat' dir='ltr'><strong>simul</strong></span> <span class='ocrx_word' id='word_1_403' title='bbox 3098 370 3313 427; x_wconf 81' lang='lat' dir='ltr'><strong>Martini</strong></span> <span class='ocrx_word' id='word_1_404' title='bbox 3338 370 3451 441; x_wconf 80' lang='lat' dir='ltr'><strong>jure</strong></span> <span class='ocrx_word' id='word_1_405' title='bbox 3478 379 3641 433; x_wconf 76' lang='lat' dir='ltr'><strong>verendi</strong></span> 
     </span>
    </p>
   </div>
   <div class='ocr_carea' id='block_1_65' title="bbox 2396 461 3754 542">
    <p class='ocr_par' dir='ltr' id='par_1_65' title="bbox 2396 461 3754 542">
     <span class='ocr_line' id='line_1_65' title="bbox 2396 461 3754 542; baseline 0.01 -26"><span class='ocrx_word' id='word_1_406' title='bbox 2396 463 2454 531; x_wconf 79' lang='lat'><strong>7.</strong></span> <span class='ocrx_word' id='word_1_407' title='bbox 2494 463 2601 518; x_wconf 83' lang='lat' dir='ltr'><strong>Ara</strong></span> <span class='ocrx_word' id='word_1_408' title='bbox 2643 462 2824 527; x_wconf 86' lang='lat' dir='ltr'><strong>micat,</strong></span> <span class='ocrx_word' id='word_1_409' title='bbox 2857 461 3007 518; x_wconf 86' lang='lat' dir='ltr'><strong>claro</strong></span> <span class='ocrx_word' id='word_1_410' title='bbox 3038 462 3264 517; x_wconf 88' lang='lat' dir='ltr'><strong>nimium</strong></span> <span class='ocrx_word' id='word_1_411' title='bbox 3294 464 3591 523; x_wconf 73' lang='lat' dir='ltr'><strong>decoramina</strong></span> <span class='ocrx_word' id='word_1_412' title='bbox 3612 485 3754 542; x_wconf 65' lang='lat' dir='ltr'><strong>compta.</strong></span> 
     </span>
    </p>
   </div>
   <div class='ocr_carea' id='block_1_66' title="bbox 2394 551 3718 625">
    <p class='ocr_par' dir='ltr' id='par_1_66' title="bbox 2394 551 3718 625">
     <span class='ocr_line' id='line_1_66' title="bbox 2394 551 3718 625; baseline 0.008 -18"><span class='ocrx_word' id='word_1_413' title='bbox 2394 551 2449 623; x_wconf 84' lang='lat'><strong>7.</strong></span> <span class='ocrx_word' id='word_1_414' title='bbox 2492 554 2559 608; x_wconf 86' lang='lat' dir='ltr'><strong>Et</strong></span> <span class='ocrx_word' id='word_1_415' title='bbox 2584 556 2736 609; x_wconf 88' lang='lat' dir='ltr'><strong>vobis</strong></span> <span class='ocrx_word' id='word_1_416' title='bbox 2762 569 3017 625; x_wconf 87' lang='lat' dir='ltr'><strong>proceres</strong></span> <span class='ocrx_word' id='word_1_417' title='bbox 3045 554 3192 608; x_wconf 88' lang='lat' dir='ltr'><strong>rutili</strong></span> <span class='ocrx_word' id='word_1_418' title='bbox 3226 556 3326 609; x_wconf 92' lang='lat' dir='ltr'><strong>hoc</strong></span> <span class='ocrx_word' id='word_1_419' title='bbox 3351 555 3504 611; x_wconf 86' lang='lat' dir='ltr'><strong>altare</strong></span> <span class='ocrx_word' id='word_1_420' title='bbox 3535 574 3718 620; x_wconf 79' lang='lat' dir='ltr'><strong>sacratum</strong></span> 
     </span>
    </p>
   </div>
   <div class='ocr_carea' id='block_1_67' title="bbox 2393 645 3755 719">
    <p class='ocr_par' dir='ltr' id='par_1_67' title="bbox 2393 645 3755 719">
     <span class='ocr_line' id='line_1_67' title="bbox 2393 645 3755 719; baseline 0.006 -18"><span class='ocrx_word' id='word_1_421' title='bbox 2393 645 2447 715; x_wconf 83' lang='lat'><strong>7.</strong></span> <span class='ocrx_word' id='word_1_422' title='bbox 2493 647 2704 702; x_wconf 88' lang='lat' dir='ltr'><strong>Summi</strong></span> <span class='ocrx_word' id='word_1_423' title='bbox 2752 656 2956 719; x_wconf 79' lang='lat' dir='ltr'><strong>mystes</strong></span> <span class='ocrx_word' id='word_1_424' title='bbox 2991 646 3205 701; x_wconf 89' lang='lat' dir='ltr'><strong>Domini</strong></span> <span class='ocrx_word' id='word_1_425' title='bbox 3237 645 3475 712; x_wconf 81' lang='lat' dir='ltr'><strong>Joannes,</strong></span> <span class='ocrx_word' id='word_1_426' title='bbox 3503 649 3755 719; x_wconf 48' lang='lat' dir='ltr'><strong>Jacobeﬁila</strong></span> 
     </span>
    </p>
   </div>
   <div class='ocr_carea' id='block_1_68' title="bbox 2326 745 3807 817">
    <p class='ocr_par' dir='ltr' id='par_1_68' title="bbox 2326 746 3807 817">
     <span class='ocr_line' id='line_1_68' title="bbox 2326 746 3807 817; baseline -0.001 -12"><span class='ocrx_word' id='word_1_427' title='bbox 2326 796 2327 805; x_wconf 51' lang='grc' dir='ltr'><strong>η</strong></span> <span class='ocrx_word' id='word_1_428' title='bbox 3640 746 3719 817; x_wconf 53' lang='lat' dir='ltr'><strong>luit.</strong></span> <span class='ocrx_word' id='word_1_429' title='bbox 3806 750 3807 805; x_wconf 63' lang='lat' dir='ltr'><strong>l</strong></span> 
     </span>
    </p>
   </div>
   <div class='ocr_carea' id='block_1_69' title="bbox 2390 823 3697 898">
    <p class='ocr_par' dir='ltr' id='par_1_69' title="bbox 2390 823 3697 898">
     <span class='ocr_line' id='line_1_69' title="bbox 2390 823 3697 898; baseline 0.008 -18"><span class='ocrx_word' id='word_1_430' title='bbox 2390 826 2447 896; x_wconf 81' lang='lat'><strong>7.</strong></span> <span class='ocrx_word' id='word_1_431' title='bbox 2487 823 2863 898; x_wconf 74' lang='lat' dir='ltr'><strong>Gregoriique,</strong></span> <span class='ocrx_word' id='word_1_432' title='bbox 2897 824 3188 898; x_wconf 78' lang='lat' dir='ltr'><strong>Augustini</strong></span> <span class='ocrx_word' id='word_1_433' title='bbox 3225 829 3323 882; x_wconf 91' lang='lat' dir='ltr'><strong>sub</strong></span> <span class='ocrx_word' id='word_1_434' title='bbox 3351 840 3568 888; x_wconf 82' lang='lat' dir='ltr'><strong>onomate</strong></span> <span class='ocrx_word' id='word_1_435' title='bbox 3590 838 3697 891; x_wconf 76' lang='lat' dir='ltr'><strong>sacri.</strong></span> 
     </span>
    </p>
   </div>
   <div class='ocr_carea' id='block_1_70' title="bbox 2322 906 3622 987">
    <p class='ocr_par' dir='ltr' id='par_1_70' title="bbox 2322 906 3622 987">
     <span class='ocr_line' id='line_1_70' title="bbox 2322 906 3622 987; baseline 0.005 -17"><span class='ocrx_word' id='word_1_436' title='bbox 2322 984 2325 987; x_wconf 95' lang='lat'><em>_</em></span> <span class='ocrx_word' id='word_1_437' title='bbox 2389 916 2444 986; x_wconf 88' lang='lat'><strong>7.</strong></span> <span class='ocrx_word' id='word_1_438' title='bbox 2482 914 2702 971; x_wconf 81' lang='lat' dir='ltr'><strong>Taurini</strong></span> <span class='ocrx_word' id='word_1_439' title='bbox 2731 906 2979 973; x_wconf 85' lang='lat' dir='ltr'><strong>necnon</strong></span> <span class='ocrx_word' id='word_1_440' title='bbox 3007 918 3337 974; x_wconf 84' lang='lat' dir='ltr'><strong>confessoris</strong></span> <span class='ocrx_word' id='word_1_441' title='bbox 3361 926 3622 979; x_wconf 76' lang='lat' dir='ltr'><strong>venerandi.</strong></span> 
     </span>
    </p>
   </div>
   <div class='ocr_carea' id='block_1_71' title="bbox 2388 1008 3807 1081">
    <p class='ocr_par' dir='ltr' id='par_1_71' title="bbox 2388 1008 3807 1081">
     <span class='ocr_line' id='line_1_71' title="bbox 2388 1008 3807 1081; baseline 0.005 -17"><span class='ocrx_word' id='word_1_442' title='bbox 2388 1010 2443 1074; x_wconf 80' lang='lat'><strong>7.</strong></span> <span class='ocrx_word' id='word_1_443' title='bbox 2487 1008 2599 1065; x_wconf 81' lang='lat' dir='ltr'><strong>lloc</strong></span> <span class='ocrx_word' id='word_1_444' title='bbox 2630 1009 2807 1066; x_wconf 83' lang='lat' dir='ltr'><strong>altare</strong></span> <span class='ocrx_word' id='word_1_445' title='bbox 2830 1011 2968 1066; x_wconf 87' lang='lat' dir='ltr'><strong>nitet</strong></span> <span class='ocrx_word' id='word_1_446' title='bbox 2992 1010 3211 1067; x_wconf 89' lang='lat' dir='ltr'><strong>Domini</strong></span> <span class='ocrx_word' id='word_1_447' title='bbox 3237 1012 3429 1081; x_wconf 88' lang='lat' dir='ltr'><strong>pietate</strong></span> <span class='ocrx_word' id='word_1_448' title='bbox 3452 1013 3652 1072; x_wconf 86' lang='lat' dir='ltr'><strong>dicatum.</strong></span> <span class='ocrx_word' id='word_1_449' title='bbox 3806 1050 3807 1079; x_wconf 55' lang='grc' dir='ltr'><strong>ι</strong></span> 
     </span>
    </p>
   </div>
   <div class='ocr_carea' id='block_1_72' title="bbox 2388 1084 3807 1223">
    <p class='ocr_par' dir='ltr' id='par_1_72' title="bbox 2388 1084 3807 1223">
     <span class='ocr_line' id='line_1_72' title="bbox 2388 1084 3807 1223; baseline 0.008 -63"><span class='ocrx_word' id='word_1_450' title='bbox 2388 1103 2448 1174; x_wconf 88' lang='lat'><strong>7.</strong></span> <span class='ocrx_word' id='word_1_451' title='bbox 2488 1102 2532 1159; x_wconf 90' lang='grc'>0</span> <span class='ocrx_word' id='word_1_452' title='bbox 2562 1084 2848 1161; x_wconf 68' lang='lat' dir='ltr'><strong>lienedicte</strong></span> <span class='ocrx_word' id='word_1_453' title='bbox 2873 1102 3041 1162; x_wconf 88' lang='lat' dir='ltr'><strong>Pater</strong></span> <span class='ocrx_word' id='word_1_454' title='bbox 3072 1104 3323 1161; x_wconf 91' lang='lat' dir='ltr'><strong>columen</strong></span> <span class='ocrx_word' id='word_1_455' title='bbox 3371 1108 3468 1164; x_wconf 78' lang='lat' dir='ltr'><strong>dux</strong></span> <span class='ocrx_word' id='word_1_456' title='bbox 3499 1118 3545 1165; x_wconf 89' lang='lat' dir='ltr'><strong>et</strong></span> <span class='ocrx_word' id='word_1_457' title='bbox 3575 1114 3759 1172; x_wconf 51' lang='lat' dir='ltr'><strong>monacho.</strong></span> <span class='ocrx_word' id='word_1_458' title='bbox 3790 1100 3807 1223; x_wconf 59' lang='grc' dir='ltr'>ει</span> 
     </span>
    </p>
   </div>
   <div class='ocr_carea' id='block_1_73' title="bbox 2318 1214 3807 1277">
    <p class='ocr_par' dir='ltr' id='par_1_73' title="bbox 2318 1214 3807 1277">
     <span class='ocr_line' id='line_1_73' title="bbox 2318 1214 3807 1277; baseline 0.017 -25"><span class='ocrx_word' id='word_1_459' title='bbox 2318 1214 2466 1254; x_wconf 86' lang='lat' dir='ltr'><strong>rum.</strong></span> <span class='ocrx_word' id='word_1_460' title='bbox 3805 1214 3807 1277; x_wconf 52' lang='grc' dir='ltr'><strong>ἰ</strong></span> 
     </span>
    </p>
   </div>
   <div class='ocr_carea' id='block_1_74' title="bbox 2388 1290 3761 1372">
    <p class='ocr_par' dir='ltr' id='par_1_74' title="bbox 2388 1290 3761 1372">
     <span class='ocr_line' id='line_1_74' title="bbox 2388 1290 3761 1372; baseline 0.005 -25"><span class='ocrx_word' id='word_1_461' title='bbox 2388 1293 2442 1361; x_wconf 70' lang='lat'><strong>7.</strong></span> <span class='ocrx_word' id='word_1_462' title='bbox 2484 1291 2819 1349; x_wconf 87' lang='lat' dir='ltr'><strong>Columbane</strong></span> <span class='ocrx_word' id='word_1_463' title='bbox 2846 1291 3057 1348; x_wconf 86' lang='lat' dir='ltr'><strong>micans</strong></span> <span class='ocrx_word' id='word_1_464' title='bbox 3101 1290 3275 1351; x_wconf 87' lang='lat' dir='ltr'><strong>sidus.</strong></span> <span class='ocrx_word' id='word_1_465' title='bbox 3307 1291 3466 1350; x_wconf 88' lang='lat' dir='ltr'><strong>dulcis</strong></span> <span class='ocrx_word' id='word_1_466' title='bbox 3503 1295 3761 1372; x_wconf 58' lang='grc' dir='ltr'><strong>Ρίιὶδειῆεῖιι.</strong></span> 
     </span>
    </p>
   </div>
   <div class='ocr_carea' id='block_1_75' title="bbox 2320 1381 2621 1457">
    <p class='ocr_par' dir='ltr' id='par_1_75' title="bbox 2320 1381 2621 1457">
     <span class='ocr_line' id='line_1_75' title="bbox 2320 1381 2621 1457; baseline 0.003 -20"><span class='ocrx_word' id='word_1_467' title='bbox 2320 1381 2557 1457; x_wconf 78' lang='lat' dir='ltr'><strong>lberite].</strong></span> <span class='ocrx_word' id='word_1_468' title='bbox 2620 1386 2621 1389; x_wconf 64' lang='grc'><em>“</em></span> 
     </span>
    </p>
   </div>
   <div class='ocr_carea' id='block_1_76' title="bbox 2387 1468 3766 1552">
    <p class='ocr_par' dir='ltr' id='par_1_76' title="bbox 2387 1468 3766 1552">
     <span class='ocr_line' id='line_1_76' title="bbox 2387 1468 3766 1552; baseline 0.006 -23"><span class='ocrx_word' id='word_1_469' title='bbox 2387 1475 2442 1545; x_wconf 77' lang='lat'><strong>7.</strong></span> <span class='ocrx_word' id='word_1_470' title='bbox 2485 1473 2715 1531; x_wconf 86' lang='lat' dir='ltr'><strong>Nomine</strong></span> <span class='ocrx_word' id='word_1_471' title='bbox 2762 1468 3020 1531; x_wconf 83' lang='lat' dir='ltr'><strong>mellifluo</strong></span> <span class='ocrx_word' id='word_1_472' title='bbox 3058 1483 3248 1531; x_wconf 83' lang='lat' dir='ltr'><strong>nostro</strong></span> <span class='ocrx_word' id='word_1_473' title='bbox 3282 1476 3461 1531; x_wconf 87' lang='lat' dir='ltr'><strong>domus</strong></span> <span class='ocrx_word' id='word_1_474' title='bbox 3489 1475 3573 1532; x_wconf 84' lang='lat' dir='ltr'><strong>ista</strong></span> <span class='ocrx_word' id='word_1_475' title='bbox 3609 1479 3766 1552; x_wconf 72' lang='lat' dir='ltr'><strong>refulget.</strong></span> 
     </span>
    </p>
   </div>
   <div class='ocr_carea' id='block_1_77' title="bbox 2566 1564 3614 1638">
    <p class='ocr_par' dir='ltr' id='par_1_77' title="bbox 2566 1564 3614 1638">
     <span class='ocr_line' id='line_1_77' title="bbox 2566 1564 3614 1638; baseline 0.004 -17"><span class='ocrx_word' id='word_1_476' title='bbox 2566 1565 2635 1621; x_wconf 83' lang='lat' dir='ltr'><strong>In</strong></span> <span class='ocrx_word' id='word_1_477' title='bbox 2664 1570 2958 1638; x_wconf 82' lang='lat' dir='ltr'><strong>posteriora</strong></span> <span class='ocrx_word' id='word_1_478' title='bbox 3000 1567 3173 1622; x_wconf 84' lang='lat' dir='ltr'><strong>crucis</strong></span> <span class='ocrx_word' id='word_1_479' title='bbox 3202 1568 3304 1623; x_wconf 80' lang='lat' dir='ltr'><strong>ista</strong></span> <span class='ocrx_word' id='word_1_480' title='bbox 3345 1564 3614 1625; x_wconf 78' lang='lat' dir='ltr'><strong>scribantur.</strong></span> 
     </span>
    </p>
   </div>
   <div class='ocr_carea' id='block_1_78' title="bbox 2386 1660 3767 1738">
    <p class='ocr_par' dir='ltr' id='par_1_78' title="bbox 2386 1660 3767 1738">
     <span class='ocr_line' id='line_1_78' title="bbox 2386 1660 3767 1738; baseline 0.007 -22"><span class='ocrx_word' id='word_1_481' title='bbox 2386 1660 2527 1716; x_wconf 80' lang='lat' dir='ltr'><strong>Crux</strong></span> <span class='ocrx_word' id='word_1_482' title='bbox 2579 1661 2931 1731; x_wconf 87' lang='lat' dir='ltr'><strong>parvulorum</strong></span> <span class='ocrx_word' id='word_1_483' title='bbox 2977 1671 3185 1717; x_wconf 90' lang='lat' dir='ltr'><strong>custos.</strong></span> <span class='ocrx_word' id='word_1_484' title='bbox 3233 1661 3379 1717; x_wconf 88' lang='lat' dir='ltr'><strong>Crux</strong></span> <span class='ocrx_word' id='word_1_485' title='bbox 3428 1663 3624 1719; x_wconf 79' lang='lat' dir='ltr'><strong>viromm</strong></span> <span class='ocrx_word' id='word_1_486' title='bbox 3657 1678 3767 1738; x_wconf 72' lang='lat' dir='ltr'><strong>caput</strong></span> 
     </span>
    </p>
   </div>
   <div class='ocr_carea' id='block_1_79' title="bbox 2242 1736 3770 1811">
    <p class='ocr_par' dir='ltr' id='par_1_79' title="bbox 2242 1736 3770 1811">
     <span class='ocr_line' id='line_1_79' title="bbox 2242 1736 3770 1811; baseline 0.003 -4"><span class='ocrx_word' id='word_1_487' title='bbox 2242 1736 2287 1796; x_wconf 76' lang='grc' dir='ltr'><strong>Β</strong></span> <span class='ocrx_word' id='word_1_488' title='bbox 2315 1751 2462 1807; x_wconf 85' lang='lat' dir='ltr'><strong>Crux</strong></span> <span class='ocrx_word' id='word_1_489' title='bbox 2492 1768 2683 1807; x_wconf 88' lang='lat' dir='ltr'><strong>senum</strong></span> <span class='ocrx_word' id='word_1_490' title='bbox 2724 1752 2868 1807; x_wconf 89' lang='lat' dir='ltr'><strong>finis.</strong></span> <span class='ocrx_word' id='word_1_491' title='bbox 2918 1752 3063 1808; x_wconf 90' lang='lat' dir='ltr'><strong>Crux</strong></span> <span class='ocrx_word' id='word_1_492' title='bbox 3095 1753 3277 1808; x_wconf 90' lang='lat' dir='ltr'><strong>lumen</strong></span> <span class='ocrx_word' id='word_1_493' title='bbox 3326 1754 3378 1808; x_wconf 87' lang='lat' dir='ltr'><strong>in</strong></span> <span class='ocrx_word' id='word_1_494' title='bbox 3424 1755 3621 1810; x_wconf 84' lang='lat' dir='ltr'><strong>tenebris</strong></span> <span class='ocrx_word' id='word_1_495' title='bbox 3652 1736 3770 1811; x_wconf 65' lang='lat' dir='ltr'><strong>seden-</strong></span> 
     </span>
    </p>
   </div>
   <div class='ocr_carea' id='block_1_80' title="bbox 2312 1829 3770 1916">
    <p class='ocr_par' dir='ltr' id='par_1_80' title="bbox 2312 1829 3770 1916">
     <span class='ocr_line' id='line_1_80' title="bbox 2312 1829 3770 1916; baseline 0.001 -18"><span class='ocrx_word' id='word_1_496' title='bbox 2312 1829 2473 1898; x_wconf 85' lang='lat' dir='ltr'><strong>tium.</strong></span> <span class='ocrx_word' id='word_1_497' title='bbox 2508 1843 2653 1899; x_wconf 84' lang='lat' dir='ltr'><strong>Crux</strong></span> <span class='ocrx_word' id='word_1_498' title='bbox 2689 1858 2881 1913; x_wconf 79' lang='lat' dir='ltr'><strong>regum</strong></span> <span class='ocrx_word' id='word_1_499' title='bbox 2910 1843 3337 1914; x_wconf 77' lang='lat' dir='ltr'><strong>magnificentia.</strong></span> <span class='ocrx_word' id='word_1_500' title='bbox 3368 1843 3495 1898; x_wconf 78' lang='lat' dir='ltr'><strong>Crux</strong></span> <span class='ocrx_word' id='word_1_501' title='bbox 3524 1854 3682 1903; x_wconf 84' lang='lat' dir='ltr'><strong>scutum</strong></span> <span class='ocrx_word' id='word_1_502' title='bbox 3697 1863 3770 1916; x_wconf 67' lang='lat' dir='ltr'><strong>pet-</strong></span> 
     </span>
    </p>
   </div>
   <div class='ocr_carea' id='block_1_81' title="bbox 2318 1918 3774 2010">
    <p class='ocr_par' dir='ltr' id='par_1_81' title="bbox 2318 1918 3774 2010">
     <span class='ocr_line' id='line_1_81' title="bbox 2318 1918 3774 2010; baseline 0.003 -19"><span class='ocrx_word' id='word_1_503' title='bbox 2318 1945 2564 2006; x_wconf 90' lang='lat' dir='ltr'><strong>petnum.</strong></span> <span class='ocrx_word' id='word_1_504' title='bbox 2593 1918 2741 1991; x_wconf 86' lang='lat' dir='ltr'><strong>Crux</strong></span> <span class='ocrx_word' id='word_1_505' title='bbox 2771 1936 3177 1993; x_wconf 89' lang='lat' dir='ltr'><strong>insensatorum</strong></span> <span class='ocrx_word' id='word_1_506' title='bbox 3209 1936 3481 2010; x_wconf 87' lang='lat' dir='ltr'><strong>sapientia.</strong></span> <span class='ocrx_word' id='word_1_507' title='bbox 3503 1941 3617 1994; x_wconf 74' lang='lat' dir='ltr'><strong>Crux</strong></span> <span class='ocrx_word' id='word_1_508' title='bbox 3636 1936 3774 1995; x_wconf 60' lang='lat' dir='ltr'><strong>literni</strong></span> 
     </span>
    </p>
   </div>
   <div class='ocr_carea' id='block_1_82' title="bbox 2314 2012 3774 2101">
    <p class='ocr_par' dir='ltr' id='par_1_82' title="bbox 2314 2012 3774 2101">
     <span class='ocr_line' id='line_1_82' title="bbox 2314 2012 3774 2101; baseline 0.003 -17"><span class='ocrx_word' id='word_1_509' title='bbox 2314 2027 2680 2084; x_wconf 87' lang='lat' dir='ltr'><strong>servulorum.</strong></span> <span class='ocrx_word' id='word_1_510' title='bbox 2726 2012 2873 2085; x_wconf 79' lang='lat' dir='ltr'><strong>Crux</strong></span> <span class='ocrx_word' id='word_1_511' title='bbox 2920 2030 3314 2100; x_wconf 89' lang='lat' dir='ltr'><strong>imperatorum</strong></span> <span class='ocrx_word' id='word_1_512' title='bbox 3355 2031 3659 2101; x_wconf 80' lang='lat' dir='ltr'><strong>philosophia.</strong></span> <span class='ocrx_word' id='word_1_513' title='bbox 3688 2035 3774 2089; x_wconf 80' lang='lat' dir='ltr'><strong>Crux</strong></span> 
     </span>
    </p>
   </div>
   <div class='ocr_carea' id='block_1_83' title="bbox 2318 2110 3776 2195">
    <p class='ocr_par' dir='ltr' id='par_1_83' title="bbox 2318 2110 3776 2195">
     <span class='ocr_line' id='line_1_83' title="bbox 2318 2110 3776 2195; baseline 0.003 -19"><span class='ocrx_word' id='word_1_514' title='bbox 2318 2120 2640 2191; x_wconf 85' lang='lat' dir='ltr'><strong>templorum</strong></span> <span class='ocrx_word' id='word_1_515' title='bbox 2689 2121 3006 2178; x_wconf 84' lang='lat' dir='ltr'><strong>destructio.</strong></span> <span class='ocrx_word' id='word_1_516' title='bbox 3060 2110 3213 2178; x_wconf 85' lang='lat' dir='ltr'><strong>Crux</strong></span> <span class='ocrx_word' id='word_1_517' title='bbox 3257 2122 3342 2177; x_wconf 89' lang='lat' dir='ltr'><strong>lex</strong></span> <span class='ocrx_word' id='word_1_518' title='bbox 3389 2124 3651 2195; x_wconf 79' lang='lat' dir='ltr'><strong>impiorum.</strong></span> <span class='ocrx_word' id='word_1_519' title='bbox 3690 2127 3776 2181; x_wconf 74' lang='lat' dir='ltr'><strong>Crux</strong></span> 
     </span>
    </p>
   </div>
   <div class='ocr_carea' id='block_1_84' title="bbox 2314 2214 3775 2287">
    <p class='ocr_par' dir='ltr' id='par_1_84' title="bbox 2314 2214 3775 2287">
     <span class='ocr_line' id='line_1_84' title="bbox 2314 2214 3775 2287; baseline 0 -18"><span class='ocrx_word' id='word_1_520' title='bbox 2314 2214 2584 2271; x_wconf 89' lang='lat' dir='ltr'><strong>idolorum</strong></span> <span class='ocrx_word' id='word_1_521' title='bbox 2616 2215 2876 2285; x_wconf 89' lang='lat' dir='ltr'><strong>repttlsio.</strong></span> <span class='ocrx_word' id='word_1_522' title='bbox 2930 2214 3077 2271; x_wconf 77' lang='lat' dir='ltr'><strong>Crux</strong></span> <span class='ocrx_word' id='word_1_523' title='bbox 3110 2215 3483 2287; x_wconf 87' lang='lat' dir='ltr'><strong>prophetarum</strong></span> <span class='ocrx_word' id='word_1_524' title='bbox 3526 2220 3775 2286; x_wconf 69' lang='lat' dir='ltr'><strong>praeconum.</strong></span> 
     </span>
    </p>
   </div>
   <div class='ocr_carea' id='block_1_85' title="bbox 2314 2308 3780 2379">
    <p class='ocr_par' dir='ltr' id='par_1_85' title="bbox 2314 2308 3780 2379">
     <span class='ocr_line' id='line_1_85' title="bbox 2314 2308 3780 2379; baseline -0.001 -16"><span class='ocrx_word' id='word_1_525' title='bbox 2314 2308 2461 2364; x_wconf 92' lang='lat' dir='ltr'><strong>Crux</strong></span> <span class='ocrx_word' id='word_1_526' title='bbox 2490 2308 2805 2364; x_wconf 88' lang='lat' dir='ltr'><strong>scandalum</strong></span> <span class='ocrx_word' id='word_1_527' title='bbox 2837 2308 3173 2364; x_wconf 69' lang='lat' dir='ltr'><strong>Judaeorum.</strong></span> <span class='ocrx_word' id='word_1_528' title='bbox 3204 2308 3346 2364; x_wconf 84' lang='lat' dir='ltr'><strong>Crux</strong></span> <span class='ocrx_word' id='word_1_529' title='bbox 3380 2308 3609 2365; x_wconf 83' lang='lat' dir='ltr'><strong>adunatio</strong></span> <span class='ocrx_word' id='word_1_530' title='bbox 3641 2324 3780 2379; x_wconf 65' lang='lat' dir='ltr'><strong>amste-</strong></span> 
     </span>
    </p>
   </div>
   <div class='ocr_carea' id='block_1_86' title="bbox 2314 2397 3781 2473">
    <p class='ocr_par' dir='ltr' id='par_1_86' title="bbox 2314 2397 3781 2473">
     <span class='ocr_line' id='line_1_86' title="bbox 2314 2397 3781 2473; baseline 0.003 -22"><span class='ocrx_word' id='word_1_531' title='bbox 2314 2397 2511 2453; x_wconf 86' lang='lat' dir='ltr'><strong>lorutn.</strong></span> <span class='ocrx_word' id='word_1_532' title='bbox 2566 2400 2711 2453; x_wconf 83' lang='lat' dir='ltr'><strong>Crux</strong></span> <span class='ocrx_word' id='word_1_533' title='bbox 2767 2401 3000 2470; x_wconf 87' lang='lat' dir='ltr'><strong>perditio</strong></span> <span class='ocrx_word' id='word_1_534' title='bbox 3048 2401 3362 2472; x_wconf 88' lang='lat' dir='ltr'><strong>impiorum.</strong></span> <span class='ocrx_word' id='word_1_535' title='bbox 3418 2402 3541 2457; x_wconf 87' lang='lat' dir='ltr'><strong>Crux</strong></span> <span class='ocrx_word' id='word_1_536' title='bbox 3580 2414 3781 2473; x_wconf 69' lang='lat' dir='ltr'><strong>martyrum</strong></span> 
     </span>
    </p>
   </div>
   <div class='ocr_carea' id='block_1_87' title="bbox 2313 2487 3784 2561">
    <p class='ocr_par' dir='ltr' id='par_1_87' title="bbox 2313 2487 3784 2561">
     <span class='ocr_line' id='line_1_87' title="bbox 2313 2487 3784 2561; baseline 0.002 -18"><span class='ocrx_word' id='word_1_537' title='bbox 2313 2487 2585 2561; x_wconf 82' lang='lat' dir='ltr'><strong>gloriatio.</strong></span> <span class='ocrx_word' id='word_1_538' title='bbox 2634 2487 2780 2544; x_wconf 83' lang='lat' dir='ltr'><strong>Crux</strong></span> <span class='ocrx_word' id='word_1_539' title='bbox 2822 2489 3139 2545; x_wconf 89' lang='lat' dir='ltr'><strong>claudorum</strong></span> <span class='ocrx_word' id='word_1_540' title='bbox 3168 2491 3360 2546; x_wconf 83' lang='lat' dir='ltr'><strong>virtus.</strong></span> <span class='ocrx_word' id='word_1_541' title='bbox 3405 2490 3531 2546; x_wconf 85' lang='lat' dir='ltr'><strong>Crux</strong></span> <span class='ocrx_word' id='word_1_542' title='bbox 3582 2496 3784 2546; x_wconf 80' lang='lat' dir='ltr'><strong>monacho-</strong></span> 
     </span>
    </p>
   </div>
   <div class='ocr_carea' id='block_1_88' title="bbox 2313 2583 3781 2653">
    <p class='ocr_par' dir='ltr' id='par_1_88' title="bbox 2313 2583 3781 2653">
     <span class='ocr_line' id='line_1_88' title="bbox 2313 2583 3781 2653; baseline 0.001 -17"><span class='ocrx_word' id='word_1_543' title='bbox 2313 2596 2432 2637; x_wconf 88' lang='lat' dir='ltr'><strong>rum</strong></span> <span class='ocrx_word' id='word_1_544' title='bbox 2466 2583 2814 2639; x_wconf 88' lang='lat' dir='ltr'><strong>abstinentia.</strong></span> <span class='ocrx_word' id='word_1_545' title='bbox 2854 2583 3000 2639; x_wconf 90' lang='lat' dir='ltr'><strong>Crux</strong></span> <span class='ocrx_word' id='word_1_546' title='bbox 3029 2584 3410 2653; x_wconf 59' lang='lat' dir='ltr'><strong>agrotantium</strong></span> <span class='ocrx_word' id='word_1_547' title='bbox 3450 2584 3669 2639; x_wconf 81' lang='lat' dir='ltr'><strong>medicus.</strong></span> <span class='ocrx_word' id='word_1_548' title='bbox 3691 2585 3781 2639; x_wconf 75' lang='lat' dir='ltr'><strong>Crux</strong></span> 
     </span>
    </p>
   </div>
   <div class='ocr_carea' id='block_1_89' title="bbox 2309 2673 3784 2746">
    <p class='ocr_par' dir='ltr' id='par_1_89' title="bbox 2309 2673 3784 2746">
     <span class='ocr_line' id='line_1_89' title="bbox 2309 2673 3784 2746; baseline -0.002 -17"><span class='ocrx_word' id='word_1_549' title='bbox 2309 2673 2580 2743; x_wconf 83' lang='lat' dir='ltr'><strong>virginum</strong></span> <span class='ocrx_word' id='word_1_550' title='bbox 2607 2675 2850 2731; x_wconf 89' lang='lat' dir='ltr'><strong>castitas.</strong></span> <span class='ocrx_word' id='word_1_551' title='bbox 2882 2673 3029 2731; x_wconf 88' lang='lat' dir='ltr'><strong>Crux</strong></span> <span class='ocrx_word' id='word_1_552' title='bbox 3059 2675 3341 2731; x_wconf 87' lang='lat' dir='ltr'><strong>mundatio</strong></span> <span class='ocrx_word' id='word_1_553' title='bbox 3371 2674 3784 2746; x_wconf 68' lang='lat' dir='ltr'><strong>leprosorunulmr</strong></span> 
     </span>
    </p>
   </div>
   <div class='ocr_carea' id='block_1_90' title="bbox 2312 2768 3785 2840">
    <p class='ocr_par' dir='ltr' id='par_1_90' title="bbox 2312 2768 3785 2840">
     <span class='ocr_line' id='line_1_90' title="bbox 2312 2768 3785 2840; baseline -0.003 -17"><span class='ocrx_word' id='word_1_554' title='bbox 2312 2770 2568 2840; x_wconf 83' lang='lat' dir='ltr'><strong>gaudium</strong></span> <span class='ocrx_word' id='word_1_555' title='bbox 2596 2771 2964 2826; x_wconf 83' lang='lat' dir='ltr'><strong>sacerdotum.</strong></span> <span class='ocrx_word' id='word_1_556' title='bbox 3007 2769 3153 2824; x_wconf 88' lang='lat' dir='ltr'><strong>Crux</strong></span> <span class='ocrx_word' id='word_1_557' title='bbox 3200 2768 3589 2840; x_wconf 81' lang='lat' dir='ltr'><strong>paraliticorunt</strong></span> <span class='ocrx_word' id='word_1_558' title='bbox 3626 2770 3785 2837; x_wconf 70' lang='lat' dir='ltr'><strong>requies.</strong></span> 
     </span>
    </p>
   </div>
   <div class='ocr_carea' id='block_1_91' title="bbox 2310 2861 3791 2919">
    <p class='ocr_par' dir='ltr' id='par_1_91' title="bbox 2310 2861 3791 2919">
     <span class='ocr_line' id='line_1_91' title="bbox 2310 2861 3791 2919; baseline -0.003 -1"><span class='ocrx_word' id='word_1_559' title='bbox 2310 2862 2457 2918; x_wconf 87' lang='lat' dir='ltr'><strong>Crux</strong></span> <span class='ocrx_word' id='word_1_560' title='bbox 2477 2861 2734 2919; x_wconf 73' lang='lat' dir='ltr'><strong>Ecclesia:</strong></span> <span class='ocrx_word' id='word_1_561' title='bbox 2765 2861 3197 2918; x_wconf 87' lang='lat' dir='ltr'><strong>fundamentum.</strong></span> <span class='ocrx_word' id='word_1_562' title='bbox 3230 2862 3374 2918; x_wconf 85' lang='lat' dir='ltr'><strong>Crux</strong></span> <span class='ocrx_word' id='word_1_563' title='bbox 3400 2862 3539 2918; x_wconf 90' lang='lat' dir='ltr'><strong>orbis</strong></span> <span class='ocrx_word' id='word_1_564' title='bbox 3560 2871 3684 2917; x_wconf 81' lang='lat' dir='ltr'><strong>terra:</strong></span> <span class='ocrx_word' id='word_1_565' title='bbox 3707 2876 3791 2914; x_wconf 74' lang='lat' dir='ltr'><strong>cau-</strong></span> 
     </span>
    </p>
   </div>
   <div class='ocr_carea' id='block_1_92' title="bbox 2310 2955 2437 3011">
    <p class='ocr_par' dir='ltr' id='par_1_92' title="bbox 2310 2955 2437 3011">
     <span class='ocr_line' id='line_1_92' title="bbox 2310 2955 2437 3011; baseline 0 -1"><span class='ocrx_word' id='word_1_566' title='bbox 2310 2955 2437 3011; x_wconf 88' lang='lat' dir='ltr'><strong>tela.</strong></span> 
     </span>
    </p>
   </div>
   <div class='ocr_carea' id='block_1_93' title="bbox 2942 3042 3273 3103">
    <p class='ocr_par' dir='ltr' id='par_1_93' title="bbox 2942 3042 3273 3103">
     <span class='ocr_line' id='line_1_93' title="bbox 2942 3042 3273 3103; baseline 0 -2"><span class='ocrx_word' id='word_1_567' title='bbox 2942 3042 3170 3103; x_wconf 83' lang='lat' dir='ltr'><strong>CAPUT</strong></span> <span class='ocrx_word' id='word_1_568' title='bbox 3210 3045 3273 3101; x_wconf 87' lang='lat' dir='ltr'><strong>L.</strong></span> 
     </span>
    </p>
   </div>
   <div class='ocr_carea' id='block_1_94' title="bbox 2744 3134 3448 3207">
    <p class='ocr_par' dir='ltr' id='par_1_94' title="bbox 2744 3134 3448 3207">
     <span class='ocr_line' id='line_1_94' title="bbox 2744 3134 3448 3207; baseline -0.001 -16"><span class='ocrx_word' id='word_1_569' title='bbox 2744 3134 2823 3191; x_wconf 79' lang='lat' dir='ltr'><strong>De</strong></span> <span class='ocrx_word' id='word_1_570' title='bbox 2861 3135 3092 3207; x_wconf 74' lang='lat' dir='ltr'><strong>reliquiis</strong></span> <span class='ocrx_word' id='word_1_571' title='bbox 3125 3146 3448 3193; x_wconf 81' lang='lat' dir='ltr'><strong>sanctorum.</strong></span> 
     </span>
    </p>
   </div>
   <div class='ocr_carea' id='block_1_95' title="bbox 2385 3224 3795 3296">
    <p class='ocr_par' dir='ltr' id='par_1_95' title="bbox 2385 3224 3795 3296">
     <span class='ocr_line' id='line_1_95' title="bbox 2385 3224 3795 3296; baseline -0.004 -15"><span class='ocrx_word' id='word_1_572' title='bbox 2385 3227 2440 3282; x_wconf 89' lang='lat' dir='ltr'><strong>In</strong></span> <span class='ocrx_word' id='word_1_573' title='bbox 2471 3224 2711 3296; x_wconf 78' lang='lat' dir='ltr'><strong>imagine</strong></span> <span class='ocrx_word' id='word_1_574' title='bbox 2740 3225 2914 3280; x_wconf 86' lang='lat' dir='ltr'><strong>sancti</strong></span> <span class='ocrx_word' id='word_1_575' title='bbox 2940 3225 3086 3280; x_wconf 82' lang='lat' dir='ltr'><strong>Petri</strong></span> <span class='ocrx_word' id='word_1_576' title='bbox 3109 3230 3455 3281; x_wconf 91' lang='lat' dir='ltr'><strong>continentur</strong></span> <span class='ocrx_word' id='word_1_577' title='bbox 3494 3226 3571 3281; x_wconf 68' lang='lat' dir='ltr'><strong>ha:</strong></span> <span class='ocrx_word' id='word_1_578' title='bbox 3594 3224 3795 3295; x_wconf 55' lang='lat' dir='ltr'><strong>reliquis:</strong></span> 
     </span>
    </p>
   </div>
   <div class='ocr_carea' id='block_1_96' title="bbox 2305 3316 3797 3388">
    <p class='ocr_par' dir='ltr' id='par_1_96' title="bbox 2305 3316 3797 3388">
     <span class='ocr_line' id='line_1_96' title="bbox 2305 3316 3797 3388; baseline -0.002 -16"><span class='ocrx_word' id='word_1_579' title='bbox 2305 3317 2483 3388; x_wconf 90' lang='lat' dir='ltr'><strong>portio</strong></span> <span class='ocrx_word' id='word_1_580' title='bbox 2508 3318 2574 3373; x_wconf 91' lang='lat' dir='ltr'><strong>dc</strong></span> <span class='ocrx_word' id='word_1_581' title='bbox 2602 3332 2766 3372; x_wconf 88' lang='lat' dir='ltr'><strong>cruce</strong></span> <span class='ocrx_word' id='word_1_582' title='bbox 2808 3316 3041 3382; x_wconf 88' lang='lat' dir='ltr'><strong>Domini,</strong></span> <span class='ocrx_word' id='word_1_583' title='bbox 3098 3325 3155 3372; x_wconf 88' lang='lat' dir='ltr'><strong>et</strong></span> <span class='ocrx_word' id='word_1_584' title='bbox 3199 3317 3267 3371; x_wconf 93' lang='lat' dir='ltr'><strong>de</strong></span> <span class='ocrx_word' id='word_1_585' title='bbox 3298 3326 3445 3371; x_wconf 86' lang='lat' dir='ltr'><strong>veste</strong></span> <span class='ocrx_word' id='word_1_586' title='bbox 3476 3325 3653 3373; x_wconf 76' lang='lat' dir='ltr'><strong>sancta:</strong></span> <span class='ocrx_word' id='word_1_587' title='bbox 3676 3316 3797 3369; x_wconf 65' lang='lat' dir='ltr'><strong>Maria</strong></span> 
     </span>
    </p>
   </div>
   <div class='ocr_carea' id='block_1_97' title="bbox 2305 3406 3800 3479">
    <p class='ocr_par' dir='ltr' id='par_1_97' title="bbox 2305 3406 3800 3479">
     <span class='ocr_line' id='line_1_97' title="bbox 2305 3406 3800 3479; baseline -0.003 -17"><span class='ocrx_word' id='word_1_588' title='bbox 2305 3410 2496 3463; x_wconf 82' lang='lat' dir='ltr'><strong>inatris</strong></span> <span class='ocrx_word' id='word_1_589' title='bbox 2526 3408 2761 3476; x_wconf 91' lang='lat' dir='ltr'><strong>Domini,</strong></span> <span class='ocrx_word' id='word_1_590' title='bbox 2800 3417 2856 3464; x_wconf 91' lang='lat' dir='ltr'><strong>et</strong></span> <span class='ocrx_word' id='word_1_591' title='bbox 2886 3409 2967 3477; x_wconf 82' lang='lat' dir='ltr'><strong>_de</strong></span> <span class='ocrx_word' id='word_1_592' title='bbox 3005 3408 3227 3479; x_wconf 90' lang='lat' dir='ltr'><strong>proprio</strong></span> <span class='ocrx_word' id='word_1_593' title='bbox 3270 3424 3496 3478; x_wconf 88' lang='lat' dir='ltr'><strong>corpore</strong></span> <span class='ocrx_word' id='word_1_594' title='bbox 3540 3409 3685 3464; x_wconf 83' lang='lat' dir='ltr'><strong>sancti</strong></span> <span class='ocrx_word' id='word_1_595' title='bbox 3704 3406 3800 3461; x_wconf 76' lang='lat' dir='ltr'><strong>Petti</strong></span> 
     </span>
    </p>
   </div>
   <div class='ocr_carea' id='block_1_98' title="bbox 2305 3498 3801 3571">
    <p class='ocr_par' dir='ltr' id='par_1_98' title="bbox 2305 3498 3801 3571">
     <span class='ocr_line' id='line_1_98' title="bbox 2305 3498 3801 3571; baseline -0.002 -19"><span class='ocrx_word' id='word_1_596' title='bbox 2305 3500 2558 3569; x_wconf 83' lang='lat' dir='ltr'><strong>apostoli,</strong></span> <span class='ocrx_word' id='word_1_597' title='bbox 2589 3500 2725 3555; x_wconf 85' lang='lat' dir='ltr'><strong>etde</strong></span> <span class='ocrx_word' id='word_1_598' title='bbox 2748 3514 2913 3555; x_wconf 89' lang='lat' dir='ltr'><strong>carne</strong></span> <span class='ocrx_word' id='word_1_599' title='bbox 2928 3500 3101 3555; x_wconf 89' lang='lat' dir='ltr'><strong>sancti</strong></span> <span class='ocrx_word' id='word_1_600' title='bbox 3125 3498 3312 3554; x_wconf 85' lang='lat' dir='ltr'><strong>Jacobi</strong></span> <span class='ocrx_word' id='word_1_601' title='bbox 3344 3502 3563 3571; x_wconf 90' lang='lat' dir='ltr'><strong>apostoli</strong></span> <span class='ocrx_word' id='word_1_602' title='bbox 3591 3518 3604 3555; x_wconf 91' lang='lat'><strong>:</strong></span> <span class='ocrx_word' id='word_1_603' title='bbox 3632 3500 3801 3567; x_wconf 68' lang='lat' dir='ltr'><strong>reliquie</strong></span> 
     </span>
    </p>
   </div>
   <div class='ocr_carea' id='block_1_99' title="bbox 2306 3588 3802 3663">
    <p class='ocr_par' dir='ltr' id='par_1_99' title="bbox 2306 3588 3802 3663">
     <span class='ocr_line' id='line_1_99' title="bbox 2306 3588 3802 3663; baseline -0.004 -16"><span class='ocrx_word' id='word_1_604' title='bbox 2306 3607 2521 3662; x_wconf 88' lang='lat' dir='ltr'><strong>quoque</strong></span> <span class='ocrx_word' id='word_1_605' title='bbox 2542 3591 2721 3646; x_wconf 87' lang='lat' dir='ltr'><strong>sancti</strong></span> <span class='ocrx_word' id='word_1_606' title='bbox 2752 3592 3012 3662; x_wconf 85' lang='lat' dir='ltr'><strong>Stephani</strong></span> <span class='ocrx_word' id='word_1_607' title='bbox 3044 3592 3497 3663; x_wconf 84' lang='lat' dir='ltr'><strong>protomartyris,</strong></span> <span class='ocrx_word' id='word_1_608' title='bbox 3547 3601 3598 3646; x_wconf 88' lang='lat' dir='ltr'><strong>et</strong></span> <span class='ocrx_word' id='word_1_609' title='bbox 3628 3592 3683 3647; x_wconf 85' lang='lat' dir='ltr'><strong>de</strong></span> 
     </span>
    </p>
   </div>
   <div class='ocr_carea' id='block_1_100' title="bbox 2304 3682 3807 3747">
    <p class='ocr_par' dir='ltr' id='par_1_100' title="bbox 2304 3682 3807 3747">
     <span class='ocr_line' id='line_1_100' title="bbox 2304 3682 3807 3747; baseline -0.003 -8"><span class='ocrx_word' id='word_1_610' title='bbox 2304 3685 2405 3739; x_wconf 92' lang='lat' dir='ltr'><strong>bus</strong></span> <span class='ocrx_word' id='word_1_611' title='bbox 2430 3682 2606 3738; x_wconf 90' lang='lat' dir='ltr'><strong>sancti</strong></span> <span class='ocrx_word' id='word_1_612' title='bbox 2644 3682 2950 3740; x_wconf 87' lang='lat' dir='ltr'><strong>Sebastiani</strong></span> <span class='ocrx_word' id='word_1_613' title='bbox 2977 3693 3032 3738; x_wconf 90' lang='lat' dir='ltr'><strong>et</strong></span> <span class='ocrx_word' id='word_1_614' title='bbox 3052 3694 3258 3739; x_wconf 63' lang='lat' dir='ltr'><strong>sancta:</strong></span> <span class='ocrx_word' id='word_1_615' title='bbox 3285 3683 3532 3747; x_wconf 63' lang='lat' dir='ltr'><strong>Caeciliae.</strong></span> <span class='ocrx_word' id='word_1_616' title='bbox 3567 3693 3617 3738; x_wconf 89' lang='lat' dir='ltr'><strong>et</strong></span> <span class='ocrx_word' id='word_1_617' title='bbox 3655 3694 3807 3737; x_wconf 69' lang='lat' dir='ltr'><strong>sanch</strong></span> 
     </span>
    </p>
   </div>
   <div class='ocr_carea' id='block_1_101' title="bbox 2302 3777 3807 3850">
    <p class='ocr_par' dir='ltr' id='par_1_101' title="bbox 2302 3777 3807 3850">
     <span class='ocr_line' id='line_1_101' title="bbox 2302 3777 3807 3850; baseline -0.002 -16"><span class='ocrx_word' id='word_1_618' title='bbox 2302 3794 2422 3834; x_wconf 88' lang='lat' dir='ltr'><strong>rum</strong></span> <span class='ocrx_word' id='word_1_619' title='bbox 2482 3778 2712 3834; x_wconf 88' lang='lat' dir='ltr'><strong>aliorum</strong></span> <span class='ocrx_word' id='word_1_620' title='bbox 2775 3788 3112 3850; x_wconf 88' lang='lat' dir='ltr'><strong>martyrum,</strong></span> <span class='ocrx_word' id='word_1_621' title='bbox 3180 3789 3238 3833; x_wconf 88' lang='lat' dir='ltr'><strong>et</strong></span> <span class='ocrx_word' id='word_1_622' title='bbox 3303 3779 3479 3834; x_wconf 88' lang='lat' dir='ltr'><strong>sancti</strong></span> <span class='ocrx_word' id='word_1_623' title='bbox 3522 3777 3807 3848; x_wconf 77' lang='lat' dir='ltr'><strong>Gregorii,et</strong></span> 
     </span>
    </p>
   </div>
   <div class='ocr_carea' id='block_1_102' title="bbox 2301 3866 3807 3938">
    <p class='ocr_par' dir='ltr' id='par_1_102' title="bbox 2301 3866 3807 3938">
     <span class='ocr_line' id='line_1_102' title="bbox 2301 3866 3807 3938; baseline -0.004 -16"><span class='ocrx_word' id='word_1_624' title='bbox 2301 3867 2478 3923; x_wconf 90' lang='lat' dir='ltr'><strong>sancti</strong></span> <span class='ocrx_word' id='word_1_625' title='bbox 2512 3866 2815 3924; x_wconf 85' lang='lat' dir='ltr'><strong>Innocentii</strong></span> <span class='ocrx_word' id='word_1_626' title='bbox 2844 3868 2984 3923; x_wconf 90' lang='lat' dir='ltr'><strong>etde</strong></span> <span class='ocrx_word' id='word_1_627' title='bbox 3007 3867 3331 3938; x_wconf 84' lang='lat' dir='ltr'><strong>corporibus</strong></span> <span class='ocrx_word' id='word_1_628' title='bbox 3364 3868 3594 3938; x_wconf 86' lang='lat' dir='ltr'><strong>Dionysii</strong></span> <span class='ocrx_word' id='word_1_629' title='bbox 3620 3880 3668 3921; x_wconf 91' lang='lat' dir='ltr'><strong>et</strong></span> <span class='ocrx_word' id='word_1_630' title='bbox 3686 3868 3807 3921; x_wconf 45' lang='lat' dir='ltr'><strong>sociae</strong></span> 
     </span>
    </p>
   </div>
   <div class='ocr_carea' id='block_1_103' title="bbox 2302 3944 3807 4030">
    <p class='ocr_par' dir='ltr' id='par_1_103' title="bbox 2302 3944 3807 4030">
     <span class='ocr_line' id='line_1_103' title="bbox 2302 3944 3807 4030; baseline -0.001 -18"><span class='ocrx_word' id='word_1_631' title='bbox 2302 3974 2419 4013; x_wconf 92' lang='lat' dir='ltr'><strong>rum</strong></span> <span class='ocrx_word' id='word_1_632' title='bbox 2449 3960 2587 4029; x_wconf 81' lang='lat' dir='ltr'><strong>ejus,</strong></span> <span class='ocrx_word' id='word_1_633' title='bbox 2631 3968 2686 4014; x_wconf 88' lang='lat' dir='ltr'><strong>et</strong></span> <span class='ocrx_word' id='word_1_634' title='bbox 2724 3961 2790 4015; x_wconf 90' lang='lat' dir='ltr'><strong>de</strong></span> <span class='ocrx_word' id='word_1_635' title='bbox 2821 3960 3061 4016; x_wconf 85' lang='lat' dir='ltr'><strong>vestibus</strong></span> <span class='ocrx_word' id='word_1_636' title='bbox 3080 3975 3292 4026; x_wconf 90' lang='lat' dir='ltr'><strong>eorum,</strong></span> <span class='ocrx_word' id='word_1_637' title='bbox 3336 3960 3405 4016; x_wconf 91' lang='lat' dir='ltr'><strong>de</strong></span> <span class='ocrx_word' id='word_1_638' title='bbox 3462 3970 3605 4030; x_wconf 85' lang='lat' dir='ltr'><strong>petra</strong></span> <span class='ocrx_word' id='word_1_639' title='bbox 3640 3944 3807 4028; x_wconf 56' lang='grc' dir='ltr'>εεριιιιήἓ</span> 
     </span>
    </p>
   </div>
   <div class='ocr_carea' id='block_1_104' title="bbox 2302 4047 3808 4122">
    <p class='ocr_par' dir='ltr' id='par_1_104' title="bbox 2302 4047 3808 4122">
     <span class='ocr_line' id='line_1_104' title="bbox 2302 4047 3808 4122; baseline -0.002 -20"><span class='ocrx_word' id='word_1_640' title='bbox 2302 4048 2539 4114; x_wconf 91' lang='lat' dir='ltr'><strong>Domini,</strong></span> <span class='ocrx_word' id='word_1_641' title='bbox 2582 4051 2739 4105; x_wconf 90' lang='lat' dir='ltr'><strong>etde</strong></span> <span class='ocrx_word' id='word_1_642' title='bbox 2779 4051 2960 4122; x_wconf 89' lang='lat' dir='ltr'><strong>lapide</strong></span> <span class='ocrx_word' id='word_1_643' title='bbox 3011 4052 3099 4105; x_wconf 93' lang='lat' dir='ltr'><strong>ubi</strong></span> <span class='ocrx_word' id='word_1_644' title='bbox 3149 4051 3412 4107; x_wconf 89' lang='lat' dir='ltr'><strong>Dominus</strong></span> <span class='ocrx_word' id='word_1_645' title='bbox 3457 4053 3623 4117; x_wconf 89' lang='lat' dir='ltr'><strong>stetit,</strong></span> <span class='ocrx_word' id='word_1_646' title='bbox 3663 4047 3808 4119; x_wconf 61' lang='lat' dir='ltr'><strong>quatit</strong></span> 
     </span>
    </p>
   </div>
   <div class='ocr_carea' id='block_1_105' title="bbox 2300 4140 3807 4215">
    <p class='ocr_par' dir='ltr' id='par_1_105' title="bbox 2300 4140 3807 4215">
     <span class='ocr_line' id='line_1_105' title="bbox 2300 4140 3807 4215; baseline -0.003 -18"><span class='ocrx_word' id='word_1_647' title='bbox 2300 4142 2544 4198; x_wconf 87' lang='lat' dir='ltr'><strong>ascendit</strong></span> <span class='ocrx_word' id='word_1_648' title='bbox 2592 4143 2644 4197; x_wconf 91' lang='lat' dir='ltr'><strong>in</strong></span> <span class='ocrx_word' id='word_1_649' title='bbox 2677 4143 2894 4206; x_wconf 64' lang='lat' dir='ltr'><strong>malum.</strong></span> <span class='ocrx_word' id='word_1_650' title='bbox 2950 4152 3005 4199; x_wconf 92' lang='lat' dir='ltr'><strong>ct</strong></span> <span class='ocrx_word' id='word_1_651' title='bbox 3059 4146 3125 4199; x_wconf 91' lang='lat' dir='ltr'><strong>de</strong></span> <span class='ocrx_word' id='word_1_652' title='bbox 3179 4145 3447 4215; x_wconf 73' lang='lat' dir='ltr'><strong>przcsepio</strong></span> <span class='ocrx_word' id='word_1_653' title='bbox 3486 4144 3681 4200; x_wconf 86' lang='lat' dir='ltr'><strong>Domini</strong></span> <span class='ocrx_word' id='word_1_654' title='bbox 3706 4151 3743 4194; x_wconf 82' lang='lat' dir='ltr'><strong>et</strong></span> <span class='ocrx_word' id='word_1_655' title='bbox 3770 4140 3807 4193; x_wconf 57' lang='lat' dir='ltr'><strong>si</strong></span> 
     </span>
    </p>
   </div>
   <div class='ocr_carea' id='block_1_106' title="bbox 2299 4233 3807 4308">
    <p class='ocr_par' dir='ltr' id='par_1_106' title="bbox 2299 4233 3807 4308">
     <span class='ocr_line' id='line_1_106' title="bbox 2299 4233 3807 4308; baseline -0.003 -18"><span class='ocrx_word' id='word_1_656' title='bbox 2299 4234 2548 4304; x_wconf 88' lang='lat' dir='ltr'><strong>sepulcro</strong></span> <span class='ocrx_word' id='word_1_657' title='bbox 2596 4237 2770 4291; x_wconf 83' lang='lat' dir='ltr'><strong>sancti</strong></span> <span class='ocrx_word' id='word_1_658' title='bbox 2822 4234 3059 4300; x_wconf 83' lang='lat' dir='ltr'><strong>Lazarii,</strong></span> <span class='ocrx_word' id='word_1_659' title='bbox 3087 4252 3249 4308; x_wconf 88' lang='lat' dir='ltr'><strong>quem</strong></span> <span class='ocrx_word' id='word_1_660' title='bbox 3276 4237 3542 4293; x_wconf 91' lang='lat' dir='ltr'><strong>Dominus</strong></span> <span class='ocrx_word' id='word_1_661' title='bbox 3568 4233 3807 4297; x_wconf 51' lang='lat' dir='ltr'><strong>suscitant.</strong></span> 
     </span>
    </p>
   </div>
   <div class='ocr_carea' id='block_1_107' title="bbox 2300 4318 3807 4400">
    <p class='ocr_par' dir='ltr' id='par_1_107' title="bbox 2300 4318 3807 4400">
     <span class='ocr_line' id='line_1_107' title="bbox 2300 4318 3807 4400; baseline -0.002 -21"><span class='ocrx_word' id='word_1_662' title='bbox 2300 4336 2355 4379; x_wconf 93' lang='lat' dir='ltr'><strong>et</strong></span> <span class='ocrx_word' id='word_1_663' title='bbox 2380 4325 2449 4379; x_wconf 90' lang='lat' dir='ltr'><strong>de</strong></span> <span class='ocrx_word' id='word_1_664' title='bbox 2474 4326 2625 4397; x_wconf 80' lang='lat' dir='ltr'><strong>virga</strong></span> <span class='ocrx_word' id='word_1_665' title='bbox 2652 4326 2844 4400; x_wconf 81' lang='lat' dir='ltr'><strong>Moysi.</strong></span> <span class='ocrx_word' id='word_1_666' title='bbox 2894 4325 2969 4383; x_wconf 84' lang='lat' dir='ltr'><strong>Os</strong></span> <span class='ocrx_word' id='word_1_667' title='bbox 2994 4327 3277 4384; x_wconf 88' lang='lat' dir='ltr'><strong>Saturnini</strong></span> <span class='ocrx_word' id='word_1_668' title='bbox 3330 4329 3593 4400; x_wconf 84' lang='lat' dir='ltr'><strong>episcopi.</strong></span> <span class='ocrx_word' id='word_1_669' title='bbox 3627 4318 3807 4392; x_wconf 58' lang='lat' dir='ltr'><strong>neum</strong></span> 
     </span>
    </p>
   </div>
   <div class='ocr_carea' id='block_1_108' title="bbox 2300 4417 3808 4492">
    <p class='ocr_par' dir='ltr' id='par_1_108' title="bbox 2300 4417 3808 4492">
     <span class='ocr_line' id='line_1_108' title="bbox 2300 4417 3808 4492; baseline 0.005 -19"><span class='ocrx_word' id='word_1_670' title='bbox 2300 4420 2475 4473; x_wconf 86' lang='lat' dir='ltr'><strong>sancti</strong></span> <span class='ocrx_word' id='word_1_671' title='bbox 2501 4417 2734 4475; x_wconf 81' lang='lat' dir='ltr'><strong>Marcelli</strong></span> <span class='ocrx_word' id='word_1_672' title='bbox 2764 4423 3020 4492; x_wconf 84' lang='lat' dir='ltr'><strong>martyris</strong></span> <span class='ocrx_word' id='word_1_673' title='bbox 3060 4419 3463 4486; x_wconf 90' lang='lat' dir='ltr'><strong>Cabiloncnsis,</strong></span> <span class='ocrx_word' id='word_1_674' title='bbox 3513 4434 3568 4477; x_wconf 85' lang='lat' dir='ltr'><strong>et</strong></span> <span class='ocrx_word' id='word_1_675' title='bbox 3604 4436 3707 4476; x_wconf 71' lang='lat' dir='ltr'><strong>ossa</strong></span> <span class='ocrx_word' id='word_1_676' title='bbox 3736 4430 3808 4481; x_wconf 49' lang='lat'><strong>383‘)</strong></span> 
     </span>
    </p>
   </div>
   <div class='ocr_carea' id='block_1_109' title="bbox 2220 4483 3807 4586">
    <p class='ocr_par' dir='ltr' id='par_1_109' title="bbox 2220 4483 3807 4586">
     <span class='ocr_line' id='line_1_109' title="bbox 2220 4483 3807 4586; baseline 0.006 -21"><span class='ocrx_word' id='word_1_677' title='bbox 2220 4483 2275 4525; x_wconf 63' lang='grc' dir='ltr'><strong><em>υ</em></strong></span> <span class='ocrx_word' id='word_1_678' title='bbox 2298 4519 2514 4566; x_wconf 90' lang='lat' dir='ltr'><strong>ctorum</strong></span> <span class='ocrx_word' id='word_1_679' title='bbox 2545 4483 2925 4569; x_wconf 69' lang='lat' dir='ltr'><strong>confessoruni</strong></span> <span class='ocrx_word' id='word_1_680' title='bbox 2947 4513 3111 4569; x_wconf 90' lang='lat' dir='ltr'><strong>Silttri</strong></span> <span class='ocrx_word' id='word_1_681' title='bbox 3135 4524 3190 4569; x_wconf 84' lang='lat' dir='ltr'><strong>et</strong></span> <span class='ocrx_word' id='word_1_682' title='bbox 3212 4483 3485 4586; x_wconf 69' lang='lat' dir='ltr'><strong>Agricolae</strong></span> <span class='ocrx_word' id='word_1_683' title='bbox 3512 4508 3807 4585; x_wconf 53' lang='lat' dir='ltr'><strong>episcopum</strong></span> 
     </span>
    </p>
   </div>
   <div class='ocr_carea' id='block_1_110' title="bbox 2294 4600 3808 4676">
    <p class='ocr_par' dir='ltr' id='par_1_110' title="bbox 2294 4600 3808 4676">
     <span class='ocr_line' id='line_1_110' title="bbox 2294 4600 3808 4676; baseline -0.003 -19"><span class='ocrx_word' id='word_1_684' title='bbox 2294 4600 2672 4659; x_wconf 81' lang='lat' dir='ltr'><strong>Cabilnnensis</strong></span> <span class='ocrx_word' id='word_1_685' title='bbox 2706 4604 2967 4671; x_wconf 83' lang='lat' dir='ltr'><strong>civitatis,</strong></span> <span class='ocrx_word' id='word_1_686' title='bbox 2999 4604 3346 4674; x_wconf 87' lang='lat' dir='ltr'><strong>aliorumque</strong></span> <span class='ocrx_word' id='word_1_687' title='bbox 3375 4605 3716 4676; x_wconf 84' lang='lat' dir='ltr'><strong>plurimorum</strong></span> <span class='ocrx_word' id='word_1_688' title='bbox 3737 4618 3808 4656; x_wconf 65' lang='lat' dir='ltr'><strong>sas</strong></span> 
     </span>
    </p>
   </div>
   <div class='ocr_carea' id='block_1_111' title="bbox 2295 4684 3808 4769">
    <p class='ocr_par' dir='ltr' id='par_1_111' title="bbox 2295 4684 3808 4769">
     <span class='ocr_line' id='line_1_111' title="bbox 2295 4684 3808 4769; baseline 0.001 -20"><span class='ocrx_word' id='word_1_689' title='bbox 2295 4703 2527 4750; x_wconf 88' lang='lat' dir='ltr'><strong>ctorum.</strong></span> <span class='ocrx_word' id='word_1_690' title='bbox 2566 4693 2622 4751; x_wconf 88' lang='lat' dir='ltr'><strong>In</strong></span> <span class='ocrx_word' id='word_1_691' title='bbox 2646 4712 2808 4768; x_wconf 89' lang='lat' dir='ltr'><strong>capsa</strong></span> <span class='ocrx_word' id='word_1_692' title='bbox 2838 4706 3095 4769; x_wconf 78' lang='lat' dir='ltr'><strong>argentea</strong></span> <span class='ocrx_word' id='word_1_693' title='bbox 3112 4698 3472 4753; x_wconf 88' lang='lat' dir='ltr'><strong>continentur</strong></span> <span class='ocrx_word' id='word_1_694' title='bbox 3487 4714 3677 4769; x_wconf 84' lang='lat' dir='ltr'><strong>corpus</strong></span> <span class='ocrx_word' id='word_1_695' title='bbox 3697 4684 3808 4763; x_wconf 62' lang='lat' dir='ltr'><strong>smul</strong></span> 
     </span>
    </p>
   </div>
   <div class='ocr_carea' id='block_1_112' title="bbox 2293 4768 3807 4865">
    <p class='ocr_par' dir='ltr' id='par_1_112' title="bbox 2293 4768 3807 4865">
     <span class='ocr_line' id='line_1_112' title="bbox 2293 4768 3807 4865; baseline 0.001 -27"><span class='ocrx_word' id='word_1_696' title='bbox 2293 4782 2529 4840; x_wconf 76' lang='lat' dir='ltr'><strong>Marcelli</strong></span> <span class='ocrx_word' id='word_1_697' title='bbox 2562 4802 2733 4858; x_wconf 69' lang='lat' dir='ltr'><strong>papae,</strong></span> <span class='ocrx_word' id='word_1_698' title='bbox 2774 4795 2827 4843; x_wconf 91' lang='lat' dir='ltr'><strong>et</strong></span> <span class='ocrx_word' id='word_1_699' title='bbox 2857 4768 3096 4857; x_wconf 62' lang='lat' dir='ltr'><strong>reliquiae</strong></span> <span class='ocrx_word' id='word_1_700' title='bbox 3116 4788 3180 4865; x_wconf 67' lang='lat' dir='ltr'><strong>de</strong></span> <span class='ocrx_word' id='word_1_701' title='bbox 3205 4788 3433 4859; x_wconf 89' lang='lat' dir='ltr'><strong>proprio</strong></span> <span class='ocrx_word' id='word_1_702' title='bbox 3461 4768 3683 4859; x_wconf 69' lang='lat' dir='ltr'><strong>corpore</strong></span> <span class='ocrx_word' id='word_1_703' title='bbox 3698 4768 3807 4840; x_wconf 59' lang='lat' dir='ltr'><strong>sancti</strong></span> 
     </span>
    </p>
   </div>
   <div class='ocr_carea' id='block_1_113' title="bbox 2291 4860 3808 4952">
    <p class='ocr_par' dir='ltr' id='par_1_113' title="bbox 2291 4860 3808 4952">
     <span class='ocr_line' id='line_1_113' title="bbox 2291 4860 3808 4952; baseline -0.001 -18"><span class='ocrx_word' id='word_1_704' title='bbox 2291 4878 2539 4948; x_wconf 84' lang='lat' dir='ltr'><strong>Gregorii</strong></span> <span class='ocrx_word' id='word_1_705' title='bbox 2565 4895 2740 4951; x_wconf 65' lang='lat' dir='ltr'><strong>papae,</strong></span> <span class='ocrx_word' id='word_1_706' title='bbox 2770 4889 2824 4934; x_wconf 92' lang='lat' dir='ltr'><strong>et</strong></span> <span class='ocrx_word' id='word_1_707' title='bbox 2854 4883 3035 4951; x_wconf 89' lang='lat' dir='ltr'><strong>portio</strong></span> <span class='ocrx_word' id='word_1_708' title='bbox 3066 4860 3386 4952; x_wconf 81' lang='lat' dir='ltr'><strong>capillorum</strong></span> <span class='ocrx_word' id='word_1_709' title='bbox 3411 4883 3593 4937; x_wconf 88' lang='lat' dir='ltr'><strong>sancti</strong></span> <span class='ocrx_word' id='word_1_710' title='bbox 3629 4878 3767 4946; x_wconf 67' lang='lat' dir='ltr'><strong>Msjnii</strong></span> <span class='ocrx_word' id='word_1_711' title='bbox 3787 4860 3808 4933; x_wconf 64' lang='lat' dir='ltr'><strong>ii</strong></span> 
     </span>
    </p>
   </div>
   <div class='ocr_carea' id='block_1_114' title="bbox 2291 4973 2639 5029">
    <p class='ocr_par' dir='ltr' id='par_1_114' title="bbox 2291 4973 2639 5029">
     <span class='ocr_line' id='line_1_114' title="bbox 2291 4973 2639 5029; baseline 0.006 -4"><span class='ocrx_word' id='word_1_712' title='bbox 2291 4986 2420 5027; x_wconf 84' lang='lat' dir='ltr'><strong>vase</strong></span> <span class='ocrx_word' id='word_1_713' title='bbox 2447 4973 2639 5029; x_wconf 85' lang='lat' dir='ltr'><strong>vitreo.</strong></span> 
     </span>
    </p>
   </div>
   <div class='ocr_carea' id='block_1_115' title="bbox 2908 5086 3261 5142">
    <p class='ocr_par' dir='ltr' id='par_1_115' title="bbox 2908 5086 3261 5142">
     <span class='ocr_line' id='line_1_115' title="bbox 2908 5086 3261 5142; baseline -0.003 0"><span class='ocrx_word' id='word_1_714' title='bbox 2908 5086 3136 5142; x_wconf 85' lang='lat' dir='ltr'><strong>CAPUT</strong></span> <span class='ocrx_word' id='word_1_715' title='bbox 3172 5086 3261 5142; x_wconf 83' lang='lat' dir='ltr'><strong>LI.</strong></span> 
     </span>
    </p>
   </div>
   <div class='ocr_carea' id='block_1_116' title="bbox 2287 5199 3808 5285">
    <p class='ocr_par' dir='ltr' id='par_1_116' title="bbox 2287 5199 3808 5285">
     <span class='ocr_line' id='line_1_116' title="bbox 2287 5199 3808 5285; baseline -0.001 -31"><span class='ocrx_word' id='word_1_716' title='bbox 2287 5199 2367 5255; x_wconf 85' lang='lat' dir='ltr'><strong>De</strong></span> <span class='ocrx_word' id='word_1_717' title='bbox 2400 5201 2536 5255; x_wconf 80' lang='lat' dir='ltr'><strong>brevi</strong></span> <span class='ocrx_word' id='word_1_718' title='bbox 2567 5201 2822 5256; x_wconf 82' lang='lat' dir='ltr'><strong>librorum</strong></span> <span class='ocrx_word' id='word_1_719' title='bbox 2882 5202 2995 5272; x_wconf 85' lang='lat'><strong>(80)</strong></span> <span class='ocrx_word' id='word_1_720' title='bbox 3040 5203 3180 5285; x_wconf 67' lang='lat' dir='ltr'><strong>quod</strong></span> <span class='ocrx_word' id='word_1_721' title='bbox 3228 5202 3289 5271; x_wconf 84' lang='lat' dir='ltr'><strong>ﬁt</strong></span> <span class='ocrx_word' id='word_1_722' title='bbox 3333 5204 3388 5256; x_wconf 86' lang='lat' dir='ltr'><strong>iu</strong></span> <span class='ocrx_word' id='word_1_723' title='bbox 3438 5204 3615 5274; x_wconf 81' lang='lat' dir='ltr'><strong>capite</strong></span> <span class='ocrx_word' id='word_1_724' title='bbox 3658 5204 3808 5272; x_wconf 58' lang='lat' dir='ltr'><strong>quam</strong></span> 
     </span>
    </p>
   </div>
   <div class='ocr_carea' id='block_1_117' title="bbox 3004 5289 3203 5328">
    <p class='ocr_par' dir='ltr' id='par_1_117' title="bbox 3004 5289 3203 5328">
     <span class='ocr_line' id='line_1_117' title="bbox 3004 5289 3203 5328; baseline -0.015 0"><span class='ocrx_word' id='word_1_725' title='bbox 3004 5289 3203 5328; x_wconf 78' lang='lat' dir='ltr'><strong>estmw.</strong></span> 
     </span>
    </p>
   </div>
   <div class='ocr_carea' id='block_1_118' title="bbox 2356 5290 3807 5436">
    <p class='ocr_par' dir='ltr' id='par_1_118' title="bbox 2356 5290 3807 5436">
     <span class='ocr_line' id='line_1_118' title="bbox 3004 5290 3203 5328; baseline -0.015 0"><span class='ocrx_word' id='word_1_726' title='bbox 3004 5290 3203 5328; x_wconf 72' lang='grc' dir='ltr'><strong>εδτηιω.</strong></span> 
     </span>
     <span class='ocr_line' id='line_1_119' title="bbox 2356 5290 3807 5436; baseline -0.001 -20"><span class='ocrx_word' id='word_1_727' title='bbox 2356 5362 2679 5422; x_wconf 81' lang='lat' dir='ltr'><strong>Warnerius</strong></span> <span class='ocrx_word' id='word_1_728' title='bbox 2709 5290 3029 5423; x_wconf 57' lang='lat' dir='ltr'><strong>collationis</strong></span> <span class='ocrx_word' id='word_1_729' title='bbox 3055 5364 3423 5436; x_wconf 88' lang='lat' dir='ltr'><strong>psalmorum.</strong></span> <span class='ocrx_word' id='word_1_730' title='bbox 3457 5364 3739 5423; x_wconf 82' lang='lat' dir='ltr'><strong>Udalricus</strong></span> <span class='ocrx_word' id='word_1_731' title='bbox 3760 5354 3807 5415; x_wconf 61' lang='lat' dir='ltr'><strong>cui</strong></span> 
     </span>
    </p>
   </div>
   <div class='ocr_carea' id='block_1_119' title="bbox 2285 5490 3808 5593">
    <p class='ocr_par' dir='ltr' id='par_1_119' title="bbox 2285 5490 3808 5593">
     <span class='ocr_line' id='line_1_120' title="bbox 2285 5490 3808 5593; baseline 0.002 -22"><span class='ocrx_word' id='word_1_732' title='bbox 2285 5521 2709 5593; x_wconf 78' lang='lat' dir='ltr'><strong>quadragesimae</strong></span> <span class='ocrx_word' id='word_1_733' title='bbox 2738 5524 2789 5578; x_wconf 91' lang='lat' dir='ltr'><strong>in</strong></span> <span class='ocrx_word' id='word_1_734' title='bbox 2813 5520 3047 5591; x_wconf 89' lang='lat' dir='ltr'><strong>capitulo</strong></span> <span class='ocrx_word' id='word_1_735' title='bbox 3085 5521 3327 5593; x_wconf 78' lang='lat' dir='ltr'><strong>perlecta</strong></span> <span class='ocrx_word' id='word_1_736' title='bbox 3355 5524 3428 5578; x_wconf 85' lang='lat' dir='ltr'><strong>ab</strong></span> <span class='ocrx_word' id='word_1_737' title='bbox 3467 5524 3719 5579; x_wconf 78' lang='lat' dir='ltr'><strong>Armario</strong></span> <span class='ocrx_word' id='word_1_738' title='bbox 3750 5518 3808 5593; x_wconf 57' lang='lat' dir='ltr'><strong>fui</strong></span> 
     </span>
    </p>
   </div>
   <div class='ocr_carea' id='block_1_120' title="bbox 2282 5588 3807 5667">
    <p class='ocr_par' dir='ltr' id='par_1_120' title="bbox 2282 5588 3807 5667">
     <span class='ocr_line' id='line_1_121' title="bbox 2282 5588 3807 5667; baseline 0.005 -23"><span class='ocrx_word' id='word_1_739' title='bbox 2282 5602 2337 5667; x_wconf 81' lang='lat' dir='ltr'><strong>et</strong></span> <span class='ocrx_word' id='word_1_740' title='bbox 2363 5588 2664 5667; x_wconf 58' lang='lat' dir='ltr'><strong>tutie&#39;juxta</strong></span> <span class='ocrx_word' id='word_1_741' title='bbox 2690 5588 3014 5667; x_wconf 76' lang='lat' dir='ltr'><strong>praeceptum</strong></span> <span class='ocrx_word' id='word_1_742' title='bbox 3040 5588 3102 5667; x_wconf 62' lang='lat' dir='ltr'><strong>SI</strong></span> <span class='ocrx_word' id='word_1_743' title='bbox 3124 5592 3352 5661; x_wconf 80' lang='lat' dir='ltr'><strong>Regula:</strong></span> <span class='ocrx_word' id='word_1_744' title='bbox 3377 5610 3503 5667; x_wconf 89' lang='lat' dir='ltr'><strong>cap.</strong></span> <span class='ocrx_word' id='word_1_745' title='bbox 3534 5597 3639 5662; x_wconf 67' lang='lat'><strong>48,</strong></span> <span class='ocrx_word' id='word_1_746' title='bbox 3665 5588 3807 5661; x_wconf 53' lang='lat' dir='ltr'><strong>sinsi”</strong></span> 
     </span>
    </p>
   </div>
   <div class='ocr_carea' id='block_1_121' title="bbox 2280 5663 3807 5737">
    <p class='ocr_par' dir='ltr' id='par_1_121' title="bbox 2280 5663 3807 5737">
     <span class='ocr_line' id='line_1_122' title="bbox 2280 5663 3807 5737; baseline 0.008 -23"><span class='ocrx_word' id='word_1_747' title='bbox 2280 5663 2485 5733; x_wconf 77' lang='lat' dir='ltr'><strong>singuli</strong></span> <span class='ocrx_word' id='word_1_748' title='bbox 2496 5663 2704 5721; x_wconf 69' lang='lat' dir='ltr'><strong>codices</strong></span> <span class='ocrx_word' id='word_1_749' title='bbox 2717 5666 2784 5721; x_wconf 90' lang='lat' dir='ltr'><strong>de</strong></span> <span class='ocrx_word' id='word_1_750' title='bbox 2808 5680 2944 5723; x_wconf 87' lang='lat' dir='ltr'><strong>novo</strong></span> <span class='ocrx_word' id='word_1_751' title='bbox 2965 5664 3071 5721; x_wconf 76' lang='lat' dir='ltr'><strong>dati</strong></span> <span class='ocrx_word' id='word_1_752' title='bbox 3105 5674 3253 5719; x_wconf 87' lang='lat' dir='ltr'><strong>sunt.</strong></span> <span class='ocrx_word' id='word_1_753' title='bbox 3449 5663 3466 5667; x_wconf 63' lang='grc'>⁷</span> <span class='ocrx_word' id='word_1_754' title='bbox 3806 5696 3807 5737; x_wconf 55' lang='grc' dir='ltr'><strong>ι</strong></span> 
     </span>
    </p>
   </div>
  </div>
