3864 6314
149 383 262 442 l285

1320 368 1698 428 DISCIPLINA
1733 368 2139 427 FARFENSlS.

3232 371 3372 434 ηπ

146 472 618 559 ιειίοηθξῖἰαὲεἰηηί.
647 491 1069 564 Cltristophorus
1104 487 1457 560 pastoralem.
1500 464 1672 544 Adal-

1784 486 1949 542 etiam
1990 485 2043 542 in
2074 487 2189 558 ipsa
2221 488 2450 546 ecclesia
2486 491 2745 551 exhalare
2794 496 3071 567 spiritum.
3120 495 3254 563 Quis
3302 496 3373 551 de

146 598 263 668 gisus
285 591 433 661 psalt.
458 588 699 661 Andreas
722 584 1027 656 Remigium
1052 596 1215 647 super
1236 580 1490 651 psalmos,
1515 580 1675 635 Com-

146 693 281 742 ment.
310 681 547 753 Origenis
587 680 640 735 in
669 678 798 735 Jesu
852 674 1020 731 Nave.
1082 672 1438 727 Bauzmarus.
1483 670 1676 727 lsidori

146 774 532 835 testimoniorum
590 772 657 827 de
713 771 842 826 Deo.
894 765 1261 830 Fredericus,
1320 762 1675 835 Cyprianum.

144 868 395 930 Gerardus,
431 865 727 918 Exameron
752 858 1046 916 Ambrosii.
1072 857 1265 920 Gaulo,
1294 856 1431 927 Aug.
1464 856 1531 910 de
1553 854 1678 909 Tri-

142 963 301 1016 nitate.
330 946 595 1014 Gerardus
625 953 713 1009 XII
762 952 1136 1008 Homiliarum.
1172 948 1393 1012 Petrus,
1449 946 1678 1002 moralia

144 1054 185 1106 in
215 1051 319 1108 Job.
358 1045 645 1105 Theobald.
678 1042 873 1101 Johan.
905 1042 1352 1114 Chrysostomum
1382 1040 1436 1094 in
1480 1037 1674 1094 Matth.

143 1143 367 1213 Stephan.
392 1138 554 1194 Psalt.
586 1134 1181 1207 Steph.‘Ambrosiutn,
1238 1141 1330 1187 aut
1368 1130 1590 1187 Petrum
1618 1129 1676 1185 in

142 1232 490 1305 Apocalypsim.
526 1230 826 1301 Raymund.
858 1228 998 1298 Aug.
1023 1241 1186 1297 super
1207 1224 1461 1295 psalmos.
1491 1222 1681 1279 Tedri-

141 1341 235 1390 eos,
281 1324 650 1394 Hieronymum
704 1319 776 1376 de
817 1317 1155 1389 philosophia
1213 1315 1339 1372 Joh.
1397 1322 1455 1372 et
1514 1329 1678 1385 super

140 1417 411 1487 prapltetas.
464 1414 589 1470 Joh.
642 1412 785 1468 dicta
840 1410 1015 1466 sancti
1075 1408 1283 1464 Basilii.
1341 1406 1677 1478 Aldulphus,

139 1508 475 1578 Hieronymum
523 1506 575 1560 in
612 1504 827 1559 Isaiam.
868 1499 1149 1566 Arnulfus,
1200 1500 1564 1569 Augustinum
1612 1498 1678 1553 de

136 1607 228 1652 nat.
256 1605 304 1653 et
323 1605 453 1667 grat.
488 1595 842 1659 Bumbertus,
879 1592 1047 1647 vitam
1084 1592 1142 1646 S.
1173 1590 1361 1647 Siluri.
1400 1591 1678 1662 Leodega-

136 1688 244 1752 rius,
267 1687 647 1759 expositionem
681 1685 735 1740 in
760 1684 1213 1741 Pentateuchum.
1266 1682 1545 1751 Ledricus,
1582 1683 1676 1738 Ai-

134 1794 312 1834 mouem
340 1795 497 1850 super
530 1778 804 1834 Genesim.
844 1777 1130 1842 Martinus,
1180 1776 1466 1831 Aimonem
1513 1791 1677 1847 super

133 1858 333 1926 Esaiam.
354 1871 646 1927 Ambaldus
673 1870 975 1941 Remigium
1008 1884 1174 1939 super
1215 1869 1672 1925 ecclesiasticum.

132 1962 365 2019 Bobertus
390 1967 554 2019 vitam
586 1965 758 2019 sancti
788 1963 1027 2020 Theutii.
1055 1962 1345 2019 Girbertus
1383 1962 1671 2020 Rabanum

130 2068 265 2126 super
291 2056 588 2111 ecclesiast.
638 2054 912 2112 Valterius
968 2055 1358 2112 Passionalem.
1410 2056 1535 2112 Aito
1560 2057 1677 2127 epi-

128 2146 268 2200 stolas
291 2140 453 2200 Pauli.
482 2145 805 2201 Benedictus
830 2146 1066 2215 Ephrem
1114 2147 1181 2201 de
1226 2147 1674 2216 compunctione.

126 2234 363 2293 Johannes
391 2238 556 2293 vitam
590 2237 772 2293 Maria:
810 2239 1164 2310 Egyptiacm.
1212 2238 1541 2293 Saturninus
1559 2238 1678 2295 En-

126 2328 373 2385 chiridion.
407 2331 633 2401 August.
670 2329 733 2384 F.
754 2330 1058 2392 ,Wirardus
1113 2330 1395 2386 historiam
1430 2328 1675 2400 Josephi.

124 2419 175 2474 F.
207 2419 379 2492 Steph.
434 2422 629 2477 lsidor.
680 2422 1059 2495 etytnologiar.
1119 2422 1181 2478 F.
1246 2422 1535 2478 Heiurieus
1578 2422 1673 2478 lib.

125 2528 298 2583 regum.
326 2514 385 2568 F.
408 2514 711 2571 Gerbertus
748 2515 1079 2571 Aurelianus
1113 2516 1251 2587 Aug.
1298 2513 1360 2570 F.
1408 2515 1675 2571 Rainerus

124 2594 477 2657 Cassiodorum
511 2619 678 2674 super
706 2603 963 2673 psalmos.
997 2603 1063 2658 F.
1104 2603 1336 2660 libertus
1382 2602 1674 2659 Historiam

124 2694 516 2765 ecclesiasticam
551 2694 765 2749 Eusebii
800 2695 1171 2751 Caesariensis.
1203 2695 1505 2749 Almannus
1531 2696 1672 2765 Attg.

124 2786 176 2837 de
189 2785 621 2840 doet.Christian.
644 2785 826 2840 Laudo
841 2784 1070 2841 Ysilium
1095 2787 1146 2839 in
1172 2785 1490 2840 Leviticum.
1524 2785 1676 2857 Hugo

122 2871 549 2944 llypognosticou.
571 2875 767 2930 Petrus
789 2876 925 2947 Aug.
943 2875 1011 2929 de
1033 2876 1294 2947 symbolo.
1316 2875 1492 2929 Laetus
1513 2876 1671 2930 Amb.

121 2964 175 3016 de
203 2966 437 3022 conﬂictu
473 2969 753 3022 vitiorum.
785 2966 1060 3022 Auribnus
1084 2966 1366 3022 Babanum
1393 2968 1447 3021 in
1470 2965 1672 3022 Thren.

118 3050 352 3113 Jeremite.
408 3059 687 3123 Ebrardus
750 3059 915 3113 vitam
981 3058 1245 3115 Johannis
1313 3058 1674 3114 ilelcemonis.

119 3148 298 3205 Edrard
339 3153 476 3225 Aug.
512 3168 679 3222 super
701 3152 873 3223 Epist.
899 3153 1220 3208 Cauonicas.
1243 3151 1517 3207 Jocelinus
1539 3151 1674 3206 Gre-

118 3244 297 3313 gorium
329 3246 379 3298 in
407 3245 655 3299 ultimam
685 3254 891 3315 partem
925 3243 1245 3298 Ezechielis.
1281 3242 1542 3297 Girbinus
1582 3242 1675 3296 Li-

117 3333 292 3389 bellum
315 3337 379 3391 de
405 3336 690 3404 disciplina
712 3336 1042 3391 Christiana.
1069 3334 1347 3389 Gerardus
1375 3333 1575 3389 Bedam
1606 3335 1673 3388 de

117 3428 294 3498 templo
346 3430 675 3484 Salomonis.
740 3429 886 3500 Popo
938 3430 1233 3499 Eugepium
1285 3429 1351 3502 de
1404 3429 1678 3498 opusculis

114 3518 231 3589 Aug.
255 3519 487 3577 Silviuus
527 3520 739 3575 Baban.
787 3537 906 3591 sup.
954 3535 1067 3591 reg.
1123 3519 1412 3588 Sigualdus
1463 3519 1675 3574 Raban.

115 3623 256 3680 super
286 3611 371 3668 XII
424 3613 630 3683 Proph.
659 3611 851 3667 Petrus
885 3612 1170 3667 historiam
1199 3610 1306 3665 Titi
1336 3610 1501 3665 Livii.
1554 3610 1680 3666 Ste-

110 3702 302 3769 phanus
328 3706 655 3776 exposition.
693 3702 901 3759 Babani
948 3704 1001 3757 in
1028 3702 1277 3759 Machab.
1334 3703 1427 3758 lib.
1483 3702 1678 3759 Petrus

110 3791 229 3862 Aug.
252 3809 411 3865 super
445 3795 708 3866 psalmos.
751 3794 1074 3849 Benedictus
1123 3795 1411 3850 Alcuintttn
1448 3796 1514 3850 de
1558 3794 1680 3849 Tri-

112 3883 280 3940 nitate.
305 3886 595 3943 Girbertus
636 3886 920 3941 historiam
956 3888 1293 3957 angelorum.
1346 3885 1411 3939 F.
1441 3886 1678 3941 Bernard

108 3974 360 4033 Orosium.
379 3978 443 4034 F.
477 3979 713 4035 Ubertus
744 3980 881 4049 Aug.
906 3977 973 4033 de
999 3979 1160 4033 Civit.
1189 3979 1302 4034 Dei.
1329 3978 1392 4032 F.
1418 3978 1680 4034 Martinus

108 4068 386 4139 Aymonem
413 4087 579 4144 super
601 4072 761 4142 epist.
801 4071 977 4126 Pauli.
1020 4070 1082 4125 F.
1134 4070 1329 4142 Steph.
1374 4072 1675 4143 Aymonem

108 4177 252 4234 Supra
298 4168 600 4238 Apocalyp.
651 4164 713 4221 F.
750 4166 1013 4235 Arpertus
1056 4166 1254 4220 Bedam
1294 4180 1457 4235 super
1489 4164 1676 4235 parab.

106 4250 394 4313 Salomonis
421 4256 487 4312 F.
520 4254 779 4311 Otmarus
804 4253 1151 4310 concordiam
1183 4254 1519 4325 regularum.

703 4388 932 4447 CAPUT
969 4388 1076 4445 LII.

105 4498 176 4557 De
200 4503 425 4575 inﬁrmis
474 4504 763 4575 fratribus,
795 4482 1020 4575 qualiter
1065 4503 1130 4557 ab
1175 4503 1300 4573 ipsis
1339 4506 1414 4558 rel
1449 4519 1481 4556 a
1525 4499 1678 4555 mini-

570 4578 858 4630 strantibus
888 4577 962 4630 eis
987 4585 1200 4647 agatur.

165 4708 360 4768 inﬁrmi
383 4712 605 4781 fratres,
634 4723 688 4768 ut
708 4711 860 4769 missi
887 4712 1087 4768 fuerint
1114 4713 1167 4766 in
1192 4710 1411 4767 domum
1444 4709 1687 4765 inlirmo-
1768 4750 1771 4753 μ

102 4818 215 4859 rum
253 4823 351 4878 pro
381 4824 480 4864 sua
511 4808 873 4879 aegritudine,
901 4808 968 4863 ad
992 4806 1310 4875 nocturnale
1344 4804 1684 4875 obsequium,

107 4911 220 4953 mox
247 4909 307 4954 ut
328 4901 543 4971 signum
576 4902 839 4963 sonuerit,
868 4908 1095 4971 surgant
1120 4909 1176 4955 et
1198 4899 1322 4969 ipsi,
1353 4897 1686 4966 veniantque

106 4989 153 5043 in
222 4993 525 5049 oratorium
596 4993 813 5048 Sancta:
887 4991 1111 5058 Mariae,
1184 4991 1410 5049 ,faeiaut
1490 4992 1689 5045 oratio-

106 5097 238 5149 nem,
305 5095 471 5157 prout
525 5086 785 5142 Dominus
847 5084 1039 5140 melius
1108 5084 1341 5150 dederit,
1392 5083 1685 5139 residenti-

105 5174 197 5231 bus
235 5179 455 5235 demum
504 5179 559 5234 in
606 5178 725 5235 loco
777 5192 895 5234 suo.
955 5176 1202 5247 Dumque
1255 5176 1452 5231 iterum
1510 5176 1690 5245 pulsa-

105 5272 188 5321 tur
208 5268 449 5340 signum,
479 5270 722 5325 muniant
748 5284 813 5324 se
843 5269 998 5339 signo
1021 5276 1225 5322 saneta‘
1248 5267 1452 5330 crucis,
1478 5275 1532 5319 et
1554 5265 1687 5320 inci-

104 5360 247 5430 piant
274 5364 546 5420 canticum
575 5364 859 5436 graduum.
879 5361 959 5416 illi
986 5361 1205 5425 fratres,
1238 5361 1329 5431 qui
1368 5375 1473 5415 non
1502 5358 1686 5413 valent

105 5468 345 5527 surgere,
370 5452 516 5513 eant
544 5456 731 5512 famuli
761 5443 1062 5512 Servientes
1092 5454 1174 5509 eis
1202 5462 1256 5508 et
1287 5454 1524 5508 educant
1564 5452 1685 5508 illos

106 5557 470 5629 sustentantes
486 5550 629 5606 ulnis
654 5550 769 5606 suis
788 5551 843 5605 in
867 5548 1121 5615 ecclesia,
1168 5556 1331 5615 atque
1380 5544 1679 5612 collocent‘,

108 5649 165 5695 ut
191 5642 380 5699 melius
409 5644 704 5714 potuerint.
749 5643 1023 5714 lngratunt
1068 5639 1197 5696 nulli
1231 5654 1493 5710 apparere
1525 5638 1685 5693 debet

109 5732 204 5791 hoc
235 5735 469 5804 factum;
496 5737 620 5808 quia
652 5752 793 5808 sa'pe
841 5737 1075 5791 vidimus
1115 5733 1168 5789 iu
1200 5732 1390 5788 eodem
1436 5732 1523 5786 die
1570 5729 1683 5785 fra~

110 5834 240 5882 trem
278 5828 441 5885 linire
473 5845 541 5899 ex,
569 5831 668 5886 hac
717 5829 856 5897 luce,
887 5836 943 5885 et
977 5826 1044 5884 ad
1086 5825 1364 5883 Christum
1424 5824 1709 5892 transire,

1784 576 1980 632 talibus
2005 578 2235 644 dubitet,
2288 581 2558 651 quodnon
2587 587 2770 641 statim
2804 587 2871 643 ad
2901 603 3070 660 regna
3123 586 3372 657 polorum

1779 668 2110 738 penetrem?
2174 668 2363 724 Divina
2429 685 2593 741 opera
2637 675 2815 731 dulcia
2875 685 2997 731 sunt
3044 675 3372 742 volentibus,

1780 774 1967 814 amara
1997 760 2247 816 videntur
2273 761 2605 820 nolentibus.
2639 765 2716 821 Ita
2745 768 2942 824 debent
2973 783 3110 837 opus
3138 767 3230 821 Dei
3276 779 3375 836 per

1780 852 1962 906 omnia
1998 866 2182 921 agere,
2213 852 2357 909 sicut
2384 854 2459 911 illi
2494 855 2657 929 [sani]
2684 858 2736 912 in
2761 860 3122 924 monasterio;
3174 866 3374 929 praeter

1780 941 1922 1010 quod
1947 940 2142 996 leniter
2160 951 2330 1014 atque
2357 947 2559 1001 cursim
2609 946 2835 1003 dicant:
2881 949 3224 1004 intervallum
3265 964 3373 1009 non

1779 1038 1989 1102 agant:
2016 1033 2158 1088 Deus
2184 1036 2407 1091 auribus
2443 1036 2763 1093 dimittant:
2798 1039 3013 1110 expleto
3060 1055 3226 1110 opere
3273 1039 3373 1095 Dei

1780 1135 2126 1183 revertantur
2148 1130 2203 1199 in
2233 1131 2635 1188 dormitorium.
2664 1132 2743 1188 llli
2769 1149 2921 1201 vero,
2947 1134 3048 1205 qui
3071 1135 3147 1189 ita
3179 1135 3375 1189 nimie-

1781 1227 1890 1275 tate
1921 1220 2259 1280 inlirmitatis
2283 1224 2594 1281 detinentur
2618 1214 2761 1298 quad
2788 1227 2937 1289 nullo
2958 1228 3120 1282 modo
3148 1242 3376 1305 consur-

1779 1328 1905 1385 gere
1938 1314 2182 1381 valeant,
2208 1333 2332 1372 mox
2362 1328 2421 1374 ut
2444 1320 2497 1374 in
2520 1322 2854 1377 monasterio
2877 1320 3078 1376 fuerint
3104 1320 3375 1377 celebrata

1778 1406 2121 1461 nocturnalia
2148 1407 2431 1480 obsequia,
2449 1422 2651 1465 annuat
2680 1411 2787 1473 ille,
2813 1413 2902 1481 qui
2928 1413 3174 1468 ordinem
3207 1421 3373 1478 tenet,

1779 1495 1987 1551 duobus
2019 1496 2284 1554 fratribus
2316 1500 2408 1569 qui
2447 1501 2556 1557 illis
2601 1501 2844 1557 divinum
2892 1518 3029 1572 opus
3058 1504 3372 1558 decantcnt.

1780 1586 2141 1658 Surgentibus
2170 1606 2299 1647 vero
2328 1591 2435 1648 illis
2467 1603 2523 1648 ut
2550 1608 2713 1664 supra
2743 1610 2809 1649 ex
2842 1594 3054 1650 lectulis
3082 1595 3225 1660 suis,
3254 1594 3377 1671 luce

1778 1684 1883 1739 diei
1913 1695 2230 1756 apparente,
2253 1687 2340 1742 vel
2367 1698 2491 1743 orto
2512 1687 2624 1760 jam
2653 1689 2769 1744 sole
2792 1689 2975 1761 lavent
2996 1704 3192 1745 manus
3211 1699 3377 1759 atque

1782 1777 1951 1836 facies
1977 1796 2125 1846 suas,
2159 1789 2214 1838 et
2245 1784 2574 1839 conveniant
2602 1784 2656 1838 in
2687 1785 2986 1839 oratorium
3016 1784 3231 1839 Sancta:
3265 1782 3377 1837 illa-

1786 1871 1911 1933 riaa,
1941 1883 1998 1926 et
2029 1873 2254 1927 audiant
2282 1875 2503 1930 missam
2555 1876 2623 1930 a‘b
2673 1873 2778 1929 illis
2823 1874 3202 1929 sacerdoribus
3224 1913 3240 1938 ,
3282 1872 3375 1942 qui

1772 1962 1890 2017 illic
1916 1964 2152 2034 primmn
2175 1981 2333 2022 mane
2360 1967 2428 2021 ibi
2453 1967 2816 2022 conveniunt;
2841 1977 2895 2021 at
2916 1967 3005 2021 ubi
3030 1982 3133 2020 non
3156 1968 3373 2032 adsunt,

1780 2054 1966 2108 veniat
1995 2053 2185 2120 frater,
2209 2056 2301 2125 qui
2328 2056 2596 2111 sollicitus
2618 2065 2701 2111 est
2728 2071 2892 2126 super
2918 2071 3013 2111 eos
3037 2057 3089 2111 in
3111 2055 3373 2117 claustro,

1779 2158 1835 2204 et
1901 2160 2106 2202 annuat
2175 2148 2331 2204 fratri
2405 2165 2567 2220 quem
2645 2149 2759 2220 ipse
2814 2152 2976 2217 velit,
3021 2161 3256 2214 exeant,
3320 2156 3376 2203 et

1780 2242 1922 2298 dicat
1945 2242 2058 2315 [ille
2086 2241 2359 2314 missam],
2390 2250 2447 2297 ct
2471 2244 2561 2313 qui
2586 2244 2996 2300 communicare
3021 2243 3160 2307 vult,
3186 2240 3372 2296 faciat.

1779 2332 1936 2387 Nullo
1970 2333 2170 2403 quippe
2216 2342 2460 2403 tempore
2509 2334 2790 2403 praeterire
2836 2334 3035 2389 debent
3082 2332 3226 2403 quod
3272 2329 3375 2401 ipsi

1780 2425 1979 2481 infirmi
2010 2440 2225 2480 sacrum
2258 2439 2355 2494 per
2386 2424 2629 2494 singulos
2672 2425 2789 2480 dies
2836 2441 2946 2480 non
3000 2424 3243 2478 audiant.
3272 2421 3375 2477 Le.-

1779 2533 1907 2589 gcre
1929 2527 2110 2570 autem
2143 2523 2238 2569 aut
2282 2516 2477 2570 missas
2521 2531 2720 2571 canere
2749 2515 2877 2569 nulli
2923 2530 2989 2570 ex
3034 2514 3165 2584 ipsis
3216 2512 3375 2567 liccat

1780 2609 1993 2673 facere,
2040 2607 2278 2677 quandiu
2326 2606 2433 2661 illic
2463 2606 2699 2674 fuerint,
2738 2617 2940 2678 ιιι-πίοι·
2992 2606 3230 2679 psalmos
3257 2621 3373 2662 meo

1780 2701 2004 2755 moriter
2036 2706 2130 2753 aut
2158 2698 2473 2769 psalterium
2507 2700 2551 2754 si
2583 2698 2873 2754 voluerim.

1849 2832 1990 2887 Ante
2021 2830 2234 2885 tertiam
2260 2831 2459 2885 habeat
2500 2832 2679 2887 omnia
2731 2841 3032 2904 praeparata
3082 2840 3269 2886 custos
3296 2831 3374 2901 ip-

1779 2939 1996 2989 sorum,
2029 2939 2153 2979 cum
2184 2925 2296 2979 suis
2325 2923 2573 2987 fantulis,
2605 2926 2897 2995 unicuique
2926 2925 3222 2979 mensulam
3253 2923 3375 2997 lon-

1779 3015 2024 3088 gitudiue
2070 3016 2233 3069 trium
2285 3018 2513 3083 pedum,
2547 3015 2834 3072 latitudine
2882 3017 3075 3079 unius,
3109 3026 3159 3069 et
3191 3014 3326 3070 semi
3358 3030 3372 3067 :

1780 3125 1981 3180 ponere
2026 3106 2229 3178 quippe
2278 3098 2449 3163 debet
2494 3124 2588 3178 per
2647 3123 3088 3179 unumquemque
3145 3111 3374 3175 desuper

1702 3205 1749 3268 C
1780 3201 2085 3269 linteolum,
2117 3201 2384 3270 Justitiam
2417 3201 2548 3265 vini,
2582 3209 2636 3256 et
2667 3201 2826 3271 panis
2855 3200 3069 3254 libram.
3102 3199 3158 3252 ln
3187 3214 3375 3252 mona-

1778 3294 1947 3348 sterio
1971 3294 2096 3346 dmn
2121 3294 2334 3363 signum
2362 3294 2648 3363 pulsantur
2673 3296 2803 3346 hora
2841 3294 3020 3355 tertia,
3052 3290 3374 3361 conveniant

1780 3382 2084 3437 inbasilica
2117 3383 2368 3452 gloriosa:
2401 3383 2639 3452 Virginis
2675 3382 2882 3444 Mariae,
2917 3391 2972 3435 et
3004 3382 3246 3434 debitum
3278 3382 3375 3432 im-

1779 3490 2003 3545 pensum
2052 3472 2281 3527 solvant.
2335 3473 2612 3529 Exeuntes
2646 3475 2768 3528 imle
2799 3473 2888 3541 qui
2945 3471 3059 3525 vult
3086 3467 3377 3525 comedere

1781 3566 1984 3636 aliquid
2010 3567 2165 3635 quasi
2194 3567 2311 3621 loco
2341 3566 2514 3627 mixti,
2547 3564 2745 3628 faciat,
2774 3572 2823 3617 et
2864 3563 2907 3615 si
2939 3563 3099 3616 velint
3126 3567 3374 3630 possunt—

1781 3673 1885 3728 que
1916 3672 2082 3726 agere
2119 3667 2332 3711 sextam
2361 3653 2577 3709 insimul
2608 3665 2661 3707 et
2684 3654 2846 3707 edere
2875 3652 3188 3721 priusquam
3214 3664 3376 3703 sone-

1781 3761 1918 3807 stnr.
1953 3753 2020 3807 Et
2048 3753 2265 3822 quando
2294 3756 2614 3819 exspectant
2646 3747 2712 3799 ad
2740 3755 2976 3807 sextam,
3012 3758 3135 3797 mox
3168 3750 3226 3796 ut
3261 3738 3364 3811 pul-

1782 3847 1985 3902 saverit
2014 3848 2247 3917 signum,
2276 3843 2540 3899 accedant
2562 3849 2618 3895 et
2644 3839 2743 3910 ipsi
2770 3839 2836 3892 ad
2864 3838 3074 3893 horam.
3102 3836 3377 3891 Exenntcs

1782 3938 2003 3993 veniant
2033 3947 2197 4007 atque
2243 3950 2436 3989 manus
2463 3948 2590 3989 suas
2622 3932 2836 3994 lavent,
2884 3939 2937 3982 ct
2969 3937 3096 3983 eant
3143 3926 3374 3997 epulari.

1787 4030 2011 4086 Versum
2045 4029 2112 4084 ad
2145 4045 2388 4085 mensam
2413 4027 2595 4081 dicere
2619 4025 2816 4079 debent
2841 4024 2984 4077 sicut
3006 4022 3059 4075 in
3088 4019 3378 4075 rcfectorio

1784 4138 1880 4191 per
1940 4134 2382 4191 unamquamque
2457 4115 2951 4177 ntinistratiouem,
3003 4122 3060 4166 ut
3108 4112 3233 4164 data
3298 4109 3378 4162 eis

1783 4213 1986 4277 fuerit,
2048 4226 2265 4280 semper
2337 4207 2684 4262 benedicant.
2737 4203 2980 4273 ipsorum
3055 4208 3377 4270 procuratur

1755 4312 1919 4372 'quot
1946 4301 2159 4356 vicibus
2185 4313 2309 4353 cum
2340 4294 2644 4351 scutellulis
2675 4290 2963 4347 intraverit
2988 4288 3243 4357 jannam;
3297 4296 3379 4342 tot

1790 4391 1995 4446 vicibus
2030 4388 2333 4443 Beuedicite
2362 4400 2576 4455 semper
2611 4385 2792 4445 dicat,
2831 4379 2953 4435 aliis
2996 4377 3378 4449 respondenti-

1785 4483 1888 4539 bus
1930 4482 2221 4547 Dominus;
2270 4493 2396 4534 cunt
2445 4476 2595 4531 omni
2640 4471 3005 4547 gratulatione
3047 4480 3212 4539 atque
3242 4468 3378 4524 dile-

1708 4557 1759 4621 D
1784 4576 1983 4632 ctione.
2024 4573 2253 4629 Versum
2283 4578 2406 4642 post
2430 4568 2611 4625 cibum
2643 4568 2713 4624 ibi
2746 4566 2952 4621 dicant.
2987 4562 3189 4619 Omnes
3219 4576 3378 4617 nam-

1786 4684 1892 4739 que
1933 4666 2099 4721 ltoras
2168 4665 2222 4718 in
2289 4661 2517 4718 ecclesia
2571 4674 2773 4717 canere
2827 4658 3044 4713 debent.
3103 4654 3383 4726 Quidquid

1787 4758 2148 4823 remanserit,
2192 4757 2260 4811 ad
2301 4754 2653 4811 .ccllerarium
2704 4752 2984 4814 reddatur,
3016 4760 3217 4820 praeter
3252 4747 3377 4814 illa,

1786 4869 1907 4923 qum
1937 4850 2152 4906 famulis
2187 4849 2287 4904 sibi
2331 4847 2696 4904 servientibus
2743 4860 2809 4899 ex
2846 4844 3103 4899 carnibus
3144 4841 3226 4895 vel
3258 4840 3379 4909 pul-

1789 4946 1988 5007 mentis
2033 4943 2207 4997 danda
2258 4952 2385 4996 sunt
2429 4943 2497 4996 ab
2548 4939 2637 4994 illo
2692 4938 2859 4993 l‘ratre
2902 4936 2992 5007 qui
3048 4933 3380 4990 ltuicollicio

1787 5044 2005 5109 praeest.
2039 5034 2273 5088 lulirmis
2302 5032 2561 5087 fratribus
2592 5049 2697 5086 tton
2724 5034 2956 5101 pertinet
2978 5028 3057 5082 eis
3083 5026 3379 5095 quidquam

1789 5133 1938 5185 dare.
1993 5126 2470 5196 Eleemosynzzrius
2504 5139 2633 5177 vero
2669 5121 2776 5176 illis
2813 5120 3037 5183 diebus,
3084 5116 3284 5186 quibus
3307 5128 3377 5167 ex

1790 5222 2085 5278 refectorio
2126 5221 2316 5288 recipit
2361 5232 2554 5289 panem
2592 5226 2647 5271 et
2678 5215 2892 5281 vinum,
2920 5212 3011 5297 _ita
3060 5218 3117 5265 et
3163 5224 3231 5263 ex
3273 5207 3379 5263 hac

1788 5317 2072 5369 mansione
2103 5314 2356 5383 accipiat.

1857 5451 2129 5522 Quidquid
2149 5450 2351 5504 infirmi
2378 5443 2751 5518 petierint,cis
2774 5440 3007 5497 dandum
3028 5445 3110 5509 est
3126 5454 3141 5502 ;
3160 5434 3377 5517 etiamsi

1786 5560 1969 5600 emere
1994 5559 2131 5615 Opus
2170 5543 2261 5597 sit.
2316 5540 2522 5611 Regula
2572 5551 2807 5607 namque
2844 5531 3086 5605 praecipit
3113 5530 3251 5599 (cap.
3282 5527 3375 5599 36)

1786 5616 2115 5694 aute‘bomnia
2140 5646 2193 5691 et
2218 5650 2380 5703 super
2401 5633 2581 5689 omnia
2612 5631 2975 5686 adhibendam
3006 5626 3239 5708 infirmis
3257 5638 3380 5678 esse

1787 5749 1974 5788 curam
2023 5747 2089 5787 ac
2136 5729 2579 5785 sollicitudinem.
2629 5726 2687 5782 lu
2739 5724 2871 5797 ipsis
2915 5720 3114 5792 quippe
3171 5715 3378 5773 cellulis

1790 5825 1986 5881 habeat
2033 5829 2361 5893 procurator
2399 5819 2568 5878 frater
2623 5818 2839 5888 omnia,
2888 5826 3225 5888 quatcunque
3269 5810 3379 5866 illis
