3834 6304
2041 243 2071 263 ,ρ
2131 246 2147 254 -

487 341 618 403 £287
1611 334 1934 398 CUIDONIS
1966 339 2001 391 Α

2183 337 2260 393 'lS
2306 333 2692 395 FAllFENSlS
3597 351 3697 408 1988

471 459 796 516 necessaria
861 457 1062 512 fuerint
1107 475 1119 511 :
1168 453 1452 522 videlicet,
1499 455 1775 521 utensilia,
1833 455 2070 509 bacciles
2100 457 2145 514 Α
2173 461 2300 522 gaut
2356 453 2618 508 l'aternam
2680 467 2862 509 secum
2911 451 3180 522 ferentes;
3236 465 3512 526 postquam
3556 477 3698 521 attines

482 550 796 613 manualcs,
839 548 1014 603 situlte
1045 549 1265 602 vinaria:
1292 557 1457 618 atque
1493 547 1764 617 aquarize,
1794 546 2062 610 caldarite,
2164 542 2276 611 jam
2329 545 2678 614 requiescunt
2726 546 3038 616 perspicere
3089 548 3288 603 debent
3333 550 3553 618 qualiter
3577 570 3700 611 unus-

481 645 744 699 cremium
772 643 882 713 (8t)
917 642 982 696 ad
1015 642 1222 696 minora
1251 643 1479 712 agenda.
1505 638 2066 708 Scutellulae,justiti:e
2167 635 2395 706 Quisque
2437 646 2580 706 agat.
2612 636 2845 692 Candela
2895 638 3058 708 igitur
3086 653 3182 709 per
3213 656 3621 713 unamquamque
3651 663 3700 705 ex

479 733 696 790 illorum
723 749 846 789 cum
879 733 992 787 suis
1022 733 1316 803 scyphulis.
1367 732 1594 800 Quando
1631 731 1828 785 fratres
1879 745 1940 786 se
1972 746 2065 784 ra-
2169 727 2304 796 ipsis
2329 729 2542 784 cellulis
2568 729 2755 785 ardeat
2783 747 2954 800 usque
2982 748 3175 797 mane;
3209 733 3292 787 vel
3328 735 3407 789 sic
3440 747 3702 805 coaptentur

480 830 644 891 dunt,
677 828 774 898 ipsi
802 843 908 882 uno
930 828 1017 881 die
1042 837 1168 882 ante
1193 843 1251 881 se
1280 827 1494 881 radant.
1524 826 1581 880 Si
1613 825 1808 894 aliquis
1829 839 1898 879 ex
1931 823 2064 894 ipsis
2169 818 2222 874 in
2251 821 2358 876 illis
2407 823 2614 878 cellulis
2656 839 2778 892 qua:
2817 824 3108 879 viciniores
3135 835 3281 890 sunt,
3309 835 3369 879 ut
3398 829 3558 896 posita
3585 830 3700 884 [nmio

478 920 726 974 exiturus
773 927 858 972 est
909 918 962 971 in
1012 919 1254 972 crastino
1299 933 1423 972 cum
1474 916 1814 982 senioribus,
1877 914 2061 968 faciat.
2166 917 2322 971 naria
2363 917 2417 970 in
2460 914 2771 972 fenestrnlis
2817 919 3041 987 parietis
3069 918 3243 973 amba:
3275 917 3696 986 illuminentur;si

479 1012 845 1067 Sabbatorum
899 1027 1031 1066 vero
1078 1009 1268 1065 diebus
1310 1018 1430 1078 post
1480 1023 1765 1079 vesperam
1830 1007 2065 1062 habeant
2169 1010 2347 1064 minus
2388 1010 2528 1064 unde
2563 1009 2744 1065 lumen
2772 1011 3120 1074 accendatur,
3148 1011 3696 1075 babuerint,:tutinre-

475 1101 662 1157 famuli
696 1118 890 1172 aquam
915 1102 1244 1167 calidam,ut
1271 1102 1399 1171 ipsis
1426 1101 1657 1156 infirmis
1677 1102 1841 1170 pedes
1862 1099 2060 1156 lavent.
2168 1100 2270 1154 uiri
2309 1100 2533 1155 minime
2561 1102 2767 1170 possit,
2799 1110 2857 1155 ut
2888 1116 2983 1171 per
3011 1102 3220 1172 singula
3253 1103 3461 1157 ardeat.

475 1198 752 1268 Quotquot
779 1213 810 1252 e
841 1196 1098 1251 fratribus
1124 1196 1318 1251 exituri
1354 1194 1465 1266 (82)
1491 1193 1730 1258 fuerint,
1762 1194 1832 1248 ibi
1863 1193 2064 1249 faciant
2751 1190 2979 1246 CAPUT
3019 1190 3164 1260 .Llll.

474 1305 627 1344 suam
664 1285 1067 1345 necessitatem.
1099 1287 1310 1342 Famuli
1353 1288 1523 1357 ipsius
1553 1287 1656 1342 loci
1689 1285 1814 1340 folia
1848 1302 2061 1357 przepa-
2239 1280 2490 1350 Inﬁrmos
2515 1281 2707 1350 fratres
2732 1284 2806 1336 sic
2832 1283 3015 1337 debent
3041 1285 3201 1338 visere
3224 1284 3377 1338 sodes
3406 1283 3646 1359 [sodales].

476 1387 632 1446 rent,
659 1388 837 1436 tamen
872 1380 924 1434 in
956 1396 1064 1434 uno
1101 1378 1296 1449 angulo
1343 1395 1465 1434 cum
1515 1395 1708 1446 magna
1740 1379 1948 1433 cautela
1967 1420 1980 1440 ,
2009 1387 2064 1432 et
2238 1373 2430 1432 Multas
2448 1375 2696 1444 superius
2723 1390 2914 1431 causas
2954 1377 3425 1446 prtetertuisimus,
3454 1394 3574 1447 quas
3595 1397 3698 1436 nunc

473 1473 687 1541 quando
702 1471 1177 1542 calefactoria(83)
1195 1471 1384 1526 facturi
1402 1480 1547 1537 sunt,
1567 1469 1754 1524 famuli
1793 1471 2060 1525 cellerarii
2165 1468 2408 1523 inserere
2433 1470 2650 1540 dignum
2677 1471 2944 1525 ducimus.
2991 1471 3047 1524 Si
3093 1471 3290 1540 aliquis
3322 1470 3487 1525 frater
3509 1472 3570 1528 de
3591 1474 3700 1528 clau-

470 1571 777 1633 prteparata
810 1562 937 1616 folia
966 1561 1222 1615 habeant.
2165 1572 2279 1617 stro
2303 1563 2533 1617 voluerit
2575 1564 2846 1619 infirmum
2878 1565 3112 1634 aliquem
3141 1564 3388 1629 visitare,
3433 1567 3657 1635 requirat,
3678 1585 3698 1620 ε

545 1654 934 1725 Undecumque
978 1655 1270 1709 revertitur
1297 1655 1528 1708 domnus
1562 1653 1732 1708 abbas
1763 1652 1921 1707 debet
1957 1653 2060 1707 ibi-
2164 1657 2343 1725 priore
2381 1657 2676 1721 licentiam,
2707 1657 2824 1712 sine
2854 1673 2958 1727 qua
2991 1657 3299 1712 nullatenus
3321 1657 3479 1712 debet
3498 1658 3696 1714 intrare:

469 1745 594 1800 dem
625 1746 848 1808 venire,
880 1755 934 1800 et
963 1745 1236 1815 inquirere
1276 1759 1746 1815 unumquemque,
1785 1752 1915 1814 quot
1965 1744 2062 1798 ba-
2165 1763 2397 1817 cumque
2426 1749 2699 1803 licentiam
2742 1751 2993 1805 habuerit
3035 1750 3259 1819 incipiat
3309 1749 3582 1818 psalmum,
3626 1750 3699 1803 Do—

469 1834 597 1894 bcat
641 1841 755 1895 sive
803 1856 1013 1895 morum
1044 1840 1239 1894 animas
1270 1841 1384 1894 sive
1409 1841 1654 1910 corporis
1685 1840 2055 1906 valetudines;
2094 1819 2139 1880 Β
2169 1840 2328 1903 mine,
2354 1856 2417 1892 ne
2445 1839 2499 1892 in
2530 1839 2710 1909 furore
2756 1850 2845 1892 tuo
2877 1839 3134 1908 primtnn,
3189 1838 3472 1906 ipsumque
3510 1837 3632 1891 dicat
3661 1840 3699 1892 in

443 1932 553 1986 'vef
585 1932 629 1986 si
658 1932 858 2001 aliquid
890 1933 1234 1988 necessitatis
1277 1942 1370 1987 aut
1405 1933 1744 2003 negligentia:
1768 1950 1795 1987 a
1824 1937 2058 1990 servito-
2164 1930 2357 1985 itinere
2388 1947 2402 1995 ;
2460 1940 2577 2001 post
2609 1930 2876 2000 psalmum
2911 1933 3079 1995 dicat,
3115 1930 3277 1983 Pater
3311 1942 3501 1984 noster.
3533 1928 3700 1983 Solum

468 2022 621 2078 ribus
670 2023 750 2077 vcl
781 2039 811 2078 a
853 2024 1152 2080 cellerariis
1189 2026 1485 2094 patiantur.
1533 2025 1600 2078 Et
1635 2037 1694 2080 ttt
1730 2027 1983 2096 inspiciat
2011 2029 2054 2082 si
2162 2025 2248 2094 fac
2273 2041 2477 2079 servum
2509 2035 2673 2078 tuum.
2708 2025 2857 2079 Mitte
2886 2027 2954 2092 ei,
2981 2024 3223 2079 Domine.
3240 2023 3464 2080 Oratio:
3502 2021 3702 2093 Omnipo-

466 2112 664 2182 aliquis
714 2127 779 2166 ex
840 2115 907 2169 iis
957 2115 1095 2170 bene
1142 2114 1480 2172 convaluerit
1521 2113 1605 2170 cui
1653 2115 1929 2172 licentiam
1967 2118 2059 2172 det
2159 2127 2272 2170 tens
2299 2119 2605 2182 setnpiterne
2624 2117 2786 2181 Dens,
2812 2117 2957 2171 salus
2984 2128 3202 2170 (eterna.
3227 2116 3363 2170 Cum
3401 2118 3622 2186 pervenit
3654 2118 3703 2170 ad

465 2207 728 2260 redeundi
756 2207 809 2260 in
835 2207 1168 2272 claustrum;
1198 2209 1322 2278 quia
1352 2208 1468 2262 sine
1490 2207 1736 2277 jussione
1758 2209 1937 2265 nullus
1957 2226 2058 2265 nec
2162 2205 2432 2260 infirmum
2465 2206 2629 2269 dicat,
2672 2205 2994 2260 Benedicite.
3054 2207 3257 2260 Deinde
3307 2207 3590 2276 interroget
3610 2223 3702 2262 eum

464 2299 760 2368 egreditur,
794 2315 892 2354 nec
919 2300 1241 2371 ingreditur.
1288 2301 1552 2357 Similiter
1579 2301 1744 2357 faciat
1770 2302 1937 2371 prior,
1973 2302 2055 2357 vel
2159 2297 2226 2352 de
2254 2297 2572 2353 infirmitate
2602 2315 2697 2352 sua
2732 2299 2964 2369 qualiter
2990 2299 3288 2362 laboret,et
3312 2297 3523 2368 qualem
3544 2299 3705 2368 patien-

464 2387 555 2442 ille
591 2390 681 2458 qui
708 2390 954 2444 ordinem
998 2397 1164 2444 tenet.
1203 2391 1295 2444 llle
1317 2391 1461 2447 enim
1491 2391 1679 2458 frater,
1707 2392 1800 2460 qui
1831 2392 1882 2445 in
1914 2392 2057 2446 clau-
2163 2389 2290 2442 tiam
2319 2390 2534 2451 habeat,
2564 2399 2618 2444 et
2641 2390 2836 2443 bonam
2878 2389 3330 2444 exercitationem
3373 2389 3625 2444 adhibeat.
3651 2390 3705 2443 De

463 2486 636 2533 strum
689 2480 983 2535 revertitur
1021 2491 1145 2552 agat
1195 2482 1267 2537 ita
1305 2500 1320 2537 :
1367 2498 1492 2536 mox
1521 2491 1578 2536 ut
1609 2484 1822 2554 signum
1869 2484 2055 2552 primae
2158 2481 2530 2550 corporalibus
2576 2497 2705 2536 vero
2757 2483 2889 2537 nihil
2919 2483 3239 2551 interroget.
3280 2481 3338 2536 Si
3372 2493 3546 2536 autem
3574 2481 3704 2535 frater

460 2566 549 2620 vel
583 2571 834 2624 secundae
866 2570 1012 2625 hora:
1041 2570 1373 2640 pulsaverit,
1414 2572 1714 2628 infantibus
1765 2574 1816 2626 in
1863 2575 2054 2645 primis
2159 2570 2405 2625 infirmus
2463 2571 2528 2625 de
2584 2570 2764 2640 aliqua
2817 2572 3138 2627 necessitate
3196 2571 3606 2642 complanxerit,
3649 2570 3698 2622 ad

461 2662 870 2716 transeuntibus
902 2671 1030 2717 tunc
1077 2663 1259 2718 veniat
1310 2663 1398 2718 ille
1435 2674 1558 2734 post
1592 2681 1687 2719 eos
1717 2665 1768 2719 in
1803 2667 1972 2721 choro
1999 2667 2053 2721 in
2157 2665 2392 2734 priorem
2436 2665 2658 2718 veniens
2691 2664 2881 2720 dicat:
2927 2666 3033 2719 Per
3078 2674 3318 2720 vestram
3376 2664 3621 2719 licentiam
3648 2664 3696 2717 all

460 2751 581 2806 loco
612 2768 738 2817 suo,
772 2764 824 2807 et
851 2753 1016 2809 faciat
1044 2755 1224 2808 omnia
1258 2764 1316 2808 ut
1345 2756 1456 2810 alii.
1489 2755 1544 2808 ln
1575 2756 1813 2826 capitulo
1840 2773 1962 2811 mox
1995 2767 2055 2811 ut
2156 2757 2430 2812 infirmum
2458 2756 2607 2811 illum
2635 2757 2780 2823 veni,
2815 2757 2908 2812 sed
2935 2759 3001 2813 de
3029 2757 3228 2812 talibus
3273 2756 3440 2812 rebus
3480 2756 3702 2825 querimo-

461 2843 658 2898 dixerit
688 2860 753 2897 ex
783 2855 971 2899 nostro
997 2847 1187 2900 ordine
1220 2845 1667 2912 Reminiscimini,
1707 2857 1894 2918 surgat
1931 2848 2048 2914 ille,
2157 2847 2302 2901 niam
2344 2847 2540 2901 audivi.
2567 2847 2648 2901 Ad
2680 2849 2917 2918 priorem
2948 2858 3128 2902 autem
3161 2849 3402 2917 pertinet
3436 2848 3500 2902 de
3547 2848 3703 2902 talibus

459 2933 624 2988 faciat
655 2937 1086 2992 satisfactionem
1117 2946 1169 2992 et
1200 2949 1422 2994 accuset
1455 2955 1512 2994 se
1542 2940 1608 2995 de
1638 2941 1750 2996 suis
1779 2943 2052 3013 negligcn-
2156 2936 2203 2991 si
2237 2937 2408 2991 visum
2450 2937 2613 2992 fuerit
2643 2939 3038 3008 providentiam
3063 2939 3287 2992 habere.

463 3028 570 3082 liis.
609 3029 760 3083 Tunc
789 3030 1032 3084 absolvat
1079 3047 1202 3085 eum
1232 3033 1461 3087 donmus
1489 3034 1654 3089 abbas
1697 3044 1752 3089 et
1776 3033 1964 3104 jubeat
1993 3037 2043 3090 ei
2227 3028 2384 3084 Item.
2417 3028 2605 3084 Frater
2628 3045 2757 3085 vero
2783 3031 2873 3100 qui
2906 3046 3005 3100 pro
3027 3046 3123 3085 sua
3170 3030 3489 3084 infirmitate
3517 3029 3707 3083 mittitur

459 3117 753 3172 decantare
784 3128 989 3188 septem
1017 3119 1254 3188 psalmos
1275 3161 1290 3186 ,
1320 3121 1402 3176 vel
1432 3122 1768 3179 solummodo
1802 3124 2050 3179 Miserere
2079 3175 2121 3196 η
2157 3122 2210 3176 in
2243 3122 2579 3176 infirmorum
2603 3121 2764 3177 domo
2790 3130 2845 3176 et
2880 3122 2951 3176 ibi
2982 3121 3266 3176 dormierit
3304 3130 3470 3190 atque
3495 3121 3704 3174 comedo-

459 3208 582 3270 mei,
621 3206 790 3273 Deus,
823 3209 942 3264 loco
972 3211 1342 3280 paenitentiar,
1373 3214 1613 3284 procidat
1637 3217 1836 3286 quippe
1866 3217 1955 3270 ilie
1983 3217 2048 3271 ad
2078 3181 2122 3237 Ο
2157 3212 2246 3276 rit,
2293 3225 2509 3266 carnem
2540 3219 2722 3265 tamen
2756 3227 2861 3266 non
2915 3211 3118 3274 ederit,
3171 3210 3214 3264 si
3247 3210 3482 3265 voluerit
3522 3223 3707 3278 pergere

458 3300 577 3368 ejus
609 3301 864 3370 vestigia,
894 3303 1016 3366 dein
1046 3305 1227 3358 veniat
1259 3306 1309 3358 iti
1343 3307 1479 3372 loco,
1513 3308 1600 3362 ubi
1634 3310 1784 3379 prius
1817 3310 2048 3374 Slctcrit,
2158 3302 2209 3355 in
2256 3302 2573 3367 ecdesiam.
2629 3311 2810 3374 Ροιθδι
2847 3300 3082 3356 lransire
3123 3317 3218 3372 per
3269 3313 3589 3356 conventum
3618 3302 3704 3352 fra-

457 3400 513 3444 et
544 3391 760 3446 inclinet
789 3408 848 3448 se
878 3395 1075 3449 iterum
1105 3396 1283 3451 abbati
1321 3415 1427 3454 :cx
1471 3409 1598 3456 tunc
1651 3402 1874 3456 inclinet
1925 3403 2052 3458 hinc
2157 3403 2320 3461 trum,
2369 3396 2413 3450 si
2463 3404 2676 3466 tempus
2715 3393 2965 3464 loquendi
3018 3393 3185 3447 fuerit
3237 3392 3290 3446 in
3324 3392 3587 3456 claustro;
3618 3391 3706 3459 ipse

458 3491 515 3537 et
555 3484 678 3539 inde
708 3497 894 3540 contra
937 3489 1217 3557 seniores,
1272 3491 1538 3562 imprimis
1584 3495 1754 3550 choro
1800 3497 1972 3550 abbati

2190 3502 2334 3541 tmen
2365 3488 2492 3541 dum
2524 3487 2747 3542 veniens
2782 3486 3083 3542 Benedicite
3114 3487 3279 3549 dicat,
3327 3494 3386 3541 et
3420 3495 3584 3540 exeat.
3629 3485 3704 3538 Se-

443 3581 752 3647 .eadetuque
782 3587 836 3632 et
862 3581 959 3648 ipsi
993 3581 1214 3636 faciant.
1246 3581 1479 3638 Jubcnte
1505 3583 1705 3640 abbate
1743 3596 1832 3640 eat
1856 3587 1957 3641 sedi

2189 3578 2312 3633 cudi
2354 3580 2805 3650 autcolloquendi
2847 3596 2952 3635 non
2989 3589 3072 3635 est
3104 3581 3154 3636 ei
3186 3579 3438 3646 licitum;
3488 3596 3578 3635 nec
3620 3596 3701 3633 non

455 3668 512 3723 in
541 3668 659 3724 loco
687 3686 806 3726 suo.
837 3672 968 3727 Cum
1002 3675 1152 3743 pueri
1199 3675 1250 3730 in
1297 3677 1410 3747 ipsa
1440 3677 1600 3732 domo
1645 3680 1896 3734 conducti
1934 3681 2049 3735 tuo-
2150 3673 2218 3726 ad
2242 3673 2536 3743 capitulum
2563 3673 2644 3727 vel
2669 3673 3015 3728 collationem
3045 3674 3378 3730 introeundi.
3410 3674 3611 3729 Interim
3637 3672 3704 3727 ille

455 3761 597 3829 rint,
632 3772 757 3817 :unc
791 3766 1049 3835 suscipiat
1085 3783 1226 3823 unus
1251 3783 1314 3822 ex
1344 3769 1475 3838 ipsis
1515 3771 1821 3826 senioribus
1851 3775 1940 3842 qui
1975 3773 2046 3828 ibi
2152 3765 2320 3820 frater
2359 3766 2451 3836 qui
2483 3782 2652 3836 usque
2681 3768 2748 3820 ad
2774 3767 2915 3822 diem
2946 3767 3029 3821 sui
3062 3767 3243 3822 exitus
3277 3768 3537 3822 manserit
3562 3766 3641 3833 ibi,
3661 3775 3705 3820 et

452 3864 579 3908 sunt
614 3854 825 3910 illorum
855 3860 1192 3926 custodiam,
1242 3862 1331 3930 qui
1364 3879 1455 3915 sua
1488 3863 1776 3933 providere
1828 3867 1966 3921 sciat

2190 3858 2408 3928 nidquid
2435 3857 2757 3927 regulariter
2787 3866 2981 3928 potest,
3013 3857 3193 3928 explet
3215 3857 3346 3913 illud
3372 3876 3386 3912 :
3420 3860 3462 3914 si
3484 3859 3529 3913 ei
3551 3867 3703 3927 aptum

455 3947 631 4001 aliena
671 3965 776 4003 non
809 3952 1105 4022 negligere.
1145 3953 1304 4007 lloris
1345 3969 1582 4024 namque
1616 3957 1969 4025 competentil

2192 3949 2323 4002 isum
2354 3947 2516 4003 fuerit
2544 3949 2735 4004 sedere
2768 3950 2820 4004 in
2851 3948 3111 4018 claustro,
3147 3950 3308 4005 liceat
3355 3951 3431 4018 ei,
3476 3951 3624 4007 etiam
3661 3959 3706 4004 et

451 4039 650 4106 quibus
678 4041 797 4096 aliis
827 4060 948 4098 cum
976 4044 1184 4099 laterna
1211 4048 1506 4115 procedere
1532 4064 1648 4103 IIIOS
1670 4058 1776 4114 est,
1797 4051 1956 4105 simili

2189 4040 2536 4109 dcapitulum
2569 4050 2731 4110 atque
2777 4041 3118 4097 collationem
3165 4043 3388 4107 venire;
3439 4058 3530 4112 per
3577 4058 3703 4095 usum

445 4139 502 4185 et
533 4132 636 4201 ipsi
672 4132 877 4189 faciant
917 4154 930 4190 :
963 4153 1130 4206 prope
1159 4138 1446 4194 luminaria
1473 4139 1723 4208 jaceant,
1757 4157 1864 4196 non
1890 4143 1959 4212 ju:

2190 4148 2326 4186 unen
2361 4150 2466 4186 non
2514 4135 2820 4202 exquiritur
2861 4137 2928 4189 ab
2972 4135 3084 4200 illo,
3128 4136 3170 4190 si
3229 4136 3484 4191 defuerit.
3536 4136 3704 4189 Verum

443 4238 526 4277 se.
587 4224 794 4283 Exinde
842 4239 1104 4284 exeuntes
1154 4245 1255 4299 pro
1307 4233 1407 4287 hoc
1453 4233 1884 4289 satisfactionem
1938 4251 2044 4289 non
2150 4225 2263 4294 ipse
2288 4227 2331 4279 bi
2364 4227 2658 4296 llCI'SPiCial
2692 4227 2966 4296 turdique;
3015 4229 3138 4298 quia
3166 4229 3232 4285 de
3262 4228 3513 4283 omnibus
3557 4228 3705 4288 bOtIiS.

445 4312 659 4369 faciunt
697 4319 765 4370 ad
797 4319 972 4388 majus
1020 4320 1318 4390 capitulum
1362 4338 1461 4377 nec
1498 4323 1564 4376 ad
1597 4339 1774 4378 suum.
1815 4324 2045 4393 Majores
2148 4332 2266 4384 «tuan
2303 4332 2588 4385 POSSUIIIIIS
2635 4318 2952 4389 adimplere.
3002 4332 3055 4374 ει
3086 4336 3191 4376 ῐιοιι
3232 4319 3483 4385 fuimus.
3514 4322 3613 4375 θεο
3641 4337 3709 4372 τλ·

445 4401 652 4459 fratres
682 4405 772 4475 qui
803 4424 1023 4464 carnem
1056 4411 1125 4466 ibi
1168 4427 1272 4467 non
1320 4412 1517 4478 edunt,
1547 4413 1799 4470 baculum
1829 4426 2043 4486 gestare
2147 4411 2349 4465 tionem
2409 4412 2672 4466 reddituri
2716 4429 2922 4475 sumus,
2972 4414 3136 4467 etiam
3181 4430 3246 4469 ex
3296 4415 3706 4486 cogitationibus,

447 4496 705 4550 inanibus
736 4498 959 4556 minime
989 4503 1226 4559 debent:
1256 4505 1556 4560 satisfactio
1590 4507 1641 4561 in
1673 4508 1912 4579 capitulo
1941 4509 2043 4563 illis
2072 4523 2120 4584 υ
2149 4515 2350 4575 quanto
2397 4506 2568 4575 magis
2611 4505 2789 4560 factis.
2822 4506 3011 4561 Claudi
3040 4505 3125 4561 vel
3151 4520 3327 4571 senes,
3365 4508 3455 4578 qui
3504 4507 3707 4563 inhone-

445 4600 559 4641 non
601 4590 941 4646 conceditur.
2179 4609 2295 4654 tant
2321 4612 2643 4654 conventum
2692 4609 2786 4674 aut
2834 4599 3039 4654 debiles
3075 4610 3221 4663 sunt,
3279 4601 3333 4655 in
3369 4602 3499 4671 ipsis
3530 4602 3710 4656 cellulis

520 4675 850 4736 Procurator
869 4683 1038 4739 frater
1067 4700 1189 4740 cum
1214 4685 1401 4741 aliisin
1426 4688 1745 4744 dormitorio
1763 4690 2045 4760 quiescere
2149 4699 2425 4755 maneant,
2453 4689 2744 4752 dormiant,
2773 4689 2956 4753 edant,
2987 4700 3149 4760 atque
3197 4706 3332 4761 opus
3366 4691 3460 4744 Dei
3489 4693 3707 4753 audiant,

450 4769 612 4824 debet
630 4769 871 4828 famulis.
899 4776 1000 4841 Qui
1033 4777 1083 4830 in
1115 4777 1216 4832 hoc
1239 4778 1502 4848 obsequio
1523 4781 1765 4850 deputati
1790 4792 1916 4836 sunt
1940 4783 2044 4837 illis
2147 4792 2201 4838 et
2239 4782 2499 4852 quidquid
2541 4783 2622 4837 eis
2663 4797 2800 4853 opus
2828 4782 3011 4844 ftterit,
3055 4783 3127 4837 ibi
3157 4792 3341 4854 agant.
3377 4783 3572 4838 Frater
3612 4783 3710 4836 illa-

449 4860 631 4930 horis,
663 4865 860 4935 quibus
909 4869 1153 4923 seniores
1184 4870 1236 4923 in
1265 4870 1503 4927 claustro
1551 4875 1742 4929 sedent
1772 4875 1888 4930 sine
1915 4891 2044 4930 con-
2146 4892 2264 4931 rum
2306 4875 2620 4929 cellularum
2667 4875 2913 4944 provisor
2951 4889 3072 4929 cum
3122 4875 3234 4930 suis
3278 4873 3500 4930 famulis
3546 4889 3711 4930 curam

449 4955 674 5013 ductore
702 4973 769 5012 ex
796 4961 1078 5014 monachis
1111 4962 1344 5017 transire
1379 4979 1723 5034 nequaquam
1772 4967 2043 5036 permitti-
2145 4985 2310 5040 super
2331 4985 2426 5025 eos
2453 4969 2518 5024 de
2562 4970 2817 5025 omnibus
2859 4978 3113 5026 exerceat
3143 4970 3286 5040 quod
3323 4967 3429 5025 illis
3465 4984 3599 5041 opus
3625 4977 3711 5033 est,

449 5053 558 5100 tur.
592 5048 910 5104 Discalceati
951 5050 1112 5105 nullis
1164 5053 1310 5107 horis
1342 5053 1600 5111 incedere
1629 5055 1849 5109 debent.
1899 5057 2041 5138 Ante
2145 5071 2204 5116 ut
2238 5079 2341 5116 non
2371 5061 2666 5131 indigeant.

449 5135 972 5208 luminariajaceant
999 5142 1050 5196 in
1079 5143 1268 5211 liumo,
1293 5146 1383 5215 qui
1417 5146 1592 5216 ipsum
1625 5146 1803 5200 lumen
1828 5135 2042 5218 semper
2731 5173 2959 5229 CAPUT
3015 5173 3146 5229 Liv.

448 5244 742 5338 Procufem
773 5237 1121 5338 Γθγίνίδθθτθζ
1151 5240 1426 5338 Επθυ-ηξθδ
1455 5240 1810 5338 ⁰⁰¹ξηξ¹θιθτίθ
1844 5257 2037 5338 mimi“?
2145 5265 2386 5332 Qualiter
2414 5265 2674 5335 agendum
2705 5275 2778 5318 est
2823 5267 3035 5335 quando
3079 5268 3376 5335 ingreditur
3398 5269 3715 5338 congregatio

447 5325 790 5381 benedictam
844 5329 944 5398 ipsi
994 5332 1122 5403 :egri
1163 5333 1404 5402 quotidie
1441 5333 1743 5403 accipiant,
1774 5349 1937 5402 quam
1966 5335 2037 5390 ibi
2149 5325 2185 5332 w
2450 5325 2471 5335 ⁷
2565 5339 2634 5389 ad
2666 5325 2978 5391 uisitandum
3012 5325 3302 5405 iii/irinum.

450 5427 576 5475 ante
625 5419 845 5491 januam
917 5435 1274 5494 praeparatam
1335 5426 1634 5482 inveniant.
1697 5427 1765 5482 Et
1824 5427 2037 5483 illorum
2212 5429 2368 5483 Prior
2415 5443 2647 5498 namque
2702 5437 2831 5483 ante
2885 5429 3179 5498 capitulum
3249 5429 3510 5499 inspiciat
3560 5433 3712 5499 ipsum

447 5513 702 5570 custodes
723 5515 1057 5587 singulorum
1082 5518 1237 5574 lectis
1266 5534 1464 5590 aquam
1492 5519 1831 5574 benedictam
1852 5534 2037 5591 asper-
2143 5523 2418 5577 infirmum
2443 5533 2495 5575 et
2514 5521 2810 5592 interroget
2833 5523 2876 5576 si
2896 5522 3286 5593 velitaceipere
3302 5539 3506 5594 corpus
3523 5523 3714 5578 Domini

671 5650 939 5732 gremium
965 5667 992 5706 a
1025 5669 1284 5732 cremare,
1315 5655 2034 5732 siccamentumlignorum.
2137 5665 2175 5725 ξ·
2212 5658 2324 5729 (85)
2367 5658 2722 5730 Calefactoria
2774 5659 2980 5729 facere,
3045 5667 3255 5715 certum
3303 5659 3489 5715 balnei
3535 5672 3716 5732 genus,

518 5720 633 5822 5.8,?)
673 5719 1887 5822 ξίεεξλιέεειιίιηξπςνξμῑξι,υξηῑξξῖξῖεειίιυίιινίει
2141 5765 2249 5822 quo
2276 5751 2458 5806 norm
2488 5751 2542 5805 in
2569 5765 2707 5822 aqua

449 5795 618 5843 exusti
641 5830 656 5858 ,
689 5800 745 5844 ut
771 5807 1055 5864 perperam
1092 5795 1144 5849 in
1174 5811 1302 5851 mss.
1336 5795 1549 5867 legitur.
