3834 6304
70 337 185 403 in!

1274 321 1643 382 nisurum
1685 282 2076 380 mersans.

3129 326 3149 379 i
3162 324 3267 381 290

70 444 367 519 “tamen
413 450 596 507 saneto
630 440 797 513 ungi:
828 449 954 497 tunc
1002 440 1253 495 inﬁrmus
1286 439 1578 510 patefaciat
1604 448 1652 505 Α
1680 437 1964 507 Capitula:
2014 437 2242 493 Ostende
2291 440 2474 505 nobis;
2511 437 2658 496 Mitte
2704 466 2771 509 ιι,
2818 452 2925 497 etc.
2984 447 3110 498 t’ost
3152 443 3267 497 luce

64 560 185 607 suam
208 538 537 597 voluntatem,
566 540 622 587 et
641 529 1037 588 confessionem
1060 538 1189 600 agat
1213 545 1338 585 cum
1381 530 1579 585 abbate

66 639 132 696 vel
155 634 328 707 priore.
358 626 611 683 Veniente
637 624 875 695 capitulo
900 632 1023 694 post
1042 632 1347 679 sert‘uonem
1376 623 1578 678 factum

61 732 234 789 studeat
256 722 483 780 indicare
530 719 934 791 mugregationi
984 717 1186 774 inﬁrmi
1228 716 1580 781 desiderium,

63 823 266 887 dicetque
293 830 308 867 :
337 809 496 867 Nobis
530 818 738 863 rectmn
767 808 1002 872 videtur,
1030 816 1090 860 ut
1126 820 1315 863 eamus
1363 803 1583 860 insimul

59 909 193 983 gratia
216 901 487 962 inviseudi.
519 900 877 972 Congregatio
903 898 1086 970 itaque
1121 912 1187 952 ex
1215 912 1345 955 vero
1388 895 1583 952 affectu

58 1014 101 1058 et
149 996 409 1056 dilectione
459 992 785 1063 respondeat
824 1008 838 1046 :
901 990 1192 1061 Postquam
1251 997 1428 1045 vestra
1484 1002 1583 1042 vo-

57 1094 198 1146 luntas
214 1097 335 1143 esta
362 1083 518 1141 nobis
550 1098 675 1139 cum
712 1084 1008 1155 gratiarum
1030 1081 1245 1137 actione
1277 1081 1390 1136 iniec
1427 1078 1584 1148 jussu

55 1198 106 1238 ex
130 1179 288 1236 fratris
309 1192 491 1232 amore
518 1186 574 1232 et
602 1186 778 1231 vestra
808 1175 1173 1246 praeceptione
1213 1174 1446 1229 libenter
1486 1188 1584 1229 ex-

54 1274 261 1344 cipimus.
294 1297 301 1303 σ
416 1274 421 1277 ’

107 1363 368 1433 Surgentes
382 1376 413 1415 e
430 1359 666 1431 capitulo
682 1370 812 1416 eant
844 1360 898 1416 in
928 1361 1223 1417 oratorium
1243 1361 1459 1419 Sancta:
1476 1363 1588 1420 Ma-

54 1458 128 1511 Titi}
147 1456 368 1511 canendo
395 1453 637 1524 quinque
672 1454 913 1525 psalmos
932 1469 1031 1524 pro
1060 1454 1347 1511 defunctis.
1376 1457 1588 1513 Exeun-

51 1559 132 1611 tes,
156 1548 288 1617 prior
314 1555 473 1600 sonet
511 1547 748 1602 tabulam
789 1548 857 1617 (si
894 1557 1106 1620 tempus
1143 1548 1306 1605 fuerit
1333 1549 1587 1622 loquendi

52 1642 91 1695 in
106 1642 309 1695 claustro
329 1640 536 1708 absque
553 1639 744 1695 morali
769 1640 976 1712 [longo]
996 1641 1282 1711 colloquio)
1309 1656 1590 1713 quoasque

46 1751 95 1789 ex
119 1735 194 1788 illo
220 1734 486 1789 redierint.
521 1733 869 1789 Venientibus
898 1735 952 1787 in
994 1735 1163 1788 choro
1199 1744 1290 1789 eat
1333 1737 1589 1791 sacerdos

1681 529 1959 584 osculetur
1986 528 2156 585 isdem
2184 529 2431 586 inﬁrmus
2459 547 2677 587 crucent
2706 542 2871 604 atque
2915 546 3108 591 omnes
3155 536 3269 590 fra-

1683 625 1812 681 tres,
1864 618 2030 672 etiam
2087 618 2339 674 infantes.
2392 618 2484 674 llis
2535 621 2762 691 capietis
2809 625 3033 695 incipiat
3099 627 3269 679 abbas

1683 708 1949 776 psalmum
1990 708 2239 764 Miserere
2270 712 2394 777 mei,
2437 710 2599 779 Deus,
2620 721 2676 768 et
2701 713 2781 770 sic
2809 731 2996 771 omnes
3025 732 3146 772 cum
3197 718 3270 772 si-

1682 798 1851 855 lentio
1878 801 2152 857 recedant.
3216 794 3219 797 I

2283 892 2515 951 CAPUT
2554 893 2666 950 LV.

1861 980 1998 1036 Item
2024 981 2173 1037 alius
2195 985 2326 1039 ordo
2357 986 2428 1039 ad
2459 985 2731 1055 inﬁrmum
2768 988 3085 1057 ungendum.

1755 1071 1813 1127 Si
1841 1072 1965 1142 quis
1993 1076 2163 1130 trater
2187 1077 2518 1132 constrictus
2547 1076 2708 1132 fuerit
2750 1081 2819 1130 ab
2847 1081 3181 1145 inﬁrmitate,
3210 1092 3270 1136 ut

1687 1174 1910 1219 necesse
1939 1166 2011 1220 sit
2041 1166 2160 1221 oleo
2191 1177 2379 1222 saneto
2409 1170 2655 1239 perungi,
2695 1170 2856 1225 debet
2894 1181 3076 1225 custos
3123 1173 3275 1227 inﬁr-

1687 1269 1900 1309 morum
1929 1257 2031 1311 boc
2062 1257 2315 1312 intimare
2340 1258 2631 1330 abbatilvel
2659 1259 2846 1330 priori,
2880 1260 3139 1329 si,abbas
3170 1279 3274 1314 tum

1687 1344 1861 1400 adest.
1898 1346 2051 1414 Quod
2077 1348 2123 1402 si
2155 1348 2349 1403 viderit
2401 1350 2550 1418 prior
2598 1365 2818 1405 necesse
2866 1367 2987 1406 esse
3040 1353 3184 1407 dicat
3222 1345 3276 1406 in

1688 1452 1955 1493 conventu
1984 1440 2229 1496 fratrum.
2262 1442 2356 1498 llle
2386 1458 2513 1497 vero
2552 1443 2797 1499 inﬁrmus
2824 1444 2866 1499 si
2905 1455 3110 1498 tantam
3165 1447 3280 1499 vir-

1692 1539 1858 1585 tutem
1904 1531 2155 1588 habuerit
2183 1543 2242 1587 ut
2264 1533 2545 1590 ambulare
2567 1539 2760 1606 possit,
2780 1536 2848 1591 ab
2876 1553 2981 1592 uno
3003 1532 3291 1600 videlicet,

1689 1621 1803 1678 sive
1828 1639 1859 1677 a
1887 1624 2097 1680 duobus
2126 1625 2386 1682 fratribus
2427 1639 2782 1694 sustentatus,
2813 1631 2973 1685 debet
3003 1631 3188 1685 venire
3220 1632 3273 1684 i.z

1692 1716 1984 1786 capitulum
2013 1728 2066 1773 et
2115 1730 2419 1789 prostratus
2463 1737 2645 1776 coram
2674 1723 2869 1778 abbate
2918 1735 2975 1778 ct
3025 1725 3279 1778 omnibus

48 1827 231 1881 induere
253 1826 446 1889 albam,
476 1838 532 1880 et
556 1825 748 1881 stolam
782 1836 1071 1897 supponat.
1118 1826 1271 1882 'l‘unc
1315 1829 1424 1883 sint
1455 1845 1587 1900 qua-

1709 1808 1951 1865 'ratribus
1980 1820 2126 1880 petat
2159 1814 2371 1867 veniam
2418 1814 2487 1869 de
2528 1815 2780 1869 Omnibus
2829 1816 3170 1887 negligentiis
3222 1826 3279 1870 et

45 1928 141 1972 tuor
159 1917 658 1988 coztvcrsi,quorum
684 1933 822 1973 unus
843 1918 1069 1987 accipiat
1099 1934 1293 1988 aquam
1318 1931 1584 1990 sanctam,

44 2009 155 2064 alius
190 2025 424 2071 crucem,
460 2009 658 2063 tertius
713 2010 1069 2072 tlmribulum,
1128 2020 1355 2081 quartus
1410 2012 1587 2067 oleum

40 2117 240 2159 sacrum.
283 2104 467 2158 Abbas
498 2118 734 2173 namque
770 2103 1009 2175 imponat
1034 2106 1320 2173 psalmum,
1343 2104 1591 2161 Miserere

40 2194 285 2256 meiDetts.
317 2196 513 2267 sicque
553 2210 650 2266 per
676 2195 922 2252 ordinem
963 2197 1237 2252 incedant.
1286 2198 1342 2253 lu
1402 2199 1591 2269 primis

35 2302 147 2356 aqua
170 2297 350 2345 sancta
385 2297 444 2341 et
467 2297 698 2353 crux,et
725 2298 850 2345 tunc
881 2290 1283 2361 subsequantur
1312 2290 1590 2347 incensum

38 2391 172 2451 atque
196 2396 286 2436 res
301 2394 431 2437 cum
459 2381 608 2437 oleo.
639 2381 843 2439 Deinde
892 2384 1149 2440 sacerdos
1179 2394 1301 2454 post
1348 2385 1486 2452 iilos,
1524 2402 1591 2441 ex

35 2471 136 2527 hinc
154 2470 407 2536 infantes,
433 2482 495 2526 et
545 2479 675 2528 tunc
718 2473 950 2529 domnus
977 2474 1189 2530 abbas:
1233 2476 1323 2530 alii
1376 2477 1597 2532 veniant

34 2564 121 2619 bini
138 2581 196 2621 ac
222 2566 330 2622 bini
360 2566 512 2621 sicut
547 2577 674 2622 sunt
705 2568 937 2638 priores.
972 2569 1218 2640 Cumque
1269 2572 1339 2625 ibi
1392 2571 1595 2626 fuerint

30 2652 232 2721 primum
270 2654 419 2710 dicat
451 2656 714 2711 sacerdos
774 2657 893 2711 Pax
908 2658 1030 2712 huic
1067 2660 1266 2714 domui.
1304 2662 1465 2729 Resp.
1493 2677 1595 2715 eac-

31 2744 147 2796 :cri:
180 2745 363 2799 Amen.
396 2745 663 2800 Dominus
688 2746 966 2801 robisctttn.
1016 2745 1080 2802 Et
1121 2766 1240 2803 cum
1266 2752 1451 2818 spiritu
1482 2763 1592 2807 tuo.

28 2831 154 2889 Tunc
188 2832 352 2890 faciat
400 2836 693 2891 incensum
723 2848 777 2893 et
830 2855 1023 2909 aquam
1063 2852 1329 2895 sanctam.
1363 2841 1548 2897 Oratio
1580 2862 1591 2896 :

26 2919 333 2990 Omnipotens
351 2926 676 2994 sempiterni:
699 2925 855 2995 Deus,
873 2929 960 2997 qui
977 2945 1069 2995 per
1081 2932 1283 2983 beatum
1302 2931 1504 2997 atrosto!
1511 2951 1539 2985 tt
1548 2949 1594 2985 m

22 3024 146 3068 luunt
164 3015 366 3071 dixisti.

77 3104 192 3163 Post
229 3106 373 3163 lianc
405 3107 720 3166 orationem
749 3112 926 3167 omnis
956 3116 1302 3186 congregatio
1355 3115 1593 3185 psalmos

1692 1902 1930 1970 peccatis
1956 1917 2076 1972 qua:
2105 1904 2398 1971 commisit,
2425 1914 2482 1959 et
2528 1905 2651 1960 data
2678 1905 3018 1961 absolutione
3040 1916 3276 1976 proster-

1695 1999 1786 2045 nat
1817 2008 1875 2047 se
1898 1993 2064 2049 abbas
2086 2004 2140 2049 et
2168 2010 2357 2050 omnes
2389 1995 2585 2050 fratres
2616 2011 2797 2050 coram
2844 1996 2934 2050 illo
2981 1995 3147 2050 fratre
3186 1998 3303 2065 pe-f

1696 2090 1869 2135 tentes
1895 2084 2125 2146 veniam,
2149 2084 2193 2138 si
2227 2086 2353 2154 quid
2386 2086 2563 2139 delicti
2590 2095 2778 2140 contra
2809 2086 2955 2140 illum
2985 2087 3276 2141 conuuise—
3332 2078 3335 2087 Γ

1697 2185 1844 2240 runt,
1890 2185 1947 2228 ut
1994 2176 2082 2229 ille
2127 2178 2296 2231 frater
2323 2177 2578 2233 similiter
2605 2178 2995 2235 absolutionem
3034 2180 3100 2235 ad
3160 2183 3281 2236 illos

1696 2264 1874 2318 faciat.
1907 2268 2023 2333 Qua
2048 2268 2171 2321 data
2201 2269 2368 2322 lrater
2394 2269 2480 2323 ille
2512 2270 2851 2325 absolutione
2878 2287 3185 2332 revertatur
3207 2279 3275 2332 ad

1698 2355 1890 2411 lectum
1917 2374 2108 2423 suum;
2140 2359 2335 2415 fratres
2370 2376 2496 2414 vero
2524 2377 2645 2418 eum
2686 2362 2917 2421 exierint
2958 2368 3023 2424 de
3048 2369 3280 2440 capitulo

1697 2452 2096 2521 pergantsimul
2128 2468 2316 2507 omnes
2352 2455 2402 2507 itt
2434 2454 2689 2523 majorem
2723 2459 3031 2523 ecclesiam,
3064 2462 3106 2514 si
3148 2471 3280 2516 tem-

1699 2556 1799 2608 pus
1818 2543 2067 2610 loquendi
2096 2543 2149 2595 in
2181 2544 2421 2598 claustro
2466 2560 2570 2599 non
2609 2546 2792 2615 fuerit,
2821 2552 3093 2604 cantando
3138 2550 3284 2622 psal-

1700 2648 1816 2684 tuos
1869 2633 1959 2700 qui
1998 2642 2117 2700 post
2148 2634 2443 2703 capitulum
2473 2637 2688 2692 dicendi
2711 2651 2878 2705 sunt;
2914 2641 3283 2697 introducunt

1698 2732 1752 2775 et
1784 2723 2014 2792 psalmos
2045 2726 2096 2777 in
2130 2727 2315 2789 choro,
2348 2736 2400 2779 et
2437 2729 2768 2784 revestiatse
2795 2734 3049 2786 sacerdos
3076 2732 3282 2788 bebdn-
3316 2734 3325 2743 ’

1700 2818 1972 2871 madatlus
2000 2817 2051 2870 itt
2080 2817 2198 2870 alita
2222 2818 2413 2872 stolam
2448 2804 2650 2876 liabcus
2678 2823 2744 2876 ad
2788 2822 3012 2890 collum;
3043 2836 3283 2879 sccreta-
3320 2826 3327 2832 ’

1703 2906 1813 2959 rius
1861 2920 2119 2975 prcharet
2175 2909 2447 2962 urceolum
2507 2927 2628 2965 cum
2688 2929 2826 2981 aqua
2888 2915 3188 2981 benedicta,
3232 2928 3288 2971 et

1701 3013 1938 3061 crucem,
1972 3008 2026 3051 et
2065 3004 2170 3053 duo
2198 3001 2543 3065 candelafra,
2592 3014 2646 3055 et
2680 3018 2839 3073 ampu
2866 3005 2972 3058 lant
3016 3023 3135 3061 cum
3168 3008 3288 3061 oleo

1702 3100 1913 3152 sancto,
1939 3100 1992 3144 et
2034 3100 2260 3159 pergant
2309 3091 2377 3144 ita
2426 3108 2616 3147 omnes
2656 3095 2860 3163 pariter
2910 3099 2974 3150 ad
3015 3097 3287 3153 inﬁrmum

22 3195 102 3250 hos
126 3195 446 3253 deuntem.
483 3199 755 3255 “deum,
784 3213 992 3271 50pm"
1032 3167 1294 3273 sauciam;
1324 3167 1599 3261 Cha-Ah:
1626 3167 1670 3228 C
1705 3182 2033 3236 visitaudum
2091 3185 2206 3238 sive
2245 3185 2629 3255 inungendum,
2683 3191 2953 3244 cantando
2998 3191 3287 3257 psalmum,

22 3284 132 3354 lipb.
166 3287 543 3358 sequentibus
581 3304 675 3359 per
703 3306 1147 3362 unumquemque
1176 3294 1332 3350 sicuti
1388 3297 1439 3351 in
1490 3299 1598 3352 col-

21 3373 217 3432 lectario
237 3390 370 3435 sunt
394 3380 650 3447 inscrtrc,
678 3391 732 3437 et
763 3384 1039 3440 moderate
1051 3385 1233 3439 omnia
1258 3401 1378 3455 qurc
1402 3388 1602 3443 dicturi

22 3476 142 3531 sunt,
169 3469 382 3534 dicant,
439 3479 507 3523 ut
540 3471 794 3526 sacerdos
822 3481 1016 3528 cuncta
1069 3489 1191 3545 qua:
1236 3476 1397 3531 debet
1445 3491 1605 3548 agere

21 3559 285 3628 tranquille
325 3560 574 3632 explere
601 3573 798 3631 queat;
866 3564 1171 3620 astantibus
1221 3580 1316 3635 per
1358 3568 1604 3622 ordinem

22 3649 467 3715 tucmadmodum
522 3651 577 3704 in
628 3652 819 3706 choro.
874 3651 1112 3708 Infantes
1160 3667 1283 3707 cum
1331 3654 1604 3726 magistris

22 3748 71 3792 tta
109 3752 370 3795 maneant
399 3740 584 3797 veluti
624 3757 741 3798 nios
793 3750 880 3797 est
926 3744 995 3797 ad
1050 3744 1451 3812 proccssionem
1508 3760 1606 3817 pro

22 3848 117 3903 'cge
156 3843 373 3892 astare.
417 3834 705 3892 Sacerdos
731 3845 912 3892 autem
945 3837 1167 3909 incipiat
1212 3854 1413 3909 ungere
1457 3839 1608 3895 iutiro

22 3939 137 3979 num
165 3924 459 3995 imprimis
486 3926 692 3992 visum,
724 3925 840 3982 sive
859 3940 1087 3983 caeteros
1115 3942 1309 3985 sensus
1337 3931 1606 4001 corporis,
1650 3948 1653 3955 ·

22 4022 45 4065 rt
86 4014 231 4070 dicat
280 4015 617 4086 repetendo
671 4031 768 4085 per
818 4033 1277 4089 unumquemque,
1311 4019 1414 4075 Per
1452 4022 1608 4075 istaut

22 4107 284 4167 tnrtiettent
316 4118 370 4164 et
398 4122 576 4165 suam
595 4107 889 4178 piissimam
901 4110 1314 4165 misericordiam
1341 4112 1608 4182 indulgeat

21 4197 79 4251 ibi
117 4198 392 4257 Dominus
442 4200 717 4271 quidquid
746 4202 973 4271 peccasti
1001 4218 1095 4271 per
1124 4202 1309 4257 risum.
1340 4202 1610 4259 Perttncto

22 4291 219 4363 leuique
271 4292 529 4351 inﬁrmo
580 4293 722 4350 lavet
775 4294 1064 4366 presbyter
1114 4292 1504 4361 manus'suas,
1557 4304 1613 4350 et

21 4397 105 4438 tne
131 4394 497 4456 procurator
529 4384 733 4441 inﬁrmi
763 4385 997 4456 accipiat
1044 4386 1216 4457 ipsam
1254 4384 1608 4453 ablutionem,

1708 3275 1956 3329 Miserere
1993 3277 2111 3341 utri,
2149 3275 2440 3347 Deus,quo
2486 3278 2699 3346 expleto
2749 3281 2913 3346 dicat,
2962 3282 3122 3353 Hyrie
3166 3285 3290 3338 elei-

1705 3382 1818 3429 son,
1845 3376 1948 3418 etc.
2614 3392 2617 3393 ν

2297 3459 2523 3516 CAPUT
2565 3460 2694 3515 LVI.

1991 3551 2231 3617 Qtttt.’i.'er
2258 3555 2326 3606 ml
2356 3557 2552 3610 exitum
2581 3562 2770 3613 tmimw
2792 3569 3001 3627 agatur.

1780 3642 1897 3697 Mox
1930 3656 1985 3699 ut
2011 3646 2189 3700 anima
2234 3648 2299 3699 ad
2326 3649 2530 3702 exitum
2562 3652 2926 3721 propinquare
2955 3650 3064 3704 visa
3106 3650 3289 3720 fuerit,

1710 3735 2189 3790 cmuruunicamlas
2221 3749 2302 3792 est
2333 3739 2494 3793 homo
2534 3741 2649 3810 ipse
2680 3757 2907 3815 corpore
2937 3755 2989 3799 et
3029 3746 3293 3815 sanguine

1713 3826 1945 3893 Domini,
1972 3830 2184 3883 etiamsi
2211 3832 2321 3900 ipsa
2360 3833 2445 3885 die
2467 3834 2782 3899 comederit,
2834 3837 2959 3905 quia
2992 3838 3294 3912 ipsa-com-

1711 3922 1898 3973 tuunio
1950 3931 2033 3974 est
2078 3923 2126 3976 ei
2164 3922 2230 3975 ad
2282 3922 2608 3990 adiutorium
2664 3935 2851 3979 contra
2908 3928 3179 3982 diabolum
3237 3941 3296 3983 et
3340 3926 3343 3927 ⁷

1713 4010 2085 4081 insidiasejus.
2109 4012 2163 4065 Si
2187 4023 2368 4067 autem
2392 4014 2646 4082 quiddam
2671 4015 3031 4085 supervixerit
3057 4019 3294 4089 legenda:

1711 4110 1833 4153 sunt
1864 4102 2162 4171 passiones,
2193 4112 2385 4171 agatur
2412 4105 2592 4159 litauia
2624 4106 2692 4161 ab
2720 4112 2991 4175 omnibus,
3044 4124 3142 4177 pro
3181 4111 3297 4180 ipsa

1711 4191 1913 4244 anitna.
1950 4190 2317 4246 Decantantur
2340 4194 2556 4264 psalni,
2578 4204 2632 4250 et
2647 4196 2991 4254 celebrentur
3020 4202 3296 4255 orationes

1714 4283 1939 4347 intente,
1966 4293 2021 4337 et
2052 4282 2236 4337 idltlllii
2282 4285 2369 4340 die
2400 4296 2672 4358 noctuque
2716 4292 3029 4347 custodiant
3066 4309 3189 4349 eum
3238 4304 3296 4349 et

1714 4375 2012 4445 aspiciatur
2038 4374 2154 4431 sine
2199 4376 2603 4435 intermissione
2641 4390 2752 4437 tam
2784 4385 2852 4440 ab
2895 4386 3025 4456 ipsis
3070 4404 3233 4458 quam
3264 4406 3295 4442 a

22 4481 38 4525 ι
82 4473 135 4529 in
189 4475 389 4549 ignem
433 4473 726 4546 proﬁciat,
774 4484 832 4530 ει
873 4475 997 4531 (κει,
1038 4475 1192 4532 tona;
1242 4492 1340 4532 vas
1377 4487 1433 4534 οι
1466 4479 1610 4535 lavet
1640 4514 1689 4576 Β
1716 4466 1894 4571 fratre
1914 4467 2008 4538 qui
2034 4483 2204 4538 super
2234 4470 2379 4574 ipsos
2407 4484 2726 4576 procurator
2762 4486 2864 4532 est.
2893 4478 3026 4534 Dum
3062 4481 3299 4538 viderint

22 4578 39 4618 ς
76 4564 287 4624 inﬁrmi
339 4574 409 4623 et
467 4564 663 4622 mittat
705 4566 763 4621 in
807 4565 1071 4622 infusorio
1121 4566 1367 4623 ecclesia:
1419 4577 1514 4623 aut
1556 4570 1611 4624 in

22 4670 177 4713 tcum.

45 4746 179 4805 Dum
214 4750 347 4806 haec
404 4756 715 4820 patrantur
753 4749 1012 4807 sacerdos
1059 4765 1184 4808 cum
1219 4759 1453 4821 quatuor
1485 4765 1615 4806 con-

22 4840 142 4895 :rsis
196 4849 417 4913 pergat
483 4840 548 4895 iu
597 4839 909 4909 ecclesiam,
930 4848 987 4897 et
1039 4841 1195 4897 tollat
1247 4842 1374 4896 inde
1417 4856 1616 4913 corpus

21 4932 184 4988 omini
213 4944 278 4990 et
301 4932 574 4989 calicem
598 4932 833 5002 desuper
848 4942 1096 5004 opertum
1133 4933 1404 5004 mappula,
1426 4942 1482 4988 et
1508 4937 1615 4989 duo

22 5027 222 5081 »μινεηί
258 5024 582 5096 accipiant
604 5024 950 5092 candelabra,
982 5027 1177 5082 tertius
1198 5024 1531 5081 tlmribulum
1559 5034 1617 5079 et

22 5128 200 5177 tartus
246 5117 595 5191 ampullam
620 5134 744 5175 eum
781 5118 926 5186 vino,
966 5129 1024 5175 et
1070 5130 1200 5176 tunc
1254 5121 1477 5177 veniant
1517 5122 1616 5176 bos

22 5212 211 5270 animos
277 5211 687 5275 decantaudo,
715 5212 961 5268 Miserere
1008 5215 1131 5279 mei,
1175 5212 1335 5270 Deus.
1365 5214 1509 5270 Deus
1560 5214 1617 5269 in

22 5306 176 5363 |tuine
214 5318 368 5373 tuo;
400 5304 575 5361 Deus
603 5306 946 5372 misereatur;
978 5305 1124 5361 Deus
1176 5307 1231 5361 in
1256 5307 1611 5377 adjutarium.

22 5415 93 5454 tm
116 5402 371 5457 domum
408 5400 644 5454 intrare
662 5399 929 5468 coeperint
954 5414 1145 5454 omnes
1188 5398 1412 5454 ﬂectant
1438 5412 1614 5469 genua

22 5501 148 5549 ntra
191 5492 596 5551 Dominicum
624 5506 843 5562 corpus,
872 5492 1039 5548 etiam
1095 5492 1211 5561 ipse
1263 5491 1510 5546 inﬁrmus
1562 5492 1615 5546 in

22 5594 232 5639 autum
261 5599 335 5640 se
364 5581 547 5637 valet
566 5580 792 5651 erigere,
827 5591 883 5636 et
917 5590 1043 5637 tunc
1078 5581 1445 5636 communicet
1470 5595 1619 5644 eum,

40 5677 379 5751 profundat
409 5672 668 5744 digitum
700 5689 855 5729 suum
898 5690 1021 5729 cum
1061 5674 1203 5730 vino.
1238 5672 1484 5729 Psatitnos
1526 5674 1618 5729 de-

22 5789 120 5841 lue
166 5770 497 5841 expletos,
562 5764 740 5821 dicant
779 5764 941 5837 Kyri‘e
976 5764 1167 5823 eleisott
1193 5782 1209 5831 ;
1233 5765 1389 5821 Pater
1422 5778 1616 5823 nosfer.

262 5886 571 5947 Ριτιιιιι.
638 5877 756 5941 CL.

1715 4572 1837 4613 eum
1874 4558 1989 4626 jam
2039 4576 2205 4632 prope
2231 4563 2434 4617 exitum
2470 4580 2609 4628 esse,
2642 4566 2823 4623 levent
2848 4586 2971 4625 eum
3014 4572 3079 4627 de
3127 4583 3301 4628 stratn

1717 4653 1770 4708 in
1802 4669 1909 4725 quo
1938 4654 2101 4722 iacet,
2129 4663 2183 4711 et
2217 4655 2451 4711 habeant
2492 4668 2805 4729 coaptatum
2846 4674 3006 4720 antea
3040 4665 3092 4719 iu
3136 4666 3303 4721 immo
3352 4658 3353 4665 “

1716 4746 1913 4802 lectum
1946 4758 1999 4802 et
2020 4749 2255 4818 positum
2288 4767 2476 4822 sagum
2504 4750 2777 4807 cilicinum
2811 4764 2867 4809 et
2892 4756 3032 4810 cinis
3068 4758 3303 4828 desuper

1718 4837 1882 4892 missa
1936 4841 2027 4893 sit.
2081 4840 2233 4895 'fuuc
2283 4842 2555 4911 accipiant
2580 4857 2784 4912 mgrum
2816 4851 2870 4898 et
2924 4846 2993 4898 ibi
3038 4846 3306 4901 collucent

1719 4938 1879 4999 prout
1916 4931 2108 4987 melius
2152 4935 2461 5003 potuerint:
2502 4933 2642 5000 Quia
2670 4937 2815 5005 [ilius
2863 4936 3153 4991 Christiani
3199 4955 3303 4990 non

1717 5024 1865 5079 debet
1894 5026 2124 5095 migrare
2160 5027 2263 5080 nisi
2305 5029 2360 5080 in
2407 5029 2577 5082 cinere
2603 5039 2652 5084 et
2698 5029 2890 5094 cilicio,
2940 5031 3081 5083 sicut
3105 5030 3217 5101 jam
3248 5029 3302 5083 itt

1719 5118 1906 5174 multis
1932 5121 2194 5191 exemplis
2221 5131 2531 5176 sanctorum
2558 5124 2764 5192 experti
2796 5139 3003 5177 sumus.

1790 5207 1925 5264 Cum
1955 5211 2216 5282 verojam
2242 5213 2419 5267 anima
2443 5214 2583 5268 viam
2620 5216 2887 5269 universa:
2921 5214 3101 5268 carnis
3124 5215 3304 5283 ingre-

1721 5301 1888 5368 ditur,
1912 5311 1969 5358 et
2012 5302 2064 5358 in
2097 5306 2358 5360 extremis
2386 5305 2550 5375 (sicut
2583 5307 2916 5360 consuetudo
2961 5308 3064 5375 est)
3122 5306 3299 5359 tabula

1721 5395 1985 5462 sonuerit,
2013 5409 2334 5465 quocunque
2373 5395 2614 5451 locorum
2639 5397 2835 5453 fratres
2865 5388 3152 5463 audierint,
3192 5405 3307 5451 sta-

1724 5488 1817 5540 titn
1840 5487 2035 5541 debent
2069 5488 2327 5558 incipere,
2355 5487 2524 5542 Credo
2555 5490 2607 5543 in
2655 5506 2819 5543 unum
2870 5489 3059 5554 Deum,
3086 5498 3142 5544 et
3176 5487 3302 5542 illuc

1723 5592 1845 5631 cum
1895 5577 2042 5632 onmi
2093 5578 2436 5639 festinatione
2474 5580 2661 5634 venire
2692 5581 2805 5636 sive
2855 5579 2907 5635 in
2958 5580 3303 5643 dormitorio,

1723 5668 1836 5723 sive
1887 5667 1939 5723 in
1991 5667 2283 5724 relectorio
2329 5668 2548 5724 fuerint.
2597 5670 2653 5725 Si
2692 5686 2821 5726 vero
2868 5672 3128 5743 regularis
3173 5671 3306 5724 hora

1719 5759 1830 5830 jam
1863 5770 2114 5815 cantatur
2144 5760 2197 5814 iu
2245 5761 2496 5825 ecclesia,
2529 5778 2667 5832 quos
2714 5764 2943 5819 domnus
2987 5764 3172 5829 abbas,
3223 5760 3323 5813 vel

2720 5879 2782 5938 'sl
