  <div class='ocr_page' id='page_1' title='image "/cluster/home/n/w/nwhite01/storage/ocr_20150623/150/hvd.32044015473788/650.png"; bbox 0 0 3864 6314; ppageno 0'>
   <div class='ocr_carea' id='block_1_1' title="bbox 64 418 757 483">
    <p class='ocr_par' dir='ltr' id='par_1_1' title="bbox 64 418 757 483">
     <span class='ocr_line' id='line_1_1' title="bbox 64 418 757 483; baseline 0.01 -7"><span class='ocrx_word' id='word_1_1' title='bbox 64 418 161 476; x_wconf 64' lang='grc' dir='ltr'><strong>Ηθὸ</strong></span> <span class='ocrx_word' id='word_1_2' title='bbox 756 480 757 483; x_wconf 45' lang='grc' dir='ltr'><strong>η</strong></span> 
     </span>
    </p>
   </div>
   <div class='ocr_carea' id='block_1_2' title="bbox 60 512 1627 600">
    <p class='ocr_par' dir='ltr' id='par_1_2' title="bbox 60 512 1627 600">
     <span class='ocr_line' id='line_1_2' title="bbox 60 512 1627 600; baseline -0.01 -13"><span class='ocrx_word' id='word_1_3' title='bbox 60 536 121 587; x_wconf 73' lang='lat' dir='ltr'><strong>alii</strong></span> <span class='ocrx_word' id='word_1_4' title='bbox 159 530 233 600; x_wconf 89' lang='lat' dir='ltr'><strong>qui</strong></span> <span class='ocrx_word' id='word_1_5' title='bbox 275 526 400 582; x_wconf 88' lang='lat' dir='ltr'><strong>infra</strong></span> <span class='ocrx_word' id='word_1_6' title='bbox 444 540 608 580; x_wconf 91' lang='lat' dir='ltr'><strong>unum</strong></span> <span class='ocrx_word' id='word_1_7' title='bbox 642 533 735 578; x_wconf 88' lang='lat' dir='ltr'><strong>aut</strong></span> <span class='ocrx_word' id='word_1_8' title='bbox 770 522 903 577; x_wconf 85' lang='lat' dir='ltr'><strong>duas</strong></span> <span class='ocrx_word' id='word_1_9' title='bbox 956 522 1133 575; x_wconf 72' lang='lat' dir='ltr'><strong>luncas</strong></span> <span class='ocrx_word' id='word_1_10' title='bbox 1166 521 1399 585; x_wconf 90' lang='lat' dir='ltr'><strong>fuerint,</strong></span> <span class='ocrx_word' id='word_1_11' title='bbox 1434 536 1553 575; x_wconf 89' lang='lat' dir='ltr'><strong>cum</strong></span> <span class='ocrx_word' id='word_1_12' title='bbox 1590 512 1627 557; x_wconf 66' lang='grc' dir='ltr'><strong>Α</strong></span> 
     </span>
    </p>
   </div>
   <div class='ocr_carea' id='block_1_3' title="bbox 58 612 1556 685">
    <p class='ocr_par' dir='ltr' id='par_1_3' title="bbox 58 612 1556 685">
     <span class='ocr_line' id='line_1_3' title="bbox 58 612 1556 685; baseline -0.01 -5"><span class='ocrx_word' id='word_1_13' title='bbox 58 626 162 680; x_wconf 85' lang='lat' dir='ltr'><strong>omni</strong></span> <span class='ocrx_word' id='word_1_14' title='bbox 184 622 416 677; x_wconf 80' lang='lat' dir='ltr'><strong>rltaritatc</strong></span> <span class='ocrx_word' id='word_1_15' title='bbox 440 617 635 673; x_wconf 88' lang='lat' dir='ltr'><strong>debent</strong></span> <span class='ocrx_word' id='word_1_16' title='bbox 662 632 952 672; x_wconf 86' lang='lat' dir='ltr'><strong>occurrere</strong></span> <span class='ocrx_word' id='word_1_17' title='bbox 973 655 988 674; x_wconf 90' lang='lat'><strong>.</strong></span> <span class='ocrx_word' id='word_1_18' title='bbox 1034 624 1088 668; x_wconf 91' lang='lat' dir='ltr'><strong>et</strong></span> <span class='ocrx_word' id='word_1_19' title='bbox 1134 614 1199 668; x_wconf 91' lang='lat' dir='ltr'><strong>ad</strong></span> <span class='ocrx_word' id='word_1_20' title='bbox 1234 614 1445 685; x_wconf 74' lang='lat' dir='ltr'><strong>vigilias</strong></span> <span class='ocrx_word' id='word_1_21' title='bbox 1474 612 1556 666; x_wconf 82' lang='lat' dir='ltr'><strong>vel</strong></span> 
     </span>
    </p>
   </div>
   <div class='ocr_carea' id='block_1_4' title="bbox 56 702 1554 783">
    <p class='ocr_par' dir='ltr' id='par_1_4' title="bbox 56 702 1554 783">
     <span class='ocr_line' id='line_1_4' title="bbox 56 702 1554 783; baseline -0.01 -13"><span class='ocrx_word' id='word_1_22' title='bbox 56 718 103 770; x_wconf 82' lang='lat' dir='ltr'><strong>ad</strong></span> <span class='ocrx_word' id='word_1_23' title='bbox 122 711 397 783; x_wconf 73' lang='lat' dir='ltr'><strong>sepulturam</strong></span> <span class='ocrx_word' id='word_1_24' title='bbox 424 708 697 777; x_wconf 81' lang='lat' dir='ltr'><strong>adjuvare,</strong></span> <span class='ocrx_word' id='word_1_25' title='bbox 721 718 775 762; x_wconf 88' lang='lat' dir='ltr'><strong>et</strong></span> <span class='ocrx_word' id='word_1_26' title='bbox 800 706 1003 761; x_wconf 87' lang='lat' dir='ltr'><strong>nullntn</strong></span> <span class='ocrx_word' id='word_1_27' title='bbox 1032 706 1082 760; x_wconf 92' lang='lat' dir='ltr'><strong>in</strong></span> <span class='ocrx_word' id='word_1_28' title='bbox 1111 706 1440 761; x_wconf 90' lang='lat' dir='ltr'><strong>monasterio</strong></span> <span class='ocrx_word' id='word_1_29' title='bbox 1475 702 1554 759; x_wconf 95' lang='lat' dir='ltr'><strong>vel</strong></span> 
     </span>
    </p>
   </div>
   <div class='ocr_carea' id='block_1_5' title="bbox 58 798 1553 867">
    <p class='ocr_par' dir='ltr' id='par_1_5' title="bbox 58 798 1553 867">
     <span class='ocr_line' id='line_1_5' title="bbox 58 798 1553 867; baseline -0.005 -7"><span class='ocrx_word' id='word_1_30' title='bbox 58 812 93 861; x_wconf 85' lang='lat' dir='ltr'><strong>in</strong></span> <span class='ocrx_word' id='word_1_31' title='bbox 115 803 382 867; x_wconf 73' lang='lat' dir='ltr'><strong>refectorio,</strong></span> <span class='ocrx_word' id='word_1_32' title='bbox 408 802 488 856; x_wconf 91' lang='lat' dir='ltr'><strong>vel</strong></span> <span class='ocrx_word' id='word_1_33' title='bbox 527 802 580 856; x_wconf 92' lang='lat' dir='ltr'><strong>in</strong></span> <span class='ocrx_word' id='word_1_34' title='bbox 614 802 952 855; x_wconf 86' lang='lat' dir='ltr'><strong>infirmorum</strong></span> <span class='ocrx_word' id='word_1_35' title='bbox 981 800 1141 853; x_wconf 80' lang='grc' dir='ltr'>(Ιυιιιιι</span> <span class='ocrx_word' id='word_1_36' title='bbox 1168 798 1269 853; x_wconf 92' lang='lat' dir='ltr'><strong>nisi</strong></span> <span class='ocrx_word' id='word_1_37' title='bbox 1299 798 1553 861; x_wconf 87' lang='lat' dir='ltr'><strong>infantes,</strong></span> 
     </span>
    </p>
   </div>
   <div class='ocr_carea' id='block_1_6' title="bbox 55 890 1555 966">
    <p class='ocr_par' dir='ltr' id='par_1_6' title="bbox 55 890 1555 966">
     <span class='ocr_line' id='line_1_6' title="bbox 55 890 1555 966; baseline -0.005 -14"><span class='ocrx_word' id='word_1_38' title='bbox 55 909 118 952; x_wconf 79' lang='lat' dir='ltr'><strong>aut</strong></span> <span class='ocrx_word' id='word_1_39' title='bbox 153 894 353 966; x_wconf 77' lang='lat' dir='ltr'><strong>graviori</strong></span> <span class='ocrx_word' id='word_1_40' title='bbox 400 892 715 948; x_wconf 87' lang='lat' dir='ltr'><strong>infirmitate</strong></span> <span class='ocrx_word' id='word_1_41' title='bbox 764 890 967 946; x_wconf 82' lang='lat' dir='ltr'><strong>detenti</strong></span> <span class='ocrx_word' id='word_1_42' title='bbox 1021 900 1309 960; x_wconf 74' lang='lat' dir='ltr'><strong>antequam</strong></span> <span class='ocrx_word' id='word_1_43' title='bbox 1358 906 1555 960; x_wconf 88' lang='lat' dir='ltr'><strong>corpus</strong></span> 
     </span>
    </p>
   </div>
   <div class='ocr_carea' id='block_1_7' title="bbox 52 980 1555 1056">
    <p class='ocr_par' dir='ltr' id='par_1_7' title="bbox 52 980 1555 1056">
     <span class='ocr_line' id='line_1_7' title="bbox 52 980 1555 1056; baseline -0.004 -17"><span class='ocrx_word' id='word_1_44' title='bbox 52 988 275 1056; x_wconf 62' lang='lat' dir='ltr'><strong>sepeliatur</strong></span> <span class='ocrx_word' id='word_1_45' title='bbox 300 984 375 1040; x_wconf 90' lang='lat' dir='ltr'><strong>vel</strong></span> <span class='ocrx_word' id='word_1_46' title='bbox 410 983 586 1039; x_wconf 88' lang='lat' dir='ltr'><strong>cibum</strong></span> <span class='ocrx_word' id='word_1_47' title='bbox 620 982 775 1038; x_wconf 84' lang='lat' dir='ltr'><strong>debet</strong></span> <span class='ocrx_word' id='word_1_48' title='bbox 805 996 1053 1045; x_wconf 88' lang='lat' dir='ltr'><strong>smnere,</strong></span> <span class='ocrx_word' id='word_1_49' title='bbox 1088 990 1181 1034; x_wconf 89' lang='lat' dir='ltr'><strong>aut</strong></span> <span class='ocrx_word' id='word_1_50' title='bbox 1222 980 1366 1035; x_wconf 89' lang='lat' dir='ltr'><strong>fores</strong></span> <span class='ocrx_word' id='word_1_51' title='bbox 1394 980 1555 1036; x_wconf 86' lang='lat' dir='ltr'><strong>debet</strong></span> 
     </span>
    </p>
   </div>
   <div class='ocr_carea' id='block_1_8' title="bbox 52 1080 173 1131">
    <p class='ocr_par' dir='ltr' id='par_1_8' title="bbox 52 1080 173 1131">
     <span class='ocr_line' id='line_1_8' title="bbox 52 1080 173 1131; baseline -0.008 0"><span class='ocrx_word' id='word_1_52' title='bbox 52 1080 173 1131; x_wconf 73' lang='lat' dir='ltr'><strong>exire.</strong></span> 
     </span>
    </p>
   </div>
   <div class='ocr_carea' id='block_1_9' title="bbox 98 1163 1555 1234">
    <p class='ocr_par' dir='ltr' id='par_1_9' title="bbox 98 1163 1555 1234">
     <span class='ocr_line' id='line_1_9' title="bbox 98 1163 1555 1234; baseline -0.002 -12"><span class='ocrx_word' id='word_1_53' title='bbox 98 1170 140 1222; x_wconf 78' lang='lat' dir='ltr'><strong>Si</strong></span> <span class='ocrx_word' id='word_1_54' title='bbox 186 1167 408 1223; x_wconf 80' lang='lat' dir='ltr'><strong>sacerdos</strong></span> <span class='ocrx_word' id='word_1_55' title='bbox 474 1165 666 1228; x_wconf 85' lang='lat' dir='ltr'><strong>fuerit,</strong></span> <span class='ocrx_word' id='word_1_56' title='bbox 731 1166 1043 1221; x_wconf 81' lang='lat' dir='ltr'><strong>sacerdotes</strong></span> <span class='ocrx_word' id='word_1_57' title='bbox 1102 1163 1293 1219; x_wconf 90' lang='lat' dir='ltr'><strong>debent</strong></span> <span class='ocrx_word' id='word_1_58' title='bbox 1356 1179 1555 1234; x_wconf 89' lang='lat' dir='ltr'><strong>corpus</strong></span> 
     </span>
    </p>
   </div>
   <div class='ocr_carea' id='block_1_10' title="bbox 49 1254 1552 1327">
    <p class='ocr_par' dir='ltr' id='par_1_10' title="bbox 49 1254 1552 1327">
     <span class='ocr_line' id='line_1_10' title="bbox 49 1254 1552 1327; baseline -0.004 -13"><span class='ocrx_word' id='word_1_59' title='bbox 49 1262 238 1324; x_wconf 81' lang='lat' dir='ltr'><strong>abluere,</strong></span> <span class='ocrx_word' id='word_1_60' title='bbox 280 1270 328 1313; x_wconf 80' lang='lat' dir='ltr'><strong>et</strong></span> <span class='ocrx_word' id='word_1_61' title='bbox 370 1270 534 1314; x_wconf 89' lang='lat' dir='ltr'><strong>totum</strong></span> <span class='ocrx_word' id='word_1_62' title='bbox 585 1258 747 1312; x_wconf 88' lang='lat' dir='ltr'><strong>funus</strong></span> <span class='ocrx_word' id='word_1_63' title='bbox 792 1256 1104 1327; x_wconf 87' lang='lat' dir='ltr'><strong>providere,</strong></span> <span class='ocrx_word' id='word_1_64' title='bbox 1158 1256 1224 1309; x_wconf 92' lang='lat' dir='ltr'><strong>ad</strong></span> <span class='ocrx_word' id='word_1_65' title='bbox 1270 1254 1552 1311; x_wconf 84' lang='lat' dir='ltr'><strong>ecclesiam</strong></span> 
     </span>
    </p>
   </div>
   <div class='ocr_carea' id='block_1_11' title="bbox 48 1344 1550 1419">
    <p class='ocr_par' dir='ltr' id='par_1_11' title="bbox 48 1344 1550 1419">
     <span class='ocr_line' id='line_1_11' title="bbox 48 1344 1550 1419; baseline 0 -20"><span class='ocrx_word' id='word_1_66' title='bbox 48 1362 210 1419; x_wconf 78' lang='lat' dir='ltr'><strong>portare</strong></span> <span class='ocrx_word' id='word_1_67' title='bbox 234 1360 283 1405; x_wconf 87' lang='lat' dir='ltr'><strong>et</strong></span> <span class='ocrx_word' id='word_1_68' title='bbox 304 1349 352 1403; x_wconf 91' lang='lat' dir='ltr'><strong>in</strong></span> <span class='ocrx_word' id='word_1_69' title='bbox 381 1359 577 1403; x_wconf 89' lang='lat' dir='ltr'><strong>terram</strong></span> <span class='ocrx_word' id='word_1_70' title='bbox 602 1348 841 1404; x_wconf 86' lang='lat' dir='ltr'><strong>mittere.</strong></span> <span class='ocrx_word' id='word_1_71' title='bbox 873 1345 929 1401; x_wconf 88' lang='lat' dir='ltr'><strong>Si</strong></span> <span class='ocrx_word' id='word_1_72' title='bbox 957 1344 1120 1401; x_wconf 86' lang='lat' dir='ltr'><strong>levita</strong></span> <span class='ocrx_word' id='word_1_73' title='bbox 1145 1344 1329 1412; x_wconf 89' lang='lat' dir='ltr'><strong>fuerit,</strong></span> <span class='ocrx_word' id='word_1_74' title='bbox 1354 1345 1550 1401; x_wconf 72' lang='lat' dir='ltr'><strong>levihe.</strong></span> 
     </span>
    </p>
   </div>
   <div class='ocr_carea' id='block_1_12' title="bbox 46 1436 1552 1509">
    <p class='ocr_par' dir='ltr' id='par_1_12' title="bbox 46 1436 1552 1509">
     <span class='ocr_line' id='line_1_12' title="bbox 46 1436 1552 1509; baseline -0.001 -17"><span class='ocrx_word' id='word_1_75' title='bbox 46 1442 84 1493; x_wconf 76' lang='lat' dir='ltr'><strong>Si</strong></span> <span class='ocrx_word' id='word_1_76' title='bbox 110 1440 272 1503; x_wconf 83' lang='lat' dir='ltr'><strong>laicus,</strong></span> <span class='ocrx_word' id='word_1_77' title='bbox 302 1438 440 1494; x_wconf 86' lang='lat' dir='ltr'><strong>laici.</strong></span> <span class='ocrx_word' id='word_1_78' title='bbox 476 1438 533 1493; x_wconf 89' lang='lat' dir='ltr'><strong>Si</strong></span> <span class='ocrx_word' id='word_1_79' title='bbox 562 1438 794 1509; x_wconf 87' lang='lat' dir='ltr'><strong>contigit</strong></span> <span class='ocrx_word' id='word_1_80' title='bbox 839 1446 898 1491; x_wconf 89' lang='lat' dir='ltr'><strong>ut</strong></span> <span class='ocrx_word' id='word_1_81' title='bbox 927 1436 994 1492; x_wconf 93' lang='lat' dir='ltr'><strong>de</strong></span> <span class='ocrx_word' id='word_1_82' title='bbox 1021 1437 1205 1507; x_wconf 88' lang='lat' dir='ltr'><strong>pueris</strong></span> <span class='ocrx_word' id='word_1_83' title='bbox 1237 1438 1552 1492; x_wconf 85' lang='lat' dir='ltr'><strong>monasterii</strong></span> 
     </span>
    </p>
   </div>
   <div class='ocr_carea' id='block_1_13' title="bbox 45 1526 1552 1600">
    <p class='ocr_par' dir='ltr' id='par_1_13' title="bbox 45 1526 1552 1600">
     <span class='ocr_line' id='line_1_13' title="bbox 45 1526 1552 1600; baseline 0 -18"><span class='ocrx_word' id='word_1_84' title='bbox 45 1531 297 1595; x_wconf 82' lang='lat' dir='ltr'><strong>moriantur,</strong></span> <span class='ocrx_word' id='word_1_85' title='bbox 328 1528 482 1585; x_wconf 86' lang='lat' dir='ltr'><strong>debet</strong></span> <span class='ocrx_word' id='word_1_86' title='bbox 508 1529 624 1584; x_wconf 87' lang='lat' dir='ltr'><strong>fieri</strong></span> <span class='ocrx_word' id='word_1_87' title='bbox 658 1545 753 1600; x_wconf 88' lang='lat' dir='ltr'><strong>per</strong></span> <span class='ocrx_word' id='word_1_88' title='bbox 777 1529 958 1584; x_wconf 90' lang='lat' dir='ltr'><strong>omnia</strong></span> <span class='ocrx_word' id='word_1_89' title='bbox 996 1527 1139 1581; x_wconf 89' lang='lat' dir='ltr'><strong>sicut</strong></span> <span class='ocrx_word' id='word_1_90' title='bbox 1164 1528 1231 1581; x_wconf 91' lang='lat' dir='ltr'><strong>de</strong></span> <span class='ocrx_word' id='word_1_91' title='bbox 1258 1526 1552 1596; x_wconf 80' lang='lat' dir='ltr'><strong>majoribus</strong></span> 
     </span>
    </p>
   </div>
   <div class='ocr_carea' id='block_1_14' title="bbox 44 1617 1549 1692">
    <p class='ocr_par' dir='ltr' id='par_1_14' title="bbox 44 1617 1549 1692">
     <span class='ocr_line' id='line_1_14' title="bbox 44 1617 1549 1692; baseline 0 -17"><span class='ocrx_word' id='word_1_92' title='bbox 44 1623 255 1677; x_wconf 71' lang='lat' dir='ltr'><strong>fratribus.</strong></span> <span class='ocrx_word' id='word_1_93' title='bbox 272 1620 340 1677; x_wconf 88' lang='lat' dir='ltr'><strong>De</strong></span> <span class='ocrx_word' id='word_1_94' title='bbox 360 1622 487 1692; x_wconf 85' lang='lat' dir='ltr'><strong>ipsis</strong></span> <span class='ocrx_word' id='word_1_95' title='bbox 510 1621 810 1677; x_wconf 79' lang='lat' dir='ltr'><strong>infantibus</strong></span> <span class='ocrx_word' id='word_1_96' title='bbox 833 1620 1011 1675; x_wconf 89' lang='lat' dir='ltr'><strong>lavent</strong></span> <span class='ocrx_word' id='word_1_97' title='bbox 1036 1618 1267 1690; x_wconf 89' lang='lat' dir='ltr'><strong>atquein</strong></span> <span class='ocrx_word' id='word_1_98' title='bbox 1287 1617 1549 1675; x_wconf 82' lang='lat' dir='ltr'><strong>feretrum</strong></span> 
     </span>
    </p>
   </div>
   <div class='ocr_carea' id='block_1_15' title="bbox 42 1711 1546 1785">
    <p class='ocr_par' dir='ltr' id='par_1_15' title="bbox 42 1711 1546 1785">
     <span class='ocr_line' id='line_1_15' title="bbox 42 1711 1546 1785; baseline -0.001 -17"><span class='ocrx_word' id='word_1_99' title='bbox 42 1716 269 1782; x_wconf 82' lang='lat' dir='ltr'><strong>collucent,</strong></span> <span class='ocrx_word' id='word_1_100' title='bbox 296 1725 345 1770; x_wconf 89' lang='lat' dir='ltr'><strong>et</strong></span> <span class='ocrx_word' id='word_1_101' title='bbox 370 1715 420 1770; x_wconf 90' lang='lat' dir='ltr'><strong>in</strong></span> <span class='ocrx_word' id='word_1_102' title='bbox 446 1714 737 1771; x_wconf 87' lang='lat' dir='ltr'><strong>ecclesiam</strong></span> <span class='ocrx_word' id='word_1_103' title='bbox 767 1714 1052 1785; x_wconf 91' lang='lat' dir='ltr'><strong>deportcnt</strong></span> <span class='ocrx_word' id='word_1_104' title='bbox 1073 1755 1089 1779; x_wconf 93' lang='lat'><strong>,</strong></span> <span class='ocrx_word' id='word_1_105' title='bbox 1120 1721 1174 1767; x_wconf 91' lang='lat' dir='ltr'><strong>et</strong></span> <span class='ocrx_word' id='word_1_106' title='bbox 1205 1711 1546 1781; x_wconf 87' lang='lat' dir='ltr'><strong>postmodum</strong></span> 
     </span>
    </p>
   </div>
   <div class='ocr_carea' id='block_1_16' title="bbox 44 1805 1548 1878">
    <p class='ocr_par' dir='ltr' id='par_1_16' title="bbox 44 1805 1548 1878">
     <span class='ocr_line' id='line_1_16' title="bbox 44 1805 1548 1878; baseline -0.002 -17"><span class='ocrx_word' id='word_1_107' title='bbox 44 1818 224 1878; x_wconf 73' lang='lat' dir='ltr'><strong>totiqiore</strong></span> <span class='ocrx_word' id='word_1_108' title='bbox 248 1810 528 1865; x_wconf 88' lang='lat' dir='ltr'><strong>constituto</strong></span> <span class='ocrx_word' id='word_1_109' title='bbox 566 1809 633 1863; x_wconf 92' lang='lat' dir='ltr'><strong>ad</strong></span> <span class='ocrx_word' id='word_1_110' title='bbox 676 1808 874 1863; x_wconf 86' lang='lat' dir='ltr'><strong>fossam</strong></span> <span class='ocrx_word' id='word_1_111' title='bbox 906 1806 1188 1872; x_wconf 90' lang='lat' dir='ltr'><strong>deferant,</strong></span> <span class='ocrx_word' id='word_1_112' title='bbox 1220 1806 1336 1861; x_wconf 84' lang='lat' dir='ltr'><strong>sive</strong></span> <span class='ocrx_word' id='word_1_113' title='bbox 1364 1805 1414 1859; x_wconf 92' lang='lat' dir='ltr'><strong>in</strong></span> <span class='ocrx_word' id='word_1_114' title='bbox 1442 1814 1548 1860; x_wconf 80' lang='lat' dir='ltr'><strong>ter-</strong></span> 
     </span>
    </p>
   </div>
   <div class='ocr_carea' id='block_1_17' title="bbox 42 1895 1549 1969">
    <p class='ocr_par' dir='ltr' id='par_1_17' title="bbox 42 1895 1549 1969">
     <span class='ocr_line' id='line_1_17' title="bbox 42 1895 1549 1969; baseline 0.001 -19"><span class='ocrx_word' id='word_1_115' title='bbox 42 1913 120 1950; x_wconf 83' lang='lat' dir='ltr'><strong>ram</strong></span> <span class='ocrx_word' id='word_1_116' title='bbox 158 1898 365 1954; x_wconf 87' lang='lat' dir='ltr'><strong>mittant.</strong></span> <span class='ocrx_word' id='word_1_117' title='bbox 412 1898 542 1954; x_wconf 86' lang='lat' dir='ltr'><strong>Post</strong></span> <span class='ocrx_word' id='word_1_118' title='bbox 570 1897 865 1969; x_wconf 89' lang='lat' dir='ltr'><strong>capitulum</strong></span> <span class='ocrx_word' id='word_1_119' title='bbox 912 1896 1095 1953; x_wconf 91' lang='lat' dir='ltr'><strong>tabula</strong></span> <span class='ocrx_word' id='word_1_120' title='bbox 1126 1896 1336 1965; x_wconf 91' lang='lat' dir='ltr'><strong>pulsata</strong></span> <span class='ocrx_word' id='word_1_121' title='bbox 1368 1895 1549 1951; x_wconf 90' lang='lat' dir='ltr'><strong>nullus</strong></span> 
     </span>
    </p>
   </div>
   <div class='ocr_carea' id='block_1_18' title="bbox 42 1989 1543 2060">
    <p class='ocr_par' dir='ltr' id='par_1_18' title="bbox 42 1989 1543 2060">
     <span class='ocr_line' id='line_1_18' title="bbox 42 1989 1543 2060; baseline 0.001 -18"><span class='ocrx_word' id='word_1_122' title='bbox 42 1991 231 2060; x_wconf 82' lang='lat' dir='ltr'><strong>loquatur</strong></span> <span class='ocrx_word' id='word_1_123' title='bbox 269 1993 315 2047; x_wconf 92' lang='lat' dir='ltr'><strong>in</strong></span> <span class='ocrx_word' id='word_1_124' title='bbox 347 1993 612 2056; x_wconf 89' lang='lat' dir='ltr'><strong>claustro,</strong></span> <span class='ocrx_word' id='word_1_125' title='bbox 660 1992 754 2047; x_wconf 90' lang='lat' dir='ltr'><strong>sed</strong></span> <span class='ocrx_word' id='word_1_126' title='bbox 788 2005 978 2047; x_wconf 88' lang='lat' dir='ltr'><strong>omnes</strong></span> <span class='ocrx_word' id='word_1_127' title='bbox 1018 1998 1148 2046; x_wconf 91' lang='lat' dir='ltr'><strong>eant</strong></span> <span class='ocrx_word' id='word_1_128' title='bbox 1195 1989 1261 2043; x_wconf 89' lang='lat' dir='ltr'><strong>ad</strong></span> <span class='ocrx_word' id='word_1_129' title='bbox 1312 2004 1543 2058; x_wconf 77' lang='lat' dir='ltr'><strong>corpus,</strong></span> 
     </span>
    </p>
   </div>
   <div class='ocr_carea' id='block_1_19' title="bbox 41 2080 1544 2154">
    <p class='ocr_par' dir='ltr' id='par_1_19' title="bbox 41 2080 1544 2154">
     <span class='ocr_line' id='line_1_19' title="bbox 41 2080 1544 2154; baseline -0.002 -19"><span class='ocrx_word' id='word_1_130' title='bbox 41 2093 183 2149; x_wconf 70' lang='lat' dir='ltr'><strong>prater</strong></span> <span class='ocrx_word' id='word_1_131' title='bbox 224 2082 329 2139; x_wconf 91' lang='lat' dir='ltr'><strong>illos</strong></span> <span class='ocrx_word' id='word_1_132' title='bbox 370 2084 459 2154; x_wconf 89' lang='lat' dir='ltr'><strong>qui</strong></span> <span class='ocrx_word' id='word_1_133' title='bbox 491 2083 546 2139; x_wconf 91' lang='lat' dir='ltr'><strong>in</strong></span> <span class='ocrx_word' id='word_1_134' title='bbox 577 2083 744 2138; x_wconf 85' lang='lat' dir='ltr'><strong>variis</strong></span> <span class='ocrx_word' id='word_1_135' title='bbox 786 2080 979 2137; x_wconf 75' lang='lat' dir='ltr'><strong>officiis</strong></span> <span class='ocrx_word' id='word_1_136' title='bbox 1026 2080 1227 2136; x_wconf 82' lang='lat' dir='ltr'><strong>fuerint</strong></span> <span class='ocrx_word' id='word_1_137' title='bbox 1272 2080 1544 2151; x_wconf 90' lang='lat' dir='ltr'><strong>occupati.</strong></span> 
     </span>
    </p>
   </div>
   <div class='ocr_carea' id='block_1_20' title="bbox 42 2171 1544 2247">
    <p class='ocr_par' dir='ltr' id='par_1_20' title="bbox 42 2171 1544 2247">
     <span class='ocr_line' id='line_1_20' title="bbox 42 2171 1544 2247; baseline -0.002 -22"><span class='ocrx_word' id='word_1_138' title='bbox 42 2172 223 2238; x_wconf 81' lang='lat' dir='ltr'><strong>Quaudiu</strong></span> <span class='ocrx_word' id='word_1_139' title='bbox 258 2184 335 2230; x_wconf 88' lang='lat' dir='ltr'><strong>est</strong></span> <span class='ocrx_word' id='word_1_140' title='bbox 370 2190 569 2247; x_wconf 91' lang='lat' dir='ltr'><strong>corpus</strong></span> <span class='ocrx_word' id='word_1_141' title='bbox 617 2172 804 2228; x_wconf 81' lang='lat' dir='ltr'><strong>fratris</strong></span> <span class='ocrx_word' id='word_1_142' title='bbox 853 2171 1092 2229; x_wconf 86' lang='lat' dir='ltr'><strong>defuncti</strong></span> <span class='ocrx_word' id='word_1_143' title='bbox 1125 2186 1285 2242; x_wconf 86' lang='lat' dir='ltr'><strong>super</strong></span> <span class='ocrx_word' id='word_1_144' title='bbox 1316 2179 1544 2234; x_wconf 88' lang='lat' dir='ltr'><strong>terram,</strong></span> 
     </span>
    </p>
   </div>
   <div class='ocr_carea' id='block_1_21' title="bbox 41 2262 1551 2335">
    <p class='ocr_par' dir='ltr' id='par_1_21' title="bbox 41 2262 1551 2335">
     <span class='ocr_line' id='line_1_21' title="bbox 41 2262 1551 2335; baseline 0 -21"><span class='ocrx_word' id='word_1_145' title='bbox 41 2262 165 2318; x_wconf 86' lang='lat' dir='ltr'><strong>nullus</strong></span> <span class='ocrx_word' id='word_1_146' title='bbox 200 2263 431 2335; x_wconf 85' lang='lat' dir='ltr'><strong>loquatur</strong></span> <span class='ocrx_word' id='word_1_147' title='bbox 478 2266 537 2319; x_wconf 89' lang='lat' dir='ltr'><strong>in</strong></span> <span class='ocrx_word' id='word_1_148' title='bbox 587 2263 845 2320; x_wconf 89' lang='lat' dir='ltr'><strong>claustro.</strong></span> <span class='ocrx_word' id='word_1_149' title='bbox 900 2262 1022 2335; x_wconf 92' lang='lat' dir='ltr'><strong>Ipso</strong></span> <span class='ocrx_word' id='word_1_150' title='bbox 1068 2262 1155 2318; x_wconf 89' lang='lat' dir='ltr'><strong>die</strong></span> <span class='ocrx_word' id='word_1_151' title='bbox 1198 2278 1305 2317; x_wconf 90' lang='lat' dir='ltr'><strong>non</strong></span> <span class='ocrx_word' id='word_1_152' title='bbox 1368 2269 1551 2316; x_wconf 80' lang='lat' dir='ltr'><strong>tenent</strong></span> 
     </span>
    </p>
   </div>
   <div class='ocr_carea' id='block_1_22' title="bbox 42 2352 1548 2427">
    <p class='ocr_par' dir='ltr' id='par_1_22' title="bbox 42 2352 1548 2427">
     <span class='ocr_line' id='line_1_22' title="bbox 42 2352 1548 2427; baseline -0.002 -19"><span class='ocrx_word' id='word_1_153' title='bbox 42 2355 145 2421; x_wconf 71' lang='lat' dir='ltr'><strong>pueri</strong></span> <span class='ocrx_word' id='word_1_154' title='bbox 169 2357 465 2427; x_wconf 87' lang='lat' dir='ltr'><strong>capitulum,</strong></span> <span class='ocrx_word' id='word_1_155' title='bbox 521 2365 577 2412; x_wconf 88' lang='lat' dir='ltr'><strong>et</strong></span> <span class='ocrx_word' id='word_1_156' title='bbox 618 2355 1079 2423; x_wconf 76' lang='lat' dir='ltr'><strong>eleemosvnarius</strong></span> <span class='ocrx_word' id='word_1_157' title='bbox 1114 2353 1349 2424; x_wconf 90' lang='lat' dir='ltr'><strong>accipiat</strong></span> <span class='ocrx_word' id='word_1_158' title='bbox 1386 2352 1548 2423; x_wconf 84' lang='lat' dir='ltr'><strong>quid-</strong></span> 
     </span>
    </p>
   </div>
   <div class='ocr_carea' id='block_1_23' title="bbox 42 2441 1547 2516">
    <p class='ocr_par' dir='ltr' id='par_1_23' title="bbox 42 2441 1547 2516">
     <span class='ocr_line' id='line_1_23' title="bbox 42 2441 1547 2516; baseline 0.001 -18"><span class='ocrx_word' id='word_1_159' title='bbox 42 2446 124 2513; x_wconf 60' lang='lat' dir='ltr'><strong>inid</strong></span> <span class='ocrx_word' id='word_1_160' title='bbox 152 2449 443 2504; x_wconf 86' lang='lat' dir='ltr'><strong>remanserit</strong></span> <span class='ocrx_word' id='word_1_161' title='bbox 473 2449 542 2504; x_wconf 87' lang='lat' dir='ltr'><strong>de</strong></span> <span class='ocrx_word' id='word_1_162' title='bbox 570 2448 892 2516; x_wconf 83' lang='lat' dir='ltr'><strong>refectorie,</strong></span> <span class='ocrx_word' id='word_1_163' title='bbox 923 2462 1123 2516; x_wconf 85' lang='lat' dir='ltr'><strong>panem</strong></span> <span class='ocrx_word' id='word_1_164' title='bbox 1164 2455 1220 2500; x_wconf 90' lang='lat' dir='ltr'><strong>et</strong></span> <span class='ocrx_word' id='word_1_165' title='bbox 1253 2444 1457 2498; x_wconf 91' lang='lat' dir='ltr'><strong>vinum.</strong></span> <span class='ocrx_word' id='word_1_166' title='bbox 1490 2441 1547 2499; x_wconf 87' lang='lat' dir='ltr'><strong>Si</strong></span> 
     </span>
    </p>
   </div>
   <div class='ocr_carea' id='block_1_24' title="bbox 42 2535 1551 2612">
    <p class='ocr_par' dir='ltr' id='par_1_24' title="bbox 42 2535 1551 2612">
     <span class='ocr_line' id='line_1_24' title="bbox 42 2535 1551 2612; baseline 0.002 -23"><span class='ocrx_word' id='word_1_167' title='bbox 42 2548 123 2592; x_wconf 83' lang='lat' dir='ltr'><strong>tute</strong></span> <span class='ocrx_word' id='word_1_168' title='bbox 161 2538 312 2595; x_wconf 89' lang='lat' dir='ltr'><strong>lucem</strong></span> <span class='ocrx_word' id='word_1_169' title='bbox 360 2541 441 2597; x_wconf 86' lang='lat' dir='ltr'><strong>vel</strong></span> <span class='ocrx_word' id='word_1_170' title='bbox 492 2551 623 2597; x_wconf 86' lang='lat' dir='ltr'><strong>ante</strong></span> <span class='ocrx_word' id='word_1_171' title='bbox 664 2539 959 2612; x_wconf 89' lang='lat' dir='ltr'><strong>capitulum</strong></span> <span class='ocrx_word' id='word_1_172' title='bbox 1007 2536 1349 2610; x_wconf 83' lang='lat' dir='ltr'><strong>migraverit,</strong></span> <span class='ocrx_word' id='word_1_173' title='bbox 1390 2535 1551 2592; x_wconf 87' lang='lat' dir='ltr'><strong>debet</strong></span> 
     </span>
    </p>
   </div>
   <div class='ocr_carea' id='block_1_25' title="bbox 42 2628 1545 2702">
    <p class='ocr_par' dir='ltr' id='par_1_25' title="bbox 42 2628 1545 2702">
     <span class='ocr_line' id='line_1_25' title="bbox 42 2628 1545 2702; baseline -0.001 -22"><span class='ocrx_word' id='word_1_174' title='bbox 42 2642 117 2681; x_wconf 68' lang='lat' dir='ltr'><strong>aunt</strong></span> <span class='ocrx_word' id='word_1_175' title='bbox 136 2630 336 2688; x_wconf 90' lang='lat' dir='ltr'><strong>domnus</strong></span> <span class='ocrx_word' id='word_1_176' title='bbox 354 2632 523 2688; x_wconf 88' lang='lat' dir='ltr'><strong>abbas</strong></span> <span class='ocrx_word' id='word_1_177' title='bbox 545 2631 826 2688; x_wconf 89' lang='lat' dir='ltr'><strong>absolvere</strong></span> <span class='ocrx_word' id='word_1_178' title='bbox 842 2638 963 2702; x_wconf 90' lang='lat' dir='ltr'><strong>post</strong></span> <span class='ocrx_word' id='word_1_179' title='bbox 982 2644 1299 2686; x_wconf 90' lang='lat' dir='ltr'><strong>sermonem</strong></span> <span class='ocrx_word' id='word_1_180' title='bbox 1323 2628 1545 2692; x_wconf 86' lang='lat' dir='ltr'><strong>factum;</strong></span> 
     </span>
    </p>
   </div>
   <div class='ocr_carea' id='block_1_26' title="bbox 42 2717 1548 2787">
    <p class='ocr_par' dir='ltr' id='par_1_26' title="bbox 42 2717 1548 2787">
     <span class='ocr_line' id='line_1_26' title="bbox 42 2717 1548 2787; baseline -0.002 -11"><span class='ocrx_word' id='word_1_181' title='bbox 42 2717 251 2787; x_wconf 62' lang='lat' dir='ltr'><strong>sipostca,</strong></span> <span class='ocrx_word' id='word_1_182' title='bbox 291 2722 381 2777; x_wconf 85' lang='lat' dir='ltr'><strong>fiat</strong></span> <span class='ocrx_word' id='word_1_183' title='bbox 425 2724 482 2780; x_wconf 89' lang='lat' dir='ltr'><strong>in</strong></span> <span class='ocrx_word' id='word_1_184' title='bbox 532 2724 865 2779; x_wconf 91' lang='lat' dir='ltr'><strong>crastinum.</strong></span> <span class='ocrx_word' id='word_1_185' title='bbox 920 2722 1208 2776; x_wconf 81' lang='lat' dir='ltr'><strong>Armarius</strong></span> <span class='ocrx_word' id='word_1_186' title='bbox 1255 2720 1307 2773; x_wconf 94' lang='lat' dir='ltr'><strong>in</strong></span> <span class='ocrx_word' id='word_1_187' title='bbox 1354 2719 1548 2774; x_wconf 90' lang='lat' dir='ltr'><strong>tabella</strong></span> 
     </span>
    </p>
   </div>
   <div class='ocr_carea' id='block_1_27' title="bbox 42 2814 1546 2887">
    <p class='ocr_par' dir='ltr' id='par_1_27' title="bbox 42 2814 1546 2887">
     <span class='ocr_line' id='line_1_27' title="bbox 42 2814 1546 2887; baseline 0.003 -23"><span class='ocrx_word' id='word_1_188' title='bbox 42 2814 183 2869; x_wconf 65' lang='lat' dir='ltr'><strong>scribat</strong></span> <span class='ocrx_word' id='word_1_189' title='bbox 198 2831 281 2871; x_wconf 80' lang='lat' dir='ltr'><strong>sex</strong></span> <span class='ocrx_word' id='word_1_190' title='bbox 302 2816 495 2875; x_wconf 80' lang='lat' dir='ltr'><strong>fratres</strong></span> <span class='ocrx_word' id='word_1_191' title='bbox 516 2818 858 2885; x_wconf 89' lang='lat' dir='ltr'><strong>nominatim,</strong></span> <span class='ocrx_word' id='word_1_192' title='bbox 890 2817 1095 2887; x_wconf 86' lang='lat' dir='ltr'><strong>quique</strong></span> <span class='ocrx_word' id='word_1_193' title='bbox 1114 2815 1181 2869; x_wconf 91' lang='lat' dir='ltr'><strong>ad</strong></span> <span class='ocrx_word' id='word_1_194' title='bbox 1208 2814 1546 2887; x_wconf 84' lang='lat' dir='ltr'><strong>trigesimum</strong></span> 
     </span>
    </p>
   </div>
   <div class='ocr_carea' id='block_1_28' title="bbox 42 2907 1551 2984">
    <p class='ocr_par' dir='ltr' id='par_1_28' title="bbox 42 2907 1551 2984">
     <span class='ocr_line' id='line_1_28' title="bbox 42 2907 1551 2984; baseline 0.004 -25"><span class='ocrx_word' id='word_1_195' title='bbox 42 2907 129 2962; x_wconf 86' lang='lat' dir='ltr'><strong>liem</strong></span> <span class='ocrx_word' id='word_1_196' title='bbox 154 2911 256 2967; x_wconf 88' lang='lat' dir='ltr'><strong>sine</strong></span> <span class='ocrx_word' id='word_1_197' title='bbox 281 2911 681 2969; x_wconf 90' lang='lat' dir='ltr'><strong>intermissione</strong></span> <span class='ocrx_word' id='word_1_198' title='bbox 699 2912 942 2984; x_wconf 87' lang='lat' dir='ltr'><strong>quotidie</strong></span> <span class='ocrx_word' id='word_1_199' title='bbox 971 2910 1201 2968; x_wconf 85' lang='lat' dir='ltr'><strong>offerant</strong></span> <span class='ocrx_word' id='word_1_200' title='bbox 1232 2910 1341 2968; x_wconf 87' lang='lat' dir='ltr'><strong>Deo</strong></span> <span class='ocrx_word' id='word_1_201' title='bbox 1366 2926 1551 2968; x_wconf 90' lang='lat' dir='ltr'><strong>sacras</strong></span> 
     </span>
    </p>
   </div>
   <div class='ocr_carea' id='block_1_29' title="bbox 42 3001 1551 3076">
    <p class='ocr_par' dir='ltr' id='par_1_29' title="bbox 42 3001 1551 3076">
     <span class='ocr_line' id='line_1_29' title="bbox 42 3001 1551 3076; baseline 0.004 -24"><span class='ocrx_word' id='word_1_202' title='bbox 42 3001 181 3057; x_wconf 75' lang='lat' dir='ltr'><strong>tostias</strong></span> <span class='ocrx_word' id='word_1_203' title='bbox 216 3020 304 3076; x_wconf 89' lang='lat' dir='ltr'><strong>pro</strong></span> <span class='ocrx_word' id='word_1_204' title='bbox 345 3006 433 3061; x_wconf 86' lang='lat' dir='ltr'><strong>illa</strong></span> <span class='ocrx_word' id='word_1_205' title='bbox 480 3006 689 3062; x_wconf 90' lang='lat' dir='ltr'><strong>anima.</strong></span> <span class='ocrx_word' id='word_1_206' title='bbox 741 3005 1125 3076; x_wconf 87' lang='lat' dir='ltr'><strong>Unusquisque</strong></span> <span class='ocrx_word' id='word_1_207' title='bbox 1152 3014 1209 3058; x_wconf 90' lang='lat' dir='ltr'><strong>ut</strong></span> <span class='ocrx_word' id='word_1_208' title='bbox 1251 3005 1551 3076; x_wconf 77' lang='lat' dir='ltr'><strong>expleverit</strong></span> 
     </span>
    </p>
   </div>
   <div class='ocr_carea' id='block_1_30' title="bbox 42 3089 1551 3165">
    <p class='ocr_par' dir='ltr' id='par_1_30' title="bbox 42 3089 1551 3165">
     <span class='ocr_line' id='line_1_30' title="bbox 42 3089 1551 3165; baseline 0.006 -24"><span class='ocrx_word' id='word_1_209' title='bbox 42 3089 239 3161; x_wconf 69' lang='lat' dir='ltr'><strong>minque,</strong></span> <span class='ocrx_word' id='word_1_210' title='bbox 264 3093 421 3151; x_wconf 89' lang='lat' dir='ltr'><strong>faciat</strong></span> <span class='ocrx_word' id='word_1_211' title='bbox 454 3108 675 3165; x_wconf 81' lang='lat' dir='ltr'><strong>semper</strong></span> <span class='ocrx_word' id='word_1_212' title='bbox 715 3094 769 3150; x_wconf 90' lang='lat' dir='ltr'><strong>in</strong></span> <span class='ocrx_word' id='word_1_213' title='bbox 802 3092 1039 3165; x_wconf 87' lang='lat' dir='ltr'><strong>capitulo</strong></span> <span class='ocrx_word' id='word_1_214' title='bbox 1068 3103 1289 3159; x_wconf 86' lang='lat' dir='ltr'><strong>notum,</strong></span> <span class='ocrx_word' id='word_1_215' title='bbox 1328 3102 1384 3148; x_wconf 91' lang='lat' dir='ltr'><strong>ut</strong></span> <span class='ocrx_word' id='word_1_216' title='bbox 1414 3093 1551 3150; x_wconf 89' lang='lat' dir='ltr'><strong>alius</strong></span> 
     </span>
    </p>
   </div>
   <div class='ocr_carea' id='block_1_31' title="bbox 46 3183 237 3239">
    <p class='ocr_par' dir='ltr' id='par_1_31' title="bbox 46 3183 237 3239">
     <span class='ocr_line' id='line_1_31' title="bbox 46 3183 237 3239; baseline 0.021 -4"><span class='ocrx_word' id='word_1_217' title='bbox 46 3183 237 3239; x_wconf 73' lang='lat' dir='ltr'><strong>accedat.</strong></span> 
     </span>
    </p>
   </div>
   <div class='ocr_carea' id='block_1_32' title="bbox 80 3271 1546 3353">
    <p class='ocr_par' dir='ltr' id='par_1_32' title="bbox 80 3271 1546 3353">
     <span class='ocr_line' id='line_1_32' title="bbox 80 3271 1546 3353; baseline 0.005 -26"><span class='ocrx_word' id='word_1_218' title='bbox 80 3271 183 3331; x_wconf 77' lang='lat' dir='ltr'><strong>Voce</strong></span> <span class='ocrx_word' id='word_1_219' title='bbox 203 3295 335 3347; x_wconf 76' lang='lat' dir='ltr'><strong>utea,</strong></span> <span class='ocrx_word' id='word_1_220' title='bbox 364 3290 488 3353; x_wconf 90' lang='lat' dir='ltr'><strong>post</strong></span> <span class='ocrx_word' id='word_1_221' title='bbox 525 3281 689 3336; x_wconf 86' lang='lat' dir='ltr'><strong>horas</strong></span> <span class='ocrx_word' id='word_1_222' title='bbox 737 3278 1048 3335; x_wconf 88' lang='lat' dir='ltr'><strong>cantabitur</strong></span> <span class='ocrx_word' id='word_1_223' title='bbox 1093 3294 1124 3332; x_wconf 94' lang='lat' dir='ltr'><strong>a</strong></span> <span class='ocrx_word' id='word_1_224' title='bbox 1172 3277 1459 3343; x_wconf 89' lang='lat' dir='ltr'><strong>fratribus,</strong></span> <span class='ocrx_word' id='word_1_225' title='bbox 1490 3288 1546 3335; x_wconf 86' lang='lat' dir='ltr'><strong>et</strong></span> 
     </span>
    </p>
   </div>
   <div class='ocr_carea' id='block_1_33' title="bbox 44 3362 1541 3444">
    <p class='ocr_par' dir='ltr' id='par_1_33' title="bbox 44 3362 1541 3444">
     <span class='ocr_line' id='line_1_33' title="bbox 44 3362 1541 3444; baseline 0.004 -28"><span class='ocrx_word' id='word_1_226' title='bbox 44 3362 152 3421; x_wconf 59' lang='lat' dir='ltr'><strong>lerba</strong></span> <span class='ocrx_word' id='word_1_227' title='bbox 178 3385 310 3437; x_wconf 84' lang='lat' dir='ltr'><strong>mea,</strong></span> <span class='ocrx_word' id='word_1_228' title='bbox 354 3380 478 3444; x_wconf 89' lang='lat' dir='ltr'><strong>post</strong></span> <span class='ocrx_word' id='word_1_229' title='bbox 529 3370 859 3427; x_wconf 89' lang='lat' dir='ltr'><strong>matutinum</strong></span> <span class='ocrx_word' id='word_1_230' title='bbox 907 3369 1149 3425; x_wconf 91' lang='lat' dir='ltr'><strong>omnium</strong></span> <span class='ocrx_word' id='word_1_231' title='bbox 1201 3380 1541 3436; x_wconf 84' lang='lat' dir='ltr'><strong>sanctorum,</strong></span> 
     </span>
    </p>
   </div>
   <div class='ocr_carea' id='block_1_34' title="bbox 44 3454 1544 3532">
    <p class='ocr_par' dir='ltr' id='par_1_34' title="bbox 44 3454 1544 3532">
     <span class='ocr_line' id='line_1_34' title="bbox 44 3454 1544 3532; baseline 0.005 -25"><span class='ocrx_word' id='word_1_232' title='bbox 44 3454 185 3513; x_wconf 79' lang='lat' dir='ltr'><strong>lDeus</strong></span> <span class='ocrx_word' id='word_1_233' title='bbox 212 3462 418 3517; x_wconf 78' lang='lat' dir='ltr'><strong>auribus</strong></span> <span class='ocrx_word' id='word_1_234' title='bbox 454 3463 673 3518; x_wconf 76' lang='lat' dir='ltr'><strong>nostris.</strong></span> <span class='ocrx_word' id='word_1_235' title='bbox 725 3462 911 3532; x_wconf 88' lang='lat' dir='ltr'><strong>Usque</strong></span> <span class='ocrx_word' id='word_1_236' title='bbox 936 3461 1004 3514; x_wconf 88' lang='lat' dir='ltr'><strong>ad</strong></span> <span class='ocrx_word' id='word_1_237' title='bbox 1033 3461 1369 3515; x_wconf 84' lang='lat' dir='ltr'><strong>tricesimum</strong></span> <span class='ocrx_word' id='word_1_238' title='bbox 1402 3460 1544 3515; x_wconf 75' lang='lat' dir='ltr'><strong>diem</strong></span> 
     </span>
    </p>
   </div>
   <div class='ocr_carea' id='block_1_35' title="bbox 46 3548 1544 3625">
    <p class='ocr_par' dir='ltr' id='par_1_35' title="bbox 46 3548 1544 3625">
     <span class='ocr_line' id='line_1_35' title="bbox 46 3548 1544 3625; baseline 0.003 -25"><span class='ocrx_word' id='word_1_239' title='bbox 46 3548 205 3605; x_wconf 72' lang='lat' dir='ltr'><strong>ualidie</strong></span> <span class='ocrx_word' id='word_1_240' title='bbox 234 3550 495 3620; x_wconf 84' lang='lat' dir='ltr'><strong>justitiam</strong></span> <span class='ocrx_word' id='word_1_241' title='bbox 524 3554 682 3625; x_wconf 88' lang='lat' dir='ltr'><strong>panis</strong></span> <span class='ocrx_word' id='word_1_242' title='bbox 709 3562 763 3607; x_wconf 87' lang='lat' dir='ltr'><strong>et</strong></span> <span class='ocrx_word' id='word_1_243' title='bbox 792 3552 901 3607; x_wconf 90' lang='lat' dir='ltr'><strong>vini</strong></span> <span class='ocrx_word' id='word_1_244' title='bbox 921 3594 937 3619; x_wconf 94' lang='lat'><strong>,</strong></span> <span class='ocrx_word' id='word_1_245' title='bbox 984 3560 1038 3607; x_wconf 92' lang='lat' dir='ltr'><strong>et</strong></span> <span class='ocrx_word' id='word_1_246' title='bbox 1086 3551 1249 3606; x_wconf 89' lang='lat' dir='ltr'><strong>totius</strong></span> <span class='ocrx_word' id='word_1_247' title='bbox 1292 3549 1544 3616; x_wconf 81' lang='lat' dir='ltr'><strong>stipendii</strong></span> 
     </span>
    </p>
   </div>
   <div class='ocr_carea' id='block_1_36' title="bbox 46 3638 1543 3715">
    <p class='ocr_par' dir='ltr' id='par_1_36' title="bbox 46 3638 1543 3715">
     <span class='ocr_line' id='line_1_36' title="bbox 46 3638 1543 3715; baseline 0.001 -23"><span class='ocrx_word' id='word_1_248' title='bbox 46 3638 406 3713; x_wconf 62' lang='lat' dir='ltr'><strong>itemosynarius</strong></span> <span class='ocrx_word' id='word_1_249' title='bbox 432 3643 687 3715; x_wconf 86' lang='lat' dir='ltr'><strong>accipiat.</strong></span> <span class='ocrx_word' id='word_1_250' title='bbox 719 3644 921 3698; x_wconf 89' lang='lat' dir='ltr'><strong>Breves</strong></span> <span class='ocrx_word' id='word_1_251' title='bbox 946 3658 1046 3713; x_wconf 88' lang='lat' dir='ltr'><strong>pro</strong></span> <span class='ocrx_word' id='word_1_252' title='bbox 1092 3642 1207 3711; x_wconf 91' lang='lat' dir='ltr'><strong>ipsa</strong></span> <span class='ocrx_word' id='word_1_253' title='bbox 1237 3639 1420 3694; x_wconf 86' lang='lat' dir='ltr'><strong>anima</strong></span> <span class='ocrx_word' id='word_1_254' title='bbox 1457 3655 1543 3694; x_wconf 89' lang='lat' dir='ltr'><strong>ar-</strong></span> 
     </span>
    </p>
   </div>
   <div class='ocr_carea' id='block_1_37' title="bbox 46 3730 1544 3806">
    <p class='ocr_par' dir='ltr' id='par_1_37' title="bbox 46 3730 1544 3806">
     <span class='ocr_line' id='line_1_37' title="bbox 46 3730 1544 3806; baseline 0.005 -27"><span class='ocrx_word' id='word_1_255' title='bbox 46 3730 171 3787; x_wconf 73' lang='lat' dir='ltr'><strong>tarius</strong></span> <span class='ocrx_word' id='word_1_256' title='bbox 196 3733 388 3804; x_wconf 89' lang='lat' dir='ltr'><strong>faciat,</strong></span> <span class='ocrx_word' id='word_1_257' title='bbox 417 3746 475 3792; x_wconf 86' lang='lat' dir='ltr'><strong>et</strong></span> <span class='ocrx_word' id='word_1_258' title='bbox 522 3734 841 3792; x_wconf 89' lang='lat' dir='ltr'><strong>cellararius</strong></span> <span class='ocrx_word' id='word_1_259' title='bbox 871 3747 969 3806; x_wconf 89' lang='lat' dir='ltr'><strong>per</strong></span> <span class='ocrx_word' id='word_1_260' title='bbox 993 3732 1205 3804; x_wconf 87' lang='lat' dir='ltr'><strong>priores</strong></span> <span class='ocrx_word' id='word_1_261' title='bbox 1230 3742 1285 3787; x_wconf 90' lang='lat' dir='ltr'><strong>et</strong></span> <span class='ocrx_word' id='word_1_262' title='bbox 1308 3732 1544 3788; x_wconf 89' lang='lat' dir='ltr'><strong>decanos</strong></span> 
     </span>
    </p>
   </div>
   <div class='ocr_carea' id='block_1_38' title="bbox 52 3822 1545 3902">
    <p class='ocr_par' dir='ltr' id='par_1_38' title="bbox 52 3822 1545 3902">
     <span class='ocr_line' id='line_1_38' title="bbox 52 3822 1545 3902; baseline 0.005 -28"><span class='ocrx_word' id='word_1_263' title='bbox 52 3822 135 3879; x_wconf 84' lang='lat' dir='ltr'><strong>ciat</strong></span> <span class='ocrx_word' id='word_1_264' title='bbox 160 3831 426 3900; x_wconf 90' lang='lat' dir='ltr'><strong>nuntiari,</strong></span> <span class='ocrx_word' id='word_1_265' title='bbox 471 3841 614 3887; x_wconf 89' lang='lat' dir='ltr'><strong>utet</strong></span> <span class='ocrx_word' id='word_1_266' title='bbox 642 3831 742 3902; x_wconf 88' lang='lat' dir='ltr'><strong>ipsi</strong></span> <span class='ocrx_word' id='word_1_267' title='bbox 773 3846 872 3900; x_wconf 78' lang='lat' dir='ltr'><strong>per</strong></span> <span class='ocrx_word' id='word_1_268' title='bbox 905 3837 1135 3884; x_wconf 70' lang='lat' dir='ltr'><strong>crateres</strong></span> <span class='ocrx_word' id='word_1_269' title='bbox 1172 3828 1545 3883; x_wconf 90' lang='lat' dir='ltr'><strong>transmittant</strong></span> 
     </span>
    </p>
   </div>
   <div class='ocr_carea' id='block_1_39' title="bbox 48 3922 1545 3996">
    <p class='ocr_par' dir='ltr' id='par_1_39' title="bbox 48 3922 1545 3996">
     <span class='ocr_line' id='line_1_39' title="bbox 48 3922 1545 3996; baseline 0.001 -22"><span class='ocrx_word' id='word_1_270' title='bbox 48 3930 91 3968; x_wconf 75' lang='lat' dir='ltr'><strong>tn</strong></span> <span class='ocrx_word' id='word_1_271' title='bbox 133 3934 215 3988; x_wconf 87' lang='lat' dir='ltr'><strong>per</strong></span> <span class='ocrx_word' id='word_1_272' title='bbox 258 3938 351 3979; x_wconf 91' lang='lat' dir='ltr'><strong>sua</strong></span> <span class='ocrx_word' id='word_1_273' title='bbox 395 3925 748 3996; x_wconf 84' lang='lat' dir='ltr'><strong>subjectanea</strong></span> <span class='ocrx_word' id='word_1_274' title='bbox 796 3923 916 3985; x_wconf 88' lang='lat' dir='ltr'><strong>loca</strong></span> <span class='ocrx_word' id='word_1_275' title='bbox 961 3936 1125 3992; x_wconf 90' lang='lat' dir='ltr'><strong>quam</strong></span> <span class='ocrx_word' id='word_1_276' title='bbox 1166 3931 1222 3978; x_wconf 91' lang='lat' dir='ltr'><strong>et</strong></span> <span class='ocrx_word' id='word_1_277' title='bbox 1259 3922 1311 3976; x_wconf 92' lang='lat' dir='ltr'><strong>in</strong></span> <span class='ocrx_word' id='word_1_278' title='bbox 1342 3922 1545 3977; x_wconf 91' lang='lat' dir='ltr'><strong>nostris</strong></span> 
     </span>
    </p>
   </div>
   <div class='ocr_carea' id='block_1_40' title="bbox 48 4009 1537 4073">
    <p class='ocr_par' dir='ltr' id='par_1_40' title="bbox 48 4009 1537 4073">
     <span class='ocr_line' id='line_1_40' title="bbox 48 4009 1537 4073; baseline 0.005 -14"><span class='ocrx_word' id='word_1_279' title='bbox 48 4009 284 4072; x_wconf 81' lang='lat' dir='ltr'><strong>ationibus</strong></span> <span class='ocrx_word' id='word_1_280' title='bbox 351 4016 663 4073; x_wconf 90' lang='lat' dir='ltr'><strong>commissis</strong></span> <span class='ocrx_word' id='word_1_281' title='bbox 728 4014 1019 4070; x_wconf 86' lang='lat' dir='ltr'><strong>abbatibus</strong></span> <span class='ocrx_word' id='word_1_282' title='bbox 1089 4012 1176 4068; x_wconf 88' lang='lat' dir='ltr'><strong>vel</strong></span> <span class='ocrx_word' id='word_1_283' title='bbox 1254 4013 1537 4070; x_wconf 75' lang='lat' dir='ltr'><strong>ctenobiis.</strong></span> 
     </span>
    </p>
   </div>
   <div class='ocr_carea' id='block_1_41' title="bbox 50 4101 1544 4175">
    <p class='ocr_par' dir='ltr' id='par_1_41' title="bbox 50 4101 1544 4175">
     <span class='ocr_line' id='line_1_41' title="bbox 50 4101 1544 4175; baseline 0.005 -24"><span class='ocrx_word' id='word_1_284' title='bbox 50 4101 284 4161; x_wconf 75' lang='lat' dir='ltr'><strong>cstimenta</strong></span> <span class='ocrx_word' id='word_1_285' title='bbox 346 4118 530 4165; x_wconf 91' lang='lat' dir='ltr'><strong>autem</strong></span> <span class='ocrx_word' id='word_1_286' title='bbox 604 4105 720 4175; x_wconf 84' lang='lat' dir='ltr'><strong>ejus</strong></span> <span class='ocrx_word' id='word_1_287' title='bbox 794 4104 1111 4162; x_wconf 85' lang='lat' dir='ltr'><strong>deferantur</strong></span> <span class='ocrx_word' id='word_1_288' title='bbox 1170 4103 1235 4157; x_wconf 89' lang='lat' dir='ltr'><strong>ad</strong></span> <span class='ocrx_word' id='word_1_289' title='bbox 1316 4103 1544 4159; x_wconf 88' lang='lat' dir='ltr'><strong>famulos</strong></span> 
     </span>
    </p>
   </div>
   <div class='ocr_carea' id='block_1_42' title="bbox 50 4191 1543 4269">
    <p class='ocr_par' dir='ltr' id='par_1_42' title="bbox 50 4191 1543 4269">
     <span class='ocr_line' id='line_1_42' title="bbox 50 4191 1543 4269; baseline 0.005 -24"><span class='ocrx_word' id='word_1_290' title='bbox 50 4191 220 4253; x_wconf 77' lang='lat' dir='ltr'><strong>tlucnda</strong></span> <span class='ocrx_word' id='word_1_291' title='bbox 256 4217 269 4253; x_wconf 89' lang='lat'><strong>:</strong></span> <span class='ocrx_word' id='word_1_292' title='bbox 302 4201 369 4257; x_wconf 86' lang='lat' dir='ltr'><strong>de</strong></span> <span class='ocrx_word' id='word_1_293' title='bbox 402 4202 490 4257; x_wconf 90' lang='lat' dir='ltr'><strong>his</strong></span> <span class='ocrx_word' id='word_1_294' title='bbox 522 4209 704 4256; x_wconf 91' lang='lat' dir='ltr'><strong>autem</strong></span> <span class='ocrx_word' id='word_1_295' title='bbox 750 4199 842 4269; x_wconf 89' lang='lat' dir='ltr'><strong>qui</strong></span> <span class='ocrx_word' id='word_1_296' title='bbox 893 4199 1102 4253; x_wconf 87' lang='lat' dir='ltr'><strong>lavator</strong></span> <span class='ocrx_word' id='word_1_297' title='bbox 1146 4196 1343 4264; x_wconf 91' lang='lat' dir='ltr'><strong>fuerit,</strong></span> <span class='ocrx_word' id='word_1_298' title='bbox 1378 4213 1543 4252; x_wconf 90' lang='lat' dir='ltr'><strong>unum</strong></span> 
     </span>
    </p>
   </div>
   <div class='ocr_carea' id='block_1_43' title="bbox 50 4287 1543 4365">
    <p class='ocr_par' dir='ltr' id='par_1_43' title="bbox 50 4287 1543 4365">
     <span class='ocr_line' id='line_1_43' title="bbox 50 4287 1543 4365; baseline 0.003 -29"><span class='ocrx_word' id='word_1_299' title='bbox 50 4290 235 4345; x_wconf 77' lang='lat' dir='ltr'><strong>:narium</strong></span> <span class='ocrx_word' id='word_1_300' title='bbox 262 4294 519 4365; x_wconf 88' lang='lat' dir='ltr'><strong>accipiat.</strong></span> <span class='ocrx_word' id='word_1_301' title='bbox 554 4293 690 4347; x_wconf 92' lang='lat' dir='ltr'><strong>Dutn</strong></span> <span class='ocrx_word' id='word_1_302' title='bbox 735 4291 938 4346; x_wconf 87' lang='lat' dir='ltr'><strong>fuerint</strong></span> <span class='ocrx_word' id='word_1_303' title='bbox 975 4289 1201 4345; x_wconf 89' lang='lat' dir='ltr'><strong>nitidata</strong></span> <span class='ocrx_word' id='word_1_304' title='bbox 1245 4287 1543 4343; x_wconf 87' lang='lat' dir='ltr'><strong>camerario</strong></span> 
     </span>
    </p>
   </div>
   <div class='ocr_carea' id='block_1_44' title="bbox 52 4378 1541 4457">
    <p class='ocr_par' dir='ltr' id='par_1_44' title="bbox 52 4378 1541 4457">
     <span class='ocr_line' id='line_1_44' title="bbox 52 4378 1541 4457; baseline 0.001 -26"><span class='ocrx_word' id='word_1_305' title='bbox 52 4379 266 4451; x_wconf 87' lang='lat' dir='ltr'><strong>ddantur,</strong></span> <span class='ocrx_word' id='word_1_306' title='bbox 332 4398 389 4442; x_wconf 87' lang='lat' dir='ltr'><strong>et</strong></span> <span class='ocrx_word' id='word_1_307' title='bbox 442 4387 559 4457; x_wconf 82' lang='lat' dir='ltr'><strong>ipse</strong></span> <span class='ocrx_word' id='word_1_308' title='bbox 620 4385 674 4440; x_wconf 93' lang='lat' dir='ltr'><strong>in</strong></span> <span class='ocrx_word' id='word_1_309' title='bbox 728 4382 1025 4454; x_wconf 86' lang='lat' dir='ltr'><strong>capitulum</strong></span> <span class='ocrx_word' id='word_1_310' title='bbox 1080 4378 1290 4436; x_wconf 89' lang='lat' dir='ltr'><strong>deferat</strong></span> <span class='ocrx_word' id='word_1_311' title='bbox 1344 4393 1541 4445; x_wconf 89' lang='lat' dir='ltr'><strong>omne,</strong></span> 
     </span>
    </p>
   </div>
   <div class='ocr_carea' id='block_1_45' title="bbox 52 4460 1536 4549">
    <p class='ocr_par' dir='ltr' id='par_1_45' title="bbox 52 4460 1536 4549">
     <span class='ocr_line' id='line_1_45' title="bbox 52 4460 1536 4549; baseline 0 -24"><span class='ocrx_word' id='word_1_312' title='bbox 52 4473 211 4544; x_wconf 78' lang='lat' dir='ltr'><strong>idquid</strong></span> <span class='ocrx_word' id='word_1_313' title='bbox 240 4493 400 4549; x_wconf 85' lang='lat' dir='ltr'><strong>super</strong></span> <span class='ocrx_word' id='word_1_314' title='bbox 428 4477 647 4534; x_wconf 82' lang='lat' dir='ltr'><strong>lectulis</strong></span> <span class='ocrx_word' id='word_1_315' title='bbox 674 4460 872 4541; x_wconf 86' lang='lat' dir='ltr'><strong>fuerit,</strong></span> <span class='ocrx_word' id='word_1_316' title='bbox 900 4489 1019 4545; x_wconf 80' lang='lat' dir='ltr'><strong>qua:</strong></span> <span class='ocrx_word' id='word_1_317' title='bbox 1048 4488 1145 4544; x_wconf 91' lang='lat' dir='ltr'><strong>per</strong></span> <span class='ocrx_word' id='word_1_318' title='bbox 1182 4471 1391 4542; x_wconf 85' lang='lat' dir='ltr'><strong>singula</strong></span> <span class='ocrx_word' id='word_1_319' title='bbox 1431 4487 1536 4526; x_wconf 67' lang='lat' dir='ltr'><strong>non</strong></span> 
     </span>
    </p>
   </div>
   <div class='ocr_carea' id='block_1_46' title="bbox 1570 3215 1620 3276">
    <p class='ocr_par' dir='ltr' id='par_1_46' title="bbox 1570 3215 1620 3276">
     <span class='ocr_line' id='line_1_46' title="bbox 1570 3215 1620 3276; baseline 0 0"><span class='ocrx_word' id='word_1_320' title='bbox 1570 3215 1620 3276; x_wconf 73' lang='grc' dir='ltr'>ϐ</span> 
     </span>
    </p>
   </div>
   <div class='ocr_carea' id='block_1_47' title="bbox 1221 402 2021 463">
    <p class='ocr_par' dir='ltr' id='par_1_47' title="bbox 1221 402 2021 463">
     <span class='ocr_line' id='line_1_47' title="bbox 1221 402 2021 463; baseline 0 -1"><span class='ocrx_word' id='word_1_321' title='bbox 1221 404 1591 462; x_wconf 65' lang='lat' dir='ltr'><strong>DISCIPIJM</strong></span> <span class='ocrx_word' id='word_1_322' title='bbox 1619 405 1700 459; x_wconf 59' lang='grc' dir='ltr'><strong>ΡΑ</strong></span> <span class='ocrx_word' id='word_1_323' title='bbox 1713 404 1751 456; x_wconf 70' lang='lat' dir='ltr'><strong>Il</strong></span> <span class='ocrx_word' id='word_1_324' title='bbox 1763 402 2021 463; x_wconf 75' lang='lat' dir='ltr'><strong>FENSIS.</strong></span> 
     </span>
    </p>
   </div>
   <div class='ocr_carea' id='block_1_48' title="bbox 3108 411 3246 468">
    <p class='ocr_par' dir='ltr' id='par_1_48' title="bbox 3108 411 3246 468">
     <span class='ocr_line' id='line_1_48' title="bbox 3108 411 3246 468; baseline 0 -2"><span class='ocrx_word' id='word_1_325' title='bbox 3108 411 3246 468; x_wconf 63' lang='lat' dir='ltr'><strong>I22”</strong></span> 
     </span>
    </p>
   </div>
   <div class='ocr_carea' id='block_1_49' title="bbox 1663 519 3251 598">
    <p class='ocr_par' dir='ltr' id='par_1_49' title="bbox 1663 519 3251 598">
     <span class='ocr_line' id='line_1_49' title="bbox 1663 519 3251 598; baseline 0.006 -27"><span class='ocrx_word' id='word_1_326' title='bbox 1663 520 1718 571; x_wconf 83' lang='lat' dir='ltr'><strong>S.</strong></span> <span class='ocrx_word' id='word_1_327' title='bbox 1754 519 1888 588; x_wconf 79' lang='lat' dir='ltr'><strong>Aug.</strong></span> <span class='ocrx_word' id='word_1_328' title='bbox 1922 519 2031 573; x_wconf 86' lang='lat' dir='ltr'><strong>ait:</strong></span> <span class='ocrx_word' id='word_1_329' title='bbox 2059 520 2193 587; x_wconf 85' lang='lat' dir='ltr'><strong>Quia</strong></span> <span class='ocrx_word' id='word_1_330' title='bbox 2226 536 2328 575; x_wconf 82' lang='lat' dir='ltr'><strong>non</strong></span> <span class='ocrx_word' id='word_1_331' title='bbox 2360 522 2683 593; x_wconf 85' lang='lat' dir='ltr'><strong>derelinquit</strong></span> <span class='ocrx_word' id='word_1_332' title='bbox 2712 540 2834 578; x_wconf 85' lang='lat' dir='ltr'><strong>eum</strong></span> <span class='ocrx_word' id='word_1_333' title='bbox 2866 539 2997 579; x_wconf 89' lang='lat' dir='ltr'><strong>suus</strong></span> <span class='ocrx_word' id='word_1_334' title='bbox 3026 526 3251 598; x_wconf 90' lang='lat' dir='ltr'><strong>angelus</strong></span> 
     </span>
    </p>
   </div>
   <div class='ocr_carea' id='block_1_50' title="bbox 1658 612 3252 687">
    <p class='ocr_par' dir='ltr' id='par_1_50' title="bbox 1658 612 3252 687">
     <span class='ocr_line' id='line_1_50' title="bbox 1658 612 3252 687; baseline 0.008 -25"><span class='ocrx_word' id='word_1_335' title='bbox 1658 612 1896 680; x_wconf 87' lang='lat' dir='ltr'><strong>quandiu</strong></span> <span class='ocrx_word' id='word_1_336' title='bbox 1941 628 2064 667; x_wconf 89' lang='lat' dir='ltr'><strong>eum</strong></span> <span class='ocrx_word' id='word_1_337' title='bbox 2114 615 2349 682; x_wconf 84' lang='lat' dir='ltr'><strong>potuerit</strong></span> <span class='ocrx_word' id='word_1_338' title='bbox 2401 614 2678 683; x_wconf 88' lang='lat' dir='ltr'><strong>adjuvare.</strong></span> <span class='ocrx_word' id='word_1_339' title='bbox 2728 616 2837 677; x_wconf 91' lang='lat' dir='ltr'><strong>tlli,</strong></span> <span class='ocrx_word' id='word_1_340' title='bbox 2900 617 2991 687; x_wconf 89' lang='lat' dir='ltr'><strong>qui</strong></span> <span class='ocrx_word' id='word_1_341' title='bbox 3045 618 3095 672; x_wconf 92' lang='lat' dir='ltr'><strong>ei</strong></span> <span class='ocrx_word' id='word_1_342' title='bbox 3136 621 3252 675; x_wconf 90' lang='lat' dir='ltr'><strong>noti</strong></span> 
     </span>
    </p>
   </div>
   <div class='ocr_carea' id='block_1_51' title="bbox 1658 702 3252 777">
    <p class='ocr_par' dir='ltr' id='par_1_51' title="bbox 1658 702 3252 777">
     <span class='ocr_line' id='line_1_51' title="bbox 1658 702 3252 777; baseline 0.006 -21"><span class='ocrx_word' id='word_1_343' title='bbox 1658 702 1896 768; x_wconf 85' lang='lat' dir='ltr'><strong>fuerant,</strong></span> <span class='ocrx_word' id='word_1_344' title='bbox 1931 704 2015 759; x_wconf 87' lang='lat' dir='ltr'><strong>vel</strong></span> <span class='ocrx_word' id='word_1_345' title='bbox 2038 704 2119 760; x_wconf 89' lang='lat' dir='ltr'><strong>sui</strong></span> <span class='ocrx_word' id='word_1_346' title='bbox 2149 706 2537 777; x_wconf 78' lang='lat' dir='ltr'><strong>consanguinei</strong></span> <span class='ocrx_word' id='word_1_347' title='bbox 2568 722 2663 777; x_wconf 91' lang='lat' dir='ltr'><strong>pro</strong></span> <span class='ocrx_word' id='word_1_348' title='bbox 2692 707 2832 762; x_wconf 93' lang='lat' dir='ltr'><strong>illius</strong></span> <span class='ocrx_word' id='word_1_349' title='bbox 2856 708 3252 765; x_wconf 85' lang='lat' dir='ltr'><strong>intercessione</strong></span> 
     </span>
    </p>
   </div>
   <div class='ocr_carea' id='block_1_52' title="bbox 1656 795 3256 864">
    <p class='ocr_par' dir='ltr' id='par_1_52' title="bbox 1656 795 3256 864">
     <span class='ocr_line' id='line_1_52' title="bbox 1656 795 3256 864; baseline 0.004 -16"><span class='ocrx_word' id='word_1_350' title='bbox 1656 803 1821 864; x_wconf 91' lang='lat' dir='ltr'><strong>atque</strong></span> <span class='ocrx_word' id='word_1_351' title='bbox 1849 795 2204 852; x_wconf 90' lang='lat' dir='ltr'><strong>saluberrima</strong></span> <span class='ocrx_word' id='word_1_352' title='bbox 2258 798 2421 853; x_wconf 89' lang='lat' dir='ltr'><strong>missa</strong></span> <span class='ocrx_word' id='word_1_353' title='bbox 2465 798 2697 854; x_wconf 80' lang='lat' dir='ltr'><strong>offerant</strong></span> <span class='ocrx_word' id='word_1_354' title='bbox 2727 799 2835 855; x_wconf 92' lang='lat' dir='ltr'><strong>Deo</strong></span> <span class='ocrx_word' id='word_1_355' title='bbox 2861 816 3030 856; x_wconf 82' lang='lat' dir='ltr'><strong>sacra:</strong></span> <span class='ocrx_word' id='word_1_356' title='bbox 3059 801 3256 857; x_wconf 87' lang='lat' dir='ltr'><strong>immo-</strong></span> 
     </span>
    </p>
   </div>
   <div class='ocr_carea' id='block_1_53' title="bbox 1660 886 3257 965">
    <p class='ocr_par' dir='ltr' id='par_1_53' title="bbox 1660 886 3257 965">
     <span class='ocr_line' id='line_1_53' title="bbox 1660 886 3257 965; baseline 0.006 -25"><span class='ocrx_word' id='word_1_357' title='bbox 1660 886 1880 944; x_wconf 91' lang='lat' dir='ltr'><strong>lationis</strong></span> <span class='ocrx_word' id='word_1_358' title='bbox 1921 887 2155 944; x_wconf 85' lang='lat' dir='ltr'><strong>hostiam</strong></span> <span class='ocrx_word' id='word_1_359' title='bbox 2181 890 2264 946; x_wconf 89' lang='lat' dir='ltr'><strong>vel</strong></span> <span class='ocrx_word' id='word_1_360' title='bbox 2288 890 2647 963; x_wconf 71' lang='lat' dir='ltr'><strong>eleemosyna:</strong></span> <span class='ocrx_word' id='word_1_361' title='bbox 2684 894 3081 949; x_wconf 90' lang='lat' dir='ltr'><strong>condonatione</strong></span> <span class='ocrx_word' id='word_1_362' title='bbox 3118 895 3257 965; x_wconf 84' lang='lat' dir='ltr'><strong>lega-</strong></span> 
     </span>
    </p>
   </div>
   <div class='ocr_carea' id='block_1_54' title="bbox 1658 979 3259 1057">
    <p class='ocr_par' dir='ltr' id='par_1_54' title="bbox 1658 979 3259 1057">
     <span class='ocr_line' id='line_1_54' title="bbox 1658 979 3259 1057; baseline 0.006 -24"><span class='ocrx_word' id='word_1_363' title='bbox 1658 979 1895 1045; x_wconf 91' lang='lat' dir='ltr'><strong>tionem;</strong></span> <span class='ocrx_word' id='word_1_364' title='bbox 1929 996 2028 1051; x_wconf 91' lang='lat' dir='ltr'><strong>pro</strong></span> <span class='ocrx_word' id='word_1_365' title='bbox 2060 982 2260 1052; x_wconf 86' lang='lat' dir='ltr'><strong>quibus</strong></span> <span class='ocrx_word' id='word_1_366' title='bbox 2288 982 2550 1040; x_wconf 88' lang='lat' dir='ltr'><strong>Dominus</strong></span> <span class='ocrx_word' id='word_1_367' title='bbox 2576 986 2763 1055; x_wconf 90' lang='lat' dir='ltr'><strong>procul</strong></span> <span class='ocrx_word' id='word_1_368' title='bbox 2802 986 2964 1040; x_wconf 88' lang='lat' dir='ltr'><strong>dubio</strong></span> <span class='ocrx_word' id='word_1_369' title='bbox 2989 987 3259 1057; x_wconf 83' lang='lat' dir='ltr'><strong>propitia-</strong></span> 
     </span>
    </p>
   </div>
   <div class='ocr_carea' id='block_1_55' title="bbox 1654 1072 3259 1148">
    <p class='ocr_par' dir='ltr' id='par_1_55' title="bbox 1654 1072 3259 1148">
     <span class='ocr_line' id='line_1_55' title="bbox 1654 1072 3259 1148; baseline 0.004 -21"><span class='ocrx_word' id='word_1_370' title='bbox 1654 1073 1801 1127; x_wconf 90' lang='lat' dir='ltr'><strong>bitur</strong></span> <span class='ocrx_word' id='word_1_371' title='bbox 1848 1072 1895 1127; x_wconf 89' lang='lat' dir='ltr'><strong>ei</strong></span> <span class='ocrx_word' id='word_1_372' title='bbox 1948 1073 2072 1144; x_wconf 92' lang='lat' dir='ltr'><strong>(nisi</strong></span> <span class='ocrx_word' id='word_1_373' title='bbox 2126 1085 2234 1129; x_wconf 92' lang='lat' dir='ltr'><strong>tam</strong></span> <span class='ocrx_word' id='word_1_374' title='bbox 2279 1077 2462 1146; x_wconf 80' lang='lat' dir='ltr'><strong>gravis</strong></span> <span class='ocrx_word' id='word_1_375' title='bbox 2502 1077 2793 1133; x_wconf 91' lang='lat' dir='ltr'><strong>commissa</strong></span> <span class='ocrx_word' id='word_1_376' title='bbox 2838 1077 2995 1148; x_wconf 88' lang='lat' dir='ltr'><strong>culpa</strong></span> <span class='ocrx_word' id='word_1_377' title='bbox 3045 1080 3154 1146; x_wconf 88' lang='lat' dir='ltr'><strong>sit,</strong></span> <span class='ocrx_word' id='word_1_378' title='bbox 3205 1096 3259 1133; x_wconf 83' lang='lat' dir='ltr'><strong>t.t</strong></span> 
     </span>
    </p>
   </div>
   <div class='ocr_carea' id='block_1_56' title="bbox 1654 1165 3255 1237">
    <p class='ocr_par' dir='ltr' id='par_1_56' title="bbox 1654 1165 3255 1237">
     <span class='ocr_line' id='line_1_56' title="bbox 1654 1165 3255 1237; baseline 0.002 -20"><span class='ocrx_word' id='word_1_379' title='bbox 1654 1165 1922 1223; x_wconf 89' lang='lat' dir='ltr'><strong>orandum</strong></span> <span class='ocrx_word' id='word_1_380' title='bbox 1949 1181 2055 1220; x_wconf 94' lang='lat' dir='ltr'><strong>non</strong></span> <span class='ocrx_word' id='word_1_381' title='bbox 2100 1166 2172 1220; x_wconf 91' lang='lat' dir='ltr'><strong>sit</strong></span> <span class='ocrx_word' id='word_1_382' title='bbox 2210 1182 2311 1237; x_wconf 91' lang='lat' dir='ltr'><strong>pro</strong></span> <span class='ocrx_word' id='word_1_383' title='bbox 2339 1182 2423 1221; x_wconf 92' lang='lat' dir='ltr'><strong>eo.</strong></span> <span class='ocrx_word' id='word_1_384' title='bbox 2473 1166 2564 1223; x_wconf 86' lang='lat' dir='ltr'><strong>Sic</strong></span> <span class='ocrx_word' id='word_1_385' title='bbox 2598 1166 2660 1221; x_wconf 88' lang='lat' dir='ltr'><strong>B.</strong></span> <span class='ocrx_word' id='word_1_386' title='bbox 2707 1165 2945 1225; x_wconf 81' lang='lat' dir='ltr'><strong>Joannes</strong></span> <span class='ocrx_word' id='word_1_387' title='bbox 2998 1172 3168 1236; x_wconf 90' lang='lat' dir='ltr'><strong>dicit,</strong></span> <span class='ocrx_word' id='word_1_388' title='bbox 3205 1182 3255 1221; x_wconf 87' lang='lat' dir='ltr'><strong>nt</strong></span> 
     </span>
    </p>
   </div>
   <div class='ocr_carea' id='block_1_57' title="bbox 1656 1256 3250 1331">
    <p class='ocr_par' dir='ltr' id='par_1_57' title="bbox 1656 1256 3250 1331">
     <span class='ocr_line' id='line_1_57' title="bbox 1656 1256 3250 1331; baseline 0.005 -22"><span class='ocrx_word' id='word_1_389' title='bbox 1656 1271 1761 1310; x_wconf 93' lang='lat' dir='ltr'><strong>non</strong></span> <span class='ocrx_word' id='word_1_390' title='bbox 1797 1264 1986 1310; x_wconf 91' lang='lat' dir='ltr'><strong>oretur</strong></span> <span class='ocrx_word' id='word_1_391' title='bbox 2025 1270 2124 1326; x_wconf 88' lang='lat' dir='ltr'><strong>pro</strong></span> <span class='ocrx_word' id='word_1_392' title='bbox 2152 1256 2334 1326; x_wconf 90' lang='lat' dir='ltr'><strong>impiis</strong></span> <span class='ocrx_word' id='word_1_393' title='bbox 2382 1257 2684 1325; x_wconf 85' lang='lat' dir='ltr'><strong>defunctis,</strong></span> <span class='ocrx_word' id='word_1_394' title='bbox 2728 1263 2872 1330; x_wconf 90' lang='lat' dir='ltr'><strong>quod</strong></span> <span class='ocrx_word' id='word_1_395' title='bbox 2903 1262 3047 1317; x_wconf 88' lang='lat' dir='ltr'><strong>absit</strong></span> <span class='ocrx_word' id='word_1_396' title='bbox 3088 1273 3159 1331; x_wconf 16' lang='lat' dir='ltr'><strong>ut,</strong></span> <span class='ocrx_word' id='word_1_397' title='bbox 3184 1279 3250 1317; x_wconf 84' lang='lat' dir='ltr'><strong>ex</strong></span> 
     </span>
    </p>
   </div>
   <div class='ocr_carea' id='block_1_58' title="bbox 1655 1346 3250 1422">
    <p class='ocr_par' dir='ltr' id='par_1_58' title="bbox 1655 1346 3250 1422">
     <span class='ocr_line' id='line_1_58' title="bbox 1655 1346 3250 1422; baseline 0.007 -23"><span class='ocrx_word' id='word_1_398' title='bbox 1655 1354 1840 1401; x_wconf 89' lang='lat' dir='ltr'><strong>nostro</strong></span> <span class='ocrx_word' id='word_1_399' title='bbox 1886 1346 2078 1401; x_wconf 88' lang='lat' dir='ltr'><strong>ordine</strong></span> <span class='ocrx_word' id='word_1_400' title='bbox 2122 1346 2393 1419; x_wconf 87' lang='lat' dir='ltr'><strong>aliquibus</strong></span> <span class='ocrx_word' id='word_1_401' title='bbox 2419 1349 2723 1421; x_wconf 78' lang='lat' dir='ltr'><strong>contingat!</strong></span> <span class='ocrx_word' id='word_1_402' title='bbox 2748 1352 2766 1422; x_wconf 78' lang='lat'><strong>)</strong></span> <span class='ocrx_word' id='word_1_403' title='bbox 2796 1362 2908 1409; x_wconf 89' lang='lat' dir='ltr'><strong>tum</strong></span> <span class='ocrx_word' id='word_1_404' title='bbox 2938 1354 3098 1409; x_wconf 90' lang='lat' dir='ltr'><strong>debet</strong></span> <span class='ocrx_word' id='word_1_405' title='bbox 3125 1371 3250 1410; x_wconf 90' lang='lat' dir='ltr'><strong>eum</strong></span> 
     </span>
    </p>
   </div>
   <div class='ocr_carea' id='block_1_59' title="bbox 1652 1439 3250 1516">
    <p class='ocr_par' dir='ltr' id='par_1_59' title="bbox 1652 1439 3250 1516">
     <span class='ocr_line' id='line_1_59' title="bbox 1652 1439 3250 1516; baseline 0.008 -24"><span class='ocrx_word' id='word_1_406' title='bbox 1652 1439 1935 1496; x_wconf 87' lang='lat' dir='ltr'><strong>absolvere</strong></span> <span class='ocrx_word' id='word_1_407' title='bbox 1966 1441 2198 1495; x_wconf 88' lang='lat' dir='ltr'><strong>donnms</strong></span> <span class='ocrx_word' id='word_1_408' title='bbox 2228 1442 2435 1508; x_wconf 87' lang='lat' dir='ltr'><strong>abbas,</strong></span> <span class='ocrx_word' id='word_1_409' title='bbox 2482 1443 2568 1498; x_wconf 88' lang='lat' dir='ltr'><strong>vel</strong></span> <span class='ocrx_word' id='word_1_410' title='bbox 2617 1444 2708 1500; x_wconf 92' lang='lat' dir='ltr'><strong>ille</strong></span> <span class='ocrx_word' id='word_1_411' title='bbox 2753 1446 2844 1516; x_wconf 91' lang='lat' dir='ltr'><strong>qui</strong></span> <span class='ocrx_word' id='word_1_412' title='bbox 2894 1449 3142 1503; x_wconf 85' lang='lat' dir='ltr'><strong>ordinem</strong></span> <span class='ocrx_word' id='word_1_413' title='bbox 3170 1459 3250 1503; x_wconf 57' lang='lat' dir='ltr'><strong>te-</strong></span> 
     </span>
    </p>
   </div>
   <div class='ocr_carea' id='block_1_60' title="bbox 1655 1532 3249 1609">
    <p class='ocr_par' dir='ltr' id='par_1_60' title="bbox 1655 1532 3249 1609">
     <span class='ocr_line' id='line_1_60' title="bbox 1655 1532 3249 1609; baseline 0.005 -22"><span class='ocrx_word' id='word_1_414' title='bbox 1655 1532 1861 1599; x_wconf 87' lang='lat' dir='ltr'><strong>nuerit,</strong></span> <span class='ocrx_word' id='word_1_415' title='bbox 1901 1532 1993 1589; x_wconf 93' lang='lat' dir='ltr'><strong>illo</strong></span> <span class='ocrx_word' id='word_1_416' title='bbox 2018 1541 2261 1603; x_wconf 89' lang='lat' dir='ltr'><strong>tempore</strong></span> <span class='ocrx_word' id='word_1_417' title='bbox 2297 1534 2339 1589; x_wconf 91' lang='lat' dir='ltr'><strong>si</strong></span> <span class='ocrx_word' id='word_1_418' title='bbox 2372 1535 2540 1591; x_wconf 89' lang='lat' dir='ltr'><strong>abbas</strong></span> <span class='ocrx_word' id='word_1_419' title='bbox 2570 1536 2836 1605; x_wconf 90' lang='lat' dir='ltr'><strong>defuerit,</strong></span> <span class='ocrx_word' id='word_1_420' title='bbox 2883 1548 2938 1594; x_wconf 90' lang='lat' dir='ltr'><strong>et</strong></span> <span class='ocrx_word' id='word_1_421' title='bbox 2974 1539 3167 1609; x_wconf 91' lang='lat' dir='ltr'><strong>jubere</strong></span> <span class='ocrx_word' id='word_1_422' title='bbox 3192 1550 3249 1595; x_wconf 88' lang='lat' dir='ltr'><strong>ut</strong></span> 
     </span>
    </p>
   </div>
   <div class='ocr_carea' id='block_1_61' title="bbox 1652 1624 3249 1696">
    <p class='ocr_par' dir='ltr' id='par_1_61' title="bbox 1652 1624 3249 1696">
     <span class='ocr_line' id='line_1_61' title="bbox 1652 1624 3249 1696; baseline 0.004 -17"><span class='ocrx_word' id='word_1_423' title='bbox 1652 1639 1842 1680; x_wconf 91' lang='lat' dir='ltr'><strong>omnes</strong></span> <span class='ocrx_word' id='word_1_424' title='bbox 1868 1624 2184 1680; x_wconf 86' lang='lat' dir='ltr'><strong>sacerdotes</strong></span> <span class='ocrx_word' id='word_1_425' title='bbox 2212 1634 2375 1696; x_wconf 80' lang='lat' dir='ltr'><strong>agant</strong></span> <span class='ocrx_word' id='word_1_426' title='bbox 2413 1641 2510 1696; x_wconf 94' lang='lat' dir='ltr'><strong>pro</strong></span> <span class='ocrx_word' id='word_1_427' title='bbox 2544 1642 2609 1682; x_wconf 88' lang='lat' dir='ltr'><strong>eo</strong></span> <span class='ocrx_word' id='word_1_428' title='bbox 2638 1629 2895 1694; x_wconf 88' lang='lat' dir='ltr'><strong>missam,</strong></span> <span class='ocrx_word' id='word_1_429' title='bbox 2922 1630 3012 1685; x_wconf 92' lang='lat' dir='ltr'><strong>alii</strong></span> <span class='ocrx_word' id='word_1_430' title='bbox 3046 1630 3249 1686; x_wconf 89' lang='lat' dir='ltr'><strong>fratres</strong></span> 
     </span>
    </p>
   </div>
   <div class='ocr_carea' id='block_1_62' title="bbox 1651 1716 3249 1793">
    <p class='ocr_par' dir='ltr' id='par_1_62' title="bbox 1651 1716 3249 1793">
     <span class='ocr_line' id='line_1_62' title="bbox 1651 1716 3249 1793; baseline 0.008 -25"><span class='ocrx_word' id='word_1_431' title='bbox 1651 1716 1742 1786; x_wconf 87' lang='lat' dir='ltr'><strong>qui</strong></span> <span class='ocrx_word' id='word_1_432' title='bbox 1795 1731 1901 1771; x_wconf 92' lang='lat' dir='ltr'><strong>non</strong></span> <span class='ocrx_word' id='word_1_433' title='bbox 1961 1716 2169 1781; x_wconf 87' lang='lat' dir='ltr'><strong>valent,</strong></span> <span class='ocrx_word' id='word_1_434' title='bbox 2206 1716 2408 1771; x_wconf 88' lang='lat' dir='ltr'><strong>faciant</strong></span> <span class='ocrx_word' id='word_1_435' title='bbox 2441 1719 2811 1790; x_wconf 87' lang='lat' dir='ltr'><strong>adjumentum</strong></span> <span class='ocrx_word' id='word_1_436' title='bbox 2841 1723 2905 1777; x_wconf 78' lang='lat' dir='ltr'><strong>de</strong></span> <span class='ocrx_word' id='word_1_437' title='bbox 2934 1723 3249 1793; x_wconf 81' lang='lat' dir='ltr'><strong>psalmodiis</strong></span> 
     </span>
    </p>
   </div>
   <div class='ocr_carea' id='block_1_63' title="bbox 1650 1810 2461 1881">
    <p class='ocr_par' dir='ltr' id='par_1_63' title="bbox 1650 1810 2461 1881">
     <span class='ocr_line' id='line_1_63' title="bbox 1650 1810 2461 1881; baseline 0 -16"><span class='ocrx_word' id='word_1_438' title='bbox 1650 1810 1793 1865; x_wconf 89' lang='lat' dir='ltr'><strong>sicut</strong></span> <span class='ocrx_word' id='word_1_439' title='bbox 1812 1811 2136 1881; x_wconf 87' lang='lat' dir='ltr'><strong>imperatum</strong></span> <span class='ocrx_word' id='word_1_440' title='bbox 2163 1811 2243 1867; x_wconf 92' lang='lat' dir='ltr'><strong>eis</strong></span> <span class='ocrx_word' id='word_1_441' title='bbox 2275 1810 2461 1866; x_wconf 86' lang='lat' dir='ltr'><strong>fuerit.</strong></span> 
     </span>
    </p>
   </div>
   <div class='ocr_carea' id='block_1_64' title="bbox 1723 1894 2670 1960">
    <p class='ocr_par' dir='ltr' id='par_1_64' title="bbox 1723 1894 2670 1960">
     <span class='ocr_line' id='line_1_64' title="bbox 1723 1894 2670 1960; baseline 0.003 -5"><span class='ocrx_word' id='word_1_442' title='bbox 1723 1894 1729 1903; x_wconf 86' lang='grc'><em>’</em></span> <span class='ocrx_word' id='word_1_443' title='bbox 2234 1902 2463 1960; x_wconf 82' lang='lat' dir='ltr'><strong>CAPUT</strong></span> <span class='ocrx_word' id='word_1_444' title='bbox 2513 1904 2670 1960; x_wconf 78' lang='lat' dir='ltr'><strong>LVII.</strong></span> 
     </span>
    </p>
   </div>
   <div class='ocr_carea' id='block_1_65' title="bbox 1790 1992 3096 2065">
    <p class='ocr_par' dir='ltr' id='par_1_65' title="bbox 1790 1992 3096 2065">
     <span class='ocr_line' id='line_1_65' title="bbox 1790 1992 3096 2065; baseline 0.002 -17"><span class='ocrx_word' id='word_1_445' title='bbox 1790 1992 1962 2048; x_wconf 72' lang='lat' dir='ltr'><strong>Extra</strong></span> <span class='ocrx_word' id='word_1_446' title='bbox 1990 1994 2164 2049; x_wconf 78' lang='lat' dir='ltr'><strong>larunt</strong></span> <span class='ocrx_word' id='word_1_447' title='bbox 2203 1994 2387 2063; x_wconf 77' lang='lat' dir='ltr'><strong>fratris</strong></span> <span class='ocrx_word' id='word_1_448' title='bbox 2426 1996 2659 2065; x_wconf 81' lang='lat' dir='ltr'><strong>defuncti</strong></span> <span class='ocrx_word' id='word_1_449' title='bbox 2687 2008 2923 2052; x_wconf 74' lang='lat' dir='ltr'><strong>cernitur</strong></span> <span class='ocrx_word' id='word_1_450' title='bbox 2947 2016 3096 2053; x_wconf 78' lang='lat' dir='ltr'><strong>usus.</strong></span> 
     </span>
    </p>
   </div>
   <div class='ocr_carea' id='block_1_66' title="bbox 1719 2084 3243 2160">
    <p class='ocr_par' dir='ltr' id='par_1_66' title="bbox 1719 2084 3243 2160">
     <span class='ocr_line' id='line_1_66' title="bbox 1719 2084 3243 2160; baseline 0.003 -19"><span class='ocrx_word' id='word_1_451' title='bbox 1719 2084 1853 2141; x_wconf 88' lang='lat' dir='ltr'><strong>Cum</strong></span> <span class='ocrx_word' id='word_1_452' title='bbox 1869 2085 2063 2155; x_wconf 88' lang='lat' dir='ltr'><strong>aliquis</strong></span> <span class='ocrx_word' id='word_1_453' title='bbox 2081 2085 2249 2141; x_wconf 88' lang='lat' dir='ltr'><strong>frater</strong></span> <span class='ocrx_word' id='word_1_454' title='bbox 2262 2097 2463 2142; x_wconf 80' lang='lat' dir='ltr'><strong>nostrae</strong></span> <span class='ocrx_word' id='word_1_455' title='bbox 2477 2090 2915 2160; x_wconf 76' lang='lat' dir='ltr'><strong>congregationis</strong></span> <span class='ocrx_word' id='word_1_456' title='bbox 2933 2091 2983 2145; x_wconf 90' lang='lat' dir='ltr'><strong>in</strong></span> <span class='ocrx_word' id='word_1_457' title='bbox 3001 2091 3108 2145; x_wconf 91' lang='lat' dir='ltr'><strong>alio</strong></span> <span class='ocrx_word' id='word_1_458' title='bbox 3125 2091 3243 2146; x_wconf 80' lang='lat' dir='ltr'><strong>loc.)</strong></span> 
     </span>
    </p>
   </div>
   <div class='ocr_carea' id='block_1_67' title="bbox 1650 2178 3242 2259">
    <p class='ocr_par' dir='ltr' id='par_1_67' title="bbox 1650 2178 3242 2259">
     <span class='ocr_line' id='line_1_67' title="bbox 1650 2178 3242 2259; baseline 0.003 -27"><span class='ocrx_word' id='word_1_459' title='bbox 1650 2178 1887 2242; x_wconf 87' lang='lat' dir='ltr'><strong>finierit,</strong></span> <span class='ocrx_word' id='word_1_460' title='bbox 1914 2178 2103 2232; x_wconf 87' lang='lat' dir='ltr'><strong>statim</strong></span> <span class='ocrx_word' id='word_1_461' title='bbox 2132 2180 2350 2248; x_wconf 88' lang='lat' dir='ltr'><strong>quando</strong></span> <span class='ocrx_word' id='word_1_462' title='bbox 2393 2180 2614 2236; x_wconf 83' lang='lat' dir='ltr'><strong>nuntius</strong></span> <span class='ocrx_word' id='word_1_463' title='bbox 2646 2182 2859 2237; x_wconf 87' lang='lat' dir='ltr'><strong>venerit</strong></span> <span class='ocrx_word' id='word_1_464' title='bbox 2888 2182 3047 2238; x_wconf 88' lang='lat' dir='ltr'><strong>debet</strong></span> <span class='ocrx_word' id='word_1_465' title='bbox 3091 2184 3242 2259; x_wconf 80' lang='lat' dir='ltr'><strong>prior</strong></span> 
     </span>
    </p>
   </div>
   <div class='ocr_carea' id='block_1_68' title="bbox 1648 2268 3247 2344">
    <p class='ocr_par' dir='ltr' id='par_1_68' title="bbox 1648 2268 3247 2344">
     <span class='ocr_line' id='line_1_68' title="bbox 1648 2268 3247 2344; baseline 0.003 -19"><span class='ocrx_word' id='word_1_466' title='bbox 1648 2283 1843 2325; x_wconf 87' lang='lat' dir='ltr'><strong>sonare</strong></span> <span class='ocrx_word' id='word_1_467' title='bbox 1872 2268 2143 2335; x_wconf 90' lang='lat' dir='ltr'><strong>tabulam,</strong></span> <span class='ocrx_word' id='word_1_468' title='bbox 2175 2270 2221 2323; x_wconf 91' lang='lat' dir='ltr'><strong>si</strong></span> <span class='ocrx_word' id='word_1_469' title='bbox 2253 2270 2377 2324; x_wconf 87' lang='lat' dir='ltr'><strong>talis</strong></span> <span class='ocrx_word' id='word_1_470' title='bbox 2405 2271 2539 2325; x_wconf 88' lang='lat' dir='ltr'><strong>hora</strong></span> <span class='ocrx_word' id='word_1_471' title='bbox 2574 2270 2739 2328; x_wconf 91' lang='lat' dir='ltr'><strong>fuerit</strong></span> <span class='ocrx_word' id='word_1_472' title='bbox 2766 2315 2780 2339; x_wconf 93' lang='lat'><strong>,</strong></span> <span class='ocrx_word' id='word_1_473' title='bbox 2815 2289 2920 2344; x_wconf 91' lang='lat' dir='ltr'><strong>qua</strong></span> <span class='ocrx_word' id='word_1_474' title='bbox 2952 2276 3247 2331; x_wconf 86' lang='lat' dir='ltr'><strong>convenire</strong></span> 
     </span>
    </p>
   </div>
   <div class='ocr_carea' id='block_1_69' title="bbox 1648 2358 3243 2434">
    <p class='ocr_par' dir='ltr' id='par_1_69' title="bbox 1648 2358 3243 2434">
     <span class='ocr_line' id='line_1_69' title="bbox 1648 2358 3243 2434; baseline 0.004 -19"><span class='ocrx_word' id='word_1_475' title='bbox 1648 2359 1880 2429; x_wconf 89' lang='lat' dir='ltr'><strong>possint.</strong></span> <span class='ocrx_word' id='word_1_476' title='bbox 1913 2358 1970 2414; x_wconf 90' lang='lat' dir='ltr'><strong>Si</strong></span> <span class='ocrx_word' id='word_1_477' title='bbox 1996 2368 2283 2430; x_wconf 87' lang='lat' dir='ltr'><strong>postquam</strong></span> <span class='ocrx_word' id='word_1_478' title='bbox 2321 2362 2495 2431; x_wconf 91' lang='lat' dir='ltr'><strong>prima</strong></span> <span class='ocrx_word' id='word_1_479' title='bbox 2524 2362 2689 2419; x_wconf 88' lang='lat' dir='ltr'><strong>fuerit</strong></span> <span class='ocrx_word' id='word_1_480' title='bbox 2725 2364 2961 2434; x_wconf 90' lang='lat' dir='ltr'><strong>incoepta</strong></span> <span class='ocrx_word' id='word_1_481' title='bbox 2995 2366 3243 2432; x_wconf 88' lang='lat' dir='ltr'><strong>venerit,</strong></span> 
     </span>
    </p>
   </div>
   <div class='ocr_carea' id='block_1_70' title="bbox 1648 2453 3246 2526">
    <p class='ocr_par' dir='ltr' id='par_1_70' title="bbox 1648 2453 3246 2526">
     <span class='ocr_line' id='line_1_70' title="bbox 1648 2453 3246 2526; baseline 0.004 -17"><span class='ocrx_word' id='word_1_482' title='bbox 1648 2454 1791 2509; x_wconf 90' lang='lat' dir='ltr'><strong>dicta</strong></span> <span class='ocrx_word' id='word_1_483' title='bbox 1835 2453 2012 2523; x_wconf 91' lang='lat' dir='ltr'><strong>prima</strong></span> <span class='ocrx_word' id='word_1_484' title='bbox 2059 2462 2114 2508; x_wconf 90' lang='lat' dir='ltr'><strong>et</strong></span> <span class='ocrx_word' id='word_1_485' title='bbox 2163 2453 2468 2508; x_wconf 89' lang='lat' dir='ltr'><strong>matutinali</strong></span> <span class='ocrx_word' id='word_1_486' title='bbox 2501 2455 2669 2512; x_wconf 87' lang='lat' dir='ltr'><strong>missa</strong></span> <span class='ocrx_word' id='word_1_487' title='bbox 2718 2458 2785 2511; x_wconf 89' lang='lat' dir='ltr'><strong>ad</strong></span> <span class='ocrx_word' id='word_1_488' title='bbox 2836 2458 3130 2526; x_wconf 91' lang='lat' dir='ltr'><strong>capitulum</strong></span> <span class='ocrx_word' id='word_1_489' title='bbox 3156 2474 3246 2515; x_wconf 82' lang='lat' dir='ltr'><strong>ve-</strong></span> 
     </span>
    </p>
   </div>
   <div class='ocr_carea' id='block_1_71' title="bbox 1650 2542 3243 2609">
    <p class='ocr_par' dir='ltr' id='par_1_71' title="bbox 1650 2542 3243 2609">
     <span class='ocr_line' id='line_1_71' title="bbox 1650 2542 3243 2609; baseline 0.003 -12"><span class='ocrx_word' id='word_1_490' title='bbox 1650 2543 1928 2598; x_wconf 91' lang='lat' dir='ltr'><strong>nientibus</strong></span> <span class='ocrx_word' id='word_1_491' title='bbox 1957 2542 2210 2598; x_wconf 89' lang='lat' dir='ltr'><strong>onmibus</strong></span> <span class='ocrx_word' id='word_1_492' title='bbox 2243 2543 2315 2598; x_wconf 90' lang='lat' dir='ltr'><strong>ibi</strong></span> <span class='ocrx_word' id='word_1_493' title='bbox 2355 2544 2661 2609; x_wconf 88' lang='lat' dir='ltr'><strong>nuntiatur,</strong></span> <span class='ocrx_word' id='word_1_494' title='bbox 2689 2555 2744 2600; x_wconf 91' lang='lat' dir='ltr'><strong>et</strong></span> <span class='ocrx_word' id='word_1_495' title='bbox 2780 2562 2904 2601; x_wconf 88' lang='lat' dir='ltr'><strong>cum</strong></span> <span class='ocrx_word' id='word_1_496' title='bbox 2954 2547 3078 2602; x_wconf 84' lang='lat' dir='ltr'><strong>inde</strong></span> <span class='ocrx_word' id='word_1_497' title='bbox 3124 2562 3243 2603; x_wconf 91' lang='lat' dir='ltr'><strong>sur-</strong></span> 
     </span>
    </p>
   </div>
   <div class='ocr_carea' id='block_1_72' title="bbox 1652 2632 3245 2708">
    <p class='ocr_par' dir='ltr' id='par_1_72' title="bbox 1652 2632 3245 2708">
     <span class='ocr_line' id='line_1_72' title="bbox 1652 2632 3245 2708; baseline 0.004 -21"><span class='ocrx_word' id='word_1_498' title='bbox 1652 2634 1895 2688; x_wconf 72' lang='lat' dir='ltr'><strong>rexerint</strong></span> <span class='ocrx_word' id='word_1_499' title='bbox 1942 2634 2129 2689; x_wconf 90' lang='lat' dir='ltr'><strong>statim</strong></span> <span class='ocrx_word' id='word_1_500' title='bbox 2160 2632 2403 2690; x_wconf 79' lang='lat' dir='ltr'><strong>ollicium</strong></span> <span class='ocrx_word' id='word_1_501' title='bbox 2452 2650 2551 2704; x_wconf 89' lang='lat' dir='ltr'><strong>pro</strong></span> <span class='ocrx_word' id='word_1_502' title='bbox 2600 2634 2855 2692; x_wconf 89' lang='lat' dir='ltr'><strong>defuncto</strong></span> <span class='ocrx_word' id='word_1_503' title='bbox 2902 2636 3245 2708; x_wconf 81' lang='lat' dir='ltr'><strong>pulsantibus</strong></span> 
     </span>
    </p>
   </div>
   <div class='ocr_carea' id='block_1_73' title="bbox 1651 2718 3245 2799">
    <p class='ocr_par' dir='ltr' id='par_1_73' title="bbox 1651 2718 3245 2799">
     <span class='ocr_line' id='line_1_73' title="bbox 1651 2718 3245 2799; baseline 0.003 -17"><span class='ocrx_word' id='word_1_504' title='bbox 1651 2727 1823 2799; x_wconf 81' lang='lat' dir='ltr'><strong>signis</strong></span> <span class='ocrx_word' id='word_1_505' title='bbox 1853 2728 2081 2783; x_wconf 88' lang='lat' dir='ltr'><strong>faciant.</strong></span> <span class='ocrx_word' id='word_1_506' title='bbox 2115 2726 2173 2783; x_wconf 89' lang='lat' dir='ltr'><strong>Si</strong></span> <span class='ocrx_word' id='word_1_507' title='bbox 2206 2728 2275 2783; x_wconf 85' lang='lat' dir='ltr'><strong>ad</strong></span> <span class='ocrx_word' id='word_1_508' title='bbox 2308 2718 2660 2784; x_wconf 75' lang='lat' dir='ltr'><strong>refectoi&#39;ium</strong></span> <span class='ocrx_word' id='word_1_509' title='bbox 2692 2729 2818 2784; x_wconf 88' lang='lat' dir='ltr'><strong>ituri</strong></span> <span class='ocrx_word' id='word_1_510' title='bbox 2850 2739 3058 2785; x_wconf 88' lang='lat' dir='ltr'><strong>suntet</strong></span> <span class='ocrx_word' id='word_1_511' title='bbox 3087 2740 3245 2786; x_wconf 88' lang='lat' dir='ltr'><strong>antc-</strong></span> 
     </span>
    </p>
   </div>
   <div class='ocr_carea' id='block_1_74' title="bbox 1651 2817 3244 2892">
    <p class='ocr_par' dir='ltr' id='par_1_74' title="bbox 1651 2817 3244 2892">
     <span class='ocr_line' id='line_1_74' title="bbox 1651 2817 3244 2892; baseline 0.005 -23"><span class='ocrx_word' id='word_1_512' title='bbox 1651 2832 1813 2887; x_wconf 89' lang='lat' dir='ltr'><strong>quam</strong></span> <span class='ocrx_word' id='word_1_513' title='bbox 1844 2817 2041 2886; x_wconf 87' lang='lat' dir='ltr'><strong>squilla</strong></span> <span class='ocrx_word' id='word_1_514' title='bbox 2071 2828 2251 2889; x_wconf 88' lang='lat' dir='ltr'><strong>sonet,</strong></span> <span class='ocrx_word' id='word_1_515' title='bbox 2276 2818 2426 2887; x_wconf 89' lang='lat' dir='ltr'><strong>prior</strong></span> <span class='ocrx_word' id='word_1_516' title='bbox 2451 2819 2616 2875; x_wconf 88' lang='lat' dir='ltr'><strong>breve</strong></span> <span class='ocrx_word' id='word_1_517' title='bbox 2636 2820 2930 2890; x_wconf 90' lang='lat' dir='ltr'><strong>acceperit,</strong></span> <span class='ocrx_word' id='word_1_518' title='bbox 2952 2828 3244 2892; x_wconf 87' lang='lat' dir='ltr'><strong>antequam</strong></span> 
     </span>
    </p>
   </div>
   <div class='ocr_carea' id='block_1_75' title="bbox 1652 2910 3243 2983">
    <p class='ocr_par' dir='ltr' id='par_1_75' title="bbox 1652 2910 3243 2983">
     <span class='ocr_line' id='line_1_75' title="bbox 1652 2910 3243 2983; baseline 0.001 -19"><span class='ocrx_word' id='word_1_519' title='bbox 1652 2911 1977 2965; x_wconf 85' lang='lat' dir='ltr'><strong>manducent</strong></span> <span class='ocrx_word' id='word_1_520' title='bbox 2016 2910 2228 2981; x_wconf 85' lang='lat' dir='ltr'><strong>pulsata</strong></span> <span class='ocrx_word' id='word_1_521' title='bbox 2268 2911 2448 2965; x_wconf 88' lang='lat' dir='ltr'><strong>tabula</strong></span> <span class='ocrx_word' id='word_1_522' title='bbox 2477 2910 2713 2966; x_wconf 85' lang='lat' dir='ltr'><strong>olllcium</strong></span> <span class='ocrx_word' id='word_1_523' title='bbox 2747 2911 2968 2967; x_wconf 87' lang='lat' dir='ltr'><strong>faciant.</strong></span> <span class='ocrx_word' id='word_1_524' title='bbox 3016 2910 3072 2966; x_wconf 92' lang='lat' dir='ltr'><strong>Si</strong></span> <span class='ocrx_word' id='word_1_525' title='bbox 3119 2924 3243 2983; x_wconf 89' lang='lat' dir='ltr'><strong>post</strong></span> 
     </span>
    </p>
   </div>
   <div class='ocr_carea' id='block_1_76' title="bbox 1651 3000 3243 3075">
    <p class='ocr_par' dir='ltr' id='par_1_76' title="bbox 1651 3000 3243 3075">
     <span class='ocr_line' id='line_1_76' title="bbox 1651 3000 3243 3075; baseline 0.004 -22"><span class='ocrx_word' id='word_1_526' title='bbox 1651 3000 1831 3054; x_wconf 89' lang='lat' dir='ltr'><strong>cibum</strong></span> <span class='ocrx_word' id='word_1_527' title='bbox 1864 3002 2075 3056; x_wconf 88' lang='lat' dir='ltr'><strong>venerit</strong></span> <span class='ocrx_word' id='word_1_528' title='bbox 2102 3013 2156 3056; x_wconf 91' lang='lat' dir='ltr'><strong>et</strong></span> <span class='ocrx_word' id='word_1_529' title='bbox 2188 3002 2490 3058; x_wconf 90' lang='lat' dir='ltr'><strong>meridiana</strong></span> <span class='ocrx_word' id='word_1_530' title='bbox 2520 3019 2625 3058; x_wconf 92' lang='lat' dir='ltr'><strong>non</strong></span> <span class='ocrx_word' id='word_1_531' title='bbox 2652 3014 2782 3059; x_wconf 89' lang='lat' dir='ltr'><strong>sunt</strong></span> <span class='ocrx_word' id='word_1_532' title='bbox 2820 3005 3029 3075; x_wconf 81' lang='lat' dir='ltr'><strong>agenda</strong></span> <span class='ocrx_word' id='word_1_533' title='bbox 3054 3003 3243 3062; x_wconf 82' lang='lat' dir='ltr'><strong>fratri-</strong></span> 
     </span>
    </p>
   </div>
   <div class='ocr_carea' id='block_1_77' title="bbox 1652 3089 3242 3156">
    <p class='ocr_par' dir='ltr' id='par_1_77' title="bbox 1652 3089 3242 3156">
     <span class='ocr_line' id='line_1_77' title="bbox 1652 3089 3242 3156; baseline 0.004 -12"><span class='ocrx_word' id='word_1_534' title='bbox 1652 3089 1783 3154; x_wconf 88' lang='lat' dir='ltr'><strong>bus,</strong></span> <span class='ocrx_word' id='word_1_535' title='bbox 1817 3092 2001 3145; x_wconf 86' lang='lat' dir='ltr'><strong>statim</strong></span> <span class='ocrx_word' id='word_1_536' title='bbox 2038 3091 2163 3156; x_wconf 80' lang='lat' dir='ltr'><strong>fiat,</strong></span> <span class='ocrx_word' id='word_1_537' title='bbox 2215 3101 2269 3146; x_wconf 93' lang='lat' dir='ltr'><strong>et</strong></span> <span class='ocrx_word' id='word_1_538' title='bbox 2320 3094 2680 3149; x_wconf 85' lang='lat' dir='ltr'><strong>scrvitoribus</strong></span> <span class='ocrx_word' id='word_1_539' title='bbox 2720 3104 2775 3149; x_wconf 93' lang='lat' dir='ltr'><strong>ut</strong></span> <span class='ocrx_word' id='word_1_540' title='bbox 2824 3104 3145 3151; x_wconf 89' lang='lat' dir='ltr'><strong>remaneant</strong></span> <span class='ocrx_word' id='word_1_541' title='bbox 3175 3095 3242 3150; x_wconf 89' lang='lat' dir='ltr'><strong>li-</strong></span> 
     </span>
    </p>
   </div>
   <div class='ocr_carea' id='block_1_78' title="bbox 1652 3181 3243 3258">
    <p class='ocr_par' dir='ltr' id='par_1_78' title="bbox 1652 3181 3243 3258">
     <span class='ocr_line' id='line_1_78' title="bbox 1652 3181 3243 3258; baseline 0.005 -23"><span class='ocrx_word' id='word_1_542' title='bbox 1652 3181 1885 3236; x_wconf 90' lang='lat' dir='ltr'><strong>centiam</strong></span> <span class='ocrx_word' id='word_1_543' title='bbox 1931 3182 2112 3237; x_wconf 90' lang='lat' dir='ltr'><strong>donet.</strong></span> <span class='ocrx_word' id='word_1_544' title='bbox 2162 3182 2218 3237; x_wconf 90' lang='lat' dir='ltr'><strong>Si</strong></span> <span class='ocrx_word' id='word_1_545' title='bbox 2257 3198 2385 3239; x_wconf 88' lang='lat' dir='ltr'><strong>vero</strong></span> <span class='ocrx_word' id='word_1_546' title='bbox 2430 3185 2785 3241; x_wconf 87' lang='lat' dir='ltr'><strong>meridianam</strong></span> <span class='ocrx_word' id='word_1_547' title='bbox 2814 3185 3014 3242; x_wconf 87' lang='lat' dir='ltr'><strong>debent</strong></span> <span class='ocrx_word' id='word_1_548' title='bbox 3045 3200 3243 3258; x_wconf 83' lang='lat' dir='ltr'><strong>agere,</strong></span> 
     </span>
    </p>
   </div>
   <div class='ocr_carea' id='block_1_79' title="bbox 1651 3275 3243 3344">
    <p class='ocr_par' dir='ltr' id='par_1_79' title="bbox 1651 3275 3243 3344">
     <span class='ocr_line' id='line_1_79' title="bbox 1651 3275 3243 3344; baseline 0.005 -17"><span class='ocrx_word' id='word_1_549' title='bbox 1651 3284 1707 3327; x_wconf 89' lang='lat' dir='ltr'><strong>et</strong></span> <span class='ocrx_word' id='word_1_550' title='bbox 1752 3284 1873 3343; x_wconf 89' lang='lat' dir='ltr'><strong>post</strong></span> <span class='ocrx_word' id='word_1_551' title='bbox 1928 3289 2130 3330; x_wconf 89' lang='lat' dir='ltr'><strong>nonam</strong></span> <span class='ocrx_word' id='word_1_552' title='bbox 2184 3275 2397 3344; x_wconf 85' lang='lat' dir='ltr'><strong>pulsata</strong></span> <span class='ocrx_word' id='word_1_553' title='bbox 2442 3276 2606 3332; x_wconf 81' lang='lat' dir='ltr'><strong>fuerit</strong></span> <span class='ocrx_word' id='word_1_554' title='bbox 2657 3278 2868 3343; x_wconf 84' lang='lat' dir='ltr'><strong>tabula,</strong></span> <span class='ocrx_word' id='word_1_555' title='bbox 2913 3279 3059 3334; x_wconf 89' lang='lat' dir='ltr'><strong>dicto</strong></span> <span class='ocrx_word' id='word_1_556' title='bbox 3084 3295 3243 3336; x_wconf 90' lang='lat' dir='ltr'><strong>versu</strong></span> 
     </span>
    </p>
   </div>
   <div class='ocr_carea' id='block_1_80' title="bbox 1647 3364 3242 3440">
    <p class='ocr_par' dir='ltr' id='par_1_80' title="bbox 1647 3364 3242 3440">
     <span class='ocr_line' id='line_1_80' title="bbox 1647 3364 3242 3440; baseline 0.004 -20"><span class='ocrx_word' id='word_1_557' title='bbox 1647 3364 1878 3421; x_wconf 84' lang='lat' dir='ltr'><strong>oliicium</strong></span> <span class='ocrx_word' id='word_1_558' title='bbox 1912 3367 2004 3421; x_wconf 87' lang='lat' dir='ltr'><strong>fiat</strong></span> <span class='ocrx_word' id='word_1_559' title='bbox 2027 3408 2041 3432; x_wconf 93' lang='lat'><strong>,</strong></span> <span class='ocrx_word' id='word_1_560' title='bbox 2072 3378 2128 3423; x_wconf 92' lang='lat' dir='ltr'><strong>ct</strong></span> <span class='ocrx_word' id='word_1_561' title='bbox 2158 3369 2249 3437; x_wconf 90' lang='lat' dir='ltr'><strong>qui</strong></span> <span class='ocrx_word' id='word_1_562' title='bbox 2283 3368 2397 3440; x_wconf 87' lang='lat' dir='ltr'><strong>ipsa</strong></span> <span class='ocrx_word' id='word_1_563' title='bbox 2437 3370 2525 3425; x_wconf 87' lang='lat' dir='ltr'><strong>dic</strong></span> <span class='ocrx_word' id='word_1_564' title='bbox 2555 3379 2678 3439; x_wconf 90' lang='lat' dir='ltr'><strong>post</strong></span> <span class='ocrx_word' id='word_1_565' title='bbox 2722 3384 2975 3440; x_wconf 86' lang='lat' dir='ltr'><strong>vesperas</strong></span> <span class='ocrx_word' id='word_1_566' title='bbox 2998 3370 3242 3426; x_wconf 81' lang='lat' dir='ltr'><strong>omcium</strong></span> 
     </span>
    </p>
   </div>
   <div class='ocr_carea' id='block_1_81' title="bbox 1647 3460 3241 3531">
    <p class='ocr_par' dir='ltr' id='par_1_81' title="bbox 1647 3460 3241 3531">
     <span class='ocr_line' id='line_1_81' title="bbox 1647 3460 3241 3531; baseline 0.005 -18"><span class='ocrx_word' id='word_1_567' title='bbox 1647 3460 1822 3515; x_wconf 89' lang='lat' dir='ltr'><strong>solent</strong></span> <span class='ocrx_word' id='word_1_568' title='bbox 1852 3477 2045 3531; x_wconf 88' lang='lat' dir='ltr'><strong>agere,</strong></span> <span class='ocrx_word' id='word_1_569' title='bbox 2096 3472 2412 3528; x_wconf 89' lang='lat' dir='ltr'><strong>remaneat,</strong></span> <span class='ocrx_word' id='word_1_570' title='bbox 2461 3466 2507 3519; x_wconf 89' lang='lat' dir='ltr'><strong>si</strong></span> <span class='ocrx_word' id='word_1_571' title='bbox 2554 3466 2692 3520; x_wconf 89' lang='lat' dir='ltr'><strong>alter</strong></span> <span class='ocrx_word' id='word_1_572' title='bbox 2728 3466 2952 3520; x_wconf 92' lang='lat' dir='ltr'><strong>nuntius</strong></span> <span class='ocrx_word' id='word_1_573' title='bbox 2998 3481 3104 3520; x_wconf 89' lang='lat' dir='ltr'><strong>non</strong></span> <span class='ocrx_word' id='word_1_574' title='bbox 3151 3481 3241 3522; x_wconf 90' lang='lat' dir='ltr'><strong>ve-</strong></span> 
     </span>
    </p>
   </div>
   <div class='ocr_carea' id='block_1_82' title="bbox 1649 3551 3239 3627">
    <p class='ocr_par' dir='ltr' id='par_1_82' title="bbox 1649 3551 3239 3627">
     <span class='ocr_line' id='line_1_82' title="bbox 1649 3551 3239 3627; baseline 0.005 -25"><span class='ocrx_word' id='word_1_575' title='bbox 1649 3551 1792 3616; x_wconf 85' lang='lat' dir='ltr'><strong>niat;</strong></span> <span class='ocrx_word' id='word_1_576' title='bbox 1823 3553 1916 3606; x_wconf 90' lang='lat' dir='ltr'><strong>sed</strong></span> <span class='ocrx_word' id='word_1_577' title='bbox 1946 3553 1991 3607; x_wconf 92' lang='lat' dir='ltr'><strong>si</strong></span> <span class='ocrx_word' id='word_1_578' title='bbox 2024 3562 2152 3609; x_wconf 89' lang='lat' dir='ltr'><strong>ante</strong></span> <span class='ocrx_word' id='word_1_579' title='bbox 2188 3570 2384 3610; x_wconf 92' lang='lat' dir='ltr'><strong>nonam</strong></span> <span class='ocrx_word' id='word_1_580' title='bbox 2435 3556 2638 3610; x_wconf 90' lang='lat' dir='ltr'><strong>factum</strong></span> <span class='ocrx_word' id='word_1_581' title='bbox 2682 3555 2846 3611; x_wconf 90' lang='lat' dir='ltr'><strong>fuerit</strong></span> <span class='ocrx_word' id='word_1_582' title='bbox 2882 3563 3105 3627; x_wconf 87' lang='lat' dir='ltr'><strong>propter</strong></span> <span class='ocrx_word' id='word_1_583' title='bbox 3136 3555 3239 3610; x_wconf 88' lang='lat' dir='ltr'><strong>hoc</strong></span> 
     </span>
    </p>
   </div>
   <div class='ocr_carea' id='block_1_83' title="bbox 1647 3646 2625 3717">
    <p class='ocr_par' dir='ltr' id='par_1_83' title="bbox 1647 3646 2625 3717">
     <span class='ocr_line' id='line_1_83' title="bbox 1647 3646 2625 3717; baseline 0.005 -18"><span class='ocrx_word' id='word_1_584' title='bbox 1647 3646 1789 3717; x_wconf 88' lang='lat' dir='ltr'><strong>quod</strong></span> <span class='ocrx_word' id='word_1_585' title='bbox 1816 3648 2030 3703; x_wconf 83' lang='lat' dir='ltr'><strong>solitum</strong></span> <span class='ocrx_word' id='word_1_586' title='bbox 2059 3657 2143 3705; x_wconf 92' lang='lat' dir='ltr'><strong>est</strong></span> <span class='ocrx_word' id='word_1_587' title='bbox 2171 3664 2274 3704; x_wconf 91' lang='lat' dir='ltr'><strong>non</strong></span> <span class='ocrx_word' id='word_1_588' title='bbox 2302 3650 2625 3705; x_wconf 80' lang='lat' dir='ltr'><strong>remanebit.</strong></span> 
     </span>
    </p>
   </div>
   <div class='ocr_carea' id='block_1_84' title="bbox 2218 3741 2662 3798">
    <p class='ocr_par' dir='ltr' id='par_1_84' title="bbox 2218 3741 2662 3798">
     <span class='ocr_line' id='line_1_84' title="bbox 2218 3741 2662 3798; baseline -0.002 -2"><span class='ocrx_word' id='word_1_589' title='bbox 2218 3741 2444 3798; x_wconf 78' lang='lat' dir='ltr'><strong>CAPUT</strong></span> <span class='ocrx_word' id='word_1_590' title='bbox 2483 3741 2662 3796; x_wconf 71' lang='lat' dir='ltr'><strong>LVIII.</strong></span> 
     </span>
    </p>
   </div>
   <div class='ocr_carea' id='block_1_85' title="bbox 1827 3832 3057 3903">
    <p class='ocr_par' dir='ltr' id='par_1_85' title="bbox 1827 3832 3057 3903">
     <span class='ocr_line' id='line_1_85' title="bbox 1827 3832 3057 3903; baseline -0.002 -18"><span class='ocrx_word' id='word_1_591' title='bbox 1827 3832 1970 3886; x_wconf 81' lang='lat' dir='ltr'><strong>Talis</strong></span> <span class='ocrx_word' id='word_1_592' title='bbox 1992 3833 2044 3887; x_wconf 87' lang='lat' dir='ltr'><strong>iu</strong></span> <span class='ocrx_word' id='word_1_593' title='bbox 2073 3834 2243 3903; x_wconf 80' lang='lat' dir='ltr'><strong>requie</strong></span> <span class='ocrx_word' id='word_1_594' title='bbox 2276 3834 2504 3903; x_wconf 73' lang='lat' dir='ltr'><strong>fratrum</strong></span> <span class='ocrx_word' id='word_1_595' title='bbox 2541 3832 2885 3887; x_wconf 74' lang='lat' dir='ltr'><strong>celebrabitur</strong></span> <span class='ocrx_word' id='word_1_596' title='bbox 2912 3847 3057 3885; x_wconf 77' lang='lat' dir='ltr'><strong>usus.</strong></span> 
     </span>
    </p>
   </div>
   <div class='ocr_carea' id='block_1_86' title="bbox 1717 3921 3240 3995">
    <p class='ocr_par' dir='ltr' id='par_1_86' title="bbox 1717 3921 3240 3995">
     <span class='ocr_line' id='line_1_86' title="bbox 1717 3921 3240 3995; baseline 0.001 -18"><span class='ocrx_word' id='word_1_597' title='bbox 1717 3924 1772 3978; x_wconf 90' lang='lat' dir='ltr'><strong>Si</strong></span> <span class='ocrx_word' id='word_1_598' title='bbox 1804 3924 2002 3995; x_wconf 87' lang='lat' dir='ltr'><strong>aliquis</strong></span> <span class='ocrx_word' id='word_1_599' title='bbox 2032 3940 2094 3979; x_wconf 82' lang='lat' dir='ltr'><strong>ex</strong></span> <span class='ocrx_word' id='word_1_600' title='bbox 2126 3926 2407 3981; x_wconf 71' lang='lat' dir='ltr'><strong>monachis</strong></span> <span class='ocrx_word' id='word_1_601' title='bbox 2434 3925 2525 3995; x_wconf 90' lang='lat' dir='ltr'><strong>qui</strong></span> <span class='ocrx_word' id='word_1_602' title='bbox 2555 3924 2840 3995; x_wconf 87' lang='lat' dir='ltr'><strong>subjaccnt</strong></span> <span class='ocrx_word' id='word_1_603' title='bbox 2868 3922 3072 3979; x_wconf 91' lang='lat' dir='ltr'><strong>nostris</strong></span> <span class='ocrx_word' id='word_1_604' title='bbox 3105 3921 3240 3978; x_wconf 87' lang='lat' dir='ltr'><strong>locis</strong></span> 
     </span>
    </p>
   </div>
   <div class='ocr_carea' id='block_1_87' title="bbox 1647 4011 3237 4085">
    <p class='ocr_par' dir='ltr' id='par_1_87' title="bbox 1647 4011 3237 4085">
     <span class='ocr_line' id='line_1_87' title="bbox 1647 4011 3237 4085; baseline -0.001 -20"><span class='ocrx_word' id='word_1_605' title='bbox 1647 4012 1978 4085; x_wconf 81' lang='lat' dir='ltr'><strong>defungitur,</strong></span> <span class='ocrx_word' id='word_1_606' title='bbox 2010 4025 2065 4069; x_wconf 90' lang='lat' dir='ltr'><strong>et</strong></span> <span class='ocrx_word' id='word_1_607' title='bbox 2095 4021 2203 4068; x_wconf 89' lang='lat' dir='ltr'><strong>tam</strong></span> <span class='ocrx_word' id='word_1_608' title='bbox 2237 4013 2393 4084; x_wconf 85' lang='lat' dir='ltr'><strong>longe</strong></span> <span class='ocrx_word' id='word_1_609' title='bbox 2422 4014 2583 4084; x_wconf 84' lang='lat' dir='ltr'><strong>positi</strong></span> <span class='ocrx_word' id='word_1_610' title='bbox 2629 4022 2796 4078; x_wconf 85' lang='lat' dir='ltr'><strong>sunt,</strong></span> <span class='ocrx_word' id='word_1_611' title='bbox 2828 4011 2974 4082; x_wconf 86' lang='lat' dir='ltr'><strong>quod</strong></span> <span class='ocrx_word' id='word_1_612' title='bbox 3005 4011 3072 4065; x_wconf 92' lang='lat' dir='ltr'><strong>ad</strong></span> <span class='ocrx_word' id='word_1_613' title='bbox 3116 4024 3237 4064; x_wconf 86' lang='lat' dir='ltr'><strong>mo-</strong></span> 
     </span>
    </p>
   </div>
   <div class='ocr_carea' id='block_1_88' title="bbox 1648 4097 3240 4167">
    <p class='ocr_par' dir='ltr' id='par_1_88' title="bbox 1648 4097 3240 4167">
     <span class='ocr_line' id='line_1_88' title="bbox 1648 4097 3240 4167; baseline -0.001 -10"><span class='ocrx_word' id='word_1_614' title='bbox 1648 4105 1946 4160; x_wconf 86' lang='lat' dir='ltr'><strong>nasterium</strong></span> <span class='ocrx_word' id='word_1_615' title='bbox 1984 4105 2208 4159; x_wconf 89' lang='lat' dir='ltr'><strong>omnino</strong></span> <span class='ocrx_word' id='word_1_616' title='bbox 2234 4103 2435 4160; x_wconf 86' lang='lat' dir='ltr'><strong>deferri</strong></span> <span class='ocrx_word' id='word_1_617' title='bbox 2476 4120 2582 4158; x_wconf 92' lang='lat' dir='ltr'><strong>non</strong></span> <span class='ocrx_word' id='word_1_618' title='bbox 2616 4103 2831 4167; x_wconf 88' lang='lat' dir='ltr'><strong>valent,</strong></span> <span class='ocrx_word' id='word_1_619' title='bbox 2866 4112 2992 4156; x_wconf 90' lang='lat' dir='ltr'><strong>tunc</strong></span> <span class='ocrx_word' id='word_1_620' title='bbox 3022 4099 3097 4154; x_wconf 90' lang='lat' dir='ltr'><strong>illi</strong></span> <span class='ocrx_word' id='word_1_621' title='bbox 3124 4097 3240 4155; x_wconf 85' lang='lat' dir='ltr'><strong>fra-</strong></span> 
     </span>
    </p>
   </div>
   <div class='ocr_carea' id='block_1_89' title="bbox 1649 4188 3238 4266">
    <p class='ocr_par' dir='ltr' id='par_1_89' title="bbox 1649 4188 3238 4266">
     <span class='ocr_line' id='line_1_89' title="bbox 1649 4188 3238 4266; baseline -0.003 -16"><span class='ocrx_word' id='word_1_622' title='bbox 1649 4208 1755 4251; x_wconf 89' lang='lat' dir='ltr'><strong>tres</strong></span> <span class='ocrx_word' id='word_1_623' title='bbox 1776 4235 1791 4261; x_wconf 90' lang='lat'><strong>,</strong></span> <span class='ocrx_word' id='word_1_624' title='bbox 1821 4196 1911 4265; x_wconf 90' lang='lat' dir='ltr'><strong>qni</strong></span> <span class='ocrx_word' id='word_1_625' title='bbox 1942 4196 1995 4250; x_wconf 93' lang='lat' dir='ltr'><strong>in</strong></span> <span class='ocrx_word' id='word_1_626' title='bbox 2032 4197 2148 4266; x_wconf 90' lang='lat' dir='ltr'><strong>ipso</strong></span> <span class='ocrx_word' id='word_1_627' title='bbox 2172 4195 2288 4250; x_wconf 76' lang='lat' dir='ltr'><strong>loca</strong></span> <span class='ocrx_word' id='word_1_628' title='bbox 2315 4195 2657 4260; x_wconf 90' lang='lat' dir='ltr'><strong>consistunt,</strong></span> <span class='ocrx_word' id='word_1_629' title='bbox 2697 4193 2901 4246; x_wconf 86' lang='lat' dir='ltr'><strong>faciant</strong></span> <span class='ocrx_word' id='word_1_630' title='bbox 2930 4206 3029 4261; x_wconf 84' lang='lat' dir='ltr'><strong>per</strong></span> <span class='ocrx_word' id='word_1_631' title='bbox 3050 4188 3238 4245; x_wconf 82' lang='lat' dir='ltr'><strong>omnia</strong></span> 
     </span>
    </p>
   </div>
   <div class='ocr_carea' id='block_1_90' title="bbox 1645 4280 3237 4355">
    <p class='ocr_par' dir='ltr' id='par_1_90' title="bbox 1645 4280 3237 4355">
     <span class='ocr_line' id='line_1_90' title="bbox 1645 4280 3237 4355; baseline -0.006 -12"><span class='ocrx_word' id='word_1_632' title='bbox 1645 4289 1806 4344; x_wconf 88' lang='lat' dir='ltr'><strong>sicuti</strong></span> <span class='ocrx_word' id='word_1_633' title='bbox 1850 4288 1904 4343; x_wconf 92' lang='lat' dir='ltr'><strong>in</strong></span> <span class='ocrx_word' id='word_1_634' title='bbox 1953 4292 2287 4342; x_wconf 88' lang='lat' dir='ltr'><strong>monasterio</strong></span> <span class='ocrx_word' id='word_1_635' title='bbox 2332 4286 2523 4355; x_wconf 85' lang='lat' dir='ltr'><strong>majori</strong></span> <span class='ocrx_word' id='word_1_636' title='bbox 2574 4284 2787 4339; x_wconf 85' lang='lat' dir='ltr'><strong>naviter</strong></span> <span class='ocrx_word' id='word_1_637' title='bbox 2813 4280 3079 4337; x_wconf 89' lang='lat' dir='ltr'><strong>defunctis</strong></span> <span class='ocrx_word' id='word_1_638' title='bbox 3106 4294 3237 4334; x_wconf 90' lang='lat' dir='ltr'><strong>usus</strong></span> 
     </span>
    </p>
   </div>
   <div class='ocr_carea' id='block_1_91' title="bbox 1645 4371 3331 4452">
    <p class='ocr_par' dir='ltr' id='par_1_91' title="bbox 1645 4371 3331 4452">
     <span class='ocr_line' id='line_1_91' title="bbox 1645 4371 3331 4452; baseline -0.005 -19"><span class='ocrx_word' id='word_1_639' title='bbox 1645 4392 1728 4436; x_wconf 91' lang='lat' dir='ltr'><strong>est</strong></span> <span class='ocrx_word' id='word_1_640' title='bbox 1770 4396 1961 4452; x_wconf 83' lang='lat' dir='ltr'><strong>agere,</strong></span> <span class='ocrx_word' id='word_1_641' title='bbox 2008 4388 2063 4434; x_wconf 90' lang='lat' dir='ltr'><strong>et</strong></span> <span class='ocrx_word' id='word_1_642' title='bbox 2112 4394 2233 4433; x_wconf 90' lang='lat' dir='ltr'><strong>cum</strong></span> <span class='ocrx_word' id='word_1_643' title='bbox 2262 4379 2474 4449; x_wconf 81' lang='lat' dir='ltr'><strong>legatus</strong></span> <span class='ocrx_word' id='word_1_644' title='bbox 2505 4378 2572 4432; x_wconf 91' lang='lat' dir='ltr'><strong>ad</strong></span> <span class='ocrx_word' id='word_1_645' title='bbox 2602 4374 2912 4431; x_wconf 79' lang='lat' dir='ltr'><strong>ccenobium</strong></span> <span class='ocrx_word' id='word_1_646' title='bbox 2955 4371 3238 4428; x_wconf 89' lang='lat' dir='ltr'><strong>devenerit</strong></span> <span class='ocrx_word' id='word_1_647' title='bbox 3328 4400 3331 4407; x_wconf 67' lang='grc' dir='ltr'><strong>ι</strong></span> 
     </span>
    </p>
   </div>
   <div class='ocr_carea' id='block_1_92' title="bbox 1647 4463 3236 4541">
    <p class='ocr_par' dir='ltr' id='par_1_92' title="bbox 1647 4463 3236 4541">
     <span class='ocr_line' id='line_1_92' title="bbox 1647 4463 3236 4541; baseline -0.005 -16"><span class='ocrx_word' id='word_1_648' title='bbox 1647 4471 1848 4527; x_wconf 90' lang='lat' dir='ltr'><strong>faciant</strong></span> <span class='ocrx_word' id='word_1_649' title='bbox 1872 4486 1969 4541; x_wconf 91' lang='lat' dir='ltr'><strong>pro</strong></span> <span class='ocrx_word' id='word_1_650' title='bbox 1999 4485 2064 4525; x_wconf 90' lang='lat' dir='ltr'><strong>eo</strong></span> <span class='ocrx_word' id='word_1_651' title='bbox 2088 4470 2305 4541; x_wconf 87' lang='lat' dir='ltr'><strong>plenum</strong></span> <span class='ocrx_word' id='word_1_652' title='bbox 2334 4466 2566 4523; x_wconf 77' lang='lat' dir='ltr'><strong>oﬂicium</strong></span> <span class='ocrx_word' id='word_1_653' title='bbox 2595 4477 2798 4539; x_wconf 85' lang='lat' dir='ltr'><strong>septem</strong></span> <span class='ocrx_word' id='word_1_654' title='bbox 2827 4465 3051 4530; x_wconf 87' lang='lat' dir='ltr'><strong>diebus;</strong></span> <span class='ocrx_word' id='word_1_655' title='bbox 3079 4463 3236 4534; x_wconf 84' lang='lat' dir='ltr'><strong>signa</strong></span> 
     </span>
    </p>
   </div>
   <div class='ocr_carea' id='block_1_93' title="bbox 52 4551 3234 4641">
    <p class='ocr_par' dir='ltr' id='par_1_93' title="bbox 52 4551 3234 4641">
     <span class='ocr_line' id='line_1_93' title="bbox 52 4551 3234 4641; baseline -0.004 -23"><span class='ocrx_word' id='word_1_656' title='bbox 52 4576 198 4640; x_wconf 85' lang='lat' dir='ltr'><strong>topus</strong></span> <span class='ocrx_word' id='word_1_657' title='bbox 233 4574 618 4641; x_wconf 87' lang='lat' dir='ltr'><strong>dinumerare,</strong></span> <span class='ocrx_word' id='word_1_658' title='bbox 672 4573 767 4629; x_wconf 88' lang='lat' dir='ltr'><strong>sed</strong></span> <span class='ocrx_word' id='word_1_659' title='bbox 824 4581 882 4626; x_wconf 91' lang='lat' dir='ltr'><strong>ut</strong></span> <span class='ocrx_word' id='word_1_660' title='bbox 928 4586 1101 4639; x_wconf 88' lang='lat' dir='ltr'><strong>usque</strong></span> <span class='ocrx_word' id='word_1_661' title='bbox 1149 4569 1214 4625; x_wconf 91' lang='lat' dir='ltr'><strong>ad</strong></span> <span class='ocrx_word' id='word_1_662' title='bbox 1264 4568 1541 4623; x_wconf 90' lang='lat' dir='ltr'><strong>minimam</strong></span> <span class='ocrx_word' id='word_1_663' title='bbox 1577 4561 1621 4617; x_wconf 90' lang='lat' dir='ltr'><strong>D</strong></span> <span class='ocrx_word' id='word_1_664' title='bbox 1646 4578 1753 4616; x_wconf 89' lang='lat' dir='ltr'><strong>non</strong></span> <span class='ocrx_word' id='word_1_665' title='bbox 1783 4560 2127 4615; x_wconf 88' lang='lat' dir='ltr'><strong>sonabuntur</strong></span> <span class='ocrx_word' id='word_1_666' title='bbox 2156 4557 2257 4612; x_wconf 90' lang='lat' dir='ltr'><strong>nisi</strong></span> <span class='ocrx_word' id='word_1_667' title='bbox 2284 4557 2337 4611; x_wconf 91' lang='lat' dir='ltr'><strong>in</strong></span> <span class='ocrx_word' id='word_1_668' title='bbox 2375 4555 2466 4611; x_wconf 93' lang='lat' dir='ltr'><strong>illo</strong></span> <span class='ocrx_word' id='word_1_669' title='bbox 2487 4556 2577 4625; x_wconf 90' lang='lat' dir='ltr'><strong>qui</strong></span> <span class='ocrx_word' id='word_1_670' title='bbox 2603 4556 2656 4609; x_wconf 93' lang='lat' dir='ltr'><strong>in</strong></span> <span class='ocrx_word' id='word_1_671' title='bbox 2686 4553 2879 4625; x_wconf 87' lang='lat' dir='ltr'><strong>primis</strong></span> <span class='ocrx_word' id='word_1_672' title='bbox 2907 4551 3234 4615; x_wconf 87' lang='lat' dir='ltr'><strong>celebratur,</strong></span> 
     </span>
    </p>
   </div>
   <div class='ocr_carea' id='block_1_94' title="bbox 52 4659 1540 4736">
    <p class='ocr_par' dir='ltr' id='par_1_94' title="bbox 52 4659 1540 4736">
     <span class='ocr_line' id='line_1_94' title="bbox 52 4659 1540 4736; baseline -0.001 -19"><span class='ocrx_word' id='word_1_673' title='bbox 52 4667 355 4735; x_wconf 83' lang='lat' dir='ltr'><strong>rveniamus,</strong></span> <span class='ocrx_word' id='word_1_674' title='bbox 384 4670 555 4724; x_wconf 88' lang='lat' dir='ltr'><strong>etiam</strong></span> <span class='ocrx_word' id='word_1_675' title='bbox 583 4682 713 4722; x_wconf 91' lang='lat' dir='ltr'><strong>acus</strong></span> <span class='ocrx_word' id='word_1_676' title='bbox 761 4666 1103 4736; x_wconf 83' lang='lat' dir='ltr'><strong>deportatur,</strong></span> <span class='ocrx_word' id='word_1_677' title='bbox 1132 4670 1337 4731; x_wconf 90' lang='lat' dir='ltr'><strong>quanto</strong></span> <span class='ocrx_word' id='word_1_678' title='bbox 1367 4659 1540 4729; x_wconf 87' lang='lat' dir='ltr'><strong>magis</strong></span> 
     </span>
    </p>
   </div>
   <div class='ocr_carea' id='block_1_95' title="bbox 54 4754 1539 4825">
    <p class='ocr_par' dir='ltr' id='par_1_95' title="bbox 54 4754 1539 4825">
     <span class='ocr_line' id='line_1_95' title="bbox 54 4754 1539 4825; baseline -0.006 -11"><span class='ocrx_word' id='word_1_679' title='bbox 54 4756 107 4809; x_wconf 79' lang='lat' dir='ltr'><strong>a?</strong></span> <span class='ocrx_word' id='word_1_680' title='bbox 146 4757 326 4816; x_wconf 87' lang='lat' dir='ltr'><strong>Libros</strong></span> <span class='ocrx_word' id='word_1_681' title='bbox 375 4769 565 4817; x_wconf 87' lang='lat' dir='ltr'><strong>autem</strong></span> <span class='ocrx_word' id='word_1_682' title='bbox 593 4760 635 4815; x_wconf 92' lang='lat' dir='ltr'><strong>si</strong></span> <span class='ocrx_word' id='word_1_683' title='bbox 668 4758 830 4814; x_wconf 83' lang='lat' dir='ltr'><strong>habet</strong></span> <span class='ocrx_word' id='word_1_684' title='bbox 852 4798 867 4822; x_wconf 86' lang='lat'><strong>,</strong></span> <span class='ocrx_word' id='word_1_685' title='bbox 898 4757 952 4812; x_wconf 90' lang='lat' dir='ltr'><strong>in</strong></span> <span class='ocrx_word' id='word_1_686' title='bbox 1000 4754 1240 4810; x_wconf 90' lang='lat' dir='ltr'><strong>armario</strong></span> <span class='ocrx_word' id='word_1_687' title='bbox 1270 4760 1539 4825; x_wconf 90' lang='lat' dir='ltr'><strong>ponantur</strong></span> 
     </span>
    </p>
   </div>
   <div class='ocr_carea' id='block_1_96' title="bbox 59 4844 1539 4923">
    <p class='ocr_par' dir='ltr' id='par_1_96' title="bbox 59 4844 1539 4923">
     <span class='ocr_line' id='line_1_96' title="bbox 59 4844 1539 4923; baseline -0.001 -23"><span class='ocrx_word' id='word_1_688' title='bbox 59 4852 403 4923; x_wconf 89' lang='lat' dir='ltr'><strong>unusquisque</strong></span> <span class='ocrx_word' id='word_1_689' title='bbox 427 4851 728 4908; x_wconf 87' lang='lat' dir='ltr'><strong>secundum</strong></span> <span class='ocrx_word' id='word_1_690' title='bbox 776 4848 918 4919; x_wconf 86' lang='lat' dir='ltr'><strong>quod</strong></span> <span class='ocrx_word' id='word_1_691' title='bbox 948 4847 1150 4917; x_wconf 84' lang='lat' dir='ltr'><strong>accipit</strong></span> <span class='ocrx_word' id='word_1_692' title='bbox 1187 4846 1253 4901; x_wconf 87' lang='lat' dir='ltr'><strong>de</strong></span> <span class='ocrx_word' id='word_1_693' title='bbox 1280 4844 1369 4899; x_wconf 91' lang='lat' dir='ltr'><strong>illa</strong></span> <span class='ocrx_word' id='word_1_694' title='bbox 1402 4861 1458 4898; x_wconf 89' lang='lat' dir='ltr'><strong>re</strong></span> <span class='ocrx_word' id='word_1_695' title='bbox 1483 4853 1539 4899; x_wconf 90' lang='lat' dir='ltr'><strong>et</strong></span> 
     </span>
    </p>
   </div>
   <div class='ocr_carea' id='block_1_97' title="bbox 54 4939 1541 5014">
    <p class='ocr_par' dir='ltr' id='par_1_97' title="bbox 54 4939 1541 5014">
     <span class='ocr_line' id='line_1_97' title="bbox 54 4939 1541 5014; baseline 0.001 -23"><span class='ocrx_word' id='word_1_696' title='bbox 54 4942 354 5014; x_wconf 70' lang='lat' dir='ltr'><strong>prarcipitur,</strong></span> <span class='ocrx_word' id='word_1_697' title='bbox 384 4944 556 4999; x_wconf 87' lang='lat' dir='ltr'><strong>faciat</strong></span> <span class='ocrx_word' id='word_1_698' title='bbox 586 4960 682 5013; x_wconf 89' lang='lat' dir='ltr'><strong>pro</strong></span> <span class='ocrx_word' id='word_1_699' title='bbox 721 4943 823 4996; x_wconf 91' lang='lat' dir='ltr'><strong>hoc</strong></span> <span class='ocrx_word' id='word_1_700' title='bbox 854 4939 1173 4996; x_wconf 89' lang='lat' dir='ltr'><strong>munusculo</strong></span> <span class='ocrx_word' id='word_1_701' title='bbox 1200 4939 1389 5011; x_wconf 80' lang='lat' dir='ltr'><strong>[Snpp.</strong></span> <span class='ocrx_word' id='word_1_702' title='bbox 1416 4952 1541 5008; x_wconf 82' lang='lat' dir='ltr'><strong>prc-</strong></span> 
     </span>
    </p>
   </div>
   <div class='ocr_carea' id='block_1_98' title="bbox 56 5031 696 5105">
    <p class='ocr_par' dir='ltr' id='par_1_98' title="bbox 56 5031 696 5105">
     <span class='ocr_line' id='line_1_98' title="bbox 56 5031 696 5105; baseline 0.002 -19"><span class='ocrx_word' id='word_1_703' title='bbox 56 5040 62 5075; x_wconf 56' lang='grc' dir='ltr'>ἱ</span> <span class='ocrx_word' id='word_1_704' title='bbox 86 5044 171 5096; x_wconf 84' lang='lat' dir='ltr'><strong>pro</strong></span> <span class='ocrx_word' id='word_1_705' title='bbox 197 5033 377 5089; x_wconf 89' lang='lat' dir='ltr'><strong>anima</strong></span> <span class='ocrx_word' id='word_1_706' title='bbox 404 5031 696 5105; x_wconf 87' lang='lat' dir='ltr'><strong>defuncti].</strong></span> 
     </span>
    </p>
   </div>
   <div class='ocr_carea' id='block_1_99' title="bbox 55 5116 1536 5195">
    <p class='ocr_par' dir='ltr' id='par_1_99' title="bbox 55 5116 1536 5195">
     <span class='ocr_line' id='line_1_99' title="bbox 55 5116 1536 5195; baseline -0.001 -22"><span class='ocrx_word' id='word_1_707' title='bbox 55 5116 92 5172; x_wconf 81' lang='lat' dir='ltr'><strong>Si</strong></span> <span class='ocrx_word' id='word_1_708' title='bbox 122 5120 306 5178; x_wconf 88' lang='lat' dir='ltr'><strong>abierit</strong></span> <span class='ocrx_word' id='word_1_709' title='bbox 331 5124 507 5179; x_wconf 88' lang='lat' dir='ltr'><strong>frater</strong></span> <span class='ocrx_word' id='word_1_710' title='bbox 537 5132 662 5195; x_wconf 89' lang='lat' dir='ltr'><strong>post</strong></span> <span class='ocrx_word' id='word_1_711' title='bbox 694 5120 919 5178; x_wconf 87' lang='lat' dir='ltr'><strong>missam</strong></span> <span class='ocrx_word' id='word_1_712' title='bbox 947 5122 1207 5192; x_wconf 89' lang='lat' dir='ltr'><strong>majorem</strong></span> <span class='ocrx_word' id='word_1_713' title='bbox 1236 5128 1293 5175; x_wconf 89' lang='lat' dir='ltr'><strong>et</strong></span> <span class='ocrx_word' id='word_1_714' title='bbox 1315 5120 1536 5174; x_wconf 91' lang='lat' dir='ltr'><strong>omnino</strong></span> 
     </span>
    </p>
   </div>
   <div class='ocr_carea' id='block_1_100' title="bbox 56 5212 1536 5289">
    <p class='ocr_par' dir='ltr' id='par_1_100' title="bbox 56 5212 1536 5289">
     <span class='ocr_line' id='line_1_100' title="bbox 56 5212 1536 5289; baseline 0 -24"><span class='ocrx_word' id='word_1_715' title='bbox 56 5214 158 5268; x_wconf 74' lang='lat' dir='ltr'><strong>vari</strong></span> <span class='ocrx_word' id='word_1_716' title='bbox 192 5231 294 5273; x_wconf 91' lang='lat' dir='ltr'><strong>non</strong></span> <span class='ocrx_word' id='word_1_717' title='bbox 324 5220 507 5289; x_wconf 87' lang='lat' dir='ltr'><strong>possit</strong></span> <span class='ocrx_word' id='word_1_718' title='bbox 541 5217 593 5272; x_wconf 93' lang='lat' dir='ltr'><strong>in</strong></span> <span class='ocrx_word' id='word_1_719' title='bbox 628 5215 898 5281; x_wconf 85' lang='lat' dir='ltr'><strong>crastino,</strong></span> <span class='ocrx_word' id='word_1_720' title='bbox 932 5215 1049 5285; x_wconf 89' lang='lat' dir='ltr'><strong>ipso</strong></span> <span class='ocrx_word' id='word_1_721' title='bbox 1076 5214 1163 5269; x_wconf 87' lang='lat' dir='ltr'><strong>die</strong></span> <span class='ocrx_word' id='word_1_722' title='bbox 1191 5212 1536 5268; x_wconf 87' lang='lat' dir='ltr'><strong>tumulandus</strong></span> 
     </span>
    </p>
   </div>
   <div class='ocr_carea' id='block_1_101' title="bbox 64 5305 1533 5378">
    <p class='ocr_par' dir='ltr' id='par_1_101' title="bbox 64 5305 1533 5378">
     <span class='ocr_line' id='line_1_101' title="bbox 64 5305 1533 5378; baseline -0.007 -12"><span class='ocrx_word' id='word_1_723' title='bbox 64 5318 75 5366; x_wconf 75' lang='grc' dir='ltr'><strong>ἱ</strong></span> <span class='ocrx_word' id='word_1_724' title='bbox 122 5306 239 5376; x_wconf 84' lang='lat' dir='ltr'><strong>quia</strong></span> <span class='ocrx_word' id='word_1_725' title='bbox 289 5310 594 5363; x_wconf 90' lang='lat' dir='ltr'><strong>necessitas</strong></span> <span class='ocrx_word' id='word_1_726' title='bbox 639 5306 927 5378; x_wconf 88' lang='lat' dir='ltr'><strong>permittit.</strong></span> <span class='ocrx_word' id='word_1_727' title='bbox 955 5305 1051 5374; x_wconf 53' lang='lat' dir='ltr'><strong>,In,</strong></span> <span class='ocrx_word' id='word_1_728' title='bbox 1074 5305 1313 5361; x_wconf 88' lang='lat' dir='ltr'><strong>crastino</strong></span> <span class='ocrx_word' id='word_1_729' title='bbox 1355 5312 1533 5358; x_wconf 89' lang='lat' dir='ltr'><strong>autem</strong></span> 
     </span>
    </p>
   </div>
   <div class='ocr_carea' id='block_1_102' title="bbox 58 5398 1537 5470">
    <p class='ocr_par' dir='ltr' id='par_1_102' title="bbox 58 5398 1537 5470">
     <span class='ocr_line' id='line_1_102' title="bbox 58 5398 1537 5470; baseline 0.001 -23"><span class='ocrx_word' id='word_1_730' title='bbox 58 5410 175 5453; x_wconf 70' lang='lat' dir='ltr'><strong>tsam</strong></span> <span class='ocrx_word' id='word_1_731' title='bbox 204 5402 579 5456; x_wconf 86' lang='lat' dir='ltr'><strong>matutinalent</strong></span> <span class='ocrx_word' id='word_1_732' title='bbox 609 5399 930 5455; x_wconf 89' lang='lat' dir='ltr'><strong>solemniter</strong></span> <span class='ocrx_word' id='word_1_733' title='bbox 969 5413 1069 5470; x_wconf 85' lang='lat' dir='ltr'><strong>pro</strong></span> <span class='ocrx_word' id='word_1_734' title='bbox 1110 5398 1226 5468; x_wconf 84' lang='lat' dir='ltr'><strong>ipso</strong></span> <span class='ocrx_word' id='word_1_735' title='bbox 1255 5406 1450 5467; x_wconf 82' lang='lat' dir='ltr'><strong>agant,</strong></span> <span class='ocrx_word' id='word_1_736' title='bbox 1482 5406 1537 5449; x_wconf 89' lang='lat' dir='ltr'><strong>ut</strong></span> 
     </span>
    </p>
   </div>
   <div class='ocr_carea' id='block_1_103' title="bbox 60 5488 1537 5563">
    <p class='ocr_par' dir='ltr' id='par_1_103' title="bbox 60 5488 1537 5563">
     <span class='ocr_line' id='line_1_103' title="bbox 60 5488 1537 5563; baseline -0.002 -20"><span class='ocrx_word' id='word_1_737' title='bbox 60 5502 81 5539; x_wconf 90' lang='lat' dir='ltr'><strong>s</strong></span> <span class='ocrx_word' id='word_1_738' title='bbox 111 5501 187 5545; x_wconf 90' lang='lat' dir='ltr'><strong>est</strong></span> <span class='ocrx_word' id='word_1_739' title='bbox 212 5494 260 5546; x_wconf 91' lang='lat' dir='ltr'><strong>in</strong></span> <span class='ocrx_word' id='word_1_740' title='bbox 290 5492 473 5548; x_wconf 85' lang='lat' dir='ltr'><strong>ofﬁcio</strong></span> <span class='ocrx_word' id='word_1_741' title='bbox 501 5493 676 5563; x_wconf 89' lang='lat' dir='ltr'><strong>pleno.</strong></span> <span class='ocrx_word' id='word_1_742' title='bbox 709 5494 769 5547; x_wconf 84' lang='lat' dir='ltr'><strong>Si</strong></span> <span class='ocrx_word' id='word_1_743' title='bbox 794 5492 881 5547; x_wconf 91' lang='lat' dir='ltr'><strong>cui</strong></span> <span class='ocrx_word' id='word_1_744' title='bbox 911 5502 1093 5546; x_wconf 90' lang='lat' dir='ltr'><strong>autem</strong></span> <span class='ocrx_word' id='word_1_745' title='bbox 1140 5504 1238 5559; x_wconf 89' lang='lat' dir='ltr'><strong>per</strong></span> <span class='ocrx_word' id='word_1_746' title='bbox 1267 5488 1537 5543; x_wconf 90' lang='lat' dir='ltr'><strong>somnium</strong></span> 
     </span>
    </p>
   </div>
   <div class='ocr_carea' id='block_1_104' title="bbox 57 5579 1539 5659">
    <p class='ocr_par' dir='ltr' id='par_1_104' title="bbox 57 5579 1539 5659">
     <span class='ocr_line' id='line_1_104' title="bbox 57 5579 1539 5659; baseline -0.003 -22"><span class='ocrx_word' id='word_1_747' title='bbox 57 5585 381 5644; x_wconf 73' lang='lat' dir='ltr'><strong>:defunctus</strong></span> <span class='ocrx_word' id='word_1_748' title='bbox 426 5587 738 5659; x_wconf 78' lang='lat' dir='ltr'><strong>apparuerit</strong></span> <span class='ocrx_word' id='word_1_749' title='bbox 793 5587 843 5640; x_wconf 90' lang='lat' dir='ltr'><strong>in</strong></span> <span class='ocrx_word' id='word_1_750' title='bbox 888 5583 1162 5648; x_wconf 91' lang='lat' dir='ltr'><strong>crastino,</strong></span> <span class='ocrx_word' id='word_1_751' title='bbox 1210 5595 1332 5635; x_wconf 91' lang='lat' dir='ltr'><strong>cum</strong></span> <span class='ocrx_word' id='word_1_752' title='bbox 1380 5579 1539 5633; x_wconf 79' lang='lat' dir='ltr'><strong>satis-</strong></span> 
     </span>
    </p>
   </div>
   <div class='ocr_carea' id='block_1_105' title="bbox 60 5669 1540 5751">
    <p class='ocr_par' dir='ltr' id='par_1_105' title="bbox 60 5669 1540 5751">
     <span class='ocr_line' id='line_1_105' title="bbox 60 5669 1540 5751; baseline 0.001 -26"><span class='ocrx_word' id='word_1_753' title='bbox 60 5676 187 5733; x_wconf 87' lang='lat' dir='ltr'><strong>tione</strong></span> <span class='ocrx_word' id='word_1_754' title='bbox 234 5681 408 5751; x_wconf 81' lang='lat' dir='ltr'><strong>ipsam</strong></span> <span class='ocrx_word' id='word_1_755' title='bbox 441 5696 664 5736; x_wconf 88' lang='lat' dir='ltr'><strong>causam</strong></span> <span class='ocrx_word' id='word_1_756' title='bbox 714 5688 895 5733; x_wconf 91' lang='lat' dir='ltr'><strong>notam</strong></span> <span class='ocrx_word' id='word_1_757' title='bbox 930 5675 1097 5732; x_wconf 88' lang='lat' dir='ltr'><strong>faciat</strong></span> <span class='ocrx_word' id='word_1_758' title='bbox 1125 5690 1141 5729; x_wconf 86' lang='lat'><strong>:</strong></span> <span class='ocrx_word' id='word_1_759' title='bbox 1190 5672 1315 5743; x_wconf 89' lang='lat' dir='ltr'><strong>quia</strong></span> <span class='ocrx_word' id='word_1_760' title='bbox 1346 5671 1413 5727; x_wconf 90' lang='lat' dir='ltr'><strong>de</strong></span> <span class='ocrx_word' id='word_1_761' title='bbox 1438 5669 1540 5726; x_wconf 93' lang='lat' dir='ltr'><strong>boc</strong></span> 
     </span>
    </p>
   </div>
   <div class='ocr_carea' id='block_1_106' title="bbox 1645 4641 3236 4722">
    <p class='ocr_par' dir='ltr' id='par_1_106' title="bbox 1645 4641 3236 4722">
     <span class='ocr_line' id='line_1_106' title="bbox 1645 4641 3236 4722; baseline -0.006 -16"><span class='ocrx_word' id='word_1_762' title='bbox 1645 4662 1699 4707; x_wconf 88' lang='lat' dir='ltr'><strong>et</strong></span> <span class='ocrx_word' id='word_1_763' title='bbox 1726 4651 1946 4722; x_wconf 83' lang='lat' dir='ltr'><strong>triginta</strong></span> <span class='ocrx_word' id='word_1_764' title='bbox 1997 4649 2187 4705; x_wconf 89' lang='lat' dir='ltr'><strong>diebus</strong></span> <span class='ocrx_word' id='word_1_765' title='bbox 2220 4648 2377 4702; x_wconf 90' lang='lat' dir='ltr'><strong>detur</strong></span> <span class='ocrx_word' id='word_1_766' title='bbox 2416 4644 2664 4713; x_wconf 74' lang='lat' dir='ltr'><strong>iustitia;</strong></span> <span class='ocrx_word' id='word_1_767' title='bbox 2717 4661 2817 4701; x_wconf 87' lang='lat' dir='ltr'><strong>nec</strong></span> <span class='ocrx_word' id='word_1_768' title='bbox 2853 4660 2960 4699; x_wconf 91' lang='lat' dir='ltr'><strong>non</strong></span> <span class='ocrx_word' id='word_1_769' title='bbox 3006 4653 3061 4698; x_wconf 92' lang='lat' dir='ltr'><strong>ct</strong></span> <span class='ocrx_word' id='word_1_770' title='bbox 3103 4641 3236 4698; x_wconf 80' lang='lat' dir='ltr'><strong>Voca</strong></span> 
     </span>
    </p>
   </div>
   <div class='ocr_carea' id='block_1_107' title="bbox 1648 4736 3234 4813">
    <p class='ocr_par' dir='ltr' id='par_1_107' title="bbox 1648 4736 3234 4813">
     <span class='ocr_line' id='line_1_107' title="bbox 1648 4736 3234 4813; baseline -0.004 -16"><span class='ocrx_word' id='word_1_771' title='bbox 1648 4761 1759 4798; x_wconf 81' lang='lat' dir='ltr'><strong>mea</strong></span> <span class='ocrx_word' id='word_1_772' title='bbox 1785 4784 1800 4810; x_wconf 95' lang='lat'><strong>,</strong></span> <span class='ocrx_word' id='word_1_773' title='bbox 1850 4754 1907 4799; x_wconf 90' lang='lat' dir='ltr'><strong>et</strong></span> <span class='ocrx_word' id='word_1_774' title='bbox 1956 4742 2200 4813; x_wconf 80' lang='lat' dir='ltr'><strong>quinque</strong></span> <span class='ocrx_word' id='word_1_775' title='bbox 2249 4737 2447 4810; x_wconf 88' lang='lat' dir='ltr'><strong>psalmi</strong></span> <span class='ocrx_word' id='word_1_776' title='bbox 2497 4746 2790 4792; x_wconf 89' lang='lat' dir='ltr'><strong>cantentur</strong></span> <span class='ocrx_word' id='word_1_777' title='bbox 2817 4753 2915 4808; x_wconf 88' lang='lat' dir='ltr'><strong>pro</strong></span> <span class='ocrx_word' id='word_1_778' title='bbox 2946 4736 3055 4802; x_wconf 92' lang='lat' dir='ltr'><strong>illo,</strong></span> <span class='ocrx_word' id='word_1_779' title='bbox 3096 4744 3148 4790; x_wconf 90' lang='lat' dir='ltr'><strong>et</strong></span> <span class='ocrx_word' id='word_1_780' title='bbox 3181 4736 3234 4790; x_wconf 93' lang='lat' dir='ltr'><strong>in</strong></span> 
     </span>
    </p>
   </div>
   <div class='ocr_carea' id='block_1_108' title="bbox 1647 4826 3237 4906">
    <p class='ocr_par' dir='ltr' id='par_1_108' title="bbox 1647 4826 3237 4906">
     <span class='ocr_line' id='line_1_108' title="bbox 1647 4826 3237 4906; baseline -0.006 -16"><span class='ocrx_word' id='word_1_781' title='bbox 1647 4835 1830 4906; x_wconf 76' lang='lat' dir='ltr'><strong>regula</strong></span> <span class='ocrx_word' id='word_1_782' title='bbox 1863 4844 2028 4905; x_wconf 90' lang='lat' dir='ltr'><strong>atque</strong></span> <span class='ocrx_word' id='word_1_783' title='bbox 2061 4833 2115 4888; x_wconf 92' lang='lat' dir='ltr'><strong>in</strong></span> <span class='ocrx_word' id='word_1_784' title='bbox 2150 4832 2289 4887; x_wconf 89' lang='lat' dir='ltr'><strong>libro</strong></span> <span class='ocrx_word' id='word_1_785' title='bbox 2315 4831 2440 4885; x_wconf 70' lang='lat' dir='ltr'><strong>vita:</strong></span> <span class='ocrx_word' id='word_1_786' title='bbox 2464 4829 2578 4901; x_wconf 63' lang='lat' dir='ltr'><strong>(8t)</strong></span> <span class='ocrx_word' id='word_1_787' title='bbox 2604 4830 2938 4885; x_wconf 86' lang='lat' dir='ltr'><strong>scribantur.</strong></span> <span class='ocrx_word' id='word_1_788' title='bbox 2971 4826 3237 4882; x_wconf 78' lang='lat' dir='ltr'><strong>Similiter</strong></span> 
     </span>
    </p>
   </div>
   <div class='ocr_carea' id='block_1_109' title="bbox 1645 4921 3234 4997">
    <p class='ocr_par' dir='ltr' id='par_1_109' title="bbox 1645 4921 3234 4997">
     <span class='ocr_line' id='line_1_109' title="bbox 1645 4921 3234 4997; baseline -0.007 -12"><span class='ocrx_word' id='word_1_789' title='bbox 1645 4930 1841 4985; x_wconf 85' lang='lat' dir='ltr'><strong>debent</strong></span> <span class='ocrx_word' id='word_1_790' title='bbox 1892 4943 2056 4997; x_wconf 84' lang='lat' dir='ltr'><strong>agere</strong></span> <span class='ocrx_word' id='word_1_791' title='bbox 2099 4926 2351 4982; x_wconf 90' lang='lat' dir='ltr'><strong>omnibus</strong></span> <span class='ocrx_word' id='word_1_792' title='bbox 2383 4924 2518 4981; x_wconf 89' lang='lat' dir='ltr'><strong>locis</strong></span> <span class='ocrx_word' id='word_1_793' title='bbox 2564 4924 2984 4994; x_wconf 84' lang='lat' dir='ltr'><strong>respicientibus</strong></span> <span class='ocrx_word' id='word_1_794' title='bbox 3012 4921 3079 4975; x_wconf 91' lang='lat' dir='ltr'><strong>ad</strong></span> <span class='ocrx_word' id='word_1_795' title='bbox 3113 4936 3234 4974; x_wconf 77' lang='lat' dir='ltr'><strong>nos.</strong></span> 
     </span>
    </p>
   </div>
   <div class='ocr_carea' id='block_1_110' title="bbox 1650 5011 3237 5081">
    <p class='ocr_par' dir='ltr' id='par_1_110' title="bbox 1650 5011 3237 5081">
     <span class='ocr_line' id='line_1_110' title="bbox 1650 5011 3237 5081; baseline -0.008 -4"><span class='ocrx_word' id='word_1_796' title='bbox 1650 5023 1716 5077; x_wconf 86' lang='lat' dir='ltr'><strong>Et</strong></span> <span class='ocrx_word' id='word_1_797' title='bbox 1746 5022 1790 5081; x_wconf 91' lang='lat' dir='ltr'><strong>si</strong></span> <span class='ocrx_word' id='word_1_798' title='bbox 1829 5022 1881 5077; x_wconf 94' lang='lat' dir='ltr'><strong>in</strong></span> <span class='ocrx_word' id='word_1_799' title='bbox 1916 5020 2011 5075; x_wconf 93' lang='lat' dir='ltr'><strong>illo</strong></span> <span class='ocrx_word' id='word_1_800' title='bbox 2048 5018 2169 5073; x_wconf 92' lang='lat' dir='ltr'><strong>loco</strong></span> <span class='ocrx_word' id='word_1_801' title='bbox 2194 5015 2508 5074; x_wconf 86' lang='lat' dir='ltr'><strong>sacerdotes</strong></span> <span class='ocrx_word' id='word_1_802' title='bbox 2531 5016 2667 5069; x_wconf 88' lang='lat' dir='ltr'><strong>tanti</strong></span> <span class='ocrx_word' id='word_1_803' title='bbox 2699 5030 2802 5069; x_wconf 92' lang='lat' dir='ltr'><strong>non</strong></span> <span class='ocrx_word' id='word_1_804' title='bbox 2835 5016 3122 5078; x_wconf 85' lang='lat' dir='ltr'><strong>habentur,</strong></span> <span class='ocrx_word' id='word_1_805' title='bbox 3146 5011 3237 5066; x_wconf 84' lang='lat' dir='ltr'><strong>ubi</strong></span> 
     </span>
    </p>
   </div>
   <div class='ocr_carea' id='block_1_111' title="bbox 1646 5103 3240 5177">
    <p class='ocr_par' dir='ltr' id='par_1_111' title="bbox 1646 5103 3240 5177">
     <span class='ocr_line' id='line_1_111' title="bbox 1646 5103 3240 5177; baseline -0.01 -8"><span class='ocrx_word' id='word_1_806' title='bbox 1646 5114 1736 5170; x_wconf 92' lang='lat' dir='ltr'><strong>ille</strong></span> <span class='ocrx_word' id='word_1_807' title='bbox 1765 5112 1932 5168; x_wconf 89' lang='lat' dir='ltr'><strong>frater</strong></span> <span class='ocrx_word' id='word_1_808' title='bbox 1968 5110 2254 5165; x_wconf 88' lang='lat' dir='ltr'><strong>defunctus</strong></span> <span class='ocrx_word' id='word_1_809' title='bbox 2283 5107 2447 5162; x_wconf 89' lang='lat' dir='ltr'><strong>fuerit</strong></span> <span class='ocrx_word' id='word_1_810' title='bbox 2476 5106 2568 5177; x_wconf 90' lang='lat' dir='ltr'><strong>qui</strong></span> <span class='ocrx_word' id='word_1_811' title='bbox 2596 5107 2819 5160; x_wconf 88' lang='lat' dir='ltr'><strong>missam</strong></span> <span class='ocrx_word' id='word_1_812' title='bbox 2849 5103 3108 5172; x_wconf 79' lang='lat' dir='ltr'><strong>impleant</strong></span> <span class='ocrx_word' id='word_1_813' title='bbox 3142 5103 3240 5155; x_wconf 90' lang='lat' dir='ltr'><strong>tri-</strong></span> 
     </span>
    </p>
   </div>
   <div class='ocr_carea' id='block_1_112' title="bbox 1645 5195 2997 5276">
    <p class='ocr_par' dir='ltr' id='par_1_112' title="bbox 1645 5195 2997 5276">
     <span class='ocr_line' id='line_1_112' title="bbox 1645 5195 2997 5276; baseline -0.01 -15"><span class='ocrx_word' id='word_1_814' title='bbox 1645 5208 1792 5276; x_wconf 80' lang='lat' dir='ltr'><strong>ginta</strong></span> <span class='ocrx_word' id='word_1_815' title='bbox 1821 5205 2064 5269; x_wconf 90' lang='lat' dir='ltr'><strong>dierum,</strong></span> <span class='ocrx_word' id='word_1_816' title='bbox 2099 5200 2512 5257; x_wconf 88' lang='lat' dir='ltr'><strong>monasteriales</strong></span> <span class='ocrx_word' id='word_1_817' title='bbox 2546 5199 2746 5252; x_wconf 88' lang='lat' dir='ltr'><strong>fratres</strong></span> <span class='ocrx_word' id='word_1_818' title='bbox 2777 5195 2997 5250; x_wconf 82' lang='lat' dir='ltr'><strong>faciant.</strong></span> 
     </span>
    </p>
   </div>
   <div class='ocr_carea' id='block_1_113' title="bbox 1715 5284 3232 5360">
    <p class='ocr_par' dir='ltr' id='par_1_113' title="bbox 1715 5284 3232 5360">
     <span class='ocr_line' id='line_1_113' title="bbox 1715 5284 3232 5360; baseline -0.011 -8"><span class='ocrx_word' id='word_1_819' title='bbox 1715 5297 1844 5352; x_wconf 91' lang='lat' dir='ltr'><strong>Item</strong></span> <span class='ocrx_word' id='word_1_820' title='bbox 1872 5295 1939 5350; x_wconf 90' lang='lat' dir='ltr'><strong>de</strong></span> <span class='ocrx_word' id='word_1_821' title='bbox 1967 5295 2072 5349; x_wconf 90' lang='lat' dir='ltr'><strong>illis</strong></span> <span class='ocrx_word' id='word_1_822' title='bbox 2100 5292 2378 5348; x_wconf 85' lang='lat' dir='ltr'><strong>monachis</strong></span> <span class='ocrx_word' id='word_1_823' title='bbox 2407 5291 2495 5360; x_wconf 89' lang='lat' dir='ltr'><strong>qui</strong></span> <span class='ocrx_word' id='word_1_824' title='bbox 2542 5290 2739 5343; x_wconf 84' lang='lat' dir='ltr'><strong>habent</strong></span> <span class='ocrx_word' id='word_1_825' title='bbox 2783 5287 2977 5340; x_wconf 84' lang='lat' dir='ltr'><strong>factam</strong></span> <span class='ocrx_word' id='word_1_826' title='bbox 3025 5284 3232 5355; x_wconf 81' lang='lat' dir='ltr'><strong>profes-</strong></span> 
     </span>
    </p>
   </div>
   <div class='ocr_carea' id='block_1_114' title="bbox 1644 5376 3232 5459">
    <p class='ocr_par' dir='ltr' id='par_1_114' title="bbox 1644 5376 3232 5459">
     <span class='ocr_line' id='line_1_114' title="bbox 1644 5376 3232 5459; baseline -0.008 -13"><span class='ocrx_word' id='word_1_827' title='bbox 1644 5392 1849 5446; x_wconf 88' lang='lat' dir='ltr'><strong>sionem</strong></span> <span class='ocrx_word' id='word_1_828' title='bbox 1892 5390 1945 5443; x_wconf 90' lang='lat' dir='ltr'><strong>in</strong></span> <span class='ocrx_word' id='word_1_829' title='bbox 1973 5389 2088 5459; x_wconf 87' lang='lat' dir='ltr'><strong>ipso</strong></span> <span class='ocrx_word' id='word_1_830' title='bbox 2118 5387 2238 5442; x_wconf 90' lang='lat' dir='ltr'><strong>loco</strong></span> <span class='ocrx_word' id='word_1_831' title='bbox 2288 5386 2377 5440; x_wconf 91' lang='lat' dir='ltr'><strong>ubi</strong></span> <span class='ocrx_word' id='word_1_832' title='bbox 2412 5386 2632 5452; x_wconf 85' lang='lat' dir='ltr'><strong>degunt.</strong></span> <span class='ocrx_word' id='word_1_833' title='bbox 2682 5380 2871 5434; x_wconf 85' lang='lat' dir='ltr'><strong>Nullus</strong></span> <span class='ocrx_word' id='word_1_834' title='bbox 2909 5394 2939 5434; x_wconf 88' lang='lat' dir='ltr'><strong>e</strong></span> <span class='ocrx_word' id='word_1_835' title='bbox 2971 5376 3232 5433; x_wconf 85' lang='lat' dir='ltr'><strong>fratribus</strong></span> 
     </span>
    </p>
   </div>
   <div class='ocr_carea' id='block_1_115' title="bbox 1645 5469 3230 5537">
    <p class='ocr_par' dir='ltr' id='par_1_115' title="bbox 1645 5469 3230 5537">
     <span class='ocr_line' id='line_1_115' title="bbox 1645 5469 3230 5537; baseline -0.008 -2"><span class='ocrx_word' id='word_1_836' title='bbox 1645 5483 1799 5537; x_wconf 62' lang='lat' dir='ltr'><strong>debet</strong></span> <span class='ocrx_word' id='word_1_837' title='bbox 1832 5482 1911 5535; x_wconf 88' lang='lat' dir='ltr'><strong>ire</strong></span> <span class='ocrx_word' id='word_1_838' title='bbox 1947 5481 2013 5533; x_wconf 89' lang='lat' dir='ltr'><strong>ad</strong></span> <span class='ocrx_word' id='word_1_839' title='bbox 2061 5476 2427 5534; x_wconf 85' lang='lat' dir='ltr'><strong>confitendum</strong></span> <span class='ocrx_word' id='word_1_840' title='bbox 2480 5475 2527 5527; x_wconf 90' lang='lat' dir='ltr'><strong>ei</strong></span> <span class='ocrx_word' id='word_1_841' title='bbox 2575 5489 2669 5527; x_wconf 88' lang='lat' dir='ltr'><strong>stta</strong></span> <span class='ocrx_word' id='word_1_842' title='bbox 2709 5470 2949 5524; x_wconf 88' lang='lat' dir='ltr'><strong>facinora</strong></span> <span class='ocrx_word' id='word_1_843' title='bbox 2973 5509 2988 5535; x_wconf 96' lang='lat'><strong>,</strong></span> <span class='ocrx_word' id='word_1_844' title='bbox 3020 5483 3119 5523; x_wconf 90' lang='lat' dir='ltr'><strong>nec</strong></span> <span class='ocrx_word' id='word_1_845' title='bbox 3160 5469 3230 5522; x_wconf 83' lang='lat' dir='ltr'><strong>atl</strong></span> 
     </span>
    </p>
   </div>
   <div class='ocr_carea' id='block_1_116' title="bbox 1646 5563 3229 5630">
    <p class='ocr_par' dir='ltr' id='par_1_116' title="bbox 1646 5563 3229 5630">
     <span class='ocr_line' id='line_1_116' title="bbox 1646 5563 3229 5630; baseline -0.01 0"><span class='ocrx_word' id='word_1_846' title='bbox 1646 5576 1792 5630; x_wconf 91' lang='lat' dir='ltr'><strong>illum</strong></span> <span class='ocrx_word' id='word_1_847' title='bbox 1822 5574 2018 5630; x_wconf 89' lang='lat' dir='ltr'><strong>laicum</strong></span> <span class='ocrx_word' id='word_1_848' title='bbox 2066 5572 2181 5626; x_wconf 89' lang='lat' dir='ltr'><strong>sive</strong></span> <span class='ocrx_word' id='word_1_849' title='bbox 2226 5569 2504 5624; x_wconf 87' lang='lat' dir='ltr'><strong>clericum.</strong></span> <span class='ocrx_word' id='word_1_850' title='bbox 2550 5563 2827 5620; x_wconf 86' lang='lat' dir='ltr'><strong>Cucullam</strong></span> <span class='ocrx_word' id='word_1_851' title='bbox 2860 5572 3229 5617; x_wconf 87' lang='lat' dir='ltr'><strong>transmutare</strong></span> 
     </span>
    </p>
   </div>
   <div class='ocr_carea' id='block_1_117' title="bbox 1645 5653 3229 5736">
    <p class='ocr_par' dir='ltr' id='par_1_117' title="bbox 1645 5653 3229 5736">
     <span class='ocr_line' id='line_1_117' title="bbox 1645 5653 3229 5736; baseline -0.011 -12"><span class='ocrx_word' id='word_1_852' title='bbox 1645 5668 1831 5731; x_wconf 85' lang='lat' dir='ltr'><strong>debet,</strong></span> <span class='ocrx_word' id='word_1_853' title='bbox 1862 5676 1916 5720; x_wconf 87' lang='lat' dir='ltr'><strong>et</strong></span> <span class='ocrx_word' id='word_1_854' title='bbox 1954 5663 2317 5736; x_wconf 89' lang='lat' dir='ltr'><strong>qualicunque</strong></span> <span class='ocrx_word' id='word_1_855' title='bbox 2362 5659 2449 5714; x_wconf 91' lang='lat' dir='ltr'><strong>dic</strong></span> <span class='ocrx_word' id='word_1_856' title='bbox 2483 5663 2742 5712; x_wconf 89' lang='lat' dir='ltr'><strong>evocatus</strong></span> <span class='ocrx_word' id='word_1_857' title='bbox 2787 5653 2953 5710; x_wconf 89' lang='lat' dir='ltr'><strong>fuerit</strong></span> <span class='ocrx_word' id='word_1_858' title='bbox 2979 5654 3044 5709; x_wconf 89' lang='lat' dir='ltr'><strong>de</strong></span> <span class='ocrx_word' id='word_1_859' title='bbox 3069 5667 3229 5721; x_wconf 77' lang='lat' dir='ltr'><strong>erga-</strong></span> 
     </span>
    </p>
   </div>
   <div class='ocr_carea' id='block_1_118' title="bbox 60 5815 3115 5904">
    <p class='ocr_par' dir='ltr' id='par_1_118' title="bbox 60 5815 3115 5904">
     <span class='ocr_line' id='line_1_118' title="bbox 60 5815 3115 5904; baseline -0.006 -17"><span class='ocrx_word' id='word_1_860' title='bbox 60 5828 137 5901; x_wconf 67' lang='lat'><strong>85)</strong></span> <span class='ocrx_word' id='word_1_861' title='bbox 175 5831 318 5891; x_wconf 89' lang='lat' dir='ltr'><strong>Idem</strong></span> <span class='ocrx_word' id='word_1_862' title='bbox 365 5833 516 5904; x_wconf 84' lang='lat' dir='ltr'><strong>quod</strong></span> <span class='ocrx_word' id='word_1_863' title='bbox 568 5830 701 5887; x_wconf 88' lang='lat' dir='ltr'><strong>alias</strong></span> <span class='ocrx_word' id='word_1_864' title='bbox 739 5827 1127 5898; x_wconf 81' lang='lat' dir='ltr'><strong>Necrologium</strong></span> <span class='ocrx_word' id='word_1_865' title='bbox 1162 5825 1261 5884; x_wconf 87' lang='lat' dir='ltr'><strong>fuit</strong></span> <span class='ocrx_word' id='word_1_866' title='bbox 1306 5824 1505 5880; x_wconf 90' lang='lat' dir='ltr'><strong>dictum</strong></span> <span class='ocrx_word' id='word_1_867' title='bbox 1527 5865 1540 5888; x_wconf 90' lang='lat'><strong>,</strong></span> <span class='ocrx_word' id='word_1_868' title='bbox 1570 5840 1662 5880; x_wconf 85' lang='lat' dir='ltr'><strong>seu</strong></span> <span class='ocrx_word' id='word_1_869' title='bbox 1696 5823 1853 5882; x_wconf 81' lang='lat' dir='ltr'><strong>liber.</strong></span> <span class='ocrx_word' id='word_1_870' title='bbox 1885 5823 1936 5876; x_wconf 91' lang='lat' dir='ltr'><strong>in</strong></span> <span class='ocrx_word' id='word_1_871' title='bbox 1968 5836 2075 5893; x_wconf 88' lang='lat' dir='ltr'><strong>quo</strong></span> <span class='ocrx_word' id='word_1_872' title='bbox 2108 5820 2321 5875; x_wconf 86' lang='lat' dir='ltr'><strong>nomina</strong></span> <span class='ocrx_word' id='word_1_873' title='bbox 2357 5816 2735 5873; x_wconf 83' lang='lat' dir='ltr'><strong>defunctorum</strong></span> <span class='ocrx_word' id='word_1_874' title='bbox 2769 5815 3115 5870; x_wconf 89' lang='lat' dir='ltr'><strong>notabantur.</strong></span> 
     </span>
    </p>
   </div>
  </div>
