3834 6304
574 344 597 398 Ι
611 343 712 399 295

571 443 710 513 stqu
732 471 942 521 carnis,
986 470 1150 509 unum
1199 452 1430 509 ollicium
1481 452 1716 509 efficiant
1757 467 1855 523 pro
1895 466 1994 518 eo,
2046 452 2148 508 nisi
2178 458 2227 516 Α

571 549 751 603 :rbbati
786 548 959 603 visum
991 546 1153 601 fuerit
1200 556 1420 617 propter
1456 543 1886 600 misericordiam
1919 542 2039 615 plus
2058 541 2150 614 ju-

569 643 713 695 bere.
745 639 1008 694 Similiter
1035 640 1100 692 de
1134 639 1414 693 monachis
1439 638 1531 708 qui
1572 638 1639 691 de
1670 635 1804 692 foris
1836 637 2057 691 veniunt
2085 652 2150 691 ex

567 734 676 786 alio
706 732 1035 786 monasterio
1066 746 1165 801 pro
1198 730 1376 800 aliqua
1424 730 1691 800 legatione
1721 728 1801 784 vel
1826 745 1921 785 sua
1957 744 2150 784 neces-

567 822 833 882 situdine,
883 822 1130 892 quamvis
1182 830 1425 877 nostram
1458 822 1775 875 societatem
1826 820 2149 884 habuerint,

540 897 752 968 Inullus
784 914 946 970 debet
1000 912 1229 983 prodere
1281 912 1474 968 delicta
1526 927 1622 967 sua
1674 912 1754 965 eis
1790 929 1803 965 :
1840 914 1965 981 quia
2013 925 2157 981 sapt:

565 1005 747 1060 evenit
774 1014 836 1058 ut
861 1005 1091 1074 plurima
1120 1004 1421 1059 destructio
1456 1004 1550 1058 fiat
1578 1004 1630 1057 in
1658 1005 1775 1075 ipso
1804 1002 1944 1059 loco.
1980 1003 2154 1059 Etiam

566 1096 621 1148 in
657 1095 948 1165 capitulum
986 1110 1092 1151 non
1142 1104 1267 1149 sunt
1317 1095 1571 1165 pergendi
1619 1093 2021 1166 [admitteudi],
2051 1094 2151 1149 nisi

566 1185 733 1238 abbas
778 1183 1021 1253 jusserit,
1052 1184 1134 1237 vrl
1181 1185 1349 1253 prior,
1411 1186 1455 1239 si
1489 1184 1655 1239 abbas
1715 1200 1819 1238 non
1882 1185 2053 1240 adest.
2098 1185 2153 1239 In

565 1276 804 1331 claustro
833 1277 1060 1347 juvenes
1103 1277 1193 1344 qui
1226 1274 1327 1330 sub
1372 1277 1615 1331 custodia
1661 1285 1785 1330 sunt
1826 1276 1909 1330 vel
1967 1275 2152 1332 novitii

565 1367 765 1422 fratres
797 1368 995 1422 nullum
1013 1367 1340 1437 colloquium
1366 1367 1567 1422 habere
1596 1367 1794 1422 debent
1816 1384 1938 1423 cum
1970 1368 2081 1422 illo.

638 1461 712 1515 Ex
747 1461 853 1515 illis
882 1476 1114 1530 namque
1138 1460 1437 1526 monachis,
1470 1461 1559 1529 qui
1590 1462 1640 1514 in
1672 1461 1873 1516 nostris
1910 1462 2143 1516 societa-

564 1554 709 1608 tibus
737 1561 861 1607 sunt
883 1552 1143 1622 suscepti,
1176 1568 1299 1607 cum
1332 1551 1541 1623 legatus
1572 1552 1855 1607 advenerit
1883 1551 1937 1606 in
1971 1566 2155 1606 emno-

562 1647 740 1711 binm,
773 1646 956 1700 tandiu
1005 1644 1304 1715 proteletur
1333 1659 1616 1715 quousque
1643 1644 1695 1698 in
1726 1642 1963 1714 capitulo
1990 1642 2154 1697 fuerit

568 1738 872 1793 nuntiatum
915 1736 1002 1790 die
1040 1735 1304 1801 crastino,
1331 1742 1385 1791 et
1417 1745 1543 1790 tunc
1572 1734 1816 1790 absolvat
1844 1749 1969 1789 eum
1999 1733 2151 1788 dom-

1888 337 2211 396 CUIDONIS
2239 338 2529 396 ABIlATIS

3662 349 3762 407 {£96

2328 453 2383 507 In
2413 452 2788 509 anniversario
2815 468 3027 519 eorum,
3049 453 3168 524 ipse
3195 449 3393 519 frater,
3414 451 3559 525 cujus
3576 469 3761 526 parentes

2256 554 2405 606 sunt,
2433 545 2646 613 quando
2667 546 2932 599 invenerit
2959 544 3273 601 sacerdotes
3295 547 3641 605 tantummodo
3655 552 3763 621 roget

2256 635 2533 706 privatim,
2568 645 2625 689 ut
2652 646 2805 690 orent
2831 651 2931 705 pro
2951 638 3051 690 eis.

2846 747 3074 805 CAPUT
3117 746 3252 804 LIX.

2293 835 2372 893 De
2398 835 2551 907 pleno
2580 837 2742 907 oﬁcio
2769 840 2982 908 quando
3011 840 3325 895 celebraturi
3354 851 3504 906 sunt,
3531 843 3617 898 hoc
3633 849 3745 899 nodo

2853 911 3115 978 agendum
3148 921 3247 965 est.

2326 996 2406 1049 Ad
2435 995 2648 1065 vigilias
2669 997 2895 1067 pulsatis
2925 1001 3134 1054 eunetis
3170 1001 3344 1071 signis
3378 1002 3489 1055 tria
3519 1004 3765 1058 candelaer

2256 1099 2526 1157 ponantur
2553 1099 2680 1144 ante
2704 1090 2876 1147 altare
2904 1103 2955 1145 et
2987 1093 3054 1145 ad
3087 1093 3331 1148 missam.
3365 1094 3446 1147 Ad
3476 1096 3765 1151 matutinalt-m

2256 1180 2477 1235 missam
2514 1181 2695 1234 denuo
2720 1182 3004 1250 pulsentur
3024 1183 3207 1239 omnia
3244 1184 3424 1255 signa.
3462 1186 3575 1240 Sint
3599 1200 3767 1256 quatuor

2257 1271 2488 1326 infantes
2512 1273 2749 1327 revestiti
2781 1287 2797 1326 :
2826 1290 2967 1330 unus
3000 1276 3050 1328 in
3085 1276 3257 1332 cboro
3302 1292 3427 1331 cum
3474 1293 3643 1349 cappa,
3678 1281 3766 1337 alius

2256 1363 2398 1434 legal
2425 1364 2709 1434 epistolam
2736 1380 2857 1419 cum
2890 1367 3091 1422 casula.
3126 1369 3208 1422 Ad
3248 1366 3420 1439 Kyrie
3460 1370 3634 1424 eleison
3657 1390 3766 1427 exua-

2257 1464 2371 1520 tur;
2408 1456 2546 1510 lecta
2573 1457 2798 1528 epistola
2838 1474 3050 1513 rursum
3091 1458 3313 1522 induat,
3351 1468 3409 1514 et
3438 1470 3539 1514 stet
3581 1465 3625 1519 in
3656 1466 3766 1521 choro

2257 1548 2310 1602 in
2352 1547 2469 1603 loco
2498 1564 2600 1604 suo
2641 1566 2811 1619 usque
2839 1551 2966 1605 dum
2998 1552 3222 1607 finiatur
3248 1552 3440 1610 missa.
3473 1554 3578 1609 Duo
3609 1572 3710 1611 vero
3734 1562 3767 1614 in

2256 1640 2392 1695 albis
2423 1650 2481 1695 ut
2512 1650 2732 1697 cantent
2764 1659 2907 1714 resp.
2940 1653 2991 1697 ct
3018 1652 3133 1699 tres
3162 1646 3453 1712 conversi,
3481 1646 3579 1700 duo
3603 1649 3658 1702 ad
3680 1665 3766 1704 can-

2255 1722 2473 1786 delabra
2516 1742 2571 1788 et
2601 1735 2792 1789 tertius
2831 1736 2899 1792 ad
2951 1735 3284 1791 thuribulum
3341 1736 3663 1791 deferendum
3702 1756 3771 1809 per

564 1845 670 1883 nus
698 1828 863 1882 abbas
889 1828 956 1881 ab
990 1827 1135 1881 omni
1168 1826 1386 1881 vinculo
1412 1826 1756 1891 delictorum,
1792 1825 1875 1880 vel
1904 1825 2079 1895 prior,
2106 1825 2149 1879 si
2186 1812 2232 1867 Β
2255 1824 2502 1887 chorum,
2551 1825 2607 1880 in
2651 1828 2842 1898 primis
2886 1827 2953 1882 ad
2983 1826 3245 1883 infantem
3292 1827 3387 1899 qui
3435 1828 3485 1882 in
3530 1830 3671 1884 choro
3697 1844 3769 1886 stat

565 1922 733 1978 abbas
761 1937 865 1977 non
889 1930 990 1977 est.
1018 1920 1377 1991 Surgentibus
1406 1922 1457 1975 in
1484 1921 1723 1993 capitulo
1750 1930 1876 1976 eant
1902 1922 1953 1975 in
1982 1922 2154 1977 eccle-

564 2012 725 2077 siam,
756 2028 913 2078 mox,
949 2020 1009 2066 ut
1051 2010 1254 2066 fuerint
1298 2010 1427 2067 dicti
1477 2012 1669 2083 psalmi
1718 2027 1817 2082 pro
1862 2012 2150 2067 defunctis.

564 2106 841 2162 Sonentur
866 2105 1049 2159 omnia
1080 2104 1255 2175 signa,
1300 2113 1356 2159 et
1398 2103 1646 2159 dicantur
1689 2119 1786 2173 pro
1811 2120 1875 2159 eo
1915 2105 2153 2174 quinque

562 2199 755 2270 psalmi
799 2207 853 2253 et
896 2196 1106 2251 Iiniant.
1156 2195 1261 2252 Pro
1310 2194 1505 2252 abbate
1550 2210 1679 2251 vero
1722 2206 1892 2251 totum
1938 2196 2153 2269 plenum

561 2290 795 2346 ofﬁcium
828 2288 1081 2344 eiliciant.

635 2385 690 2438 In
723 2383 1098 2437 anniversario
1140 2381 1187 2436 si
1233 2395 1405 2452 cappa
1436 2380 1596 2435 fuerit
1626 2378 1679 2434 in
1712 2380 1908 2447 choro,
1955 2390 2012 2435 et
2053 2380 2152 2435 tria

563 2472 889 2529 candelabra
923 2482 1051 2527 ante
1077 2472 1283 2538 altare,
1312 2480 1367 2526 et
1397 2471 1659 2527 diaconus
1692 2481 1747 2526 et
1790 2471 2155 2527 subdiaconus

562 2566 779 2620 casulas
810 2565 1071 2631 habeant,
1100 2563 1492 2633 qualiscunque
1535 2563 1706 2619 frater
1738 2563 1923 2628 fuerit,
1952 2565 2031 2619 sic
2061 2566 2156 2620 ba-

562 2656 766 2719 hcbunt
796 2653 1106 2727 generalem
1131 2663 1185 2709 et
1210 2654 1275 2709 ad
1299 2654 1571 2725 potionem
1598 2653 1903 2724 pulsabitur
1936 2655 2151 2725 squilla.

636 2745 807 2816 Eger
827 2754 978 2801 extra
1010 2743 1399 2801 monasterium
1429 2743 1704 2814 accipiens
1730 2744 1997 2810 habitum,
2027 2756 2079 2799 et
2108 2745 2153 2800 si

562 2838 638 2893 ibi
671 2838 892 2904 finierit,
939 2837 1074 2892 nihil
1121 2835 1389 2906 agendum
1427 2844 1511 2891 est
1556 2851 1655 2907 pro
1697 2851 1762 2891 eo
1802 2851 1832 2890 a
1870 2835 2153 2902 fratribus,

561 2929 670 2987 nisi
711 2929 1085 2985 tantummodo
1118 2942 1317 2997 corpus
1346 2912 1464 2995 eius
1490 2926 1542 2980 in
1577 2928 1894 2982 ctenieterio
1925 2928 2155 2981 fratrum

562 3021 949 3087 condiendum,
979 3019 1064 3074 vel
1097 3020 1150 3072 in
1184 3017 1274 3072 tali
1308 3017 1425 3072 loco
1452 3016 1882 3087 disponendum,
1916 3018 2003 3073 ubi
2034 3017 2158 3072 talis

567 3110 853 3168 defunctus
893 3110 1159 3174 mittatur,
1193 3107 1341 3163 nullo
1372 3107 1532 3162 modo
1570 3108 1622 3164 in
1670 3108 1917 3178 populari
1955 3121 2157 3162 cmme-

569 3202 708 3254 terio
738 3209 991 3270 ponatur.
1036 3196 1169 3251 Nam
1202 3198 1247 3252 si
1286 3197 1339 3251 in
1386 3198 1547 3252 domo
1583 3196 1920 3253 infirmorum
1965 3199 2158 3269 depor—

571 3298 717 3345 tttus
767 3289 946 3355 fuerit,
1000 3298 1055 3344 et
1101 3289 1171 3343 ibi
1221 3288 1443 3357 finierit,
1497 3296 1623 3345 tunc
1673 3298 1903 3361 agantur
1954 3304 2053 3359 pro
2094 3306 2158 3345 eo

566 3382 750 3436 omnia
784 3381 941 3437 sicuti
975 3383 1042 3436 de
1074 3381 1179 3435 alio
1217 3381 1406 3450 fratre,
1436 3382 1597 3438 etiam
1647 3382 1779 3437 Voce
1812 3399 1926 3437 mea
1962 3398 2061 3453 pro
2094 3399 2159 3438 co

568 3484 816 3530 canatur.

640 3568 770 3621 Item
796 3582 916 3622 cum
949 3568 1174 3623 nuntius
1202 3568 1269 3623 de
1291 3567 1533 3639 quolibet
1558 3568 1814 3625 defuncto
1842 3567 2010 3625 fratre
2037 3585 2162 3641 prc-

571 3659 716 3715 fcsso
762 3661 987 3723 venerit,
1046 3661 1229 3715 statim
1277 3660 1521 3732 pulsetur
1566 3661 1769 3728 tabula,
1819 3670 1874 3716 et
1922 3670 2050 3716 eant
2105 3662 2157 3716 in

570 3750 878 3815 ecclesiam,
908 3751 1186 3821 pulsentur
1209 3762 1409 3807 cuncta
1443 3753 1595 3823 signa
1623 3761 1678 3807 et
1700 3762 1895 3823 agatur
1921 3750 2157 3806 ollicium

573 3851 927 3895 mortuorum.
959 3841 1094 3897 Tres
1120 3844 1356 3898 candela:
1388 3844 1497 3897 sint
1526 3852 1653 3898 ante
1677 3843 1850 3898 altare
1878 3844 1995 3914 ipsa
2025 3844 2157 3898 hora

574 3931 641 3985 ad
667 3933 895 4001 primam
926 3934 1170 3998 tnissam,
1200 3950 1360 4003 quam
1389 3950 1486 4005 pro
1506 3949 1571 3989 eo
1597 3935 1873 3990 cantaturi
1899 3946 2025 3991 sunt
2044 3977 2058 3999 ,
2091 3938 2160 3991 sit

571 4034 712 4074 unus
741 4019 917 4076 infans
956 4021 1009 4075 in
1040 4022 1209 4076 choro
1235 4037 1357 4076 cum
1393 4037 1588 4095 cappa.
1620 4024 1786 4079 Dictis
1820 4024 2041 4095 psalmis
2084 4026 2160 4079 fa-

571 4112 873 4169 miliaribus
901 4124 954 4168 et
982 4113 1361 4168 Benedicumus
1389 4114 1641 4181 Domino,
1669 4118 1851 4172 statim
1878 4118 2162 4188 pulsentur

572 4208 916 4274 omniasigua
949 4225 962 4261 ε
988 4207 1202 4261 aliiduo
1229 4210 1380 4277 pueri
1410 4218 1536 4263 ante
1559 4210 1732 4265 altare
1760 4211 1897 4265 albis
1919 4209 2160 4266 vestibus

570 4299 744 4353 induti
764 4300 946 4353 dicant
964 4314 1106 4371 resp.
1130 4298 1401 4355 Iliaconus
1427 4308 1481 4353 et
1502 4301 1863 4357 subdiaconus
1882 4304 1933 4356 in
1955 4301 2158 4367 casula,

568 4400 624 4443 et
678 4400 788 4443 tres
841 4391 1084 4443 conversi
1138 4405 1369 4459 quorum
1416 4392 1521 4443 duo
1563 4390 1924 4457 candelabra,
1966 4391 2161 4447 tertius

573 4477 922 4531 thuribulum.

641 4570 868 4638 Quando
908 4570 1104 4623 ubierit
1157 4569 1354 4640 aliquis
1411 4570 1481 4625 de
1538 4572 1854 4641 parentibus
1901 4572 2155 4627 monachi

569 4664 739 4736 ipsius
771 4664 894 4731 loci,
926 4676 1111 4734 pater,
1146 4673 1238 4718 aut
1287 4675 1481 4733 mater,
1514 4665 1594 4719 vel
1640 4681 1817 4733 soror,
1851 4679 1905 4723 et
1946 4669 1993 4723 ei
2025 4685 2162 4722 nun-

562 4758 759 4811 tiatum
796 4757 976 4821 fuerit,
1010 4759 1060 4809 in
1102 4757 1353 4811 crastino
1384 4758 1816 4815 satisfactionem
1850 4760 2034 4817 faciat.
2077 4762 2159 4816 ln-

536 4914 541 4919 ,
574 4857 877 4917 terrogatus
902 4864 1051 4910 vero,
1090 4847 1230 4912 Quid
1265 4849 1480 4919 petitis?
1526 4850 1614 4905 Ille
1649 4853 1973 4922 respondeat
2006 4870 2021 4906 :
2056 4853 2160 4908 Do-

572 4941 697 4995 mini
745 4939 1159 4994 misericordiunt
1206 4944 1495 4997 mercedem
1523 4953 1741 4998 vestram
1767 4959 1970 5012 precor.
1999 4942 2154 4998 Tunc

566 5045 755 5107 surgat
820 5045 873 5089 et
941 5026 1193 5088 absolvat
1259 5035 1409 5103 prior
1459 5035 1633 5106 ipsum
1700 5036 2042 5100 defunctum,
2104 5049 2157 5093 et

565 5128 735 5181 frater
763 5126 1007 5197 procidat
1038 5126 1105 5179 ad
1136 5127 1364 5197 vestigia
1394 5125 1531 5195 ejus.
1568 5124 1950 5194 Debetjubere
1985 5126 2155 5182 abbas

565 5220 647 5274 vel
680 5220 845 5289 prior,
881 5218 923 5272 si
953 5219 1120 5273 abbas
1150 5236 1257 5273 non
1300 5228 1405 5285 est,
1439 5229 1496 5273 ut
1535 5234 1725 5273 omnes
1767 5219 1951 5274 dicant
1996 5222 2151 5290 quin-

564 5309 823 5381 quaginta
858 5310 1136 5381 psalmos:
1186 5311 1277 5381 qui
1325 5326 1429 5365 non
1478 5311 1579 5365 seit
1607 5309 1842 5381 psalmos
1885 5328 2005 5366 cum
2039 5312 2153 5366 solo

567 5399 817 5454 Miserere
840 5402 963 5465 mei,
991 5400 1154 5465 Deus,
1198 5410 1375 5469 potest
1405 5416 1466 5454 ea
1496 5399 1814 5470 adimplere,
1849 5408 1901 5455 et
1930 5401 2019 5471 qui
2046 5409 2152 5455 tam

567 5491 823 5547 insciolus
848 5503 951 5557 est,
987 5490 1151 5545 faciat
1181 5506 1303 5544 cum
1340 5490 1497 5544 l’uter
1531 5502 1726 5545 noster.

744 5627 856 5699 (85)
894 5626 1006 5682 Sub
1041 5630 1141 5682 hoc
1173 5630 1325 5685 titulo
1362 5631 1447 5684 hic.
1478 5646 1664 5683 versus
1689 5629 1915 5683 habetur
1957 5647 1969 5681 :

2255 1926 2476 1987 propter
2497 1918 2751 1983 ollicium,
2777 1918 2969 1975 deinde
2989 1935 3086 1991 per
3106 1935 3300 1975 omnes
3329 1921 3545 1976 fratres.
3570 1923 3771 1978 Diacouus

2255 2008 2308 2063 in
2340 2010 2520 2064 casula
2550 2010 2616 2064 ad
2645 2012 2976 2083 evangelium
3003 2011 3288 2082 legendum
3317 2031 3332 2067 :
3358 2014 3632 2084 perlectum
3658 2033 3771 2070 erm.

2255 2099 2452 2170 geiinm
2482 2100 2659 2155 infans
2684 2101 2892 2158 deferat
2918 2119 3013 2174 per
3038 2119 3229 2159 omnes
3267 2105 3360 2175 qui
3394 2098 3448 2159 in
3477 2106 3628 2160 choro
3653 2118 3771 2163 sunt.

2258 2191 2533 2248 Sacerdos
2587 2194 2854 2265 imprimis
2902 2194 3045 2249 dicat
3077 2195 3363 2252 collectam
3404 2196 3555 2262 illius,
3601 2213 3681 2268 pro
3701 2216 3774 2269 quo

2255 2283 2488 2341 ollicfum
2542 2287 2741 2341 dicitur
2770 2306 2787 2341 :
2829 2286 3023 2343 deinde
3060 2289 3198 2344 alias
3234 2291 3510 2345 orationes
3532 2307 3644 2365 quae
3683 2308 3772 2345 con-

2256 2387 2424 2433 suctuc
2454 2388 2598 2434 sunt.
2629 2378 2683 2432 In
2720 2379 2837 2450 ipso
2863 2380 2950 2436 die
2974 2379 3176 2437 debent
3210 2379 3412 2437 fratres
3437 2383 3622 2437 habere
3654 2384 3694 2438 in
3719 2402 3775 2438 re.

2258 2469 2485 2525 tectorio
2524 2477 2673 2524 terna
2708 2471 2983 2541 pulmenta
3026 2472 3093 2526 ad
3141 2463 3416 2527 edendum
3459 2473 3775 2545 qualiscunque

2256 2561 2373 2616 dies
2402 2560 2586 2627 fuerit,
2641 2571 2695 2617 et
2739 2563 2887 2633 potio
2924 2563 3245 2636 propinetur
3276 2580 3377 2635 per
3421 2580 3601 2622 omnes
3632 2565 3777 2621 fratres

2254 2668 2381 2709 eum
2418 2652 2598 2709 sonitu
2630 2654 2855 2724 squilla}.

2853 2746 3083 2805 CAPUT
3120 2746 3235 2805 LX.

2705 2834 2815 2897 Pro
2851 2841 3037 2896 abbate
3074 2843 3241 2914 ipsius
3278 2842 3404 2898 loci.

2329 2930 2410 2984 Ad
2453 2944 2709 2999 vesperas
2748 2941 2871 3001 post
2919 2935 3492 2991 connuemorationem
3532 2946 3781 2990 sanctorum

2258 3020 2542 3091 pulsentur
2563 3023 2744 3076 omnia
2769 3023 2941 3093 signa,
2997 3033 3053 3079 et
3093 3033 3386 3079 cantentur
3428 3041 3645 3097 vespera:
3682 3043 3782 3080 Ilior-

2262 3120 2503 3178 tuorum,
2528 3114 2768 3184 quinque
2794 3115 3119 3171 candelabra
3151 3117 3263 3173 sint
3294 3126 3423 3171 ante
3452 3118 3612 3171 altare
3637 3121 3679 3173 in
3702 3122 3780 3188 ipsa

2262 3206 2419 3271 hora,
2468 3215 2524 3262 et
2556 3216 2664 3261 tam
2696 3208 2761 3262 ad
2795 3208 3005 3280 vigilias
3039 3226 3203 3281 quam
3234 3214 3303 3266 ad
3338 3212 3571 3267 missam.
3598 3211 3781 3267 Oiliciua

2261 3297 2420 3367 quale
2444 3297 2655 3354 feriatis
2683 3300 2874 3355 diebus
2903 3304 3167 3357 evenerit.
3202 3302 3367 3373 Resp.
3403 3304 3465 3359 Si
3495 3307 3738 3361 ambulem.
3764 3326 3784 3357 a

2261 3393 2472 3446 duobus
2493 3391 2788 3449 infantibus
2819 3394 2869 3448 in
2895 3394 3034 3449 albis
3062 3397 3273 3450 vestitis
3299 3396 3624 3452 decantetur.
3650 3398 3783 3450 Trart.

2264 3490 2339 3542 De
2367 3491 2671 3561 profundis,
2714 3508 2743 3546 a
2782 3494 2993 3547 duobus
3032 3493 3294 3553 fratribus
3327 3495 3381 3549 in
3429 3496 3558 3549 albis
3588 3514 3601 3547 :
3634 3497 3788 3563 Rthta

2263 3580 2367 3633 alia
2401 3582 2605 3646 omnia,
2639 3592 2694 3636 ut
2724 3600 2887 3654 supra
2923 3586 3156 3655 positum
3185 3594 3288 3650 est,
3322 3586 3401 3642 sic
3427 3587 3745 3642 celebrentur.
3824 3570 3825 3579 “

2335 3669 2389 3722 In
2417 3671 2789 3727 anniversaria
2824 3675 3216 3744 imperatorum
3248 3675 3516 3742 ofﬁcium,
3546 3676 3623 3732 Ne
3654 3680 3788 3730 tradat

2262 3765 2455 3817 bestiis.
2501 3763 2662 3835 Resp.
2708 3764 2769 3819 Si
2797 3767 3055 3821 ambulem
3084 3768 3139 3821 in
3163 3771 3357 3823 medio.
3384 3770 3565 3827 Tract.
3594 3771 3785 3825 Comm-

2260 3855 2399 3906 visti.
2422 3853 2611 3909 Olfert.
2657 3854 2799 3909 Erue
2854 3854 3094 3911 Domine.
3122 3856 3334 3913 Comm.
3381 3856 3490 3930 Ego
3520 3878 3629 3914 sum
3656 3878 3785 3913 mu.

2264 3954 2442 3996 recito.
3822 3966 3823 3999 l

2333 4030 2391 4086 Si
2441 4033 2781 4088 occurrerint
2822 4033 3019 4091 fratres
3048 4035 3208 4091 alicui
3262 4054 3477 4108 corpori
3524 4038 3791 4093 dcfunctiia

2260 4127 2460 4190 eundo,
2511 4126 2609 4181 hos
2649 4126 2885 4198 psalmos
2931 4127 3245 4196 decantent,
3296 4130 3727 4195 MiserernDeus,
3754 4132 3789 4181 iu

2262 4217 2469 4271 nomine
2499 4229 2609 4273 tuo.
2646 4218 2896 4275 Miserere
2942 4221 3065 4288 mei,
3092 4220 3252 4289 Deus,
3277 4225 3520 4278 miserere
3557 4225 3665 4287 mei,
3698 4237 3789 4279 ett.

2262 4324 2433 4377 usque
2461 4310 2512 4362 in
2537 4309 2695 4366 liuent
2728 4311 3007 4382 psalterii;
3037 4317 3082 4370 si
3121 4324 3329 4370 tantum
3363 4316 3696 4386 perstiteriut.
3722 4314 3791 4368 Per
3820 4362 3821 4405 ι

2261 4399 2480 4455 ordines
2507 4411 2655 4468 eant,
2675 4401 2918 4470 juniores
2947 4412 3128 4470 antea,
3163 4405 3377 4475 priores
3405 4407 3679 4477 posterius.
3698 4404 3787 4459 Cum

2191 4522 2238 4583 υ
2264 4494 2607 4561 pervenerint
2633 4494 2698 4547 ad
2728 4495 2903 4564 ipsum
2935 4510 3149 4566 corpus,
3186 4496 3499 4552 ineensetur
3518 4508 3570 4553 et
3592 4512 3788 4566 aspergi-

2264 4591 2352 4634 tur
2380 4598 2517 4651 aqua
2548 4584 2829 4638 benedicta
2856 4594 2910 4639 et
2930 4586 3246 4655 pronuntiet
3271 4589 3443 4657 prior,
3474 4587 3627 4642 Pater
3649 4598 3786 4640 nostra

2259 4671 2391 4741 Cap.
2441 4673 2485 4724 Α
2515 4684 2669 4742 porta
2702 4675 2879 4743 inferi.
2926 4674 3081 4731 Orat.
3125 4676 3370 4732 Absolve.
3415 4678 3629 4749 Expleta
3673 4680 3789 4746 impe-

2261 4772 2393 4815 nant
2421 4778 2561 4832 resp.
2591 4761 2890 4830 Subvenite,
2920 4767 3092 4820 sancti
3117 4764 3241 4833 Dei,
3269 4778 3325 4822 et
3354 4769 3434 4822 sic
3462 4768 3787 4840 deportetur‘m
3818 4780 3819 4840 ξ

2259 4854 2573 4910 ecclesiam.
2609 4856 2786 4910 Finito
2827 4872 2973 4926 resp.
3018 4866 3147 4912 eant
3190 4859 3245 4913 in
3294 4858 3591 4914 claustrum
3621 4861 3681 4913 ad
3704 4856 3789 4912 θεε-

2260 4946 2486 5000 rcndum
2514 4946 2579 4999 ad
2609 4949 2936 5015 sepulturam
2966 4966 2981 5001 :
3025 4949 3153 5003 dum
3182 4949 3384 5004 dixerit
3418 4951 3663 5006 sacerdos
3694 4959 3787 5004 oni.

2262 5034 2382 5089 Non
2405 5038 2566 5090 intres
2598 5038 2649 5090 iu
2670 5038 2961 5106 judicium,
2982 5038 3093 5092 sint
3122 5053 3314 5095 omnes
3346 5039 3605 5096 inclinati.

2848 5130 3078 5187 CAPUT
3115 5131 3251 5186 LXI.

2261 5219 2334 5273 De
2365 5222 2543 5290 oﬂiciis
2580 5221 2946 5291 defunctorum
2975 5223 3205 5295 qualiter
3234 5226 3531 5295 ,de/iniendi
3566 5227 3662 5280 sint
3703 5222 3787 5287 (857.

2332 5315 2374 5366 A
2424 5312 2676 5369 Kalendis
2719 5312 3038 5372 Novembris
3081 5333 3252 5388 usque
3286 5318 3730 5390 Septuagesimam
3764 5316 3788 5365 si

2261 5404 2691 5458 anniversarium
2721 5404 2933 5459 abbatis
2982 5405 3081 5462 loci
3128 5406 3297 5477 ipsius
3340 5410 3605 5474 evenerit,
3634 5410 3693 5461 ad
3720 5422 3789 5455 rd-

2262 5511 2421 5565 peras
2466 5509 2584 5566 post
2634 5506 2850 5567 peracta
2898 5496 3152 5570 suffragia
3203 5512 3521 5558 sanctorum
3571 5505 3815 5571 pulsem;

1225 5701 1527 5753 Justitiatus
1554 5712 1687 5766 erat,
1709 5716 1826 5753 cum
1855 5702 2131 5769 scripserat
2164 5699 2260 5752 ista
2284 5694 2537 5752 Joannes.

676 5767 862 5822 eadem
892 5783 1075 5822 manu.
