3864 6314
60 430 162 486 1‘29?

1230 417 1605 475 DISCH‘LINA
1645 412 2045 470 FARFENSIS.

1793 283 1815 296 ο
1859 270 2001 308 ,ίὶίμι

3117 404 3253 466 (298

55 546 205 593 cuncta
233 532 404 602 signa,
437 520 557 583 tum
584 544 824 600 vesperae
868 540 1199 583 mortuorum
1228 548 1241 584 :
1277 532 1470 585 dehinc
1500 529 1567 583 ad
1600 536 1641 591 Α
1674 527 1920 581 santibns
1944 523 2159 579 cunctis
2209 522 2380 593 signis
2417 537 2585 591 usque
2628 522 2753 577 dttm
2808 521 2878 576 sit
2926 522 2975 576 in
3022 522 3252 579 ecclesia

56 624 393 698 processioucm
429 629 553 675 eaut
597 636 721 675 cum
770 637 994 691 vespera
1055 623 1294 676 omnium
1348 633 1564 677 sancto-

56 735 164 773 rum.
190 715 237 769 lu
270 713 502 768 crastino
529 721 651 781 post
690 714 1003 768 nocturnale
1041 715 1358 784 obsequium
1392 716 1566 768 denuo

54 811 280 877 pulsentur
301 804 446 871 signa
476 812 531 855 ct
548 801 781 857 ofﬁcium
813 813 1145 857 mortuorum
1180 821 1452 875 peragant.
1487 803 1566 857 Ad

56 900 225 951 missam
258 897 435 949 eadem
462 893 682 948 faciant.
711 894 816 949 Pro
842 896 999 949 nullis
1024 895 1142 949 aliis
1174 906 1423 951 cantatur
1455 905 1565 949 tra-

53 999 140 1040 rtus
160 985 282 1055 apud
320 1000 436 1047 nos,
481 985 581 1040 nisi
611 999 708 1054 pro
736 984 926 1040 horum
973 987 1314 1052 nominibus,
1353 1002 1474 1057 qua:
1513 988 1567 1041 in

53 1075 645 1147 praesenti‘patescimus;
679 1091 779 1145 pro
820 1076 1014 1130 abbate
1064 1077 1231 1147 ipsius
1281 1076 1421 1141 loci,
1471 1090 1568 1146 pro

54 1184 148 1237 rege
187 1175 329 1235 atque
381 1166 597 1232 regina.
648 1166 905 1238 episcopo
976 1168 1092 1236 ipso
1156 1168 1242 1223 die
1305 1183 1336 1221 c
1403 1182 1571 1221 carne

54 1258 212 1319 evulso,
256 1264 305 1310 et
340 1256 438 1310 loci
492 1256 660 1325 ipsius
707 1257 936 1324 factore,
995 1268 1053 1314 et
1103 1269 1336 1329 quatuor
1396 1257 1569 1314 oliicia

52 1350 170 1416 plena
214 1363 319 1417 qua:
371 1348 689 1417 piassiguata
743 1350 855 1419 jam
901 1350 1177 1405 habemus.
1235 1350 1312 1404 Ex
1367 1364 1573 1403 nuncu-

55 1452 147 1509 pato
177 1441 274 1508 jam
315 1441 501 1495 abbate
547 1441 910 1511 qualicunque
952 1440 1083 1497 feria
1117 1444 1359 1498 evenerit
1413 1457 1574 1512 gene-

55 1533 179 1585 ralem
218 1541 266 1585 et
295 1530 603 1600 pietantiam
632 1531 868 1587 habeant
909 1534 962 1586 in
1014 1533 1304 1588 refectorio
1346 1532 1571 1598 fratres,

54 1626 175 1677 etiam
220 1634 270 1678 et
310 1624 575 1691 potionem
633 1641 756 1679 cum
810 1627 988 1680 sonitu
1049 1625 1257 1696 squillae
1301 1643 1316 1680 :
1380 1626 1575 1681 tabula:

55 1732 132 1769 non
165 1718 538 1787 cooperiantnr.
582 1719 623 1774 Α
654 1717 1061 1791 Septuagesima
1095 1732 1266 1789 usque
1308 1717 1575 1774 Kalendas

56 1806 331 1873 Novembris,
364 1810 406 1864 si
437 1811 541 1866 hoc
582 1808 859 1872 evenerit,
903 1824 1006 1863 non
1056 1808 1339 1879 pulsentur
1388 1808 1572 1879 signa,

56 1899 130 1952 nisi
151 1910 330 1954 tantum
360 1902 424 1955 ad
447 1901 683 1957 ofﬁcium
710 1911 1065 1964 mortuorum,
1101 1901 1243 1972 quod
1290 1901 1351 1955 tit
1375 1875 1578 1957 invves-
1609 1875 1651 1935 ³

55 2005 163 2057 pere,
193 2002 239 2045 ct
268 1992 329 2047 ad
360 1995 579 2051 missam
608 1996 661 2050 in
694 1994 954 2050 crastino.
991 1992 1048 2048 In
1080 1994 1453 2050 anniversario
1485 1996 1581 2050 de~

57 2080 182 2135 functi
220 2098 313 2138 non
356 2084 504 2153 prius
551 2094 636 2139 est
678 2085 999 2141 celebranda
1046 2085 1237 2149 missa,
1268 2101 1431 2156 quam
1462 2086 1578 2141 olli—

54 2171 179 2234 ciunt,
205 2174 241 2226 si
261 2176 565 2232 studeamns
590 2177 732 2232 hunc
760 2178 975 2232 modum
1000 2178 1071 2231 illi
1098 2179 1391 2247 impertire,
1419 2194 1576 2248 quem

56 2259 141 2315 vult
159 2263 385 2331 adipisci,
409 2266 661 2321 videlicet
699 2282 729 2320 a
773 2265 927 2321 festis
967 2267 1209 2321 omnium
1268 2278 1577 2322 sanctorum

56 2364 185 2419 usque
227 2355 677 2427 Septuagesimam
740 2357 954 2426 quando
1011 2358 1190 2425 vigilia
1245 2368 1578 2413 mortuorum

57 2446 250 2498 auctibus
284 2447 473 2515 agitur,
499 2457 677 2517 potest
713 2466 762 2502 ν.
801 2466 852 2521 g.
898 2450 942 2503 si
994 2450 1150 2504 [.0ch
1181 2450 1461 2504 duodecim
1509 2452 1581 2505 le-

57 2534 219 2589 ctiutcs
244 2536 383 2604 lium,
428 2541 478 2593 in
507 2542 751 2595 crastino
775 2553 895 2611 post
921 2541 1236 2596 noetmnale
1264 2542 1580 2612 obsequium

57 2624 117 2691 agi
143 2635 442 2683 mortuorum
485 2631 684 2700 vigilia.
728 2632 965 2702 Denique
1002 2642 1056 2687 tl
1100 2632 1316 2687 missum
1343 2648 1408 2687 ex
1442 2633 1583 2702 ipsu-

58 2726 144 2763 nuu
170 2716 517 2774 anniversario
550 2721 827 2777 celebrant
862 2722 1252 2776 matutinaletn.
1284 2722 1417 2777 Nam
1450 2722 1582 2792 Sep-

58 2807 307 2872 tuagesiuue
336 2818 577 2881 tempore
614 2828 784 2883 usque
834 2824 1148 2868 salutet-um
1176 2814 1415 2868 onmium
1449 2815 1581 2869 festa

56 2906 136 2956 quo
175 2897 223 2947 tit
257 2898 423 2967 vigilia
474 2910 600 2970 post
645 2905 892 2972 synaxim
938 2903 1300 2972 vespertinam
1341 2918 1391 2956 v.
1438 2920 1489 2972 g.
1525 2903 1580 2958 Si

60 2984 182 3039 holie
222 2989 486 3075 duodecim
539 3004 773 3065 aguntur
820 2996 1102 3061 lectiones,
1152 2995 1203 3049 in
1248 2995 1487 3050 crastino
1516 3011 1582 3050 ex

59 3075 146 3143 ipso
174 3083 523 3140 amiiversario
552 3086 769 3141 missam
798 3088 1071 3142 celebrare
1088 3088 1381 3142 secundum
1420 3090 1581 3142 rittnn

1670 618 1977 687 depositura
2034 614 2339 676 feretrum,
2404 624 2612 682 septem
2664 612 2987 669 candelabra
3032 622 3137 668 tam
3186 615 3253 667 ad

1670 715 1834 777 (‘apttt
1862 722 2023 775 quam
2071 706 2136 759 ad
2200 705 2365 774 pedes
2415 714 2702 773 ponantur.
2749 703 2904 761 Tunc
2947 705 3257 762 incensetur

1669 800 1773 853 alia
1805 802 1952 854 vice:
1980 799 2173 853 deinde
2201 798 2508 853 celebretur
2533 812 2631 865 pro
2653 812 2718 851 eo
2752 798 2916 854 missa
2945 813 3069 853 cum
3097 798 3256 868 pleno

1670 894 1867 957 ollicio,
1899 892 2251 946 offerentibus
2288 891 2559 945 omnibus.
2590 890 2813 959 Expleta
2842 891 3002 946 missa
3036 902 3257 946 sonetur

1672 987 1884 1058 signum
1918 1001 2084 1059 unum
2116 985 2258 1054 quod
2286 984 2466 1053 majus
2489 993 2572 1053 est
2629 991 2737 1038 tres
2786 983 2953 1048 vices,
2981 992 3033 1039 ct
3060 985 3258 1040 dentur

1671 1077 1813 1132 cerei
1853 1090 1948 1145 per
1973 1090 2199 1141 omnes;
2246 1075 2509 1147 incipiant
2539 1074 2647 1130 duo
2674 1073 2869 1130 fratres
2896 1093 2909 1129 :
2933 1072 3096 1145 Kyrie
3135 1074 3232 1128 elei

1672 1185 1789 1222 son.
1821 1166 1979 1222 Dom.
2019 1167 2201 1221 Abbas
2226 1166 2394 1230 dicat,
2432 1165 2675 1220 Oremus.
2703 1163 2825 1218 Non
2854 1165 3034 1219 intres.
3059 1162 3258 1217 Deinde

1675 1260 1919 1315 incenset
1949 1258 2119 1313 altare
2145 1259 2316 1314 tribus
2337 1258 2567 1324 vicibus,
2598 1270 2795 1327 corpus
2836 1255 3074 1311 defuncti
3104 1253 3259 1309 simi-

1677 1351 1820 1405 liter.
1872 1349 1987 1406 lloc
2018 1360 2241 1420 peracto
2290 1358 2553 1405 sonentur
2600 1348 2787 1404 omnia
2832 1348 3003 1418 signa.
3058 1338 3293 1401 Deinde‘

1676 1441 1992 1510 antipbona,
2010 1439 2075 1495 In
2100 1441 2432 1510 paradisum.
2464 1438 2630 1494 Debet
2649 1452 2767 1493 esse
2788 1439 2963 1492 omnis
2986 1438 3262 1509 processio

1678 1535 1817 1589 sicut
1844 1549 2031 1602 supra,
2068 1541 2296 1602 excepto
2339 1532 2590 1602 pbanone
2620 1549 2635 1585 :
2695 1531 2904 1600 reliqua
2934 1530 3114 1584 omnia
3144 1545 3263 1598 qua:

1680 1624 1927 1699 facienda
1955 1634 2101 1689 sunt,
2157 1624 2360 1677 faciant
2387 1624 2529 1679 sicut
2558 1636 2675 1677 mos
2732 1630 2818 1676 est
2844 1622 2909 1676 ad
2948 1620 3262 1676 defuncttnu

1679 1715 2005 1771 monachum
2040 1713 2368 1770 faciendum.

2243 1806 2473 1863 CAPUT
2514 1804 2671 1861 LXIII

1952 1902 2031 1956 De
2053 1901 2204 1955 laieis
2234 1902 2494 1971 defunctis
2526 1900 2753 1971 qualiter
2786 1912 2991 1969 agatur.

1761 1993 1989 2062 Quando
2030 1994 2226 2063 aliquis
2261 1992 2432 2047 laicus
2456 1991 2651 2045 obicrit
2676 1998 2731 2044 et
2782 1991 2847 2043 atl
2879 1988 3263 2042 monasterium

1681 2084 1946 2147 defertur,
1974 2100 2159 2137 omnes
2186 2082 2382 2136 fratres
2437 2081 2486 2134 in
2514 2080 2739 2135 ecclesia
2764 2079 3006 2133 obvicut.
3038 2088 3091 2131 et
3123 2079 3268 2132 acci-

1682 2177 1829 2248 piant
1858 2176 2103 2230 couversi
2137 2174 2477 2238 eztiulelabra,
2533 2188 2726 2242 aquam
2775 2182 3041 2237 sanctam,
3082 2171 3268 2225 inccn-

1683 2284 1826 2335 snm,
1858 2278 1911 2323 et
1934 2282 2152 2321 crucem
2182 2280 2197 2319 :
2252 2266 2467 2319 inel.oet
2500 2264 2651 2333 prior
2695 2264 2746 2318 in
2780 2264 2947 2317 choro
2976 2262 3264 2331 psalmum,

1684 2358 1935 2413 Miserere
1956 2359 2077 2421 mei,
2108 2357 2267 2417 Deus,
2304 2367 2359 2411 et
2389 2355 2543 2415 alios,
2576 2364 2629 2410 et
2676 2364 2802 2410 eant
2862 2366 3049 2409 contra
3080 2352 3269 2407 defun-

1683 2459 1829 2503 ctum
1859 2447 1910 2501 in
1941 2448 2178 2502 obviam.
2229 2448 2381 2501 Dicat
2415 2447 2563 2516 prior
2623 2444 2781 2500 Pater
2831 2456 3026 2510 noster,
3054 2454 3185 2509 etc.,
3212 2454 3263 2498 ut

1685 2555 1870 2610 supra.
1899 2539 2054 2594 Tunc
2080 2549 2341 2593 soncntur
2368 2539 2518 2608 signa
2546 2546 2601 2592 et
2632 2538 3002 2609 ingrediantur
3025 2538 3075 2591 in
3095 2537 3267 2591 eccle-

1686 2632 1823 2686 siam
1855 2650 1869 2686 :
1899 2632 2155 2686 sacerdos
2187 2629 2259 2685 sit
2285 2632 2335 2685 in
2368 2631 2488 2685 alba
2518 2631 2803 2686 revestitus
2835 2647 2954 2685 eum
2981 2631 3135 2685 stola.
3158 2631 3271 2685 Duo

1687 2721 1883 2777 fratres
1907 2723 2185 2788 inchoent,
2214 2722 2379 2793 lt'yrie'
2407 2722 2623 2777 eleison.
2664 2722 2929 2777 Sacerdos
2954 2723 3097 2775 dicat
3126 2732 3267 2773 orat.

1686 2813 1835 2867 Tunc
1864 2813 2109 2867 incenset
2137 2818 2306 2867 altare
2330 2823 2530 2868 sanene
2567 2813 2758 2868 Crueis
2780 2823 2833 2867 et
2858 2829 3054 2882 corpus
3078 2811 3272 2865 defun-

1687 2906 1757 2960 cti
1792 2906 1965 2961 tribus
1993 2906 2239 2961 vicibus:
2274 2906 2378 2961 hoc
2431 2917 2654 2975 peracto
2683 2907 2905 2976 incipiat
2956 2906 3170 2975 autiph.
3208 2904 3272 2960 In

1686 2999 2015 3068 paradisum,
2046 3008 2102 3054 et
2161 3008 2289 3054 eant
2337 3000 2403 3053 ad
2443 3002 2817 3055 cmmeterium
2878 3000 2956 3054 sic
2987 3015 3082 3069 per
3126 3000 3273 3054 ordi-

1692 3104 1813 3143 nem
1841 3104 1856 3142 :
1890 3106 2027 3159 aqua
2060 3100 2245 3143 sancta
2272 3098 2455 3153 antea,
2483 3090 2675 3145 deinde
2724 3106 2874 3153 eritx,
2908 3089 3273 3158 subsequatur

59 3180 138 3219 non
162 3183 444 3238 possunnis,
477 3176 584 3231 nisi
612 3178 936 3234 adveniente
962 3180 1047 3233 die
1070 3181 1313 3247 sequenti
1342 3194 1355 3231 :
1392 3193 1457 3234 ex
1484 3178 1586 3233 hoc
1613 3217 1658 3281 ϐ
1691 3177 1970 3235 incensum
2050 3195 2171 3236 cum
2228 3180 2437 3235 duobus
2496 3179 2836 3235 candelabris
2883 3196 2898 3245 ;
2942 3179 3174 3235 infantes
3219 3190 3278 3233 et

58 3272 149 3323 qua:
174 3264 417 3331 cupimus,
445 3268 633 3321 omnia
676 3269 918 3323 valemus
955 3268 1184 3323 etlicere.
1219 3270 1586 3339 Similiterque

61 3362 336 3441 mortuorum
377 3359 655 3413 matutina:
695 3361 809 3415 sive
843 3361 1115 3426 dicantur,
1141 3361 1321 3416 sive...
1353 3373 1407 3417 ct
1429 3362 1507 3415 sic
1532 3363 1585 3415 in

60 3440 139 3495 alio
157 3440 229 3500 die
249 3461 338 3515 pro
362 3450 441 3505 eis
468 3450 736 3506 celebrari
767 3469 887 3507 cum
916 3453 1224 3523 autipbonis
1247 3462 1442 3523 potest.

113 3532 274 3590 Solent
326 3553 451 3594 vero
488 3543 736 3599 nonnulli
772 3544 1108 3614 interrogare
1161 3545 1203 3598 si
1258 3544 1418 3597 liceat
1447 3550 1584 3612 q'no-

59 3622 157 3679 tiiic
176 3644 338 3698 orare,
367 3646 456 3691 aut
485 3636 817 3691 sacrificium
854 3634 962 3688 Deo
987 3634 1181 3689 offerre
1206 3651 1301 3705 pro
1328 3636 1589 3690 mortuis?

61 3714 225 3778 Quibus
258 3730 654 3795 respondetur:
713 3727 837 3798 quia
898 3726 1141 3797 plerique
1192 3727 1243 3780 in
1296 3726 1590 3781 Dominicis

61 3807 213 3866 diebus
238 3820 562 3876 sacrificium
589 3838 687 3890 pro
722 3821 951 3876 mortuis
981 3837 1085 3875 non
1113 3818 1345 3875 offerunt
1372 3832 1591 3893 propter

60 3898 337 3970 singularem
396 3914 757 3967 reverentiam
813 3911 1106 3966 Doruinicte
1144 3900 1619 3978 rcsurrectioais,;‘

64 3992 268 4055 vidclicet
294 4006 415 4072 quia
467 4006 561 4062 illc
605 4005 751 4062 solus
801 4006 942 4061 inter
993 4017 1239 4061 mortuos
1279 4004 1416 4060 liber
1449 4006 1589 4061 fuit:

62 4086 155 4145 ideo
181 4096 315 4151 valde
348 4101 629 4165 condecet,
658 4110 715 4155 ut
769 4101 887 4171 ejus
946 4100 1236 4171 singularis
1268 4101 1595 4157 resurrectio

62 4189 399 4246 venerabiliter
447 4195 517 4248 ab
576 4194 831 4248 omnibus
877 4203 931 4249 ct
980 4194 1102 4248 sine
1150 4191 1378 4262 alicujus
1426 4194 1595 4248 adrni-

63 4276 207 4333 stioue
242 4281 474 4340 defuncti
508 4285 815 4341 celebretur

598 4396 829 4453 CAPUT
870 4397 1028 4452 LXII.

63 4473 121 4531 De
141 4485 367 4555 episcopis
419 4489 684 4559 defunctis
741 4490 970 4612 qubaliter
1016 4490 1344 4559 excipiantur
1393 4492 1447 4544 in
1496 4509 1598 4546 cas-

728 4576 794 4612 no
830 4575 903 4612 ευ.

728 4575 903 4613 ηουευ.

118 4646 316 4708 Quando
341 4652 549 4721 aliquis,
573 4651 859 4721 cpiscopus
894 4650 1231 4721 migraverit,
1262 4659 1318 4706 et
1373 4653 1440 4705 ad
1481 4668 1600 4706 mo-

64 4739 319 4793 nasterium
350 4741 510 4797 fuerit
534 4741 852 4811 portandus,
902 4757 1091 4797 onmcs
1155 4741 1357 4797 fratres
1405 4743 1607 4798 debent

60 4829 425 4903 csseiucappis
455 4834 721 4895 revestiti.
773 4834 1007 4888 infantes
1046 4835 1097 4889 in
1154 4833 1336 4890 albis:
1384 4834 1604 4890 inchoet

60 4920 198 4986 Prior,
216 4924 455 4983 Miserere
484 4929 613 4995 mei,
636 4927 798 4992 Deus,
820 4937 956 4994 etc.,
979 4936 1035 4982 et
1058 4935 1186 4982 eant
1208 4934 1365 4983 extra
1392 4938 1602 4997 portam

59 5026 157 5067 Cum
179 5018 529 5084 phanonibus,
561 5019 780 5075 famulis
824 5020 1184 5090 portantibus,
1229 5019 1444 5076 duabus
1477 5035 1605 5075 cru-

59 5103 205 5173 cibus,
229 5119 458 5179 quatuor
509 5111 873 5175 candelabris,
931 5110 1220 5166 thuribulis
1270 5110 1499 5175 duobus,
1550 5120 1605 5165 et

60 5209 178 5263 aqua
202 5211 407 5257 sancta.
459 5204 590 5258 Cum
635 5201 883 5258 venerint
931 5202 1018 5256 ubi
1047 5203 1398 5257 constitutum
1444 5201 1607 5256 fuerit

62 5296 185 5343 stent
236 5309 330 5364 per
362 5296 608 5351 ordinem
643 5296 784 5350 sicut
814 5297 881 5350 ad
914 5295 1341 5365 processionem,
1393 5306 1449 5349 et
1478 5311 1607 5349 can-

61 5387 154 5434 teat
177 5384 269 5440 bos
288 5388 545 5458 psalmos,
564 5388 643 5441 Ad
669 5387 949 5442 Dominum
971 5401 1088 5438 cum
1116 5383 1416 5450 tribularer,
1437 5397 1609 5452 usque

65 5470 119 5523 ad
144 5470 368 5531 Laudate
392 5477 676 5531 Dominum
707 5478 772 5531 de
794 5476 956 5539 cortis,
1013 5475 1057 5528 si
1112 5481 1318 5527 tantum
1358 5472 1598 5543 perstite-

65 5562 172 5616 rint.
210 5566 309 5622 Sed
334 5585 460 5622 mox
490 5579 546 5621 ut
574 5568 782 5622 venerit
824 5582 1026 5636 corpus
1047 5563 1283 5619 defuncti
1329 5563 1606 5617 dimittant

63 5658 293 5724 psalmos,
316 5671 367 5715 et
400 5662 546 5716 dicat
572 5660 846 5725 sacerdos,
878 5658 1036 5712 Pater
1066 5668 1256 5711 uoster.
1293 5656 1356 5709 Et
1397 5670 1462 5708 ne
1485 5670 1602 5709 nos.

62 5746 171 5815 tlap.
201 5749 309 5806 Non
337 5755 498 5808 intres
544 5755 594 5807 ia
636 5752 919 5821 judicium,
963 5760 1093 5813 etc.,
1125 5759 1178 5803 et
1210 5747 1451 5817 deposito
1485 5760 1606 5799 cor-

64 5850 173 5903 pore
198 5846 503 5901 incensctnr
530 5862 589 5899 ac
619 5845 906 5901 iucboetur
959 5858 1100 5913 resp.
1139 5842 1435 5897 .Sulu'enlte.
1485 5838 1605 5893 Pul-

1691 3270 1941 3325 eouversi
1968 3288 1982 3325 :
2013 3272 2195 3326 caeteri
2225 3271 2478 3326 incedant
2501 3271 2641 3327 sicut
2666 3280 2792 3326 sunt
2814 3271 3053 3341 priores:
3081 3270 3277 3325 deinde

1694 3362 1953 3418 feretrum
1979 3372 2102 3432 post
2123 3377 2333 3418 omnes.
2364 3363 2592 3418 Psalmis
2622 3362 2851 3432 expletis
2869 3371 2924 3417 et
2950 3361 3272 3431 antiphona,

1692 3470 1812 3524 qua:
1840 3463 1924 3508 est
1983 3454 2035 3507 in
2089 3454 2406 3524 Evangelio,
2461 3454 2700 3507 Absolve.
2758 3452 2911 3507 Tunc
2961 3452 3280 3521 pronuntiet

1694 3546 1969 3609 sacerdos,
2002 3543 2164 3599 Pater
2199 3554 2391 3597 noster.
2422 3544 2485 3597 Et
2519 3561 2581 3598 ne
2616 3560 2731 3598 nos.
2765 3547 2897 3613 Cap.
2932 3543 2971 3595 Α
3012 3552 3164 3613 porta
3195 3542 3281 3595 iu-

1696 3636 1817 3705 feri,
1850 3644 1957 3691 etc.
1996 3634 2417 3689 Revertentibns
2476 3634 2690 3688 cunctis
2741 3640 3037 3687 cantanlnr
3068 3639 3276 3701 septem

1695 3728 1909 3799 psalmi,
1938 3744 2109 3798 usque
2142 3728 2267 3781 dmn
2293 3726 2397 3782 sint
2439 3727 2489 3779 in
2521 3725 2775 3789 ecclesia,
2802 3736 2858 3779 et
2889 3734 3078 3796 pergat
3109 3739 3280 3778 unus-

1697 3820 1929 3891 quisque
1954 3820 2022 3873 ad
2051 3817 2225 3873 officia
2250 3832 2368 3872 sua.
2395 3816 2506 3872 Nec
2535 3818 2737 3871 debent
2760 3816 2904 3886 loqui
2933 3816 2984 3870 in
3016 3815 3277 3875 claustro.

1700 3927 1869 3981 usque
1896 3911 2023 3965 dum
2054 3920 2254 3966 exeant
2278 3908 2531 3973 infantes,
2557 3918 2612 3963 ct
2638 3909 2841 3971 dicant,
2881 3907 3203 3969 Benedicite,
3236 3908 3282 3961 si

1701 4010 1913 4070 tempus
1962 4000 2125 4055 fuerit
2168 3998 2443 4070 loquendi.
2508 3999 2564 4054 Si
2595 3999 2718 4067 quis
2762 4008 2946 4052 autem
2982 4013 3046 4052 ex
3082 3997 3286 4051 rnedio-

1699 4094 1883 4149 eribus
1906 4092 2441 4163 cxspiraveritcant,
2472 4090 2660 4159 quanti
2716 4089 2865 4159 prior
2899 4089 3144 4159 jusserit.
3198 4087 3287 4140 ln~

1701 4184 1879 4237 l'autes
1931 4182 2066 4237 nihil
2117 4190 2386 4252 peragunt
2439 4181 2490 4232 in
2534 4180 2636 4234 hac
2675 4179 2831 4233 hora.
2882 4177 2955 4230 De
3002 4174 3284 4231 conversis

1702 4256 1927 4343 pergant
1974 4271 2161 4341 quanti
2206 4284 2429 4324 necesse
2481 4277 2644 4331 sunt,
2703 4276 2761 4321 ut
2816 4271 3033 4336 portent
3079 4262 3283 4326 omnia,

1708 4381 1829 4434 (pne
1878 4365 1965 4419 hic
2024 4378 2259 4435 congrua
2312 4372 2482 4417 sunt:
2526 4360 2591 4415 de
2642 4359 2849 4429 reliquo
2900 4357 3101 4413 faciant
3145 4356 3289 4410 sicut

1705 4472 1885 4526 supra.

2276 4564 2505 4621 CAPUT
2545 4563 2724 4619 LXIV.

1709 4659 1785 4714 De
1825 4659 2002 4729 officiis
2050 4657 2217 4725 plenis
2258 4672 2375 4722 quae
2421 4655 2540 4729 ﬁeri
2585 4654 2764 4729 debent
2816 4662 3289 4729 propterparenfes

1779 4724 2181 4791 monac/torum,
2213 4729 2316 4779 sire
2351 4743 2446 4793 pro
2486 4724 2838 4793 [autiliurtbus
2884 4724 3073 4775 nostris
3122 4732 3199 4773 ter
3237 4726 3292 4772 in

1776 4815 1936 4854 anno.

1790 4911 1845 4966 ltt
1874 4912 2051 4981 capite
2098 4910 2539 4979 Qnadragcsimte
2568 4908 2680 4962 sive
2718 4905 2890 4975 pridie
2914 4902 3094 4957 Nonas
3138 4902 3287 4962 Julii.

1707 5020 1802 5059 seu
1828 5003 1991 5060 tertio
2018 5004 2104 5056 die
2136 5012 2253 5071 p0st
2287 5002 2636 5056 festivitatem
2683 4995 3048 5066 apostolorum
3074 4993 3215 5045 Petri
3240 5001 3295 5045 et

1710 5096 1883 5161 Pauli,
1913 5096 1995 5149 vel
2023 5096 2349 5151 Sanctorum
2390 5094 2645 5149 Omnium
2678 5090 2838 5143 tertio
2872 5090 2979 5153 die,
3009 5087 3109 5139 ltoc
3136 5084 3293 5138 modo

1708 5187 2015 5243 scribantur
2042 5188 2093 5240 iu
2121 5185 2503 5255 Martyrologio
2521 5184 2571 5236 in
2592 5180 2768 5234 fronte
2784 5179 3008 5249 paginze.
3027 5174 3084 5228 II
3108 5174 3293 5227 Nonas

1707 5279 1844 5333 Julii
1875 5279 2107 5349 officium
2132 5278 2342 5347 plenum
2372 5278 2466 5346 ﬁat
2515 5274 2696 5327 diebus
2724 5281 2912 5341 septem
2961 5285 3053 5337 pro
3095 5268 3295 5320 cunctis

1711 5368 2064 5437 familiaribus
2095 5368 2306 5432 nostris,
2336 5366 2493 5420 sicuti
2540 5363 2655 5429 ﬁeri
2688 5378 2798 5415 mos
2825 5370 2897 5412 est
2922 5375 3014 5427 pro
3042 5356 3296 5426 fratribus

1712 5461 1912 5514 naviter
1969 5457 2233 5528 defunctis
2281 5474 2298 5521 ,'
2358 5464 2403 5509 et
2462 5471 2569 5507 nua
2624 5452 2825 5505 iustitia
2879 5451 3032 5502 detur
3080 5447 3295 5515 triginta

1709 5554 1909 5606 diebus.

1784 5646 1886 5699 Pro
1912 5647 2259 5713 imperatore,
2290 5642 2380 5710 qui
2411 5642 2601 5709 dignus
2631 5637 2809 5699 fuerit,
2864 5635 2933 5688 ita
2979 5634 3247 5688 scribatur
3278 5652 3293 5685 :

1716 5736 1885 5790 Tertio
1922 5736 2051 5788 Idus
2079 5735 2211 5788 Julii
2268 5734 2521 5802 depositio
2567 5728 2745 5784 damni
2775 5727 2988 5781 flenriri
3018 5727 3296 5793 imperato-

1716 5830 1782 5881 ris
1821 5829 1951 5898 Aug.
1990 5842 2183 5882 nestrn‘
2210 5826 2469 5881 societatis
2513 5834 2556 5877 et
2600 5820 2943 5893 fraternitatis
2978 5815 3291 5877 (lturissinti,
