3834 6304
56 420 157 479 1501

109 532 275 586 Nu,er
297 524 505 586 migrare
536 512 707 578 primo
734 520 941 579 pastore
970 507 1209 577 benigno,

108 618 270 678 Scede:
296 612 383 663 ltus
411 589 607 671 compte
628 611 892 654 certarum
935 597 1164 667 Virginis
1190 595 1325 647 alme

55 702 64 773 ἓ
102 708 240 765 limit
271 695 517 755 Remmius
546 701 749 745 tantum
775 689 916 758 quod
942 687 1074 741 abba
1101 685 1385 744 secundus,

52 784 55 785 ν
106 795 293 865 Scripsit
322 787 449 843 enim
482 782 668 854 gratis,
697 782 794 839 vile
812 780 936 847 quia
967 777 1165 845 premis
1195 773 1384 843 querit.

104 885 370 958 Gregorium
394 892 568 931 nosces
595 875 659 935 de
684 872 911 928 versibus
936 870 1016 923 Itis
1040 869 1391 928 Catiuensem,

100 983 368 1034 llrammata
386 970 431 1023 si
460 966 645 1035 retegis
663 980 783 1035 qua:
814 972 937 1017 sunt
977 960 1197 1016 exordia
1227 958 1356 1013 dicti

102 1071 375 1139 Scriptorem
396 1058 598 1116 Christe
627 1052 911 1129 [Christus]
957 1055 1111 1108 donet
1139 1068 1293 1123 quem
1320 1050 1566 1105 scandere

1262 1143 1487 1215 [εωιιιιιι.

106 1249 361 1321 Presbyteri
392 1243 537 1299 Petri
561 1252 679 1298 sunt
707 1243 801 1296 hec
828 1240 1120 1310 primordia
1150 1236 1271 1289 libri
1298 1249 1316 1287 :

101 1344 257 1400 Soldos
279 1352 491 1406 namque
516 1334 693 1388 decem
724 1347 820 1402 pro
845 1331 1008 1384 cortis
1038 1327 1223 1382 obtulit
1257 1330 1385 1396 ipse.

99 1481 143 1533 ln
170 1473 361 1529 nomine
402 1468 494 1523 Dei
550 1466 745 1521 summi
798 1464 985 1535 incipit
1030 1463 1286 1535 prologus
1318 1460 1564 1531 Gregorii

47 1567 274 1639 scriptoris
301 1561 450 1629 hujus
482 1559 627 1614 libri.

99 1655 404 1713 Prudentium
461 1664 591 1703 sane
626 1648 867 1703 virorum
924 1646 990 1702 ad
1044 1646 1146 1701 hoc
1192 1660 1287 1715 per
1335 1643 1568 1699 maxime

46 1751 177 1820 viguit
205 1743 473 1806 industria,
505 1751 562 1796 ut
594 1750 903 1795 sanctorum
930 1737 1329 1808 precedentium
1354 1745 1566 1805 patrum

45 1844 292 1912 uiscerum
314 1834 679 1890 describerent
702 1839 855 1885 actus
874 1846 968 1901 per
987 1844 1111 1883 vera
1136 1826 1567 1883 vicissitudinum

46 1944 257 1999 tempora,
285 1937 549 1995 quatenus
580 1922 931 1993 sequentibus
962 1935 1056 1973 eos
1098 1917 1309 1971 illorum
1343 1917 1569 1971 victoria

46 2026 198 2078 tierent
231 2022 484 2089 impressa
533 2017 777 2087 vestigia,
831 2024 885 2069 et
927 2030 1114 2069 eorum
1146 2012 1197 2067 in
1247 2020 1567 2081 perpetuum

45 2116 213 2185 dignius
240 2112 584 2176 recoleretur,
612 2111 900 2178 cariusque
943 2108 1236 2161 haberetur
1266 2106 1421 2158 beata
1452 2120 1568 2159 nie-

47 2213 198 2263 tnoria.
215 2204 495 2275 Apostolus
520 2218 653 2258 vero
682 2202 919 2270 loquitur
943 2199 1197 2270 quoniam
1220 2213 1570 2267 qmecumque

42 2303 200 2367 scripta
229 2307 366 2365 sunt,
397 2298 464 2351 ad
502 2304 739 2350 nostram
768 2293 1068 2349 doctrinam
1101 2292 1302 2361 scripta
1333 2302 1479 2354 sunt,
1515 2302 1572 2345 ut

44 2408 117 2458 per
138 2388 423 2458 patientiam
454 2394 512 2440 et
535 2376 963 2440 censolationem
996 2385 1395 2454 Scripturarum
1422 2399 1570 2452 spem

41 2483 300 2536 habeamus.
352 2478 434 2534 0b
489 2479 592 2533 hoc
636 2478 818 2546 itaque
868 2486 1109 2548 tempora
1161 2477 1447 2546 presertim
1482 2476 1571 2531 de-

44 2575 202 2643 scripta
243 2583 359 2627 sunt
404 2575 707 2644 justorum,
750 2582 806 2625 ut
864 2584 1074 2637 nostra,
1134 2572 1259 2625 dum
1322 2570 1570 2632 viviums,

38 2666 224 2721 cautiori
252 2666 626 2736 eonsimilique
654 2665 909 2719 felicitate
939 2671 994 2717 et
1040 2663 1242 2731 absque
1279 2659 1575 2714 oll'ensione

44 2765 355 2811 transeamus.
385 2755 667 2828 Scriptum
696 2764 779 2811 est
799 2754 940 2809 enim
977 2755 1101 2825 quia
1131 2753 1377 2822 exempla
1400 2750 1575 2820 justo-

42 2863 131 2900 rum
159 2849 551 2917 procedentium
596 2864 695 2903 nos
745 2849 1015 2903 cautiores
1057 2846 1313 2910 cilicium,
1344 2860 1573 2914 quorum

40 2940 265 2994 tramitem
288 2939 383 3013 [si]
416 2941 718 3011 sequimur,
753 2941 807 2994 in
837 2940 922 2993 via
966 2955 1073 2993 non
1106 2936 1445 2991 ollemlimus.
1476 2936 1576 2989 Sa-

37 3026 160 3094 [iens
181 3030 400 3100 denique
427 3046 609 3086 mores
638 3038 811 3084 mutat
832 3031 883 3083 in
912 3039 1153 3097 tempore
1186 3028 1302 3082 sine
1324 3026 1571 3081 crimine.

39 3114 150 3171 Deus
171 3133 287 3174 vero
311 3108 400 3189 qui
435 3136 542 3175 non
589 3120 794 3183 loculis,
839 3135 939 3175 ncc
965 3120 1293 3190 temporalis,
1335 3117 1426 3174 sed
1458 3118 1576 3171 nbi-

482 395 811 455 euaconu
853 390 1156 449 MONAClll
1190 381 1702 445 PREFATlO-XES
1734 377 1825 434 AD
1856 377 2321 433 CHARTARIUM
2364 374 2747 432 FARFENSE.

1595 501 1640 557 Α
1672 494 1807 547 sime
1853 491 2225 563 predicabiles.
2258 491 2312 544 In
2354 491 2457 546 hoc
2487 506 2617 545 vero
2646 487 2935 558 presertim
2985 484 3131 553 digni
3174 482 3280 536 illi'

3112 369 3248 425 15ὂὲ

1668 584 1924 640 eil‘erendi
1955 592 2078 637 sunt
2124 581 2280 635 laude
2302 621 2316 643 ,
2363 582 2476 650 qui,
2519 581 2586 635 ad
2614 578 2919 648 exemplum
2952 572 3251 630 beatissimi

1668 674 1991 746 patriarcha:
2020 672 2270 739 Abrahtc,
2313 686 2341 724 a
2370 670 2604 740 propriis
2646 667 2929 724 domiciliis
2971 663 3254 718 disceden-

1668 776 1772 829 tes,
1794 774 1850 820 et
1870 780 1968 818 sua
1998 776 2227 834 quaeque
2251 760 2638 828 relinquentes,
2663 758 2729 813 ad
2751 767 2967 812 exteras
2990 767 3252 823 propera-

1667 864 1861 910 verunt
1889 854 2157 916 nationes,
2187 859 2454 921 quatenus
2486 848 2720 903 fructum
2746 862 2843 902 ceu
2872 839 3253 913 transplantati

1667 944 1971 1015 expeditius
2000 950 2359 1014 operarentur
2399 941 2540 1002 vitze,
2567 946 2620 994 et
2647 939 2862 1007 dignam
2907 935 3142 1005 posteris
3169 946 3255 985 rev

1668 1035 1976 1105 linquerent
2018 1036 2126 1090 vite
2155 1048 2282 1089 vere
2312 1031 2691 1088 imitationem.
2733 1028 2825 1082 Sic
2852 1039 3079 1095 presens
3102 1031 3257 1091 pater

1671 1136 1857 1181 noster
1888 1125 2056 1195 gessit
2105 1124 2187 1177 vir
2229 1121 2605 1178 sanctissimus
2660 1115 3005 1177 Laurentius,
3050 1113 3140 1181 qui
3189 1110 3255 1164 ad

1668 1215 1878 1270 Italiam
1910 1215 1979 1269 de
2008 1214 2151 1268 Sirie
2195 1214 2420 1269 veniens
2454 1208 2722 1280 partibus,
2754 1207 2863 1261 Deo
2905 1201 3067 1258 nimis
3102 1212 3258 1253 acce-

1669 1318 1794 1380 ptus
1822 1308 2004 1363 extitit
2033 1316 2088 1361 et
2113 1305 2445 1360 hominibus.
2480 1302 2727 1371 Namque
2761 1298 2887 1352 dum
2925 1289 3179 1348 maximis
3204 1288 3256 1341 in

1671 1406 1773 1459 hac
1811 1400 2086 1458 sabinensi
2116 1398 2336 1469 regione
2380 1396 2599 1451 ﬂoreret
2640 1389 2954 1452 virtutibus,
2977 1383 3259 1454 dignisque

1670 1493 1739 1548 ab
1769 1492 1914 1547 omni
1950 1488 2158 1562 populo
2187 1489 2632 1560 magniticaretur
2683 1480 3002 1539 honoribus,
3057 1472 3260 1528 relictis

1670 1586 1837 1644 seculi
1871 1583 2139 1648 universis
2191 1580 2490 1642 favoribus,
2521 1586 2576 1632 et
2623 1575 2792 1632 solius
2831 1570 2925 1625 Dei
2959 1563 3260 1623 conditoris

1672 1680 1985 1736 desiderans
2015 1676 2267 1732 insistere
2310 1672 2577 1737 laudibus,
2619 1664 2927 1724 remotioris
2971 1662 3079 1714 vite
3105 1658 3259 1727 quie-

1675 1773 1861 1841 tisque-
1881 1770 2043 1841 elegit
2093 1768 2367 1831 habitum,
2399 1764 2618 1834 capiens
2666 1760 3035 1814 imlunteututn
3073 1765 3261 1807 mona-

1604 1870 1643 1926 Β
1672 1863 1914 1925 chicmn,
1952 1867 2309 1927 sanctumque
2336 1857 2438 1911 hoc
2479 1852 2759 1914 Farfensc,
2793 1845 2991 1903 nonde
3022 1842 3257 1914 publico,

1670 1950 1978 2009 consunxit
2009 1950 2419 2005 monasterium.

1742 2040 1860 2107 Quo
1907 2038 2175 2094 autemid
2220 2035 2394 2107 egerit
2441 2043 2685 2100 tempore
2722 2045 2827 2083 non
2869 2025 3079 2096 plenius
3130 2020 3258 2076 sciri

1670 2139 1873 2199 potest,
1904 2145 2016 2201 pra:
2051 2138 2353 2197 temporum
2383 2139 2580 2192 magna
2611 2120 3005 2191 longinquitate
3046 2126 3099 2169 et
3132 2116 3259 2168 har-

1673 2223 1926 2275 barormn
1953 2228 2136 2290 postea
2162 2218 2477 2273 imminente
2499 2214 2743 2284 ejusdem
2772 2211 2874 2265 loci
2902 2207 3255 2264 dosolatione.

1673 2313 1786 2367 lloe
1812 2324 1990 2368 tamen
2022 2312 2141 2366 sine
2171 2308 2526 2380 ambiguitate
2573 2305 2842 2367 novimus,
2871 2302 2995 2371 quia
3037 2299 3177 2353 sicut
3207 2298 3259 2349 in

1673 2405 1953 2476 privilegio
1998 2402 2180 2458 domui
2210 2400 2496 2464 Johannis,
2528 2398 2581 2452 ni
2606 2396 2783 2461 fallor,
2811 2407 2947 2463 pape
2977 2391 3062 2456 V'I,
3097 2389 3264 2444 habe-

1675 2507 1782 2562 tur,
1811 2496 1953 2567 quod
1984 2493 2292 2549 venerabile
2324 2490 2715 2547 monasterium
2752 2494 2942 2542 sancte
2983 2483 3078 2537 Dei
3110 2481 3263 2551 geni-

1677 2591 1828 2645 tricis
1883 2603 2206 2659 semperque
2262 2586 2488 2656 virginis
2516 2584 2704 2646 Mario,
2746 2581 2889 2651 quod
2938 2576 3263 2634 Laurentius

1674 2682 1943 2750 quondam
1968 2680 2257 2748 episcopus
2291 2675 2596 2733 venerande
2620 2672 2900 2743 memorie,
2929 2669 2994 2722 de
3019 2666 3262 2736 peregri-

1675 2772 1759 2828 nis
1801 2772 2044 2829 veniens.
2076 2771 2127 2824 in
2164 2768 2330 2823 fundo
2358 2768 2447 2837 qni
2486 2765 2684 2819 dicitur
2722 2762 3020 2817 Acutianus
3046 2758 3263 2813 territo-

1675 2865 1739 2919 rii
1780 2862 2082 2917 sabiuensis
2112 2859 2414 2921 constituit,
2453 2866 2503 2910 et
2535 2864 2759 2925 propter
2797 2851 3103 2921 religiosam
3147 2848 3262 2916 ejus

1674 2953 2134 3007 conversationem
2167 2961 2217 3004 et
2250 2949 2415 3003 divini
2449 2947 2653 3001 servitii
2691 2946 3029 2999 sedulitatem
3066 2941 3262 2997 ibidem

1675 3059 1858 3099 secum
1910 3042 2389 3104 conversantium,
2462 3040 2576 3095 loca
2622 3039 2855 3107 quedam
2923 3045 3032 3088 tam
3081 3043 3263 3099 e‘tptn

1630 3184 1641 3189 -
1676 3151 1953 3207 quamque
1994 3151 2059 3190 ex
2093 3132 2371 3211 oblatione
2429 3129 2666 3184 ﬁdelium
2718 3125 3029 3196 acquisivit.
3059 3119 3267 3176 Sullicit

36 3222 118 3274 que
139 3224 359 3277 prazsens
390 3221 477 3265 est
518 3220 574 3265 ct
603 3213 964 3282 sempiternus
995 3221 1297 3279 permanet,
1325 3211 1573 3280 quantum

1681 3242 1808 3297 ergo
1844 3226 1971 3281 sciri
2010 3226 2078 3280 ab
2118 3224 2221 3278 hoc
2271 3218 2617 3277 sanctissimo
2664 3219 2799 3280 v'ro,
2844 3230 2949 3269 non
2982 3221 3161 3267 autem
3200 3212 3268 3262 de

36 3310 181 3354 tanien
223 3317 317 3357 suo
369 3304 679 3374 uiaticipata
730 3304 897 3359 cubui
958 3305 1027 3359 ad
1079 3318 1299 3358 suorum
1342 3304 1572 3357 salutem

35 3393 233 3449 ﬁdelium
269 3409 538 3466 oportuna
589 3398 707 3455 lora
757 3399 926 3469 eligit,
952 3414 1056 3469 que
1086 3410 1397 3453 sanctorum
1443 3397 1572 3452 inibi

30 3488 439 3540 rommorantium
497 3499 763 3558 augentur
802 3489 1010 3543 meritis
1055 3497 1110 3542 et
1144 3496 1417 3553 crescunt,
1461 3487 1576 3557 ipso

30 3573 324 3641 periit-ictuc,
358 3579 519 3633 bouis
566 3580 830 3649 plurimis.
873 3579 1069 3635 Omnis
1116 3594 1352 3648 namque
1402 3579 1571 3643 locus,

28 3673 101 3713 aut
128 3665 478 3721 habitantium
525 3668 699 3723 beatis
746 3668 955 3723 meritis
984 3679 1233 3740 augetur,
1282 3677 1376 3722 aut
1402 3668 1576 3737 culpis

30 3754 417 3825 delinquentium
458 3762 877 3817 exterminatur.
913 3761 1121 3816 Revera
1150 3761 1275 3830 quia
1296 3761 1577 3833 sepissime

30 3860 102 3911 per
130 3847 392 3905 hominem
439 3852 614 3914 locus,
658 3869 780 3906 mro
817 3864 997 3908 autem
1048 3856 1210 3909 homo
1257 3870 1355 3924 per
1401 3856 1575 3909 loeum

29 3939 286 3999 elidentur.
335 3943 602 3999 Mirabilis
643 3961 860 4015 quoque
914 3946 1056 4001 Dens
1102 3947 1155 4001 in
1188 3948 1394 4002 sanctis
1442 3948 1574 4014 suis,

29 4033 345 4095 ptmdicabilis
366 4039 534 4093 etiam
561 4047 615 4093 et
642 4040 962 4096 metuendus
988 4041 1038 4095 in
1075 4040 1331 4095 omnibus
1353 4042 1577 4095 omnino

32 4122 289 4195 locis,quia
338 4129 470 4183 dum
512 4138 823 4183 sanctorum
858 4131 911 4184 in
942 4132 1099 4185 terris
1121 4131 1326 4185 exaltat
1368 4131 1576 4185 habita-

32 4213 195 4280 tiones,
227 4218 369 4272 haud
400 4219 625 4272 dubium
658 4220 786 4288 quin
826 4221 907 4274 eis
932 4230 1165 4275 :eternas
1194 4221 1247 4274 in
1280 4220 1413 4275 celis
1458 4235 1577 4288 pres

32 4316 146 4371 paret
181 4324 243 4363 ac
274 4310 491 4365 lucidas
517 4312 844 4367 mansiones.
884 4312 1150 4379 Quotiens
1181 4312 1325 4367 enim
1367 4321 1576 4366 sancto-

34 4414 114 4451 um
144 4400 251 4455 loca
280 4402 487 4458 divinis
508 4404 560 4459 in
584 4403 821 4459 cultibus
841 4414 1128 4475 augentur,
1163 4405 1359 4467 totiens
1393 4419 1578 4458 eorum

34 4490 432 4554 [niedilicarunt
475 4508 683 4549 merces
717 4504 771 4548 et
797 4511 994 4548 corona
1046 4494 1098 4548 in
1144 4493 1319 4559 patrie
1367 4493 1581 4548 celestis

34 4580 300 4648 ’egiouibus
353 4593 699 4639 accrescunt.
748 4583 825 4638 Ve
873 4600 1087 4654 quoque
1131 4584 1234 4638 illis
1280 4598 1376 4652 per
1400 4584 1578 4638 omnia

34 4672 114 4729 rit,
138 4688 365 4740 quorum
392 4674 656 4727 industria
682 4675 845 4728 divini
872 4674 1101 4729 defectio
1131 4674 1229 4727 loci
1260 4674 1340 4727 vel
1364 4675 1579 4729 occasio

36 4762 150 4816 sterit
177 4764 558 4820 desolationis.
599 4765 706 4819 Nos
752 4775 959 4829 autem,
996 4767 1212 4827 fratres,
1255 4766 1580 4819 omnimodis

40 4867 300 4922 arcanius,
333 4871 407 4910 ne
451 4856 650 4911 nostris
700 4858 1030 4925 temporibus
1058 4856 1389 4925 negligentes
1419 4857 1470 4909 in
1501 4856 1582 4909 di-

40 4944 130 5001 luis
166 4951 589 5021 augmentandis
626 4952 787 5004 rebus
840 4951 1196 5004 inveniamur.
1235 4948 1403 5020 Magis
1454 4966 1581 5002 vero

38 5047 298 5109 alagamtts
322 5054 385 5097 ιιι
417 5053 727 5099 sanctorum
761 5056 1172 5113 augmentanzes
1201 5043 1335 5102 loca.
1372 5044 1581 5095 illorum

38 5132 311 5188 atrociniis
342 5132 998 5203 adjuvetnnr,eorumque
1025 5135 1237 5189 merit:s
1256 5149 1585 5203 coequemur

38 5221 80 5271 ui
104 5224 286 5277 omnia
320 5224 375 5277 in
426 5225 623 5278 bonum
651 5239 880 5293 operare
910 5224 1231 5278 studuerunt
1262 5234 1318 5277 et
1358 5225 1408 5277 in
1459 5239 1581 5278 vera

40 5312 97 5367 de
115 5314 322 5385 jugiter
351 5325 791 5386 pernmnserunt.
831 5316 1141 5371 Misericors
1192 5328 1372 5371 autem
1402 5326 1455 5371 et
1487 5317 1585 5369 tui-

40 5418 198 5461 :rator
243 5408 516 5462 Dominus
547 5420 695 5463 reete
725 5409 799 5462 in.
821 5408 933 5462 suis
962 5408 1222 5463 mirabilis
1262 5408 1588 5478 praedicatur

40 5496 193 5551 metis
222 5507 277 5551 et
319 5497 593 5563 ﬁdeiibus,
644 5499 694 5552 in
723 5499 919 5569 quibus
949 5515 1045 5569 per
1070 5497 1277 5567 singula
1329 5496 1441 5550 loca
1474 5497 1589 5549 sive

40 5602 232 5655 nupera
263 5599 535 5658 operatus
561 5601 642 5645 est
688 5589 953 5644 mirabilia
1000 5591 1303 5644 innumera.
1334 5588 1450 5657 ipso
1496 5590 1584 5642 de-

42 5678 155 5745 ique
184 5690 549 5749 cooperante,
583 5683 899 5736 admiranda
926 5693 977 5736 el
998 5682 1257 5750 stupenda
1283 5690 1585 5749 gthsL‘l'tltll,

42 5783 221 5825 .recta
254 5774 425 5827 nobis
467 5774 742 5843 gradiendi
776 5775 967 5829 itinera
1010 5776 1360 5843 reliquerunt,
1390 5776 1442 5827 in
1470 5775 1588 5842 qui-

42 5878 93 5917 us
122 5881 348 5938 semper
382 5877 508 5922 sunt
541 5867 827 5926 imitabilcs
864 5879 917 5925 et
950 5871 1001 5925 in
1034 5868 1286 5926 omnibus
1320 5869 1588 5924 decentis-

832 6011 855 6019 μ

1680 3322 1916 3392 publico,
1948 3321 2050 3375 hoc
2082 3329 2327 3374 sanctum
2355 3315 2639 3371 cenobium
2676 3314 2840 3367 fuisse
2868 3318 3262 3366 constructum.

1680 3412 1814 3479 Quia
1867 3426 1995 3465 vero
2063 3420 2273 3478 tempus
2324 3407 2464 3460 illius
2531 3403 2853 3459 conditionis
2908 3401 3257 3470 ignoramus,

1680 3506 1884 3560 idcirco
1917 3504 2075 3559 silere
2105 3504 2170 3557 de
2203 3503 2304 3556 hoc
2341 3500 2514 3570 magis
2562 3497 2824 3566 elegimus
2848 3509 3010 3563 quam
3060 3488 3269 3558 aliquid

1680 3593 1922 3665 proferre
1953 3593 2268 3647 metulosum
2318 3590 2400 3645 vel
2447 3587 2720 3642 frivolum.
2750 3585 2921 3639 Nobis
2942 3582 3138 3652 quippe
3170 3592 3269 3631 att-

1678 3688 1795 3741 dire
1828 3686 2167 3742 mendacium
2195 3701 2298 3739 non
2332 3681 2477 3746 licet,
2502 3688 2706 3749 quanto
2732 3678 2902 3747 magis
2931 3674 3074 3729 nullo
3103 3674 3261 3726 modo

1678 3776 1932 3830 convenit
1980 3773 2265 3844 proferre!
2324 3770 2582 3841 Legimus
2623 3779 2801 3823 tamen
2858 3767 2908 3819 in
2959 3762 3269 3819 antheutiee

1679 3865 2100 3921 constructionis
2153 3864 2293 3918 illius
2323 3862 2604 3932 praemio:
2639 3859 2761 3929 quia
2795 3855 3124 3925 temporibus
3155 3852 3268 3906 Ro-

1680 3973 1992 4021 manorum,
2036 3956 2352 4027 priusquam
2383 3953 2577 4007 Ilitalia
2605 3952 2787 4023 gentili
2814 3949 2989 4019 gladio
3023 3945 3264 4000 ferienda

1681 4048 2019 4113 traderetur,
2054 4046 2122 4100 de
2169 4045 2325 4116 Syria
2389 4045 2447 4098 Ill
2486 4044 2587 4097 viri
2643 4044 3008 4102 advenerunt,
3059 4038 3268 4091 scilicet

1685 4139 1858 4193 Ysaae
1899 4148 1954 4190 et
2000 4137 2246 4192 Julianus
2280 4145 2440 4204 atque
2481 4134 2827 4197 Laurentius,
2859 4147 2979 4185 cum
3012 4145 3106 4183 sua
3143 4144 3265 4197 ger-

1681 4245 1840 4284 mana
1880 4244 2067 4282 sorore
2113 4226 2392 4288 Susanna,
2425 4225 2491 4279 de
2540 4239 2781 4292 quorum
2821 4223 2995 4290 primo
3032 4218 3259 4270 duorum

1680 4320 1872 4375 beatus
1919 4334 2054 4389 papa
2107 4317 2401 4387 Gregorius
2447 4314 2537 4383 qui
2589 4329 2618 4366 a
2665 4314 2825 4366 beato
2873 4308 3031 4363 Petro
3086 4305 3267 4358 extitit

1683 4411 1930 4475 LXVI“,
1962 4419 2017 4464 et
2045 4418 2161 4479 post
2195 4424 2394 4465 annmn
2421 4405 2699 4460 Dominice
2726 4398 3115 4457 Iaearnationis
3142 4398 3265 4463 (365,

1687 4514 2008 4567 mensesque
2033 4514 2068 4551 tt
2100 4506 2259 4567 atque
2293 4495 2408 4550 dies
2435 4511 2527 4557 xx,
2558 4492 2850 4546 indictione
2875 4502 2963 4555 ιια,
3002 4505 3058 4542 ιιι
3091 4487 3219 4541 Non:
3244 4504 3271 4543 s

1612 4592 1939 4680 DOetobt-is
1972 4592 2022 4643 in
2072 4588 2440 4660 pontiﬁcatum
2483 4594 2565 4641 est
2591 4594 2919 4654 assumptus,
2970 4583 3271 4652 imperante

1683 4680 1900 4734 Tiberio
1924 4681 2184 4750 Augusto,
2220 4679 2298 4733 sic
2324 4679 2374 4731 in
2404 4678 2742 4746 Dialogorum
2775 4674 2868 4728 lib.
2901 4690 2984 4738 tu,
3010 4674 3169 4742 capit.
3204 4673 3271 4726 Ην

1684 4773 2012 4828 mentionem
2047 4771 2273 4835 iaciens,
2306 4770 2421 4824 ait:
2454 4789 2470 4820 ι
2508 4768 2787 4821 Prioribus
2830 4782 3043 4835 quoque
3072 4766 3272 4818 Gotho-

1686 4881 1801 4918 rum
1832 4865 2186 4932 tcmporihus,
2219 4862 2317 4915 luit
2365 4859 2516 4929 juxta
2572 4859 2917 4928 Spoletanam
2960 4858 3145 4911 urbem
3193 4856 3274 4907 vir

1685 4957 1809 5009 vita:
1838 4972 1958 5008 rem
1977 4955 2180 5019 rabilis,
2215 4953 2385 5008 Ysaac
2414 4954 2649 5014 nomine,
2684 4952 2772 5021 qni
2817 4949 3072 5019 usquead
3098 4957 3274 5000 extre-

1688 5065 1773 5101 tna
1806 5047 2102 5101 Gothorum
2141 5057 2378 5116 tempora
2430 5046 2706 5115 pervenit,
2753 5059 2911 5112 quem
2963 5050 3271 5093 nostrorum

1688 5140 1840 5193 mulli
1895 5147 2191 5204 noverunt,
2221 5148 2275 5192 ct
2328 5137 2565 5191 maxime
2601 5150 2754 5187 sacra
2801 5134 2947 5203 virgo
2990 5130 3272 5197 Gregorio,

1687 5248 1807 5301 qua:
1839 5249 1978 5285 IIIIIIC
2021 5233 2074 5285 in
2106 5233 2205 5286 hac
2250 5231 2491 5284 Itoniana
2530 5229 2684 5291 urbe,
2708 5226 2862 5296 juxta
2890 5224 3175 5279 ecclesiam
3213 5224 3271 5276 Β.

1691 5325 1857 5378 Mario
1907 5341 2119 5393 semper
2166 5322 2398 5393 Virginis
2446 5322 2667 5374 habitat.
2724 5338 2740 5369 ι
2794 5320 2857 5372 Et
2902 5326 3022 5386 post
3056 5332 3222 5387 pauca
3261 5334 3272 5368 ε

1694 5436 1711 5468 ι
1756 5416 1915 5469 Multa
1944 5428 2122 5471 autem
2151 5418 2216 5471 de
2261 5416 2448 5470 eodem
2504 5414 2638 5475 viro,
2686 5422 2941 5465 narrante
2982 5409 3273 5464 venerabili

1690 5518 1846 5579 patre
1891 5508 2219 5571 Eleutherio,
2262 5505 2475 5576 agnovi,
2514 5505 2603 5574 qui
2645 5514 2695 5557 et
2743 5503 2885 5557 hunc
2935 5502 3277 5557 familiariter

1693 5611 1939 5665 noverat,
1979 5611 2034 5655 et
2065 5602 2181 5669 ejus
2228 5598 2410 5652 verbis
2442 5597 2543 5649 vita
2586 5596 2740 5648 tidem
2784 5594 3067 5663 probabat.
3103 5611 3121 5643 ι
3181 5592 3279 5644 llic

1694 5691 1874 5758 itaque
1894 5690 2215 5743 venerabilis
2237 5687 2407 5739 Ysaat:
2427 5697 2575 5739 ortus
2604 5702 2667 5737 ex
2706 5684 2901 5738 Ilitalia
2924 5700 3024 5737 non
3046 5683 3161 5747 fuit,
3182 5683 3276 5736 sed

1693 5779 1923 5845 primum
1944 5778 2008 5829 de.
2030 5778 2186 5845 Syrio
2203 5795 2264 5845 pa
2276 5777 2441 5830 t'tibus
2461 5777 2524 5827 ad
2541 5776 2884 5843 Spolclauatu
2906 5774 3091 5828 urbem
3110 5772 3271 5825 venit.

1767 5867 2007 5921 Prudens
2033 5866 2219 5937 lector,
2246 5866 2613 5921 aninmdvcrtc
2666 5881 2784 5936 qum
2830 5864 3027 5919 fuerint
3072 5863 3276 5920 Godm-
