3864 6314
524 358 661 412 ιῦὒδ
1260 392 1263 393 ν
1310 358 1347 369 “’
1630 390 1633 393 ‹
1736 352 2143 410 -ΛΡΡΕΝΟΙΧ.

2267 354 2647 414 (ὶυιῡοΝΕΜ.
3631 360 3730 416 1508

524 582 688 638 quant
754 565 950 621 Hital‘ia
1006 564 1190 636 gentili
1249 564 1441 634 gladio
1490 564 1731 619 ferienda
1790 564 2113 617 traderetur.

521 661 749 714 Constat
777 658 941 729 igitttr
968 673 1129 727 quam
1169 666 1298 712 ante
1324 656 1518 726 prcl'ati
1569 655 1940 726 gloriosissimi
1987 671 2119 725 pon-

525 753 687 806 t.iicis
726 766 832 807 non
859 750 1130 806 modicum
1155 759 1401 820 tempus,
1428 749 1700 803 conditum
1733 756 1817 803 est
1845 757 2128 801 monaste-

525 842 666 895 rium
693 840 857 904 istud,
885 854 986 909 pro
1006 853 1075 894 eo
1087 838 1229 908 quod
1262 836 1588 892 venerabilis
1610 835 1871 891 memorie
1896 835 2118 890 Beatum

462 993 489 1009 ,θ
530 932 723 999 Ysaae,
753 920 1014 1001 collegam
1042 929 1371 985 sanctissimi
1420 929 1580 1000 hujus
1606 926 1925 983 monasterii
1979 926 2125 981 Lau-

526 1023 686 1078 rentii
718 1037 825 1077 non
863 1038 923 1079 se
945 1022 1168 1086 vidisse,
1210 1035 1309 1075 nec
1344 1020 1459 1074 suis
1486 1019 1820 1089 temporibus
1864 1019 2119 1074 extitisse

524 1113 839 1184 descripsit,
869 1112 962 1167 sed
989 1110 1261 1183 prioribus
1283 1109 1430 1164 illum
1449 1108 1748 1165 Gothorum
1779 1107 2119 1176 temporibus

528 1206 703 1260 tuisse
730 1204 968 1260 veridica
1016 1203 1281 1258 relatione
1328 1201 1602 1273 professus
1632 1214 1731 1257 est.
1777 1201 1908 1256 Nam
1941 1201 2121 1271 priora

494 1330 497 1331 ν
526 1296 827 1352 Gothorum
856 1304 1126 1365 tempora,
1162 1304 1219 1348 ut
1247 1293 1427 1348 verius
1458 1293 1605 1349 credi
1658 1302 1856 1364 potest,
1883 1293 1970 1346 illa
2003 1292 2121 1347 l'ne-

500 1370 681 1451 :runt,
717 1396 774 1441 ut
802 1388 853 1441 in
886 1386 1104 1455 scriptis
1132 1385 1393 1442 cbronice
1429 1385 1654 1440 historic
1677 1383 2123 1453 Orosiiprazsby-

529 1481 629 1533 teri
697 1479 998 1549 reperitur,
1020 1478 1240 1549 quando
1293 1488 1553 1547 regnante
1598 1478 1867 1533 Arehadio
1898 1478 2147 1547 impera-.

533 1584 676 1635 tore,
700 1585 808 1640 quo
837 1580 1080 1640 tempore
1107 1570 1427 1625 Ambrosius
1460 1568 1837 1629 Mediolanum,
1867 1568 2138 1624 Mat-tinus.

531 1678 667 1719 vero
723 1661 900 1731 (cujus
949 1659 1218 1729 gloriosus
1277 1660 1458 1713 extitit
1511 1660 1769 1714 transitus
1819 1675 1850 1712 a
1909 1658 2122 1712 Domini

531 1756 786 1825 passione
839 1767 979 1809 anno
1031 1767 1273 1817 ccrcxtt,
1331 1753 1509 1809 :etatis
1567 1762 1746 1807 autem
1792 1768 2121 1815 suerxxxt,

498 476 644 533 ‘rnm
672 475 852 544 priora
900 482 1166 543 tempora.
1208 472 1301 528 vel
1346 461 1475 540 quae.
1512 471 1902 535 ltonm‘n‘orum,
1943 469 2118 539 prins-
2145 470 2191 526 Α
2221 485 2332 524 rem
2366 468 2731 536 fastidiamus,
2757 485 2787 525 a
2814 469 3020 539 prolixa
3051 468 3362 524 narratione
3388 469 3732 541 sileantust
3814 461 3815 527 ξ

2220 574 2401 617 autem
2436 572 2680 633 tempore
2714 564 2868 634 prius
2910 563 3249 619 destructum
3279 563 3383 618 hoc
3412 562 3565 618 fuerit
3599 582 3733 621 tttoua-
3814 562 3815 599 ‘

2219 655 2465 717 sterium,
2506 655 2648 708 sicut
2671 662 2729 709 et
2754 661 3155 718 constructum,
3200 652 3533 708 manifestius
3568 655 3735 711 «τιτι-ἡδο

2218 761 2326 817 que
2372 745 2598 801 minime
2645 745 2869 811 scimus,
2925 745 3029 801 nisi
3091 753 3301 800 tantum
3345 746 3488 816 quod
3526 745 3683 816 legitur
3702 753 3735 802 in
3814 754 3815 767 ‘

2219 838 2464 907 ejusdem
2514 839 2656 896 libro
2711 838 3137 895 constructionis
3185 855 3201 891 :
3253 836 3379 907 quia
3437 846 3550 908 post
3586 838 3736 894 obitu.—

2219 932 2362 989 beati
2396 930 2496 987 viri
2535 928 2877 987 sanctissimi
2904 929 3209 993 Laurentii,
3246 944 3276 984 a
3300 928 3645 1000 Langobardi:
3670 932 3739 983 cii.

2220 1039 2578 1094 cumquaque
2620 1021 2926 1091 interiectis
2982 1020 3343 1093 ell'ugatisque
3393 1021 3736 1079 habitatoribus.

2222 1116 2369 1170 locus
2410 1116 2523 1184 ipse
2554 1113 2831 1170 desolatus
2855 1123 2911 1168 et
2936 1113 2989 1168 in
3031 1112 3381 1169 solitudinem
3411 1120 3493 1167 est
3519 1112 3736 1173 redactus;

2221 1216 2386 1277 atque
2413 1222 2508 1276 per
2540 1204 2705 1260 multa
2739 1220 3009 1261 annorum
3055 1204 3337 1261 curricula
3367 1202 3562 1271 absque
3585 1201 3738 1256 habit:-

2224 1312 2345 1357 tore
2389 1298 2716 1372 permansit,
2761 1297 2975 1353 scilicet
3014 1297 3189 1353 donec
3218 1312 3257 1352 a
3286 1294 3463 1351 Callia
3505 1293 3745 1363 Haurigm

2226 1392 2508 1465 provincia
2579 1390 2665 1445 vir
2712 1389 2825 1445 vite
2871 1389 3201 1444 venerabilis
3262 1386 3507 1451 veniens,
3565 1385 3745 1441 Thomas

2225 1482 2513 1552 presbyter
2540 1480 2607 1534 ad
2633 1478 2982 1548 sepulchrum
3026 1477 3241 1534 Domini
3292 1479 3659 1539 demorarctur,
3681 1476 3740 1527 alii

2224 1575 2535 1631 admonitus
2563 1589 2592 1627 a
2620 1570 2792 1627 Maria
2815 1586 3033 1642 semper
3060 1571 3271 1641 virgine
3300 1569 3501 1639 Deique
3526 1568 3737 1637 genitrict.

2226 1671 2291 1724 ad
2342 1668 2552 1722 italiam
2599 1679 2857 1721 reversus
2890 1673 2997 1731 est,
3030 1673 3085 1719 et
3113 1664 3215 1723 iter.
3255 1659 3745 1730 sanctumjatnde»

2229 1761 2396 1817 latum
2451 1758 2670 1831 reperiit
2721 1756 3135 1812 monasterium.
3172 1754 3347 1823 Cujus
3384 1752 3579 1809 scilicet
3597 1750 3742 1806 beatis-

533 1846 880 1917 episeopatus
941 1858 1068 1900 vero
1116 1848 1267 1914 xxvi)
1316 1845 1368 1900 in
1419 1845 1608 1901 Galliis
1657 1844 1795 1915 apud
1850 1844 2132 1915 Turonos,

2246 1856 2364 1910 simi
2400 1854 2623 1909 Thomtc
2659 1852 2855 1924 prolati
2894 1849 3108 1905 abbatis
3133 1846 3256 1902 felix
3291 1855 3351 1903 et
3375 1846 3638 1917 gloriosum
3653 1853 3741 1897 tem.

536 1943 677 2012 apud
722 1942 996 1997 Bethleem
1028 1941 1422 2010 Hieronymus,
1479 1938 1571 2007 qui
1616 1937 1846 2007 expletis
1889 1953 1974 1991 xci
2028 1936 2139 1990 vite

554 2036 732 2100 :zltlliS,
763 2035 830 2088 ad
862 2033 1137 2088 Christum
1174 2030 1447 2101 migravit,
1469 2029 1615 2084 velut
1636 2028 1812 2083 sidera
1838 2028 2136 2102 radiabant.

544 2126 873 2196 Radagisitts
916 2141 1011 2179 rex
1061 2124 1395 2187 Gothorum,
1453 2122 1544 2191 qtti
1601 2121 1800 2175 virtute
1846 2128 1902 2173 et
1943 2128 2137 2174 natura

546 2215 815 2270 luat-haras
864 2222 980 2269 erat
1017 2224 1067 2268 et
1116 2212 1354 2283 Scytha,
1410 2211 1619 2266 habens
1669 2224 1853 2265 secum
1897 2224 2031 2264 ccxc
2079 2224 2135 2262 Il.

547 2308 815 2369 homines,
846 2307 1020 2375 primo
1050 2304 1302 2360 Hitaliam
1336 2303 1660 2358 devastavit.
1708 2302 1950 2372 Itemque
1992 2309 2136 2370 post,

542 2411 800 2466 regnante
830 2400 997 2452 fratre
1025 2412 1141 2466 epis
1173 2397 1433 2462 Honorio,
1467 2395 1749 2450 lialarieus
1787 2409 1880 2449 rex
1934 2393 2141 2448 Gotho-

543 2508 663 2543 rum
705 2492 928 2545 Romam
979 2491 1199 2553 invasit,
1232 2500 1551 2559 partemque
1576 2488 1695 2557 ejus
1727 2486 1851 2555 igne
1877 2485 2142 2540 cremavit

540 2601 560 2631 ι
582 2600 666 2638 ιῖιο
687 2582 915 2638 Kalend.
966 2584 1245 2654 Septemb.
1281 2599 1424 2637 anno
1453 2580 1795 2636 conditionis.
1822 2579 1943 2645 ejus
1972 2576 2138 2641 “64;

547 2691 611 2729 re
639 2677 725 2729 die
762 2685 914 2730 sexta
963 2686 1246 2744 postquam
1278 2673 1451 2727 fuerat
1481 2674 1531 2726 itt
1568 2689 1687 2725 eam
1721 2672 2018 2739 ingressus,
2048 2669 2149 2721 «Ιυη

547 2785 560 2835 ι
589 2767 768 2821 τίθει-ιιι]
816 2768 947 2822 urbe
975 2781 1227 2837 egressus
1257 2776 1358 2827 est,
1392 2782 1514 2820 cum
1558 2762 1951 2816 luearuationis
1984 2761 2141 2813 Dom-

547 2862 665 2912 nice
688 2869 937 2930 ageretur
959 2873 1132 2913 annus
1172 2858 1296 2912 M3.

619 2968 753 3023 Tum
816 2971 974 3023 etiam
1034 2969 1171 3039 apud
1222 2968 1638 3039 Ypponiregiutn
1699 2967 2143 3055 fulgentissimus.

551 3062 824 3129 totiusque
852 3059 1080 3113 ﬂorebat
1107 3059 1365 3129 magister
1398 3058 1635 3112 lZeclesie
1661 3058 2017 3129 Augustinus,
2049 3071 2141 3126 qn;

552 3153 711 3205 tertio
771 3152 936 3225 ipsius
984 3150 1223 3206 civitatis
1272 3150 1572 3205 obsidionis
1627 3165 1832 3213 mense,
1858 3166 1909 3205 vt
1953 3158 2008 3204 et
2037 3165 2143 3203 Lxx

550 3242 673 3294 \ita'
703 3256 867 3303 anno,
897 3242 947 3294 in
971 3239 1187 3295 Christo
1227 3238 1449 3308 quievit.
1498 3238 1701 3293 Deinde
1733 3248 1925 3309 agente
1968 3254 2151 3307 presu-

552 3335 720 3386 iatutn
774 3349 993 3386 romane
1044 3332 1271 3388 ccclesie
1300 3332 1513 3394 Leone,
1562 3349 1589 3385 a
1631 3331 1925 3386 Genserico
1981 3331 2157 3385 Roma.

551 3437 706 3496 rapta
734 3436 837 3490 est,
869 3435 1150 3496 postquam
1184 3425 1357 3495 primo
1409 3440 1528 3479 cant
1564 3424 1844 3479 lialarieus
1880 3426 2151 3479 invaserat

552 3518 785 3572 H'ti'lillda
824 3516 934 3585 jam
988 3518 1136 3582 vice,
1187 3515 1419 3587 expletis
1471 3517 1540 3572 ab
1590 3534 1654 3573 co
1710 3527 1950 3586 tempore
1996 3517 2151 3570 annis

553 3624 698 3673 κων,
729 3627 757 3663 a
789 3610 1099 3665 conditione
1132 3625 1225 3663 sua
1256 3624 1354 3663 nec
1384 3618 1546 3677 atque
1583 3624 1673 3662 vut
1702 3651 1717 3671 ,
1761 3617 1811 3662 et
1859 3607 1927 3660 ab
1977 3608 2155 3661 inearq

555 3701 774 3754 natione
795 3699 991 3755 Christi
1022 3715 1280 3756 ccccu'u.
1315 3700 1441 3754 l’osl
1477 3701 1573 3752 hee
1621 3716 1770 3764 vero,
1814 3700 2150 3769 temporibus

559 3791 779 3859 Agapiti
832 3806 1005 3862 pape,
1051 3806 1192 3845 anno
1237 3791 1514 3845 Dominice
1574 3791 1974 3845 Iucarnationis
2037 3790 2142 3844 599

560 3880 726 3935 Gothi
757 3881 943 3935 urbem
976 3880 1275 3952 possident,
1298 3882 1546 3934 universa
1579 3896 1673 3951 per
1700 3883 1983 3935 circuitum
2010 3882 2173 3936 dire-'

557 3971 831 4042 ptionibus
884 3980 941 4025 et.
972 3959 1250 4043 incendiis
1277 3974 1598 4035 absumunt,
1650 3973 1848 4041 quibus
1896 3971 2151 4043 Guittigis

558 4065 846 4131 regnabat.
879 4064 996 4130 Quo
1026 4073 1263 4134 tempore
1293 4063 1349 4117 in
1377 4063 1596 4119 Oriente
1617 4050 1953 4117 J'ttstinianus
1985 4064 2157 4133 impc-

559 4156 731 4209 tabat.
770 4154 1028 4225 Denique,
1048 4154 1516 4226 canpzoGuitlige,
1537 4154 1697 4209 Cothi
1734 4154 2153 4209 llildebrandtun

561 4247 905 4300 constituunt
933 4262 1134 4317 regem,
1151 4246 1241 4314 qui
1260 4247 1423 4300 etiam
1447 4246 1635 4299 eodem
1660 4261 1803 4299 anno
1832 4244 2150 4315 perimitur;

564 4347 617 4391 et
648 4354 871 4407 regnum
902 4338 1108 4407 accepit
1140 4337 1486 4406 Erarius,qui
1515 4338 1743 4392 necdmn
1774 4352 1915 4391 anno
1938 4336 2156 4405 expleto

556 4427 855 4498 iugulatur.
887 4425 1039 4482 Tunc
1064 4426 1164 4482 sibi
1210 4426 1263 4480 in
1295 4441 1476 4495 regem
1526 4426 1811 4496 proficiunt
1841 4424 2151 4489 Baduilam,

562 4519 653 4584 qui
680 4518 959 4572 dicebatur
982 4517 1154 4572 Totila
1181 4559 1194 4583 ,
1232 4518 1322 4588 qtti
1381 4517 1618 4587 undique
1660 4517 1899 4572 exercitu
1924 4516 2155 4572 collecte

2238 1962 2339 2016 pus
2374 1961 2471 1999 nos
2514 1960 2610 2015 per
2645 1958 2820 1999 annos
2866 1940 3185 2012 pontiﬁcum
3232 1949 3287 1992 ct
3346 1947 3573 2006 tempora
3620 1950 3747 2003 regum

2242 2034 2731 2102 successioucsque
2786 2032 3063 2095 abbatum,
3119 2044 3331 2084 necnon
3390 2037 3448 2083 ct
3496 2024 3744 2101 cauniarum

2202 2190 2212 2195 _
2247 2125 2676 2194 subscriptarum
2727 2122 3050 2176 indictiones
3095 2118 3438 2174 enucleatius
3467 2126 3513 2171 et
3549 2114 3746 2185 perspica-

2240 2220 2364 2274 cius
2416 2217 2752 2287 colligentes,
2790 2215 3098 2275 invenimus
3155 2212 3323 2267 fuisse
3375 2210 3514 2265 circa
3568 2209 3728 2262 locum:
3814 2220 3815 2233 π

2243 2309 2405 2364 tionis
2439 2306 2719 2361 Dominice
2764 2320 2937 2366 annos
2986 2303 3109 2375 plus
3157 2302 3347 2359 minus
3377 2300 3500 2361 680,
3536 2298 3745 2352 indictione

2242 2417 2357 2466 vut,
2393 2410 2555 2469 atque
2586 2398 2790 2453 domini
2838 2396 3117 2450 Adeodati
3155 2390 3434 2464 pontiﬁcis
3470 2388 3747 2444 ειιιιιιιιὶιιιιμλ

2245 2509 2316 2559 ιγ,
2349 2501 2403 2546 et
2429 2490 2776 2547 Constantini
2807 2498 2859 2545 et
2885 2486 3180 2543 .lustiniani
3228 2500 3293 2540 ac
3337 2483 3547 2555 Tybcrii
3589 2480 3746 2549 Augusti

2242 2588 2331 2655 qui
2360 2583 2612 2639 Tiberius
2645 2583 3030 2651 imperatorem
3065 2578 3329 2642 Leonem,
3353 2576 3443 2645 qui
3468 2572 3747 2629 .lustZuiauutn

2244 2679 2543 2747 Angustum
2599 2674 2928 2744 projeeerat,
2970 2672 3141 2742 cepit,
3188 2679 3245 2724 et
3294 2683 3425 2723 cum
3472 2666 3679 2733 deinceps
3714 2663 3749 2713 in

2245 2769 2490 2823 costodia
2540 2767 2737 2829 tenuit,
2781 2763 3009 2831 ejusque
3062 2776 3288 2830 regnum
3341 2756 3549 2810 invasit.
3584 2752 3748 2805 Sciit-us
3814 2782 3815 2787 η

2245 2860 2588 2931 postmodum
2637 2858 2983 2912 .lustinianus
3036 2855 3313 2923 Augustus
3347 2848 3572 2923 jugulati
3606 2844 3749 2899 irritet

2247 2953 2613 3024 principatum
2642 2948 2874 3020 recepit.

2316 3044 2511 3116 Incipit
2537 3041 2815 3113 pratl'acio.

2327 3157 2384 3212 In
2416 3156 2534 3227 lege
2559 3153 2728 3210 veteri
2751 3151 2977 3222 iubetur
3006 3159 3067 3205 ut
3101 3162 3262 3204 nemo
3287 3146 3491 3204 sterilis
3513 3154 3562 3199 et
3582 3144 3624 3197 in
3645 3136 3753 3195 israd

2254 3264 2438 3303 semen
2486 3262 2592 3302 non
2636 3245 2951 3314 relinquens
2988 3241 3320 3303 inveniatur,
3383 3254 3452 3293 ne
3490 3250 3607 3307 pen:
3643 3231 3752 3286 ..ωδ
3814 3296 3815 3299 η

2256 3328 2511 3396 ιιίοιὶόιιὶε
2542 3337 2827 3393 multetur.
2873 3335 2930 3390 In
2980 3348 3119 3388 nova
3156 3345 3379 3403 quoque
3404 3329 3565 3401 gratia
3590 3326 3753 3393 idipsum

2251 3431 2611 3501 spiritualiter
2636 3431 2881 3493 docetur,
2918 3441 2989 3481 ue
3017 3425 3195 3481 arbor
3225 3423 3556 3479 infructuosa
3589 3413 3755 3486 repetite
3814 3414 3815 3431 ἶ

2255 3535 2363 3588 tur,
2392 3532 2446 3578 et
2490 3538 2557 3578 ne
2585 3538 2615 3575 a
2658 3521 2890 3577 Domino
2938 3519 3197 3574 talentum
3245 3514 3755 3575 servotraditumprc-

2253 3594 2497 3669 sentibus
2544 3612 2615 3670 ab
2657 3626 2722 3666 eo
2768 3610 3161 3674 abscondatur,
3210 3607 3307 3663 sed
3340 3617 3402 3662 ut
3439 3606 3489 3662 in
3516 3598 3759 3657 intumuit

2202 3778 2205 3781 γ
2256 3705 2565 3777 augmentis
2610 3705 2720 3760 Deo
2755 3704 2971 3775 placitis
3003 3702 3119 3763 utili
3156 3698 3414 3771 proﬁciat
3449 3694 3677 3755 doctrina,
3706 3700 3757 3738 η·

2257 3796 2560 3866 linquatur.
2614 3795 2812 3850 Beatus
2843 3810 2974 3865 ergo
3025 3792 3117 3863 qtti
3150 3792 3264 3846 dies
3306 3805 3442 3845 suos
3472 3802 3569 3842 non
3594 3781 3757 3851 scgnil"

2255 3899 2348 3943 aut
2392 3903 2551 3952 vane,
2606 3889 2699 3942 sed
2746 3886 2975 3940 sollicite
3015 3883 3433 3955 pertransierit,
3469 3890 3522 3936 et
3557 3879 3754 3933 insanus

2255 3977 2498 4033 Ecclesia
2537 3977 2839 4033 doctrinam
2873 3976 3036 4044 digne
3066 3973 3321 4028 utilitatis
3356 3981 3420 4029 et.
3449 3964 3761 4025 fructuarium

2256 4068 2595 4138 operationis
2643 4082 2940 4137 semenque
2978 4081 3108 4137 vere
3144 4063 3472 4119 hereditatis
3497 4055 3686 4129 posteris
3708 4066 3759 4101 rt-

2258 4162 2511 4232 liquerit,
2533 4162 2585 4214 in
2614 4161 2812 4231 quibus
2842 4159 3061 4214 assidue
3103 4167 3321 4211 creator
3369 4153 3597 4209 omnium
3625 4144 3759 4201 mlitu-

2258 4256 2416 4327 detur
2464 4256 2626 4317 Deus,
2662 4261 2719 4305 et
2748 4252 2945 4306 bonum
2972 4247 3252 4318 opet'autis
3289 4258 3505 4300 merces
3527 4234 3761 4295 inetiam?
3814 4268 3815 4273 η

2259 4346 2489 4419 geatur!
2534 4344 2703 4416 liuius
2751 4342 2843 4396 Dei
2887 4340 3061 4412 gratia
3108 4339 3290 4393 divina
3338 4334 3623 4405 inspirante
3656 4334 3760 4390 atqui

2261 4418 2677 4505 administrante
2706 4431 3017 4493 clementia,
3059 4446 3160 4500 ego
3196 4427 3423 4485 intimus
3457 4418 3757 4509 arenarum!

2260 4540 2590 4604 ctpcccator
2615 4525 2939 4598 Gregorius,
2962 4533 3022 4578 ut
3045 4524 3147 4577 hoc
3172 4520 3497 4592 perlicerent
3518 4526 3635 4604 opus
3656 4506 3763 4604 nimii

566 4624 779 4663 rursum
810 4610 1118 4664 universam
1157 4610 1363 4665 ltaliant
1395 4610 1675 4675 invadunt,
1709 4610 2004 4678 urbemque
2054 4609 2150 4664 ob-
2186 4580 2236 4641 υ
2263 4580 2533 4675 mimum
2584 4615 2703 4689 (δίε)
2726 4580 2987 4686 ἒιιεεθεεί
3029 4580 3229 4667 (ιοιιιιῖο
3272 4607 3512 4664 Bel-aruo
3536 4598 3761 4689 abbati?!-

550 4757 771 4805 asessam
794 4750 925 4828 post
963 4735 1059 4843 Χξξι
1102 4746 1223 4802 dies
1248 4744 1592 4811 introierunt,
1624 4744 1959 4817 temporibus
1978 4742 2167 4815 V’igili't

531 4824 705 4987 ipape
733 4912 786 4967 et
809 4900 1102 4958 Iustiniani
1136 4903 1499 4973 imperatoris,
1530 4905 1738 4960 scilicet
1762 4913 1881 4976 post
1906 4903 2160 4960 incauta.

568 4993 1048 5071 tionis$Dominice
1080 5009 1251 5050 annos
1310 4995 1437 5058 540,
1468 4995 1655 5051 ittdict.
1686 5010 1805 5050 xut.
1836 4995 1919 5051 Ab
1944 4995 2153 5050 Archa-
2204 5056 2207 5059 ,

570 5084 659 5139 dio
692 5086 875 5156 itaque
922 5103 1049 5158 rege
1092 5102 1266 5158 usque
1312 5103 1376 5142 ac
1421 5087 1699 5143 Iustinum
1744 5086 2159 5152 tninorem,sub

570 5178 680 5247 quo
717 5177 915 5234 Narses
945 5179 1316 5236 Romanorum
1362 5180 1623 5251 patricius
1668 5195 1797 5233 eum
1833 5178 2033 5244 Totila,
2064 5192 2161 5234 no.-

567 5271 792 5325 \issimo
827 5270 1129 5327 Gothorum
1158 5288 1304 5343 rege,
1332 5272 1596 5327 dimicans
1630 5287 2000 5342 superansth
2030 5269 2160 5325 emt-

572 5362 741 5432 givit,
770 5363 895 5417 anni
929 5374 1052 5419 sunt
1097 5363 1213 5418 fere
1253 5380 1556 5419 CLxxxvnt.
1601 5363 1709 5427 llee
1749 5363 1870 5416 ideo
1898 5360 2167 5431 prolixius

575 5455 939 5522 narravimus,
989 5467 1049 5509 ut
1081 5457 1262 5526 priora
1313 5456 1611 5512 Gothorum
1665 5467 1928 5524 tempora,
1960 5468 2064 5523 que
2092 5454 2162 5507 ob

580 5547 954 5599 narrationem
976 5547 1117 5601 beati
1150 5536 1456 5612 Laurentii,
1505 5547 1663 5619 hujus
1711 5544 2023 5600 monasterii
2063 5543 2161 5596 ab-

573 5631 737 5697 batis,
771 5637 971 5707 college
1001 5637 1176 5691 sancti
1212 5640 1406 5704 Ysaac,
1439 5636 1593 5707 cujus
1621 5635 1997 5692 sanctissimus
2026 5649 2162 5704 papa

576 5725 873 5795 Gregorius
936 5732 1266 5788 mentionem
1314 5730 1443 5785 fecit
1494 5745 1656 5800 quam
1708 5726 2165 5806 interppsuimus,

492 5871 496 5875 .
580 5830 795 5888 tempus
842 5832 1000 5891 prout
1048 5823 1322 5893 potuimus
1367 5821 1751 5887 edisserantus,
1778 5820 1871 5875 scd
1900 5835 1964 5874 uc
1994 5817 2167 5872 let-tua

2268 4711 2485 4769 steriori
2518 4683 2892 4780 ct‘przecipuis
2936 4702 3278 4767 senioribus;
3328 4706 3386 4755 et
3428 4702 3603 4769 (quant
3624 4683 3759 4781 orti”
3790 4730 3791 4735 η

2266 4816 2493 4872 qumque
2515 4778 2814 4871 spiritualis
2834 4795 3009 4867 patris
3023 4794 3286 4849 debemus
3309 4778 3761 4875 perticereittssitlfu

2262 4905 2427 4965 atque
2457 4893 2543 4951 uti
2580 4901 2830 4948 tenemus
2851 4887 3189 4949 ﬁrmissime,
3214 4895 3270 4940 et
3298 4881 3567 4939 intellectu
3728 4878 3760 4917 ιι

2266 4962 2365 5043 ιιοέ
2404 4986 2548 5041 Deus
2586 4982 2936 5054 omnipotens
2969 4977 3243 5033 divinitus
3273 4962 3761 5044 ἱηςρῖι-εινίιαωύἱΰδ

2273 5078 2582 5142 verissime,
2625 5074 2819 5131 melius
2864 5082 2946 5127 est
2982 5071 3207 5125 obedire
3244 5080 3405 5139 quam
3436 5056 3761 5118 sacriﬁcate.“

2270 5173 2361 5243 qui
2392 5172 2532 5243 patri
2580 5185 2686 5225 non
2718 5168 2903 5223 obedit
2940 5164 3229 5235 Spiriutali.
3264 5154 3552 5217 Samuhele

2271 5267 2521 5328 docente,
2572 5258 2865 5314 didicimus
2906 5258 3040 5325 quia
3075 5255 3237 5315 thura
3268 5250 3509 5308 immolat
3534 5244 3625 5302 diis

2267 5355 2409 5426 quod
2426 5364 2509 5409 est
2520 5353 2682 5408 etiam
2698 5360 3005 5420 apostatare
3018 5366 3047 5403 a
3066 5349 3173 5402 Deo
3191 5357 3240 5401 et
3263 5353 3534 5418 Ρεεθδωω
3548 5328 3755 5426 “W;

2272 5420 2341 5487 :—
2372 5446 2491 5499 ideo
2539 5442 2771 5511 denique
2799 5440 3147 5509 bocimpium
3197 5449 3252 5494 et
3296 5420 3755 5511 detestabilelittiltIl

2271 5534 2605 5592 omnimodis
2630 5547 2827 5588 cavere
2859 5531 3105 5601 cupiens,
3143 5537 3433 5598 sancteque
3469 5520 3629 5592 aliquo

2274 5629 2358 5684 vel
2406 5627 2790 5699 cooperatione
2846 5625 3163 5683 desiderans
3190 5631 3244 5677 et
3277 5636 3404 5675 vere
3447 5600 3751 5707 interitu-.051“

2276 5719 2527 5786 dientie),
2580 5719 2919 5789 postmodum
2975 5715 3190 5785 prolato
3222 5723 3369 5784 patre
3413 5720 3466 5765 et
3504 5703 3679 5770 reliquis
3704 5704 3748 5741 *

2283 5810 2531 5867 uioribus
2560 5853 2571 5863 .
2620 5810 2831 5882 suscepi
2879 5807 3237 5867 libentissim:
3285 5802 3438 5871 hujus
3488 5792 3639 5867 operis
3670 5789 3749 5837 Ol“
