3864 6314
447 341 582 399 15οῚ

443 461 666 533 alligare
702 459 913 529 juheat.
958 462 1297 528 Salutantes,
1329 470 1384 516 et
1419 459 1866 517 commendantes
1924 473 2024 513 nos

440 553 718 608 sanctitati
756 565 963 619 vestro,
986 554 1222 623 petimus
1247 561 1306 607 ut
1334 567 1433 622 pro
1457 552 1613 606 nobis
1638 565 1797 605 orare
1835 550 2022 621 digne-

511 689 622 757 (86)
640 689 1011 759 Suspicionem
1036 691 1272 758 aliquam
1298 690 1543 745 confictae
1571 689 1744 744 serius
1776 687 2017 757 epistolae

441 760 556 813 Iuec
579 760 709 813 mihi
738 771 974 814 moveut.
1005 760 1070 815 Ut
1097 763 1224 830 quid
1253 763 1396 815 enim
1433 759 2017 830 petere,nt'ﬂomanus

435 830 682 911 pontifex
712 830 1368 911 Farfensibus_epis_tolam
1411 833 1552 911 hanc
1595 830 1818 911 _reddat,
1851 844 2014 897 quam

434 900 535 973 ipsi
574 900 642 954 ab
669 915 733 955 eo
756 902 858 955 lem
888 900 1153 957 Faroal.:o
1177 906 1311 958 duce
1346 903 1563 958 brevius
1594 902 1890 970 impetrare
1923 914 2014 971 po-

1729 337 2049 395 MllBONlS
2090 338 2538 413 SCllOLASTlCl

3561 344 3670 400 1308

2131 348 2538 413 υιιυιτιδιιω
3561 348 3670 400 13η

2131 457 2282 511 mini.
2310 455 2439 510 Post
2461 465 2641 513 autem
2670 455 2866 512 reiecta
2895 455 3155 527 epistola,
3194 457 3420 526 petimus
3440 466 3675 512 uteoruni

2130 546 2458 602 monasterio
2491 547 2751 603 reddatur
2780 545 2892 618 (86)
2923 562 3020 618 pro
3043 557 3301 615 perpetua
3330 548 3623 601 securitate.

2126 684 2345 736 terant?
2386 681 2695 737 l’osteriora
2751 689 3002 749 tempora
3049 680 3355 749 exemplum
3412 679 3563 745 huius
3612 680 3676 731 rei

2123 754 2472 821 suppeditare
2513 761 2763 821 possunt.
2800 751 3000 806 Nescio
3031 768 3099 805 an
3133 759 3188 805 et
3226 751 3317 805 illa
3355 749 3546 803 mula
3570 749 3678 818 quid

2121 824 2296 879 simile
2331 824 2617 879 ostendere
2644 822 2872 893 possint.

441 1026 3687 1077 Μ

1723 1196 1891 1239 ANNO
1936 1195 2167 1239 υοωῐκι
2196 1196 2331 1240 MXC

949 1327 1597 1559 ᾼΒΙΒΟ
1716 1328 2007 1557 Sgt

2120 1325 3135 1559 QLASTICUS

1392 1616 1921 1735 MUSICA‘
2004 1615 2681 1731 ARIBONIS

1172 1868 1331 1939 (Dom
1361 1866 1641 1928 Camer,
1672 1868 1967 1936 Scriptores
1986 1866 2323 1921 ecclesiastici
2357 1868 2430 1921 De
2459 1868 2677 1932 musica,
2717 1865 2783 1931 Il,
2812 1864 2960 1933 197.)
3070 1910 3098 1929 .

1776 2154 2351 2249 MONITUM

500 2347 757 2402 Aribonis
802 2347 1111 2403 scholastici
1143 2346 1405 2401 musicam
1434 2346 1500 2400 ad
1529 2344 1911 2416 Ellenhardum
1942 2344 2255 2416 episcopum
2288 2341 2714 2416 Frisiugeusem.
2754 2359 2913 2413 quem
2946 2360 3038 2399 an.
3073 2346 3232 2409 1078,
3260 2348 3479 2402 abiisse
3515 2348 3693 2416 probat

427 2416 495 2473 P.
533 2418 760 2473 Carolus
788 2417 1152 2473 Meichelbeck
1181 2418 1231 2472 in
1266 2417 1503 2472 Historia
1530 2414 1885 2485 Frisingensi,
1913 2412 2505 2468 ex’cod.’Admoutensi
2535 2429 2658 2467 saec.
2697 2412 2784 2467 ιιι
2811 2416 3040 2484 primum
3070 2417 3121 2470 in
3148 2417 3324 2471 lucem
3358 2412 3686 2485 proferimus.

427 2488 756 2558 Fragmenta
796 2489 1041 2558 qumdam
1080 2486 1238 2555 hujus
1264 2488 1443 2558 operis
1476 2487 1528 2539 in
1561 2488 1750 2540 codice
1788 2484 2691 2558 Sun-Ettiutera_ttensireperimus,
2730 2500 2849 2555 quae
2896 2485 3020 2558 suis
3043 2486 3177 2541 locis
3220 2484 3551 2541 contulimus
3579 2503 3688 2540 cum

426 2551 686 2613 Adtuonl.
728 2551 882 2627 Apud
938 2551 1265 2627 anonymnm
1302 2551 1680 2611 'Melliccuscm
1712 2564 2043 2609 memoratur
2072 2551 2240 2607 Aribc
2291 2551 2563 2627 ¢_Cirinus
2602 2551 2838 2627 musicus
2877 2557 3150 2627 musicam
3195 2558 3510 2626 scripsisse,
3541 2574 3687 2625 quam

425 2636 654 2696 propter
700 2624 818 2694 ejus
850 2624 1118 2681 mensura:
1151 2628 1486 2680 celeritatem
1539 2640 1790 2695 capream
1848 2628 2181 2692 nuncnpavf.
2214 2624 2497 2696 :_\'clocius
2538 2625 2704 2683 enim,
2742 2625 2934 2693 inquit,
2978 2626 3256 2689 currebat,
3288 2624 3410 2680 cum
3467 2624 3692 2680 venabat-

425 2693 571 2767 eam,
605 2693 739 2767 quia
764 2698 1017 2753 voluntas
1046 2697 1138 2751 Dei
1176 2697 1303 2759 fuit,
1338 2707 1395 2750 ut
1431 2698 1543 2767 cito
1571 2693 1704 2749 mihi
1734 2704 2065 2767 occurreret
2103 2694 2244 2761 quod
2288 2693 2562 2767 volebam,
2603 2714 2620 2744 ι
2667 2704 2723 2747 ιιι
2773 2696 2972 2748 habent
3008 2696 3281 2767 Arihonis
3316 2697 3482 2750 verba
3541 2697 3688 2748 infra.

427 2765 560 2839 Quae
584 2764 748 2839 porro
778 2782 1082 2839 anonymus
1109 2770 1212 2822 iste
1242 2783 1307 2822 ex
1335 2781 1401 2821 eo
1431 2766 1588 2839 affert
1618 2766 1791 2839 (his.
1821 2764 2299 2839 Wilhelmo,_quod
2318 2765 2629 2839 fistularum
2673 2781 2865 2839 noram
2904 2780 3214 2839 mensuram
3239 2766 3307 2839 ab
3331 2782 3396 2820 eo
3426 2768 3689 2839 inventam

425 2845 482 2890 et
511 2835 736 2891 Ariboui
772 2835 1151 2892 transmissum
1182 2839 1394 2899 attinet,
1437 2837 1490 2891 in
1528 2837 1642 2904 ipso
1669 2835 1960 2890 Wilhelmo
2002 2835 2396 2890 desiderantur.
2445 2836 2499 2890 ld
2532 2836 2656 2889 hinc
2682 2836 2929 2889 evenisse
2970 2837 3393 2891 existimandum
3418 2848 3529 2902 est,
3560 2837 3691 2905 quod

428 2907 635 2976 passim
668 2908 961 2978 scriptores
987 2905 1261 2961 Wilhelmi
1296 2906 1557 2961 musicam
1586 2905 1959 2975 imperfectam
2000 2920 2118 2959 esse
2148 2906 2355 2960 dicant.

495 3134 707 3189 Domno
736 3146 836 3185 suo
880 3131 1239 3186 Eussuanno
1274 3130 1566 3201 prtesulnm
1600 3126 1917 3198 dignissimo
1957 3126 2007 3179 iu
2044 3122 2084 3179 Β
2114 3123 2378 3179 elementa
2427 3123 2654 3179 lucidius
2684 3133 3048 3193 apparuerunt
3075 3125 3307 3180 discreta
3358 3126 3548 3183 relicto
3580 3127 3693 3181 sinu
3858 3142 3859 3197 ι

422 3225 677 3281 universa
727 3237 935 3277 morum
983 3223 1265 3276 honestate
1312 3220 1599 3291 praeclaro,
1647 3220 1839 3282 Antea,
1890 3234 2011 3288 qua:
2112 3214 2401 3287 primitirte
2457 3217 2811 3273 confusionis.
2850 3217 3137 3288 Dispositis
3187 3220 3484 3288 separatim
3532 3221 3696 3288 tropis
3858 3216 3859 3229 ‘

422 3316 753 3389 praeparavit
782 3315 921 3370 Deus
950 3313 1300 3382 diligentibus
1329 3328 1409 3367 se.

495 3408 805 3464 Literarnm
835 3422 1075 3461 mearum
1102 3404 1263 3459 Pater
1286 3413 1340 3459 et
1372 3404 1486 3459 Due
1517 3402 1838 3459 venerabilis
1878 3416 2011 3471 prte-

422 3503 615 3558 sentiae
650 3511 836 3557 vestra
887 3514 1072 3569 quteso
1099 3507 1459 3569 praesentctur
1506 3498 1746 3568 dignatio
1772 3536 1787 3561 ,
1838 3496 2010 3550 donec

419 3597 642 3653 auribus
678 3595 1066 3651 misericordiae
1108 3594 1440 3664 percipiatis,
1486 3592 1615 3661 quid
1657 3604 1808 3643 meus
1851 3587 2010 3640 stilus

419 3703 696 3759 pannosus
729 3686 980 3742 videlicet
1024 3684 1226 3740 referat
1277 3684 1507 3755 legatus.
1533 3683 1635 3749 Qui
1689 3681 1815 3734 licet
1859 3688 2009 3733 veste

420 3778 645 3847 nuptiali
677 3793 782 3832 non
834 3780 1017 3842 intret,
1052 3776 1202 3845 prius
1250 3786 1464 3841 tamen,
1510 3776 1769 3844 deprecor
1813 3772 2007 3827 iterum

420 3874 586 3935 atque
617 3867 837 3932 iterum,
869 3881 976 3921 non
1008 3866 1387 3931 abhorreatnr,
1420 3879 1584 3935 quam
1609 3878 1762 3917 suam
1790 3862 2012 3932 legatio-

419 3969 543 4008 nem
576 3964 944 4024 repraesentet.

493 4044 629 4099 Cum
687 4060 915 4100 summa:
960 4045 1281 4115 capacitatis
1320 4045 1372 4098 iu
1421 4043 1637 4098 musica!
1687 4042 2010 4097 monochor-

420 4134 585 4205 diqne
631 4134 752 4189 sitis
788 4134 987 4205 regulis
1032 4143 1092 4188 ut
1133 4133 1525 4190 cantilenarum
1575 4142 1880 4188 vestrarum
1919 4134 2011 4189 oh-

421 4235 640 4281 servata
670 4226 948 4298 diligentia
998 4225 1202 4282 aﬂ‘atim
1232 4227 1385 4282 vobis
1436 4226 1723 4296 perhibent
1765 4228 2009 4282 teSIimo-

416 4316 540 4384 nia;
564 4319 880 4389 praesumpsi
908 4333 1007 4374 vos
1033 4318 1234 4390 eligere
1275 4318 1327 4373 in
1361 4316 1602 4386 judicem
1635 4316 2003 4383 Palemonem,

414 4407 483 4461 ad
523 4406 800 4477 cujusdam
843 4408 1213 4475 theorematis,
1243 4410 1297 4464 id
1335 4420 1437 4474 est,
1466 4409 1850 4481 speculationis
1879 4425 2006 4479 per-

413 4497 745 4566 ceptionem.
770 4501 902 4557 Post
938 4502 1206 4558 seriarum
1256 4515 1439 4555 rerum
1464 4498 1789 4555 laboriosam
1823 4499 2005 4554 inten-

414 4585 646 4651 sioncm,
681 4588 734 4642 in
785 4588 907 4645 istis
946 4589 1235 4661 aliquando
1277 4588 1431 4660 quasi
1491 4588 1599 4642 ludi
1637 4586 2002 4644 blandientem

415 4678 659 4735 habeatis
690 4680 1094 4739 remissionem.

640 4769 719 4825 De
761 4773 1151 4843 quadripartito
1188 4772 1559 4829 modemorum
1589 4774 1786 4843 ﬁgura.

486 4860 584 4916 Est
616 4863 866 4932 qumdam
904 4862 1297 4933 quadripartita
1343 4863 1511 4935 figura
1557 4865 1831 4920 modernis
1866 4866 2002 4920 adeo

411 4953 765 5016 Venerabilis,
791 4963 849 5007 ut
877 4954 1203 5023 paucissima
1233 4953 1349 5010 sine
1372 4971 1437 5010 ea
1467 4957 1578 5011 sint
1608 4957 1997 5012 monochorda.

412 5044 546 5113 Qua:
570 5046 649 5102 ita
679 5047 1036 5116 construitur,
1075 5056 1137 5103 ut
1166 5064 1270 5102 una
1306 5051 1479 5105 series
1509 5050 1668 5119 primi
1701 5049 1918 5105 insimul
1947 5057 2004 5104 et

412 5136 637 5191 secundi
687 5137 799 5194 toni
839 5153 1149 5194 mensuram
1201 5142 1514 5207 contineat,
1570 5140 1805 5196 secunda
1856 5140 1999 5195 tertii

410 5228 713 5296 etqnarti,
759 5230 919 5286 tertia
950 5230 1125 5300 quinti
1152 5240 1210 5288 et
1239 5233 1417 5298 sexti,
1459 5243 1649 5304 quarta
1687 5232 1900 5303 septimi
1945 5242 2002 5288 et

411 5319 613 5375 octavi.
642 5320 809 5389 Cujus
840 5322 1124 5393 dispositio
1152 5340 1261 5380 non
1302 5325 1507 5382 ultimae
1533 5325 1824 5380 famulatur
1851 5339 2001 5380 com-

415 5408 686 5466 meditati.
738 5411 873 5467 Nam
929 5417 1071 5471 sicut
1119 5426 1240 5486 post
1283 5415 1587 5472 abeccdarii
1650 5415 1741 5471 iud
1762 5424 1998 5469 scrctam

412 5502 830 5575 generalemque
861 5506 1057 5561 seriem
1099 5508 1409 5579 specialiter
1430 5517 1591 5564 erant
1633 5504 1998 5561 COfltlllflafide

2110 3309 2413 3365 evidentius
2454 3310 2762 3376 intuemur,
2801 3310 3034 3381 qualiter
3061 3319 3251 3381 protus
3278 3326 3403 3366 cum
3435 3327 3536 3366 suo
3563 3314 3693 3367 sub.

2105 3400 2269 3471 jugali
2306 3412 2516 3458 constet
2543 3403 2715 3473 prima
2745 3404 3015 3474 gravium,
3039 3404 3092 3459 iu
3134 3405 3198 3459 Α.
3232 3405 3408 3475 prima
3457 3404 3693 3460 finaliqu

2112 3492 2164 3545 in
2211 3492 2274 3546 ῐ).
2314 3493 2628 3549 Distiuctius
2668 3510 2885 3565 quoque
2917 3496 3195 3559 videnms,
3244 3497 3519 3565 quomodo
3555 3496 3695 3552 [leu-

2113 3590 2261 3638 terns
2280 3598 2403 3637 cum
2431 3597 2531 3639 suo
2562 3583 2716 3654 plaga
2760 3593 3109 3639 construatur
3144 3585 3381 3640 secunda
3426 3586 3691 3657 gravium,

2111 3682 2343 3730 secunda
2399 3675 2681 3742 finalinm,
2729 3676 2967 3730 secunda
3024 3676 3409 3745 superiorum,
3462 3679 3693 3733 secunda

2110 3766 2519 3833 excellentium,
2572 3767 2623 3820 in
2676 3767 2738 3821 Β.
2769 3766 2828 3821 Ε.
2859 3766 2925 3833 Β.
2954 3781 3005 3833 e,
3037 3766 3319 3833 Quomodo
3363 3769 3526 3824 tritus
3574 3784 3697 3825 mm

2110 3854 2304 3924 plagali
2333 3856 2699 3910 constituatur
2733 3857 2989 3911 omnibus
3032 3855 3223 3918 tertiis,
3268 3856 3321 3911 iu
3368 3856 3434 3912 C.
3474 3857 3538 3912 F.
3566 3873 3618 3912 c.
3653 3858 3689 3911 f.

2111 3945 2358 4011 Qualiter
2396 3947 2667 4003 letrardns
2704 3946 2918 4017 sibique
2961 3947 3115 4018 plaga
3155 3946 3483 4016 suhjnnctus
3524 3950 3695 4018 dispoo

2112 4047 2310 4092 uantnr
2338 4054 2406 4094 ex
2430 4040 2683 4095 omnibus
2720 4040 2952 4109 quartis,
2982 4048 3175 4109 quarta
3220 4040 3498 4109 gravium,
3540 4041 3592 4095 in
3632 4041 3695 4094 1).

2110 4143 2231 4197 qua:
2258 4138 2344 4184 est
2370 4129 2600 4199 duplicis
2635 4140 2880 4185 naturae:
2912 4130 3038 4201 quia
3064 4130 3202 4185 sicut
3229 4141 3311 4186 est
3353 4142 3552 4202 quarta
3578 4148 3693 4203 gra-

2111 4221 2275 4289 vium,
2318 4222 2391 4276 ita
2427 4230 2510 4278 est
2553 4224 2726 4293 prima
2762 4223 3026 4280 finalium.
3056 4226 3186 4295 Qiue
3210 4227 3397 4281 omnia
3446 4226 3693 4281 lucebunt

2111 4312 2164 4366 in
2209 4313 2590 4382 sequentibus,
2635 4329 2758 4368 cum
2798 4318 2865 4370 de
2906 4326 3182 4387 troporum
3225 4317 3691 4372 tetrachordorum

2109 4405 2486 4476 principalium
2528 4409 2854 4463 chordarum
2901 4420 3093 4465 natura
3136 4411 3479 4467 disseremus
3531 4411 3693 4465 abun-

2110 4496 2345 4561 dantius,
2379 4499 2505 4568 quia
2536 4513 2778 4569 prmsens
2810 4509 3072 4557 tractatus
3118 4502 3501 4571 prineioaliter
3526 4502 3695 4558 estde

2107 4587 2499 4658 quadripartita
2537 4591 2710 4663 figura
2738 4591 3168 4662 prtetitulaudus.

2553 4684 2629 4739 De
2662 4685 2785 4740 t‘itio
2809 4686 3229 4757 quadripertitam

2176 4774 2273 4830 Est
2304 4782 2486 4831 tamen
2527 4776 2728 4845 aliquid
2768 4777 2820 4831 in
2859 4778 3050 4831 eadem
3092 4778 3300 4848 figura,
3341 4781 3494 4848 quod
3547 4778 3691 4841 mihi.

2106 4871 2165 4917 ut
2193 4864 2369 4919 minus
2391 4866 2609 4935 sapiens
2637 4866 2781 4931 (lico,
2808 4883 2914 4921 non
2943 4866 3149 4921 videtur
3179 4884 3357 4938 usque
3385 4869 3453 4923 ad
3480 4869 3685 4924 fundunt

2105 4955 2321 5024 penitus
2349 4971 2471 5013 esse
2499 4958 2807 5027 limpidum.

2513 5051 2795 5106 Adteutnm
2824 5052 2952 5122 facit
2980 5053 3277 5123 primatem.

2178 5141 2293 5196 lluc
2342 5151 2496 5211 pater
2541 5143 2814 5198 auriculas
2850 5156 3109 5200 converte
3146 5145 3435 5215 benignius
3488 5147 3681 5203 ambas.

2109 5232 2217 5289 llas
2245 5235 2438 5305 prassnl
2478 5250 2645 5306 nugas
2673 5228 2942 5291 meditans
2966 5237 3044 5291 sis
3069 5245 3212 5290 totus
3240 5237 3293 5290 in
3325 5237 3453 5292 illis.

2358 5326 2611 5382 Homines
2644 5330 3018 5399 reprehendere
3045 5330 3447 5399 degenerant“.

2177 5416 2365 5473 Solent
2390 5418 2637 5473 homines
2664 5419 2953 5474 admodum
2986 5418 3319 5490 improbare,
3351 5435 3481 5475 cum
3514 5421 3681 5473 videat

2107 5510 2338 5580 aliquem
2382 5512 2450 5567 de
2494 5522 2779 5579 parentum
2827 5511 3028 5566 virtute
3070 5512 3422 5581 degenerare.
3477 5511 3677 5565 Sciam

338 5638 357 5643 ν
416 5592 651 5660 vocales,
702 5597 1089 5664 semivocales,
1146 5611 1338 5669 mune;
1398 5602 1470 5656 ita
1525 5609 1647 5670 post
1698 5597 1997 5655 naturalem
2034 5596 2077 5650 D
2104 5611 2284 5655 autem
2322 5611 2379 5656 et
2411 5602 2570 5656 istam
2603 5611 2657 5656 et
2684 5616 2902 5658 omnem
2944 5602 3208 5666 musicam
3242 5599 3468 5670 figuram
3496 5597 3675 5653 nativi-

411 5684 769 5739 monochordi
827 5687 1242 5755 permixtiouem
1300 5691 1587 5760 specialius
1651 5697 1806 5745 erant
1859 5687 1997 5758 tropi

413 5787 539 5827 cum
604 5774 716 5831 suis
771 5771 1144 5848 suhjugalihus
1201 5782 1582 5845 discernendi,
1637 5783 1775 5839 sicut
1834 5782 1997 5839 ctiatn

2106 5695 2233 5749 tatis
2257 5709 2367 5749 suae
2395 5694 2746 5765 primordium
2787 5693 3084 5762 sumpsisse
3121 5692 3187 5747 de
3218 5692 3489 5762 primitira
3525 5703 3671 5757 regi-

2106 5784 2239 5841 laris
2270 5783 2620 5840 mouochordi
2672 5782 3046 5854 dispositione.
3091 5781 3225 5837 Cum
3259 5789 3440 5837 autem
3472 5780 3554 5835 hic
3594 5774 3673 5831 si-
