3862 6312
155 353 274 409 1509

1554 345 1600 399 Μ
1610 344 1804 401 USl('..\
1817 384 1834 402 .

3259 341 3403 402 I5l0

155 468 352 521 deamus
376 460 624 525 collecta,
646 476 766 532 qua:
784 460 873 515 ibi
900 469 1023 515 sunt
1050 462 1320 533 dispersa,
1345 461 1434 516 hic
1463 459 1706 530 dispersa

1819 478 1893 533 De
1947 481 2180 535 naturali
2234 488 2442 553 ‘crprew
2495 484 2709 536 veritate
2758 492 2806 537 et
2860 482 3091 551 ejusdem
3145 495 3402 535 mensuras

154 574 256 627 qua!
281 555 347 609 ibi
378 563 501 609 sunt
546 554 801 617 collecta,
843 569 1021 609 ne;.ue
1055 554 1157 609 ista
1209 553 1376 623 ﬁgura
1419 554 1711 622 degenerat

154 670 175 704 Α
202 664 290 705 sua
320 646 601 719 genitrice,
635 647 983 702 monochordi
1018 646 1266 701 videlicet
1294 660 1549 701 mensura
1578 645 1600 698 ?

320 737 394 792 De
418 754 660 805 perversa
685 738 1140 793 tetrachordorum
1170 737 1494 793 collectione.

208 828 261 884 lu
290 830 392 883 ista
422 828 593 897 tigura
622 828 863 884 collecta:
890 828 1094 884 suntin
1118 843 1283 882 unum
1320 828 1495 903 locum
1517 842 1709 884 omnes

149 934 335 988 graves.
369 917 422 971 in
454 933 618 972 unum
667 917 841 973 locum
883 932 1071 992 omnes
1111 916 1321 983 linales,
1362 916 1613 973 similiter
1653 919 1707 973 in

148 1024 292 1063 unum
326 1023 513 1063 omnes
549 1009 880 1079 superiores,
928 1024 1118 1064 omnes
1160 1008 1324 1063 etiam
1357 1009 1707 1073 excellentes,

147 1103 269 1171 quod
296 1102 505 1170 penitus
530 1116 636 1155 non
668 1102 921 1157 concedit
951 1102 1306 1157 monoehordi
1341 1113 1557 1166 natura,
1587 1117 1708 1171 qua:

148 1192 344 1247 cuiliiet
391 1192 863 1246 tetrachordorum
920 1202 1157 1263 quatuor
1196 1193 1411 1247 diversa
1474 1192 1710 1261 partitur

149 1284 263 1337 loca.

303 1375 376 1429 De
401 1392 642 1446 perrersa
675 1376 936 1439 diezeuxi,
967 1376 1023 1429 id
1048 1386 1121 1430 est
1155 1376 1537 1447 disjunctionc.

208 1466 256 1518 In
307 1466 405 1520 ista
454 1466 625 1537 ﬁgura
680 1467 964 1536 disjunctxe
1014 1478 1143 1522 sunt
1195 1474 1389 1536 quarta
1435 1465 1705 1537 gravium,

147 1562 296 1632 prima
330 1559 592 1623 ﬁnalium,
623 1568 817 1629 quarta
847 1560 1215 1629 superiorum,
1238 1552 1410 1629 prima
1438 1558 1709 1614 excellen-

149 1653 281 1713 tium,
310 1664 427 1718 qua:
476 1650 528 1703 in
560 1648 916 1704 mouechordi
962 1648 1193 1703 naturali
1235 1656 1509 1704 structura
1541 1662 1713 1701 unum

146 1754 193 1798 et
224 1741 440 1797 eundem
483 1740 693 1796 obtinet
722 1739 935 1806 locum,
964 1748 1150 1811 utpote
1193 1740 1245 1797 in
1284 1755 1388 1795 una
1417 1748 1476 1795 et
1516 1737 1715 1795 eadem

145 1832 326 1886 littera.

146 1945 211 1999 De
235 1945 468 1999 acumine
513 1959 616 1997 non
640 1944 895 2014 gnatnrali
922 1946 1080 2015 prati,
1120 1954 1174 2027 .ct
1209 1925 1460 2015 grauitate
1486 1946 1709 2000 tclt'ardi

688 2030 791 2068 non
822 2031 948 2084 com,
972 2025 1153 2070 etenti.

203 2107 252 2160 In
301 2106 399 2161 hac
460 2107 650 2161 eadem
698 2106 1097 2177 quadripartita
1159 2107 1327 2178 ﬁgura
1380 2116 1567 2174 protus
1626 2120 1712 2164 0:1

143 2199 508 2263 acutissimus,
574 2199 843 2254 tetrardus
894 2200 1292 2270 gravissimus,
1349 2201 1494 2269 quod
1546 2216 1706 2269 quant

142 2288 449 2341 contrarium
500 2287 572 2341 sit
621 2276 841 2341 natnrte
877 2288 1231 2344 tuouocltordi
1292 2298 1470 2355 potest
1530 2289 1710 2358 quivis

144 2380 288 2432 (tiam
343 2378 696 2434 mediocriter
737 2378 821 2433 bis
866 2377 1106 2434 imbutus
1155 2378 1408 2434 facillime
1466 2386 1708 2437 contem-

141 2470 280 2539 piari.

517 2564 592 2617 De
626 2562 901 2617 dictatoris
927 2563 1301 2619 admiratione.

200 2652 312 2708 lltec
334 2670 457 2708 tum
487 2655 692 2709 diutina
721 2669 930 2710 mecum
963 2656 1324 2713 admiratione
1348 2657 1717 2733 revolvercm,

138 2756 185 2800 et
216 2748 258 2801 si
286 2746 415 2817 quid
464 2747 769 2803 naturalins
799 2759 1115 2805 occurreret
1157 2750 1496 2820 indagarem,
1524 2752 1703 2807 inveni

137 2855 369 2908 capream
402 2840 567 2895 matri
600 2841 954 2905 simillimam,
992 2855 1115 2911 qua:
1140 2841 1307 2897 habet
1354 2842 1408 2897 in
1448 2858 1557 2897 uno
1587 2843 1706 2899 loco

137 2942 361 3000 quartam
393 2933 668 3003 gravium,
719 2934 948 3004 primam
998 2934 1262 2999 ﬁnalium,
1310 2946 1560 3006 quartam
1615 2952 1707 2991 su-

136 3024 409 3090 periorum,
444 3024 676 3093 primam
707 3023 1111 3079 excellentium.
1149 3025 1281 3092 Qua:
1326 3026 1489 3081 habet
1522 3027 1575 3081 in
1610 3026 1701 3081 IV.

136 3113 254 3167 locis
308 3114 584 3180 diversis,
642 3129 836 3183 graves
864 3154 879 3179 ,
928 3115 1140 3181 ﬁuales,
1191 3117 1524 3186 superiores.
1570 3117 1703 3185 Qua:

137 3204 281 3259 habet
307 3216 523 3275 protum
548 3207 950 3277 gravissimum,
978 3208 1276 3263 tctrardum
1300 3209 1695 3277 acutissimum,

136 3305 185 3348 ut
229 3307 472 3355 naturam
515 3313 679 3369 quam
727 3300 779 3354 in
834 3300 1115 3371 principali
1165 3301 1446 3370 genitricis
1497 3305 1707 3373 gremio

135 3391 447 3457 possideant,
485 3392 538 3445 in
569 3390 693 3447 filia:
722 3392 1112 3447 mansinnculis
1142 3408 1247 3448 non
1282 3394 1558 3448 amittant.

396 3483 477 3537 De
507 3484 741 3562 miniatis
770 3484 1224 3538 tetrachordorum
1255 3485 1428 3540 lineis.

193 3572 425 3640 Quatuor
478 3574 712 3644 obliquae
749 3574 907 3632 linea:
954 3584 1192 3645 quatuor
1246 3575 1606 3632 tetracltordis
1650 3576 1704 3631 in

133 3665 381 3733 gravium,
416 3664 685 3732 finaliutn,
713 3667 1079 3735 superiorum,
1111 3664 1511 3730 excellentium,
1537 3666 1706 3721 minio

133 3755 519 3822 superinductzc
547 3756 1002 3826 quadripartitam
1046 3756 1216 3813 nostri
1255 3756 1446 3827 tropici
1486 3758 1704 3813 theore-

132 3847 277 3903 matis
303 3847 376 3903 ita
406 3858 701 3919 penetrant
741 3849 1113 3916 latitudinem,
1156 3858 1215 3904 ut
1262 3862 1369 3904 non
1403 3848 1576 3905 solum
1614 3848 1710 3905 de-

133 3948 421 4009 monstrent
455 3956 896 4011 unamquamque
922 3943 1205 4012 gravium,
1246 3940 1511 4005 finalium,
1548 3955 1708 4011 supc-

131 4029 340 4095 riormn,
382 4030 793 4098 excellentium,
841 4033 894 4087 in
938 4033 1020 4087 sui
1069 4032 1209 4103 tropi
1257 4030 1566 4097 intervallo,
1611 4030 1708 4088 sed

130 4123 361 4179 etiamin
395 4139 527 4180 vero
578 4134 633 4179 et
689 4124 919 4179 naturali
973 4125 1122 4191 loco,
1177 4125 1472 4181 secundum
1524 4132 1710 4194 proto-

128 4214 302 4284 plastte
339 4217 691 4285 conditionis,
733 4232 853 4288 quia:
887 4228 973 4274 est
1013 4218 1066 4272 in
1105 4217 1501 4283 monochordo,
1551 4216 1707 4273 testi-

129 4322 377 4365 montum.

258 4420 559 4488 Quid’bene
585 4422 712 4492 quid
739 4421 875 4478 male
900 4421 1290 4491 quadripartito
1326 4420 1565 4491 explicet.

2298 596 2301 601 ,
2356 568 2561 621 magna.
2584 554 2865 622 facilitate.

1884 664 2009 719 llaec.
2040 681 2162 721 cum
2196 675 2400 721 tantam
2429 665 2625 720 habeat
2658 675 2864 719 naturzc
2897 665 3182 721 veritatem
3211 679 3402 718 secuno

1809 757 1934 811 dum
1960 757 2394 826 antiquissimam
2434 756 2794 811 monochordi
2834 757 3193 818 nativitatem,
3227 763 3405 825 potest

1807 862 1927 903 eam
1979 857 2036 902 et
2084 848 2185 903 hoc
2226 846 2614 903 commendare
2664 846 2918 911 uberius,
2969 848 3112 916 quod
3171 845 3404 915 simplex

1809 937 2170 991 monochordi
2194 951 2446 991 mensura
2489 934 2582 988 fiat
2622 935 2725 988 hac
2767 949 2953 1003 parmn
2987 934 3241 990 celerius.
3271 935 3403 987 0m-

1808 1030 1895 1085 nis
1934 1039 2113 1091 tonus,
2150 1044 2311 1085 omne
2347 1028 2728 1093 semitonium,
2772 1042 2937 1082 omne
2979 1028 3140 1082 etiam
3190 1042 3405 1099 synem-

1810 1137 2033 1181 menon,
2079 1121 2256 1175 omnis
2290 1120 2523 1190 denique
2565 1117 2655 1173 IV.
2692 1127 2972 1187 tropormn
3019 1134 3270 1173 mensura
3321 1127 3405 1174 est

1809 1212 2118 1282 :equissime
2166 1212 2385 1267 sibimet
2428 1213 2712 1283 opposita;
2761 1214 2856 1269 sed
2900 1214 3062 1281 illius,
3101 1229 3221 1283 qum
3270 1214 3403 1268 mihi

1809 1321 1973 1363 causa
2022 1305 2123 1360 luit
2156 1305 2334 1377 hujus,
2382 1315 2527 1364 tanta
2556 1316 2640 1364 est
2686 1308 2739 1364 in
2773 1309 3047 1365 metiendo
3090 1308 3402 1374 difficultas,

1812 1411 1921 1455 tam
1965 1399 2362 1456 inextricabilis
2390 1401 2695 1472 perplexio,
2735 1412 2795 1457 ut
2848 1401 3137 1457 admodum
3164 1402 3300 1456 dura
3334 1399 3405 1455 sit

1809 1491 2050 1562 ejusdem
2084 1501 2319 1547 textura.

1814 1604 1992 1672 Quare
2022 1621 2212 1675 caprea
2243 1606 2339 1660 tali
2370 1607 2580 1662 nomine
2622 1615 2917 1664 censeatur.
2951 1614 2999 1660 et
3039 1604 3165 1677 quid
3192 1603 3407 1658 orwsuli

2236 1706 2241 1711 ι
2451 1678 2724 1747 o/fcratnr.

1886 1765 2067 1821 Nostri
2124 1758 2480 1823 theorematis
2522 1767 2819 1823 novitatem
2853 1774 3077 1837 propter
3107 1765 3224 1836 ejus
3256 1778 3408 1820 men-

1813 1875 1955 1915 sura:
1995 1859 2332 1914 celeritatem
2378 1859 2681 1929 nuncupavi
2720 1873 3014 1929 capream:
3051 1867 3103 1913 et
3144 1857 3274 1927 quia
3311 1871 3406 1909 νου

1814 1951 1985 2004 lucius
2009 1952 2333 2005 occurrebat
2359 1966 2482 2005 cum
2516 1951 2753 2005 venabar
2792 1966 2937 2016 eam,
2969 1949 3220 2005 voluntas
3260 1953 3404 2003 enim

1814 2040 1905 2093 Dei
1937 2039 2032 2093 fuit
2065 2048 2123 2093 ut
2152 2041 2261 2094 cito
2289 2050 2601 2095 occurreret
2638 2041 2767 2095 mihi
2803 2041 2947 2111 quod
2972 2040 3236 2100 volebam,
3268 2048 3417 2093 ean-‘

1812 2132 1933 2185 dem
1968 2138 2122 2198 pater
2173 2132 2483 2185 venerande
2527 2147 2780 2202 capream
2822 2132 2974 2187 vobis
3015 2131 3184 2187 oﬂ‘ero
3231 2132 3400 2202 degu-

1811 2222 2061 2277 standum
2092 2220 2276 2276 cordis
2303 2221 2506 2290 palato,
2539 2230 2597 2275 ut
2635 2222 2815 2293 siquid
2846 2222 2998 2279 vobis
3026 2224 3078 2278 in
3106 2238 3168 2279 ea
3200 2225 3404 2294 sapiat,

1812 2308 2101 2366 benedicat
2137 2309 2268 2365 mibi
2314 2311 2493 2365 anima
2535 2322 2736 2368 vestra.

2130 2423 2262 2490 Qua:
2302 2423 2367 2477 sit
2401 2424 2456 2479 in
2497 2441 2685 2496 caprea
2719 2426 3085 2480 commoditas.

1883 2513 2106 2569 Ilabetis
2134 2515 2185 2568 in
2226 2528 2287 2568 ea
2315 2513 2532 2583 planam
2564 2515 2910 2570 mensurandi
2942 2515 3280 2581 facilitatem,
3312 2531 3408 2569 na-

1815 2614 1950 2660 tura:
1985 2620 2091 2659 non
2126 2604 2554 2674 redarguendam
2583 2604 2887 2673 veritatem,
2917 2620 3037 2676 qua
3068 2606 3250 2661 omnia
3291 2624 3405 2663 uto-

1810 2697 2071 2752 nochordi
2107 2708 2459 2768 rcprtcsentat
2509 2698 2747 2770 legitima
2777 2700 2920 2755 sicut
2964 2700 3138 2754 decet.
3173 2698 3308 2753 Nam
3339 2701 3408 2754 de

1808 2788 2088 2857 primitivo
2119 2790 2488 2845 tnonochordo
2512 2790 2868 2846 derivativum
2902 2789 3061 2845 aliter
3087 2804 3247 2859 quam
3293 2805 3409 2843 mo-

1811 2879 2146 2935 nochordum
2187 2880 2317 2935 velit
2350 2895 2677 2950 componere
2721 2880 2974 2951 ﬁguram,
3002 2881 3103 2936 hoc
3139 2890 3224 2936 est
3249 2880 3407 2951 juxta

1808 2964 1998 3035 pedem
2036 2964 2285 3020 dextrum
2332 2965 2576 3021 calceum
2607 2965 2855 3021 formare
2902 2965 3205 3020 sinistrum.
3253 2966 3406 3033 Quod

1809 3053 2083 3125 quomodo
2112 3054 2447 3111 theoremate
2474 3055 2527 3109 in
2555 3064 2739 3110 nostro
2767 3056 2838 3109 sit
2873 3050 3197 3123 devitatum,
3226 3068 3408 3113 vestro

1724 3191 1773 3255 Ο
1805 3148 2025 3218 penitus
2065 3146 2136 3202 sit
2166 3145 2373 3216 judicio
2404 3156 2759 3203 reservatum.

1809 3257 1942 3326 Qnte
1985 3274 2149 3313 causa
2188 3258 2255 3312 sit
2292 3260 2682 3315 contrarietatis
2718 3263 2856 3318 inter
2899 3261 3310 3318 monocltordnm
3358 3271 3408 3317 et

2050 3330 2493 3398 quadripertitam
2516 3331 2741 3401 ﬁguram
2775 3334 3144 3387 modernormn

1877 3420 2111 3475 Cattsam
2164 3430 2346 3475 autem
2388 3423 2798 3479 contrarietatis
2847 3425 2991 3479 inter
3043 3423 3188 3477 illam
3243 3420 3409 3492 quam

1806 3510 2052 3566 moderni
2101 3511 2333 3580 diligunt
2406 3512 2635 3582 ﬁguram
2681 3522 2737 3568 et
2798 3514 3258 3579 monochordum,
3314 3527 3406 3565 ar-

1806 3603 1979 3657 bitror
2028 3614 2151 3659 esse
2202 3604 2311 3658 imo
2358 3604 2492 3667 scio,
2528 3606 2671 3674 quod
2702 3605 3092 3676 dispositiones
3123 3614 3403 3673 troporum

1808 3695 1879 3749 ita
1915 3695 2061 3750 varie
2085 3695 2367 3766 incipiunt,
2397 3704 2453 3749 ιιι
2481 3695 2521 3749 I.
2545 3695 2607 3749 II.
2636 3704 2782 3765 tono,
2808 3696 2870 3751 Il.
2896 3695 2981 3751 III.
3011 3706 3158 3763 tono,
3184 3695 3277 3750 Ill.
3308 3694 3400 3749 IV.

1807 3787 2096 3843 semitonio
2145 3786 2448 3857 praecedat,
2489 3800 2611 3841 cmn
2665 3787 2846 3856 potius
2876 3787 2927 3841 in
2977 3785 3084 3841 illis
3118 3787 3403 3857 procurari

1806 3877 2049 3946 deberet,
2080 3888 2351 3950 quatenus
2378 3880 2566 3948 prima:
2592 3878 2968 3949 dispositionis
2994 3879 3195 3949 gravis,
3236 3878 3286 3932 id
3318 3888 3404 3933 est

1809 3972 1871 4026 A.
1902 3972 2154 4028 secundae
2183 3971 2555 4042 dispositionis
2595 3986 2815 4043 gravem
2860 3972 2913 4026 in
2948 3970 3008 4026 Β.
3050 3982 3177 4028 tono
3204 3986 3405 4042 praece-

1810 4066 2001 4132 dcret;
2036 4065 2291 4121 secundae
2324 4064 2698 4134 dispositionis
2738 4064 2941 4134 gravis,
2962 4064 3103 4119 idem
3151 4063 3406 4119 videlicet

1809 4154 1870 4210 Β.
1905 4156 2079 4212 tertia:
2107 4155 2480 4226 dispositionis
2519 4169 2740 4225 gravem
2769 4155 2823 4209 in
2860 4153 2922 4209 C.
2951 4153 3240 4209 semitonio
3264 4168 3402 4223 pra:-

1812 4246 1916 4303 iret
1945 4266 1959 4302 :
2003 4248 2177 4303 tertia:
2201 4246 2575 4317 diSpositionis
2616 4247 2799 4317 gravis
2840 4245 3073 4316 idipsum
3103 4244 3312 4300 scilicet
3336 4243 3400 4300 C.

1809 4338 1899 4395 IV.
1927 4338 2302 4410 dispositionis
2341 4352 2563 4401 gravem
2594 4337 2645 4392 in
2692 4337 2758 4392 ῐ).
2792 4346 2918 4393 tono
2963 4350 3153 4392 rursus
3197 4352 3402 4407 pracve-

1811 4432 1994 4488 niret:
2050 4431 2195 4504 quod
2243 4429 2557 4486 facillitnttm
2605 4437 2750 4485 esset
2795 4429 2838 4484 si
2874 4429 2942 4484 ab
2985 4445 3092 4483 uno
3136 4426 3423 4500 principio

188 4512 598 4587 Quadripartita
637 4516 1022 4571 modernorum
1059 4515 1230 4586 ﬁgura
1266 4514 1403 4569 bene
1450 4513 1706 4585 exprimit

1819 4525 1955 4594 ipsas
2014 4536 2390 4578 mensurarum
2430 4520 2769 4592 integritates
2805 4520 3161 4586 inchoarent,
3219 4529 3313 4573 aut
3370 4535 3402 4572 a

128 4618 559 4675 unamquamque
600 4605 977 4676 principalium
1022 4605 1302 4659 literarum
1348 4617 1445 4659 seu
1476 4603 1710 4659 chorda-

123 4705 237 4753 .ﬂtm
273 4708 373 4749 suo
416 4702 574 4765 tropo
605 4694 986 4749 contraditum.
1020 4692 1127 4749 Sed
1173 4693 1226 4747 in
1271 4692 1373 4747 hoc
1417 4691 1704 4763 delinquit,

127 4784 259 4853 quod
300 4800 398 4842 eas
431 4786 487 4841 in
533 4786 642 4842 alio
680 4785 822 4851 loco,
865 4800 1028 4855 quam
1074 4783 1502 4841 monochordum
1538 4785 1706 4851 velit,

127 4878 402 4932 constituit
462 4877 759 4933 divisiones
821 4886 1122 4944 troporum.
1176 4876 1330 4943 Quod
1385 4874 1566 4931 minus
1623 4884 1709 4930 est

127 4966 257 5023 bene
318 4970 505 5024 condit
553 4970 839 5040 gravitatis
885 4969 1260 5038 acu‘miuisque
1307 4967 1509 5039 legem,
1566 4968 1720 5039 quod

129 5060 295 5128 majus
324 5071 543 5116 estnon
580 5071 741 5117 caute
787 5062 1085 5117 distribuit.
1116 5060 1224 5118 Sed
1260 5061 1434 5129 gratia
1483 5062 1709 5131 lausque

128 5150 195 5204 sit
225 5151 374 5207 Patri
411 5151 700 5217 luminum,
737 5167 767 5206 a
793 5168 902 5221 quo
936 5161 1021 5207 est
1038 5167 1202 5207 omne
1228 5152 1415 5205 datmu
1443 5152 1707 5221 optimum

128 5252 176 5298 et
224 5260 390 5301 omne
436 5245 639 5300 donum
685 5244 1026 5316 perfectum,
1081 5256 1266 5300 nostra
1330 5248 1441 5302 imo
1494 5259 1589 5301 sua
1652 5255 1711 5298 ttt

128 5333 366 5388 dicamus
412 5350 535 5391 eum
573 5335 877 5405 psalmista,
936 5336 1060 5391 Non
1102 5337 1280 5401 nobis,
1315 5336 1556 5399 Domine,
1607 5352 1710 5390 non

55 5418 62 5427 ’
127 5425 291 5510 nobis,
317 5428 411 5481 sed
438 5445 492 5482 η.
544 5439 587 5481 t.
637 5428 693 5481 d.
735 5436 884 5497 g.‘et
924 5429 1062 5483 bene
1090 5429 1386 5484 divisiones
1431 5440 1708 5499 troporum

126 5520 430 5580 constituit.
454 5531 511 5578 et
538 5520 790 5576 naturale
809 5522 1103 5577 secundum
1130 5522 1554 5577 monocltordum
1583 5536 1711 5591 gra-

127 5607 311 5666 vitatis
353 5622 411 5668 et
455 5614 725 5670 acuminis
767 5629 956 5671 eorum
1011 5613 1371 5669 diil'erentiam
1430 5615 1715 5669 evidenter

127 5702 390 5772 proponit.

1808 4614 2065 4686 gravibus
2095 4612 2420 4684 incipientes
2443 4612 2645 4667 dictam
2676 4612 3051 4667 diversitatem
3078 4610 3427 4680 iuceptioniS'

1808 4708 2184 4763 observarent.
2234 4704 2341 4759 Sed
2389 4704 2504 4758 haec
2535 4704 2799 4759 ltaczenus
2827 4703 2893 4758 de
2916 4714 3112 4772 caprea
3144 4719 3156 4755 :
3202 4700 3317 4768 Qua
3348 4702 3403 4755 it:

1812 4807 2004 4854 vestra:
2028 4797 2214 4866 gratia:
2255 4792 2520 4851 scrutinio
2547 4794 2823 4861 derelicta,
2854 4794 3126 4848 tendimus
3164 4792 3230 4847 ad
3275 4791 3401 4845 alia.

1810 4912 1887 4967 De
1920 4911 2017 4965 ltoc
2059 4910 2196 4979 quod
2233 4911 2642 4965 monochordmn
2696 4927 2788 4964 nec
2831 4911 2883 4964 in
2925 4908 3188 4978 disjnncta
3229 4922 3318 4959 nec
3350 4906 3424 4959 in.

1854 5010 1857 5013 -
2308 4982 2591 5051 conjuncta
2632 4980 2904 5034 dividitur.
3314 4982 3319 4985 ⁷

1881 5075 2304 5134 Monoehordunt
2344 5091 2449 5129 una
2486 5074 2745 5144 diapason
2780 5086 2883 5125 non
2913 5084 3034 5125 esse
3064 5062 3431 5131 contentum,’

1812 5171 2010 5242 triplex
2064 5185 2187 5228 esse
2239 5183 2401 5224 causa
2437 5166 2696 5221 creditur.
2751 5162 2868 5218 Una
2914 5160 3058 5231 quod
3104 5158 3401 5228 sitnplieiu-

1809 5264 1959 5319 ribus
2000 5272 2213 5317 curtum
2266 5259 2581 5323 videretur,
2641 5255 2730 5326 qui
2787 5251 3118 5307 irrellexibili
3168 5264 3299 5304 voce
3335 5250 3404 5303 ad

1809 5353 2122 5424 organalcm
2155 5353 2409 5424 ignorant
2441 5347 2638 5403 reverti
2671 5345 3016 5415 gravitatem.
3055 5341 3206 5398 Sicut
3230 5338 3421 5411 cquns’

1812 5443 2057 5499 indocilis
2112 5443 2404 5513 rigida‘que
2456 5437 2687 5493 cervicis
2742 5449 2847 5489 non
2898 5442 3076 5504 potest
3136 5432 3190 5486 in
3248 5432 3427 5484 arcto'

1810 5536 2063 5590 circinari
2110 5535 2303 5604 clipeo.
2348 5529 2598 5587 Secunda
2641 5526 2784 5599 quod
2826 5541 2928 5579 vox
2960 5522 3171 5579 acutior
3202 5522 3400 5577 mulcet

1812 5642 1970 5683 aures
1999 5625 2313 5697 gratiosius,
2362 5622 2503 5678 sicut
2540 5620 2704 5675 etiam
2750 5617 2951 5691 gracile
2999 5631 3195 5687 corpus
3242 5612 3397 5670 blau-
3436 5618 3439 5621 '

1812 5719 1957 5773 ditur
2008 5718 2183 5773 oculis
2224 5715 2536 5784 jucundius.
2576 5712 2758 5769 Tertia
2808 5704 2948 5782 quod
2988 5713 3099 5782 ipsa
3139 5718 3398 5764 naturalis

1812 5811 2023 5868 chorda‘
2066 5827 2127 5864 ac
2182 5811 2331 5865 vocis
2384 5808 2709 5880 possibilitas
2764 5806 3051 5863 ulteriores
3102 5812 3395 5875 spontanea
