3864 6314
399 319 532 378 ιδιι

401 525 614 582 luntate
638 526 988 594 procedimus
1034 540 1144 582 non
1182 530 1529 586 necessitate.

569 617 679 672 Cur
697 619 954 690 diapason
981 632 1086 677 tres
1114 637 1218 676 non
1245 623 1348 677 sint
1370 624 1427 677 in
1454 626 1826 680 nionorltordo.

473 710 671 766 Tribus
711 713 973 783 diapason
1019 723 1334 786 protensum
1387 730 1511 773 esse
1562 718 1999 774 monochordum.

401 819 509 859 non
559 804 766 874 patitur
806 805 1087 863 altissima:
1129 810 1251 865 lldis
1275 824 1440 865 sonus
1469 810 1824 882 gracillinms,
1864 811 1992 866 nulli

400 897 769 951 sutiteriorum
824 914 1118 956 consonus.
1178 901 1331 956 Sicut
1375 902 1534 975 enim.
1577 904 1731 972 pueri
1786 904 1996 959 tenellae

414 986 565 1041 vocis
612 987 664 1041 in
696 988 977 1044 moderato
1004 992 1256 1048 acumine
1302 993 1603 1049 cantilenas
1645 995 1814 1049 edunt
1861 996 1997 1052 adeo

403 1080 756 1149 inconsonas,
790 1093 848 1139 ut
874 1088 1095 1144 easdem
1127 1089 1208 1144 vir
1233 1106 1341 1145 non
1371 1091 1637 1162 intelligat
1672 1108 1824 1147 more
1846 1092 1996 1148 clan-

404 1174 583 1242 gentis
638 1174 811 1230 harra:
844 1184 901 1232 et
938 1180 1229 1236 recinentis
1268 1182 1491 1239 cicadae.
1550 1184 1645 1237 Est
1698 1185 1889 1238 modus
1944 1185 1995 1239 in

405 1265 569 1319 rebus
615 1274 740 1320 sunt
784 1269 919 1324 certi
968 1269 1201 1343 denique
1228 1273 1384 1341 lines,
1413 1274 1553 1329 ultra
1586 1289 1724 1344 quos
1751 1276 1998 1347 citraque

410 1356 599 1425 nequit
622 1358 921 1416 consistere
944 1377 1153 1418 verum.

773 1448 884 1503 Cur
909 1452 964 1505 in
990 1456 1321 1510 tetrachorda
1352 1458 1640 1514 dividatur.

485 1536 722 1595 Divisqu
754 1557 879 1598 esse
902 1547 1328 1603 monochordum
1360 1551 1411 1604 in
1440 1554 1788 1609 tetrachorda
1822 1554 2001 1623 potius

407 1645 572 1698 quam
608 1645 703 1686 aut
743 1634 796 1687 in
854 1636 1113 1692 dichorda
1170 1640 1253 1695 vel
1302 1640 1601 1708 trichorda,
1657 1658 1750 1698 seu
1805 1654 1998 1713 penta-

407 1724 637 1787 rhorda,
672 1724 789 1782 lucc
821 1738 907 1782 est
934 1729 1093 1796 ratio,
1126 1733 1268 1801 quod
1300 1743 1423 1802 post
1464 1734 1722 1804 diapason
1757 1736 1809 1789 in
1855 1735 1999 1791 nullo

407 1824 557 1869 tanta
596 1829 700 1883 est,
734 1828 793 1873 ut
836 1820 889 1874 iu
922 1823 1283 1879 tetrachordis
1308 1826 1631 1882 similitudo.
1678 1828 1733 1882 Si
1772 1831 1915 1884 enim
1947 1829 2000 1883 in
2034 1808 2082 1870 Β

407 1906 669 1961 diehorda
723 1910 863 1964 facta
918 1912 1109 1968 luisset
1157 1916 1372 1982 divisio,
1406 1920 1637 1988 primum
1691 1930 2005 1976 occurreret

406 1996 814 2064 dissimilitudo,
852 2003 980 2071 quia
1012 2015 1134 2074 post
1164 2015 1374 2074 tonum,
1404 2008 1495 2077 qui
1539 2018 1623 2063 est
1650 2011 1717 2063 ab
1745 2011 1812 2064 Α.
1857 2013 1907 2064 in
1940 2012 1999 2065 Β.

406 2088 659 2157 sequitur
686 2094 1052 2159 semilouium,
1084 2094 1140 2150 Si
1184 2106 1362 2152 autem
1398 2099 1450 2151 iu
1481 2101 1784 2165 trichOrda,
1817 2102 2002 2156 itidem

409 2181 703 2237 diversitas
746 2187 997 2241 semitam
1043 2187 1338 2244 obsideret.
1392 2189 1527 2246 Nam
1573 2201 1695 2260 post
1721 2192 2005 2249 semidito-

407 2288 560 2339 num,
595 2274 689 2344 qui
733 2286 817 2331 est
856 2278 924 2332 ab
976 2280 1042 2332 A.
1075 2272 1128 2333 in
1160 2281 1223 2334 Ο.
1255 2293 1576 2351 sequeretur
1618 2286 1837 2339 ditonus
1866 2300 1896 2339 a
1942 2285 2003 2341 C.

409 2364 462 2417 in
514 2364 573 2418 Ε.
606 2368 672 2420 At
704 2369 748 2422 si
799 2369 991 2424 divisio
1036 2370 1227 2428 fuisset
1257 2389 1353 2444 per
1396 2376 1764 2442 pentachorda
1814 2378 2003 2430 cadent

412 2456 872 2515 dissimilitudinis
924 2463 1168 2518 obviarct
1234 2465 1616 2534 importunitas
1651 2507 1666 2531 ,
1745 2468 2002 2536 quoniam

412 2548 629 2614 quidem
678 2551 746 2604 ah
776 2552 839 2605 A.
875 2553 925 2606 in
974 2552 1034 2607 Ε.
1080 2562 1163 2609 est
1208 2556 1481 2625 diapente,
1532 2566 1587 2611 et
1634 2557 1704 2611 ihi
1760 2558 2005 2629 sequitur

409 2638 760 2694 seniitouium
789 2640 994 2700 faciens
1021 2643 1541 2701 dissimilitudinem.

411 2748 770 2808 Tetrachorda
821 2756 1064 2832 qua'dum
1103 2775 1212 2832 esse
1244 2760 1438 2832 prima:
1472 2776 1575 2832 qun
1590 2761 1714 2814 dant
1763 2763 2007 2816 secunda:

996 2829 1377 2882 similitudinis.

483 2910 977 2971 Tetrarhm'dorunt
1027 2933 1156 2986 ergo
1202 2920 1449 2990 quaedam
1493 2920 1721 2991 primat,
1757 2922 2003 2993 quaedam

409 3004 786 3062 similiuuhnis
836 3020 962 3063 sunt
1013 3012 1286 3065 secundae.
1335 3010 1531 3066 Prima:
1575 3013 1844 3083 gravium,
1875 3014 2006 3068 tina-

413 3093 563 3156 linm,
610 3098 985 3166 superiorum,
1015 3100 1418 3167 excellentium,
1463 3102 1588 3172 quia
1625 3102 1784 3172 plena
1814 3104 2007 3160 simili-

412 3186 603 3240 tudine
632 3195 688 3241 et
734 3188 1090 3245 intenduntur
1120 3201 1172 3245 et
1202 3191 1554 3247 remittuntur
1584 3202 1732 3260 tono,
1784 3196 2006 3251 semite-

412 3277 525 3342 u‘io,
557 3288 703 3336 tono.
735 3282 990 3349 Quaedam
1024 3293 1150 3339 Sunt
1181 3284 1550 3342 similitudinis
1577 3288 1782 3342 second
1802 3305 1852 3354 ιτ,
1896 3288 2007 3367 ,ιιγ-

411 3370 731 3440 perholeon,
789 3374 1237 3446 diezeugmenon,
1287 3392 1495 3443 meson,
1551 3379 1842 3451 hypaton:
1887 3397 2007 3452 quae

409 3468 657 3535 quamvis
696 3470 925 3526 invicem
956 3484 1266 3542 comparata
1311 3472 1443 3529 nihil
1492 3472 1747 3531 dillerant
1792 3476 2005 3533 intensa

410 3568 467 3613 et
495 3561 753 3629 remissa;
800 3563 928 3634 quia
975 3567 1398 3636 unumquodque
1446 3566 1661 3623 illorum
1710 3569 2009 3625 intenditur

410 3653 724 3719 semitouio,
755 3664 808 3708 et
836 3656 1046 3723 ditono,
1078 3657 1374 3713 retnittitur
1399 3669 1582 3714 autem
1614 3660 1801 3715 dilono
1824 3671 1879 3716 et
1916 3677 2006 3716 se-

413 3743 645 3798 mitonio
677 3761 691 3798 :
726 3744 841 3815 ipsa
882 3755 1063 3801 tamen
1101 3748 1337 3803 iutensio
1364 3758 1419 3802 et
1451 3750 1700 3805 remissio
1728 3750 2008 3808 dissimilis

413 3841 517 3887 cst.
545 3833 676 3900 Qua:
706 3835 759 3889 in
784 3836 1058 3905 prioribus
1079 3848 1165 3893 est
1201 3837 1502 3905 simillima,
1530 3841 1659 3910 quia
1690 3842 1830 3896 sicut
1858 3853 2005 3910 tono,

414 3924 726 3992 semitonio,
763 3936 909 3991 tono,
941 3929 1315 3996 intenduntur,
1350 3930 1424 3984 ita
1456 3942 1511 3986 et
1542 3920 1911 4001 remittuntur.

792 4016 871 4072 De
899 4018 1240 4075 similitudine
1274 4017 1621 4078 Neumarum.

490 4103 802 4163 Similitudo
829 4111 1295 4169 tetrachordorum
1318 4113 1659 4170 similitudini
1684 4118 1850 4172 servit
1878 4133 2011 4173 neu-

416 4212 626 4251 tnarum
656 4213 671 4252 :
703 4201 826 4269 quia
869 4202 1058 4255 eadem
1099 4192 1292 4257 neuma
1312 4243 1328 4268 ,
1370 4218 1491 4274 qua-
1521 4205 1817 4263 iuteaditur
1845 4208 1913 4263 ab
1943 4209 2007 4262 A.

414 4285 467 4340 in
497 4286 559 4341 Ι).
594 4286 889 4345 intenditur
910 4306 941 4345 a
968 4288 1028 4345 Ι).
1061 4290 1113 4345 in
1130 4292 1196 4348 ϐ.
1223 4309 1343 4363 quae
1390 4295 1686 4351 remittitur
1713 4314 1743 4351 a
1770 4298 1834 4353 G.
1861 4298 1912 4353 iu
1945 4298 2007 4355 ί).

417 4375 714 4431 remittitur
749 4379 911 4433 etiam
942 4395 972 4434 a
1004 4379 1071 4435 ι).
1106 4380 1157 4436 in
1190 4383 1254 4436 A.
1284 4384 1363 4438 sic
1390 4383 1553 4439 etiam
1594 4385 1919 4455 in~ea:tcris,
1954 4398 2011 4444 ut

415 4462 673 4521 facillime
701 4478 877 4538 potest
908 4476 1241 4543 perpendere
1268 4475 1464 4546 quivis.

415 4577 496 4633 De
535 4580 632 4635 hoc
654 4583 793 4653 quod
824 4583 1237 4662 Monoclwrdum
1265 4607 1360 4644 nec
1389 4592 1443 4647 in
1473 4592 1739 4662 disjuncta
1760 4635 1774 4661 ,
1828 4611 1919 4649 nec
1958 4597 2012 4651 in

911 4657 1192 4728 conjuncta
1226 4661 1497 4716 dii-idi.ur.

486 4742 909 4803 Mancehordnm
968 4765 1075 4805 non
1127 4768 1250 4809 esse
1296 4754 1529 4811 divisum
1580 4755 1660 4811 vel
1702 4755 1754 4811 in
1797 4758 2012 4827 penitus

412 4834 705 4907 conjuncta
735 4839 817 4894 vel
847 4842 898 4894 in
926 4842 1143 4913 penitus
1181 4845 1448 4917 disjuncta
1482 4851 1850 4916 tetrachorda,
1896 4853 2011 4908 haec

410 4936 500 4981 est
528 4930 709 4984 ratio:
745 4933 887 5002 quod
916 4934 1173 5003 praedicta
1220 4945 1348 4993 tunc
1394 4950 1639 4995 cessaret
1685 4942 2008 4999 similitudo.

411 5018 473 5073 Si
518 5019 663 5076 enim
708 5021 969 5094 inciperet
1010 5027 1412 5083 tetrachordqu
1463 5030 1801 5101 superiorum
1844 5032 1896 5087 iu
1933 5032 2002 5089 G.

413 5110 505 5165 ubi
542 5112 741 5168 desinit
779 5113 1044 5182 ﬁnalimn,
1084 5117 1381 5173 similitudo
1424 5119 1674 5177 deiicere!
1709 5140 1722 5175 ;
1769 5124 1894 5193 quia
1926 5133 2008 5179 te-

411 5205 762 5264 trachordum
806 5212 1148 5281 superiorum
1198 5214 1569 5272 intenderetur
1613 5218 1797 5273 ditouo
1835 5226 1891 5274 et
1926 5231 2009 5274 se-

411 5296 663 5366 mitonio,
694 5317 819 5358 cum
847 5305 1027 5374 priora
1056 5314 1202 5371 tono,
1231 5309 1538 5370 semitonio.
1576 5319 1723 5366 tono.
1767 5310 1895 5365 Item
1928 5310 2009 5365 di~

412 5388 647 5446 versita’s
692 5405 946 5450 occurret
977 5396 1021 5451 si
1053 5399 1267 5469 penitus
1298 5398 1560 5470 disjnncfa
1594 5402 1817 5457 fuissent
1844 5411 2009 5457 tetra-

409 5480 650 5547 chorda;
686 5501 806 5554 qua:
834 5488 1014 5543 omnia
1048 5491 1172 5559 quia
1203 5493 1339 5549 satis
1378 5503 1507 5551 sunt
1547 5493 1867 5559 manifesta,
1901 5509 2006 5549 non

411 5582 495 5627 est
524 5590 660 5645 opus
695 5578 874 5635 dicere
902 5580 1129 5651 plenius.

1613 327 1652 381 Α
1665 326 1935 383 RIBONIS
1974 326 2246 385 SCllOLA
2258 328 2431 385 S'l’l'Cl

396 433 536 506 petit
557 440 752 489 metas.
805 431 957 489 Sicut
989 447 1395 507 nonnumquam
1431 438 1484 493 in
1511 440 1867 496 amzeuattoca
1892 457 1983 498 vo~
2013 451 2059 508 Α

2033 3155 2081 3218 C

3542 331 3663 386 13ιὲ

2350 472 2353 473 ν
2378 443 2455 497 De
2482 444 2890 514 diezeugmenon
2918 450 2967 496 et
2996 448 3385 513 agrestium“.

2169 535 2522 607 Priorivpatet
2546 536 2759 591 ratione
2784 539 2929 608 quod
2972 539 3325 594 tetrachorda
3349 540 3670 605 iliezmigmc-

2099 645 2203 684 non
2251 638 2301 683 et
2352 643 2738 701 synemmenon
2786 630 2897 686 sint
2939 632 3264 687 necessaria.
3319 631 3376 685 Si
3421 630 3561 683 enim
3596 640 3674 681 aut

2098 718 2410 789 conjunctio
2455 727 2547 773 aut
2590 719 2881 788 disiunctio
2922 723 3395 779 tetrachordorum
3420 730 3569 776 esset
3597 736 3677 788 pe-

2099 815 2245 871 nitus
2266 854 2282 879 ,
2310 820 2367 866 et
2392 814 2691 869 similitudo
2716 816 2939 886 penirel,
2981 826 3035 872 et
3063 819 3261 873 creber
3284 817 3337 871 in
3363 826 3519 870 cantu
3550 813 3677 868 deleo

2098 914 2220 961 ClllS
2245 916 2582 961 occurreret.

2101 1017 2178 1073 De
2206 1020 2303 1072 hoc
2334 1017 2801 1090 qutt'libetcltorda
2830 1021 3072 1090 superius
3114 1030 3161 1074 et
3199 1018 3420 1089 inferius
3456 1027 3677 1089 quartam

2171 1099 2219 1143 et
2252 1088 2490 1157 quintam
2516 1088 2671 1142 relint
2699 1088 2902 1145 habere
2917 1101 3128 1159 propter
3145 1088 3475 1145 diatessaron
3501 1101 3549 1142 et
3572 1090 3679 1140 dia-

2168 1172 2319 1228 pente
2346 1178 2465 1225 qua:
2496 1160 2719 1214 multum
2748 1163 3092 1216 dominantur
3114 1163 3171 1216 in
3198 1171 3381 1216 cantu.

2171 1272 2400 1344 Pmpter
2425 1275 2761 1333 diatessaron
2786 1286 2842 1331 et
2872 1277 3155 1346 diapente,
3178 1292 3301 1347 qua
3331 1276 3384 1331 in
3413 1274 3683 1332 cantilenis

2100 1365 2302 1437 pollent
2340 1369 2645 1439 praecipue,
2691 1370 2971 1425 desiderat
3003 1384 3343 1439 unaquaeque
3382 1369 3581 1423 chorda
3610 1368 3681 1421 vel

2101 1454 2280 1511 littera
2308 1467 2559 1527 quartam
2592 1461 2950 1530 quintamque
2988 1474 3152 1529 supra
3184 1458 3267 1513 vel
3299 1456 3440 1513 infra
3479 1458 3681 1513 habere.

2101 1545 2441 1618 Quapropter
2486 1549 2548 1605 F.
2582 1559 2638 1605 et
2689 1550 2725 1605 l.
2756 1552 3047 1607 admodum
3099 1551 3344 1623 indigent
3399 1562 3687 1621 synemme-

2103 1654 2241 1703 non,
2273 1647 2332 1693 ut
2382 1642 2564 1712 gravis
2621 1658 2781 1712 supra
2823 1654 3112 1713 quartam,
3138 1654 3293 1698 acuta
3331 1642 3469 1696 infra
3508 1641 3689 1696 habeat

2102 1727 2347 1797 quintam
2374 1729 2440 1782 ad
2470 1745 2530 1784 se
2556 1732 2908 1787 resultantem
2940 1749 3037 1800 per
3065 1734 3338 1802 diapente.

2395 1824 2471 1878 De
2498 1821 2864 1877 communione
2888 1822 3384 1877 Tetrachordorum.

2180 1917 2379 1971 Eadem
2430 1898 2663 1969 iutensio
2710 1924 2760 1969 et
2799 1914 3048 1968 remissio
3071 1914 3325 1969 omnibus
3369 1922 3455 1969 est
3486 1914 3592 1968 illis
3624 1922 3692 1965 te-

2110 2001 2431 2067 trachordis,
2458 2015 2578 2069 qua:
2599 1998 2920 2062 ascendunt,
2956 1998 3008 2051 id
3030 2008 3115 2053 est
3141 2000 3405 2069 gravium,
3439 2000 3688 2065 ﬁnaliasr,

2107 2093 2486 2161 superiorum,
2520 2090 2921 2145 excellentium.
2969 2086 3236 2144 Omnibus
3265 2099 3447 2143 autem
3482 2091 3693 2145 descen-

2107 2181 2359 2237 dentibus
2389 2182 2439 2236 id
2468 2191 2549 2237 est
2580 2180 2977 2251 hyperboleou,
2995 2181 3434 2252 diezeugmenon
3455 2220 3471 2242 .
3499 2195 3689 2234 meson.

2109 2274 2345 2345 hypaton
2367 2273 2554 2328 eadem
2580 2285 2663 2329 est
2688 2274 2940 2339 iutensio,
2972 2275 3162 2327 eadem
3186 2288 3399 2343 quoque
3430 2274 3693 2336 remissio,

2108 2368 2360 2435 quamvis
2392 2382 2651 2422 ascensus
2692 2368 2763 2422 sit
2805 2366 3086 2422 dissimilis
3128 2376 3183 2421 et
3223 2368 3556 2432 descensus,
3587 2367 3693 2436 quia

2109 2473 2367 2513 ascensus
2395 2470 2478 2515 est
2499 2459 2806 2524 semitonio,
2831 2459 3043 2523 ditono,
3070 2458 3357 2513 descensus
3384 2461 3601 2524 ditono,
3625 2474 3695 2512 se-

2109 2552 2358 2607 mitonio.

2110 2662 2187 2718 De
2225 2663 2524 2734 cli/ferentia
2570 2662 3044 2718 Telrachordorum
3093 2662 3485 2717 ascendentium
3535 2674 3583 2716 et
3622 2666 3698 2715 ιὲει

2718 2735 3099 2789 ascendentium.

2183 2826 2426 2893 Qualiter
2466 2836 2645 2881 autem
2688 2828 2878 2881 eadem
2917 2827 3175 2882 diﬂ’erant
3222 2825 3572 2880 tetrachorda
3596 2869 3610 2892 ,
3659 2826 3696 2879 si

2111 2927 2289 2978 vacat.
2317 2926 2371 2971 et
2398 2916 2582 2986 placiti
2614 2915 2879 2969 rationem
2902 2917 3207 2980 admittitis,
3234 2916 3409 2970 edam.
3446 2915 3700 2971 Diﬂ’erunt

2113 3010 2354 3074 nomine,
2384 3010 2527 3080 quod
2568 3008 2659 3061 est
2690 3009 2933 3078 planum,
2962 3007 3217 3063 dilferunt
3261 3008 3541 3076 qualitate,
3566 3008 3700 3077 quod

2111 3100 2273 3158 debet
2298 3102 2600 3171 explanari,
2645 3103 2773 3174 quia
2823 3101 2992 3155 latine
3037 3110 3345 3169 nuncupata
3378 3101 3556 3169 potius
3588 3110 3703 3154 sum

2112 3194 2462 3249 constitutiva
2500 3196 2803 3262 specierum
2827 3193 3011 3262 :trium
3062 3190 3549 3263 symphouarium,
3602 3190 3703 3242 dia.

2117 3292 2396 3353 tessaron,
2423 3287 2702 3355 diapente,
2730 3285 3024 3354 diapason,
3069 3298 3233 3352 quam
3279 3297 3456 3353 graace
3500 3292 3701 3337 vocata.

2116 3376 2382 3432 Diﬂ'ernnt
2407 3380 2605 3448 specie,
2633 3379 2759 3447 quia
2790 3378 2906 3431 haec
2935 3376 2989 3430 in
3017 3375 3215 3440 medio,
3244 3372 3335 3429 illa
3362 3373 3703 3428 semitoniutu

2118 3468 2318 3524 habent
2354 3470 2406 3525 in
2439 3478 2706 3525 extremo.

2114 3579 2190 3633 De
2215 3558 2402 3650 quibus
2425 3580 2614 3634 litteris
2644 3588 2692 3633 et
2725 3579 2933 3633 chordis
2974 3578 3388 3649 unumquodque
3419 3577 3703 3631 tetrachor-

2691 3651 2817 3703 dum
2844 3651 3114 3705 consistat.

2187 3742 2614 3799 Tetrachordnm
2646 3744 2890 3815 gravium
2921 3742 3220 3798 secundum
3256 3739 3561 3797 Guidonem
3588 3753 3705 3791 coe-

2114 3842 2226 3888 stat
2255 3834 2320 3890 A.
2356 3832 2416 3889 Β.
2447 3836 2511 3890 C.
2545 3835 2608 3889 Ι).
2641 3835 2784 3904 quod
2824 3834 2966 3890 idem
2984 3833 3141 3905 juxta
3167 3833 3416 3889 Boetium
3442 3842 3533 3887 est
3563 3846 3705 3903 pros-

2117 3928 2582 3994 lambanomenos,
2616 3929 2813 4001 hypate
2857 3929 3118 3999 hypaton,
3152 3936 3417 3999 parypate
3456 3928 3702 3997 hypaton.

2117 4018 2360 4073 lichanos
2379 4018 2638 4090 hypaton.
2666 4018 3099 4073 Tetrachordum
3127 4017 3371 4072 ﬁnalium
3402 4028 3490 4072 est
3515 4016 3705 4097 Gnido-

2116 4110 2238 4165 nice
2264 4108 2326 4163 Ι).
2354 4109 2417 4163 E.
2450 4109 2604 4165 F.‘G.
2639 4110 2740 4164 hoc
2790 4108 2964 4180 ipsum
3014 4118 3100 4164 est
3148 4109 3201 4163 in
3252 4106 3447 4163 Boetio
3478 4109 3708 4163 lichanos

2118 4199 2388 4271 hypaton,
2429 4200 2628 4270 hypate
2661 4213 2869 4264 meson,
2917 4207 3179 4271 parypate
3214 4192 3429 4262 meson.
3462 4199 3707 4253 lichanos

2117 4307 2323 4346 meson.
2363 4290 2791 4346 Tetrachordum
2840 4291 3184 4361 superiorum
3218 4289 3379 4360 juxta
3432 4291 3707 4345 moderns

2116 4394 2198 4440 est
2225 4363 2352 4451 mh
2379 4400 2428 4439 e.
2462 4384 2517 4438 d.
2546 4383 2692 4438 ldem
2717 4393 2801 4438 est
2826 4381 3000 4439 Boetii
3044 4397 3223 4449 mese,
3255 4397 3573 4453 paramese,
3599 4386 3708 4435 trite

2049 4510 2105 4571 DV
2126 4479 2583 4549 diezeugmenon,
2610 4487 2870 4549 paranete
2906 4478 3355 4549 dicxeugmeuon.
3394 4476 3706 4571 Tetrachor-

2122 4571 2249 4626 durn
2277 4570 2660 4629 excellentium
2705 4580 2792 4627 est
2839 4571 2892 4625 ιι.
2923 4585 2977 4626 e.
3012 4569 3052 4624 ι.
3086 4585 3140 4641 g.
3183 4568 3487 4624 secundum
3528 4567 3707 4623 Gnido-

2120 4676 2265 4731 nem,
2303 4664 2458 4734 juxta
2489 4663 2737 4719 Boetium
2765 4671 2945 4718 autem
2972 4671 3237 4732 paranete
3268 4661 3703 4731 diezeugmenon.

2119 4762 2243 4810 nete
2258 4754 2713 4825 diezeugmenon,
2746 4753 2872 4809 trite
2906 4751 3299 4825 byperboleon,
3323 4761 3590 4823 paranete
3624 4750 3707 4817 διε

2114 4848 2426 4918 perboleon.

2343 4941 2585 5010 Qualiter
2614 4942 2953 4997 tetrachorda
2980 4942 3179 5011 species
3205 4949 3511 5011 operentur.

2187 5035 2303 5091 Non
2333 5035 2673 5105 disputemus
2695 5033 2932 5104 qualiter
2963 5033 3067 5089 ista
3109 5032 3461 5088 tetrachorda
3494 5045 3702 5103 opereu-

2122 5135 2211 5181 tur
2252 5125 2703 5182 constitutionem
2748 5124 3053 5195 specierum
3102 5124 3445 5178 diatessaron
3496 5133 3554 5178 et
3601 5122 3701 5177 dia-

2122 5228 2306 5290 pente.
2352 5217 2782 5273 Telrachordum
2815 5216 3060 5288 gravium
3086 5215 3441 5269 tetrachordo
3478 5212 3699 5266 Bnaliars

2121 5312 2377 5367 collatum
2402 5323 2595 5365 omnes
2628 5308 2968 5364 diatessaron
3018 5309 3231 5379 species
3262 5322 3385 5378 quae
3416 5304 3527 5359 llll.
3558 5310 3696 5361 sunt.

2124 5402 2337 5474 perlicit
2378 5401 2481 5455 hoc
2531 5399 2709 5455 modo.
2763 5399 2944 5454 Prima
2996 5398 3275 5468 gravium,
3314 5397 3505 5468 prima
3528 5394 3697 5463 jussu

2124 5494 2361 5550 tinalinm
2382 5533 2397 5557 ,
2428 5492 2661 5563 parturit
2686 5490 2919 5560 primam
2946 5490 3285 5545 diatessaron
3320 5488 3571 5558 speciem.
3604 5481 3696 5536 εο-

2122 5588 2243 5642 dem
2280 5586 2439 5642 modo
2478 5592 2605 5639 sunt
2651 5584 2771 5639 vice
2795 5592 3078 5651 parentum
3105 5581 3204 5653 (ι),
3236 5582 3299 5638 ιιι
3318 5621 3335 5647 ,
3362 5579 3596 5652 gravium
3618 5573 3694 5628 ω.

494 5754 571 5824 (ι)
597 5754 914 5813 Midon-lum
942 5763 1179 5817 videtur:
1205 5767 1713 5836 secundagrarium,
1730 5776 1776 5824 ct
1798 5767 2002 5823 secundi

2122 5766 2291 5820 saliunt
2317 5764 2557 5820 secunda:
2586 5761 2772 5832 speciei
2800 5761 3149 5816 diatessaron.
