3864 6314
208 302 365 359 ’1315

1681 295 1951 356 MUSlCA.

2800 244 2887 255 *-..

3351 297 3489 355 l3”

216 408 487 484 linalinni,
512 412 622 483 1111.
641 413 907 487 grav-inm,
930 409 1039 469 IIII.
1061 410 1320 479 Iinuﬂum,
1340 411 1513 469 tertize
1532 420 1585 467 et
1604 425 1811 484 quartre
1837 416 1885 478 Α
1914 408 2341 479 gubernandum.
2367 409 2597 479 Dubiam
2632 420 2852 469 cantant
2894 412 3041 469 illam
3085 413 3288 487 antiph.
3317 415 3490 487 Alliga

218 507 423 576 speciei
440 506 799 562 diatessaron.
815 505 1015 560 Eadem
1039 504 1377 560 diatessaron
1397 504 1696 574 specierum
1715 521 1809 559 na-

216 598 406 653 tivitas
418 609 502 653 est
521 598 574 651 in
600 595 941 666 copulatione
960 596 1299 665 superiorum
1325 605 1383 649 et
1408 593 1803 665 excellentium,

213 697 267 742 et
284 697 396 741 tam
413 687 850 743 naturaliordine
871 687 1035 751 idem,
1051 695 1110 741 ut
1122 687 1189 742 de
1206 687 1395 758 primis
1408 685 1447 741 l.
1464 686 1598 743 ll.de
1613 703 1806 745 secun-

211 777 302 830 dis
318 777 451 830 illet
472 776 579 831 llll.
595 777 661 831 de
677 777 874 843 tertiis,
888 792 951 832 ac
972 776 1183 847 quartis
1195 778 1449 845 procedat
1469 784 1555 833 :et
1574 777 1677 833 hoc
1705 793 1802 834 ne-

212 868 605 937 cessario.quia
621 867 964 937 superiorum
979 876 1033 922 et
1050 867 1423 922 excellentium
1439 866 1653 924 collatio
1670 868 1804 925 nihil

210 967 297 1011 est
322 957 469 1012 aliud
498 975 659 1030 quam
688 959 994 1015 collationis
1020 960 1265 1029 gravium
1296 968 1353 1015 et
1380 959 1619 1016 Ilnalium
1652 976 1804 1033 repe-

211 1047 356 1103 titio.
388 1047 541 1105 Unde
566 1058 649 1105 est
682 1066 934 1115 necesse,
978 1059 1037 1105 ut
1068 1051 1324 1122 quicquid
1362 1052 1505 1107 inter
1528 1067 1720 1123 graves
1748 1063 1804 1109 et

211 1127 429 1207 ﬁnales,
459 1140 687 1214 idipsmn
727 1145 820 1197 liat
849 1143 991 1198 inter
1016 1144 1326 1216 Superiores
1354 1154 1408 1199 et
1430 1143 1755 1199 excellentes
1782 1161 1797 1198 :

209 1234 344 1304 quia
374 1234 513 1291 sicut
559 1236 761 1292 eaadem
810 1237 1118 1306 superiores
1148 1254 1267 1307 qua:
1302 1252 1515 1307 graves,
1560 1237 1631 1292 ita
1676 1248 1802 1292 sunt

208 1324 417 1379 eadem
444 1326 793 1393 excellentes,
826 1342 945 1397 qua:
973 1327 1183 1382 linales.

251 1434 410 1502 Quod
435 1438 761 1493 diatessaron
790 1446 837 1492 et
864 1438 1107 1509 diapente
1138 1440 1273 1493 inter
1302 1438 1504 1493 dirersa
1532 1449 1764 1493 constent

837 1510 1189 1563 tetrachorda.
1774 1526 1775 1529 ‘

283 1596 486 1652 Omnes
508 1611 635 1666 ergo
674 1596 781 1651 llll.
812 1597 1065 1669 diapente
1091 1600 1298 1669 species
1328 1600 1401 1654 ita
1438 1598 1578 1655 inter
1610 1598 1799 1657 ﬁnales

201 1695 465 1743 constant
490 1698 546 1742 et
570 1688 896 1757 superiores,
927 1690 1068 1744 sicut
1092 1705 1282 1745 onnics
1306 1691 1665 1755 diatessaron,
1704 1700 1798 1745 aut
1832 1756 1837 1761 ,

204 1777 360 1831 inter
414 1792 605 1847 graves
646 1786 703 1832 ct
750 1777 969 1846 linales,
1002 1788 1093 1833 ant
1136 1781 1279 1836 inter
1317 1782 1626 1851 superiores
1667 1797 1797 1836 con-
1826 1763 1871 1825 Β

199 1867 407 1924 sistunt
431 1876 485 1921 et
515 1868 869 1934 excellentes,
902 1871 1199 1941 eodemque
1241 1871 1431 1926 ordine
1461 1872 1797 1942 disponentis

202 1968 501 2015 natumut
547 1959 585 2013 1.
637 1960 705 2015 de
749 1962 967 2031 primis,
994 1963 1325 2033 etquazlibet
1365 1966 1575 2035 species
1601 1966 1668 2021 de
1712 1966 1794 2020 sui

199 2052 446 2106 nominis
470 2059 681 2106 cmtstet
709 2052 929 2107 chordis
968 2070 1031 2108 ac
1063 2053 1275 2111 litteris.

192 2158 365 2225 Quod
389 2161 441 2214 in
465 2161 592 2216 locis
611 2164 939 2217 diatessaron
960 2166 1203 2232 diapente
1229 2183 1331 2219 non
1358 2166 1673 2232 int-enititur,
1702 2184 1793 2221 nec

527 2236 853 2288 diatessaron
884 2236 937 2287 in
964 2238 1171 2289 sedibus
1191 2236 1454 2305 diapente.

277 2320 579 2377 Admodum
610 2325 860 2381 naturale
884 2340 1005 2381 esse
1050 2328 1454 2397 generationem
1488 2328 1791 2398 specierum

193 2412 357 2467 inter
379 2429 575 2481 graves
609 2431 674 2471 ac
709 2416 936 2482 linales,
976 2426 1032 2472 et
1070 2419 1211 2473 inter
1258 2420 1566 2490 superiores
1607 2437 1671 2476 ac
1698 2436 1791 2474 ex-

190 2503 493 2571 cellentes;
532 2502 783 2576 diapente
813 2517 993 2564 autem
1018 2510 1319 2579 specierum
1359 2511 1498 2565 inter
1524 2511 1712 2566 tinales
1736 2522 1791 2566 et

196 2594 514 2663 superiores
534 2598 834 2653 naturalem
854 2614 976 2655 esse
1001 2609 1205 2667 ortum,
1236 2617 1302 2657 ex
1332 2602 1433 2659 hoc
1460 2612 1631 2674 potest
1668 2619 1791 2673 per-

189 2684 364 2753 pendi
390 2702 405 2739 :
442 2688 584 2757 quod
614 2702 713 2743 nec
743 2690 1064 2745 naturaliter
1099 2692 1242 2747 inter
1270 2708 1461 2762 graves
1495 2704 1550 2748 et
1578 2694 1785 2759 linales,

195 2785 297 2830 aut
329 2778 639 2847 superiores
686 2794 753 2835 ex
809 2782 1138 2839 excellentes
1186 2784 1439 2854 diapente
1492 2789 1787 2857 procedunt

193 2869 441 2936 species,
475 2870 565 2925 ubi
593 2870 931 2928 diatessaron
961 2875 1232 2931 naturales
1259 2878 1459 2932 habent
1480 2880 1656 2948 sedes,
1688 2897 1786 2937 nec

196 2958 351 3014 inter
370 2962 559 3017 tinales
580 2971 637 3017 et
654 2967 961 3034 superiores
990 2966 1336 3022 inveniuntur
1368 2970 1641 3028 naturales
1670 2972 1785 3026 dia-

201 3060 454 3109 tessaron
486 3056 665 3120 sedes,
696 3057 837 3111 sicut
860 3058 1111 3129 diapente
1136 3063 1344 3129 species
1373 3074 1498 3117 sunt
1531 3065 1658 3118 inibi
1691 3082 1784 3119 na-

190 3144 453 3200 turaliter
472 3148 846 3216 procedentes.
872 3148 1155 3207 Naturales
1179 3154 1300 3208 dim
1320 3155 1530 3224 species
1549 3165 1607 3209 ιιι
1632 3157 1780 3225 prius

189 3233 307 3286 dixi
333 3234 398 3288 de
423 3237 503 3290 sui
536 3238 770 3292 nominis
804 3239 995 3295 litteris
1019 3243 1401 3310 consistentes,
1421 3254 1480 3298 ut
1508 3244 1544 3299 l.
1576 3246 1642 3300 de
1666 3248 1780 3317 pri-

186 3325 327 3391 mis,
363 3333 421 3382 et
438 3336 654 3383 caetera.
1198 3390 1206 3404 ,

622 3421 700 3476 De
725 3422 1036 3493 [annalibus
1059 3426 1355 3495 Specicbus.

264 3514 342 3570 De
373 3515 687 3573 l'ormaunus
723 3520 1098 3588 tempestivum
1142 3532 1225 3575 est
1252 3523 1431 3577 dicere
1470 3524 1774 3594 speciebus.

182 3602 473 3661 Formales
502 3616 627 3661 sunt
652 3607 893 3663 dicenda:
917 3625 1037 3677 qua:
1061 3608 1285 3664 lormam
1325 3612 1524 3666 habent
1560 3630 1665 3667 non
1692 3629 1778 3667 na-

183 3705 392 3762 turam,
418 3699 557 3753 sicut
581 3709 666 3754 est
687 3716 715 3753 a
742 3699 801 3753 D.
838 3701 889 3755 in
913 3700 979 3755 G.
1016 3700 1188 3756 forma
1233 3714 1316 3759 est
1346 3705 1532 3771 prima:
1577 3707 1774 3774 speciei

182 3789 525 3845 diatessaron
555 3793 759 3847 habens
799 3792 1147 3847 semitonium
1182 3795 1233 3847 in
1282 3798 1479 3849 medio.
1512 3798 1616 3851 Sed
1648 3798 1775 3866 quia

186 3896 301 3933 non
328 3881 464 3935 inter
480 3881 616 3937 duas
646 3894 855 3937 constat
883 3884 1109 3953 primas,
1150 3885 1245 3938 sed
1298 3886 1438 3941 inter
1467 3887 1694 3955 primam
1721 3897 1773 3941 et

180 3982 461 4036 quartam,
485 3969 711 4025 dicenda
737 3981 821 4026 est
855 3974 1028 4041 prima
1064 3971 1327 4038 formulis,
1354 3994 1455 4029 mm
1486 3978 1656 4046 prima
1686 3994 1775 4030 na-

182 4069 310 4112 tura
338 4059 400 4113 is.
446 4059 717 4116 Naturalis
747 4074 924 4116 autem
955 4071 1037 4116 est
1069 4063 1266 4133 prima,
1298 4081 1417 4134 qua:
1462 4084 1564 4120 non
1598 4067 1769 4121 solum

177 4150 240 4204 in
286 4152 459 4206 medio
487 4152 647 4207 habet
690 4154 1031 4208 scmitonium
1056 4193 1071 4217 ,
1101 4156 1199 4208 sed
1238 4156 1378 4210 inter
1407 4157 1541 4211 duas
1570 4158 1772 4227 primas

173 4241 453 4306 consistit,
486 4252 545 4297 ut
570 4243 658 4297 illa
680 4259 801 4313 quae
825 4256 908 4300 est
929 4246 1070 4301 inter
1090 4248 1156 4300 A.
1186 4258 1242 4301 et
1273 4248 1571 4317 l).quarum
1603 4250 1769 4305 altera

173 4332 359 4401 prima
380 4342 463 4386 est
488 4334 760 4403 gravium,
787 4334 955 4389 altera
990 4335 1247 4389 Iinalium.
1280 4338 1371 4390 Sic.
1408 4335 1618 4407 species
1654 4341 1771 4393 dia-

1911 499 2131 554 Domine
2165 500 2220 554 in
2246 500 2487 563 rinculis.
2532 515 2713 556 secum
2744 504 2919 559 tinalis
2944 506 3373 561 convenientiam
3414 508 3491 562 in-

1909 592 2172 665 cipientes
2196 607 2318 650 eam
2349 592 2405 649 in
2436 591 2504 648 G.
2530 598 2623 649 sed
2651 595 2776 664 quia
2799 596 3043 651 defectus
3069 597 3306 652 occurrit
3332 599 3490 653 choro

1908 684 2098 741 darnm
2125 692 2186 739 ut
2211 684 2424 742 cantari
2448 699 2554 738 non
2582 685 2782 754 possit,
2815 687 3114 753 cogitemus
3135 702 3256 741 eam
3280 696 3374 743 aut
3401 703 3490 744 se-

1906 776 2144 831 cundum
2173 776 2337 832 alium
2369 777 2585 831 modum
2608 775 2945 844 jubilandam
2964 819 2981 842 ,
3006 788 3098 833 aut
3125 780 3335 848 penitus
3368 795 3490 836 esse

1906 864 2250 920 mendosam.
2278 864 2387 920 Sed
2408 864 2599 921 falsam
2625 880 2745 920 esse
2771 866 2952 922 dicere
2987 868 3136 937 prius
3180 883 3284 923 non
3322 870 3490 925 debeo

1906 971 2049 1023 mus,
2081 972 2243 1026 quam
2274 957 2568 1013 secundum
2602 957 2842 1013 omnium
2879 957 3118 1013 ﬂnalium
3163 961 3491 1016 convenien-

1906 1048 2036 1103 tiam
2088 1047 2408 1119 incipientes
2457 1048 2840 1119 exploremus,
2882 1050 2929 1104 si
2961 1050 3013 1105 in
3051 1050 3162 1106 ullo
3206 1052 3487 1107 modorum

1904 1138 2221 1195 inotlensam
2266 1142 2602 1211 reperiamus
2622 1156 2741 1194 eam
2774 1158 2787 1194 :
2814 1141 2954 1196 sicut
2976 1141 3132 1196 istam
3153 1138 3305 1209 juxta
3328 1143 3487 1210 primi

1904 1232 2081 1288 titialis
2108 1232 2536 1287 convenientiam
2561 1232 2878 1287 inchoantes
2905 1231 2958 1285 in
2984 1232 3045 1287 F.
3075 1232 3194 1287 sine
3232 1232 3489 1285 seandalo

1903 1324 2356 1397 pert-antabimus.
2409 1324 2506 1379 Est
2554 1339 2770 1394 quoque
2812 1323 3241 1395 principalisob
3273 1325 3374 1379 hoc
3401 1324 3489 1378 di-

1901 1417 2090 1480 cenda,
2119 1417 2261 1485 quod
2295 1416 2507 1470 initium
2529 1425 2723 1470 cantus
2746 1415 3177 1484 principimnqne
3204 1432 3309 1469 non
3358 1431 3489 1470 ιιιιη·

1900 1522 2060 1576 quam
2090 1507 2334 1576 procedit
2360 1522 2424 1560 ex
2458 1506 2566 1571 illa,
2598 1515 2677 1570 ut,
2712 1505 2844 1561 Ecce
2874 1520 3060 1561 nomen
3098 1505 3328 1561 Domini.
3356 1505 3490 1561 Ecca

1900 1600 1955 1652 in
1984 1599 2204 1652 nubibus
2238 1600 2371 1651 coli.
2399 1595 2533 1651 Ecce
2578 1598 2740 1653 veniet
2772 1596 2909 1654 Deus
2937 1609 2983 1651 et
3009 1598 3182 1661 homo,
3201 1599 3311 1654 leva
3336 1600 3490 1653 Jeru-

1899 1688 2095 1754 salem,
2136 1699 2192 1743 et
2227 1689 2331 1743 alia
2381 1689 2827 1753 innumerabilia,
2858 1704 2977 1758 qua:
3007 1689 3073 1743 ad
3111 1691 3487 1757 reperiendum

1899 1790 2027 1835 sunt
2050 1779 2386 1851 planissima.
2427 1781 2522 1835 l-Ist
2562 1780 2875 1851 principalis
2914 1780 3038 1849 quia
3078 1781 3487 1836 distinctionum

1901 1871 2169 1927 interdum
2202 1872 2487 1943 principia,
2525 1872 2789 1927 interdum
2845 1871 2976 1926 lines
3005 1885 3398 1927 conversantur
3431 1873 3485 1929 in

1899 1962 2010 2027 illa,
2041 1972 2133 2018 aut
2157 1963 2335 2033 aliqua
2375 1965 2582 2019 musica
2630 1963 2975 2033 proportione
3024 1964 3228 2018 distant
3255 1964 3322 2016 ah
3370 1964 3485 2025 illa,

1897 2053 1951 2109 id
1983 2063 2069 2109 est
2099 2064 2193 2109 aut
2225 2065 2353 2110 tono
2381 2055 2464 2110 vel
2496 2055 2786 2109 semitonio
2810 2095 2825 2119 ,
2853 2054 2967 2109 sive
2989 2056 3310 2110 semiditono
3336 2095 3351 2118 ,
3387 2073 3483 2110 seu

1896 2144 2102 2209 ditono,
2130 2156 2223 2199 aut
2249 2146 2608 2209 diatessaron,
2638 2146 2979 2216 diapenteve.
3036 2144 3355 2216 Principaiis
3399 2159 3485 2202 est

1896 2237 2111 2299 merito,
2154 2251 2277 2290 eum
2309 2237 2483 2292 omnis
2508 2236 2798 2293 cantilena:
2827 2236 2949 2291 linis
2979 2246 3032 2291 ct
3076 2239 3289 2308 requies
3317 2239 3384 2293 sit
3427 2239 3483 2294 in

1892 2322 2007 2392 ejus
2034 2324 2294 2394 hospicio.

1964 2413 2283 2484 Superiores
2318 2414 2535 2470 chordze
2584 2414 2706 2470 ideo
2737 2414 3149 2485 principalitatis
3191 2414 3483 2485 dignantur

1893 2505 2130 2570 neruine,
2155 2506 2277 2575 quia
2305 2507 2631 2577 principales
2651 2516 2993 2566 antemarum
3023 2519 3203 2575 partes
3230 2508 3483 2577 diapente

1892 2596 2141 2652 videlicet
2172 2612 2238 2653 ac
2268 2598 2605 2655 diatessaron
2630 2598 2936 2655 medietatis
2958 2600 3170 2654 vinculo
3191 2599 3478 2668 copulant:

1889 2697 1944 2744 et
1993 2689 2134 2758 quod
2170 2690 2247 2744 ad
2290 2704 2387 2744 eos
2451 2707 2856 2760 nunntnnqnam
2910 2692 3220 2760 pertingant
3270 2704 3481 2744 nclama)

1889 2780 2238 2850 principales,
2288 2781 2549 2852 principia
2603 2782 2724 2836 dico
2773 2782 3275 2836 distinetionmnac
3307 2780 3477 2839 lines.

1888 2884 1953 2925 ac
1985 2878 2234 2924 tonorum
2260 2870 2291 2926 d
2318 2870 2598 2925 Ilercntitc.
2638 2870 2976 2926 Excelleotes
3008 2869 3135 2938 jure
3162 2880 3287 2926 sunt
3326 2871 3478 2940 prin-

1888 2959 2113 3031 cipales,
2148 2978 2269 3032 qua:
2294 2962 2366 3016 ita
2393 2962 2737 3016 dominantur
2771 2963 3038 3040 autentis,
3078 2972 3133 3023 ut
3164 2962 3217 3017 in
3250 2962 3379 3032 ipsis
3400 2962 3478 3018 sit

1888 3054 2223 3110 ascensionis
2249 3069 2436 3108 eorum
2462 3054 2601 3110 linis.

1810 3107 1857 3169 Ο
1926 3144 2056 3211 Qum
2077 3146 2285 3200 chorda:
2310 3146 2411 3199 sint
2437 3144 2748 3214 principales
2770 3146 2822 3199 in
2850 3145 3085 3199 cantibus
3112 3144 3430 3216 plagalibus.

1962 3237 2016 3291 In
2046 3237 2343 3307 plagalibus
2364 3250 2577 3306 quoque
2599 3235 2785 3290 eadem
2820 3238 3026 3291 ratione
3054 3237 3307 3289 dicuntur
3327 3237 3476 3305 prin-

1798 3360 1801 3365 ν
1882 3328 2083 3398 cipales
2113 3344 2334 3398 graves,
2371 3326 2559 3381 iinalcs
2581 3368 2597 3390 ,
2631 3326 2954 3396 superiores.
2991 3326 3331 3396 Quapropter
3362 3343 3470 3382 non

1883 3418 2097 3474 diﬁcile
2126 3420 2251 3480 inde
2286 3420 2388 3473 huc
2418 3418 2822 3471 similitudinem
2854 3416 3166 3470 transferre.

1989 3508 2142 3575 Quod
2170 3507 2531 3577 principalitas
2564 3507 2880 3559 chordarum
2902 3507 3242 3559 discernenda
3270 3507 3361 3560 sit.

1950 3599 2327 3669 Principalitas
2352 3596 2676 3652 chordarum
2726 3598 2895 3666 accipi
2948 3597 3236 3653 discretive
3280 3599 3471 3665 debet,

1879 3707 1983 3746 non
2012 3691 2184 3745 ubivis
2216 3690 2301 3744 illa
2328 3688 2698 3758 principalitas
2736 3688 2828 3743 sed
2865 3689 2917 3742 in
2956 3704 3051 3743 sua
3082 3690 3257 3757 specie
3285 3689 3465 3744 consi-

1877 3781 2113 3835 deretur.
2145 3782 2296 3835 Sicut
2326 3781 2493 3851 prima
2519 3781 2783 3852 gravium,
2810 3782 2981 3849 prima
3010 3782 3268 3845 linalinm,
3293 3782 3466 3852 prima

1876 3872 2215 3941 superiorum
2251 3872 2579 3943 principales
2604 3882 2730 3925 sunt
2771 3873 2821 3925 in
2855 3874 3024 3943 prima
3068 3875 3248 3943 specie
3278 3874 3465 3944 plaga-

1877 3962 2007 4015 liutn
2041 3972 2295 4016 emattlum
2320 4003 2334 4027 ,
2386 3964 2437 4016 id
2462 3972 2544 4017 est
2586 3962 2636 4016 in
2665 3965 2900 4017 secundo
2929 3973 3087 4022 tono.
3120 3981 3237 4033 qnze
3267 3964 3467 4031 princi-

1875 4053 2069 4121 paliter
2097 4052 2336 4121 ejusdem
2368 4064 2495 4109 sunt
2518 4055 2898 4109 constitutivm.
2924 4055 3300 4124 Principaliter
3320 4055 3463 4120 dico,

1874 4145 1999 4211 quia
2029 4144 2145 4199 alia:
2175 4146 2391 4201 chorda:
2423 4157 2785 4216 cooperantur
2805 4188 2819 4213 ,
2874 4148 2972 4199 iste
3022 4154 3079 4199 ut
3144 4145 3461 4212 pranlictum

1873 4246 1957 4289 est
1991 4237 2385 4307 principantur,
2409 4238 2550 4293 sicut
2582 4239 2793 4294 inania:
2823 4236 3223 4294 constructione
3259 4234 3466 4304 princi-

1874 4328 2022 4398 pales
2059 4340 2241 4398 partes
2270 4340 2394 4384 sunt
2423 4330 2705 4385 columine.
2741 4327 3070 4397 Principales
3098 4339 3311 4398 quoque
3335 4334 3465 4380 sunt

174 4431 344 4492 pente
371 4422 511 4476 inter
531 4425 596 4477 A.
621 4436 673 4479 et
704 4425 763 4479 E.
781 4426 954 4496 prima
981 4435 1063 4490 est
1092 4425 1331 4481 formulis
1354 4446 1458 4484 non
1484 4431 1766 4499 naturalis,
1797 4453 1849 4512 υ
1874 4419 1928 4474 in
1972 4422 2207 4476 “omnia
2238 4422 2418 4492 speCie
2456 4422 2741 4493 plagalium
2765 4462 2781 4486 .
2820 4421 2873 4475 id
2902 4429 2984 4475 ρει
3018 4420 3071 4474 ill
3102 4417 3209 4479 1111.
3252 4417 3461 4512 ωηο-ΙΙ

172 4514 309 4582 quia
337 4515 457 4569 licet
480 4526 537 4569 ut
556 4518 727 4587 prima
752 4518 1013 4571 naturalis
1032 4520 1256 4573 scandet
1288 4531 1429 4581 tono.
1459 4523 1765 4591 semitonio,

175 4615 331 4670 tono,
360 4615 414 4660 et
441 4616 586 4672 tono,
614 4624 719 4663 non
756 4617 934 4664 tamen
961 4610 1103 4665 inter
1124 4611 1257 4664 duas
1287 4613 1508 4680 primas,
1540 4614 1632 4667 sed
1683 4616 1767 4667 in-

174 4710 262 4754 ter
297 4701 524 4769 primam
551 4711 763 4757 constat
791 4717 857 4758 ac
894 4703 1210 4769 scentulum,
1241 4706 1383 4759 sicut
1412 4707 1516 4775 ‘illa
1543 4723 1661 4776 qua:
1684 4716 1767 4762 est

170 4792 323 4845 inter
360 4795 420 4846 1).
450 4792 664 4848 Iinalem
695 4804 748 4848 et
794 4795 1151 4863 superiorem.

170 4901 334 4970 Quod
382 4906 694 4976 principales
738 4908 949 4962 chordis
986 4909 1234 4964 dicantur
1267 4926 1382 4981 qua:
1421 4914 1765 4967 constitulira:

746 4988 865 5032 sunt
892 4990 1180 5050 troporum.

243 5067 578 5138 Principales
599 5071 825 5128 chorda:
853 5072 1108 5128 dicuntur
1127 5090 1246 5145 qua:
1272 5074 1325 5131 in
1352 5084 1627 5147 troporum
1656 5077 1765 5133 dis-

157 5160 527 5231 positionibus
555 5162 916 5234 principatum
942 5166 1263 5233 sortiuntur,
1295 5168 1434 5223 sicut
1467 5169 1517 5221 in
1543 5177 1764 5224 anteuto

157 5262 327 5324 proto
344 5254 666 5325 principales
698 5268 828 5313 sunt
864 5259 1017 5313 istze:
1060 5261 1232 5330 prima
1280 5261 1540 5327 Iinalium,
1590 5263 1760 5333 prima

157 5350 531 5416 superiorum,
562 5350 733 5419 prima
772 5351 1171 5408 excellentium.
1219 5353 1420 5409 Finalis
1454 5364 1537 5410 est
1567 5356 1763 5413 merito

159 5438 485 5510 principalis
535 5442 585 5495 in
613 5443 803 5512 primis
837 5462 853 5498 :
885 5445 1009 5514 quia
1041 5445 1084 5500 si
1116 5445 1412 5501 secundum
1437 5448 1761 5502 convenien-

156 5530 341 5596 tiam,
386 5548 546 5602 quam
599 5536 714 5605 ipsa
758 5538 1056 5607 praedocet,
1104 5545 1327 5592 cantum
1360 5536 1671 5608 incipimus,
1707 5547 1761 5593 et

160 5637 340 5694 usque
383 5626 449 5680 ad
497 5626 655 5682 linem
698 5629 989 5697 procedere
1029 5646 1133 5684 non
1169 5643 1490 5699 possumus,
1521 5631 1761 5686 ostendit

157 5713 318 5771 illum
350 5732 467 5774 esse
502 5728 593 5775 aut
642 5714 926 5788 vitiosum,
976 5731 1070 5777 aut
1112 5723 1266 5791 juxta
1315 5723 1475 5780 alium
1537 5725 1755 5780 modum

1871 4510 2116 4579 gravium
2148 4510 2208 4565 ll.
2244 4511 2481 4565 Iinalimn
2520 4512 2579 4567 ΙΙ.
2612 4513 2973 4582 superiorum,
3002 4526 3123 4580 qua:
3153 4507 3464 4580 principali-

1872 4611 1955 4655 ter
1979 4601 2128 4656 illum
2161 4603 2525 4661 constituunt.
2555 4602 2645 4659 Sic
2668 4602 2985 4659 constiluva:
3010 4609 3136 4655 sunt
3162 4599 3245 4654 lli.
3275 4608 3329 4654 et
3349 4597 3457 4652 Illi.

1869 4694 2151 4763 gravimn,
2191 4693 2462 4759 linalium,
2511 4694 2881 4764 superiorum,
2924 4692 3098 4747 tertia:
3142 4699 3199 4746 et
3250 4698 3461 4760 quartae

1866 4784 2069 4849 Specici
2122 4784 2410 4857 plagalium
2457 4794 2756 4856 troporum,
2790 4786 2841 4840 id
2888 4794 2970 4842 est
3009 4782 3146 4842 sexti
3184 4792 3240 4839 et.
3278 4783 3465 4849 octavi,

1867 4876 1999 4930 toni.

2361 4967 2437 5022 De
2474 4967 2751 5027 autemicis
2776 4956 2961 5037 prolis.
3350 5022 3353 5027 ,
3458 5038 3461 5043 Ι

1936 5074 2114 5130 Prima
2143 5075 2381 5137 Iinalinm
2404 5116 2418 5140 ,
2447 5079 2624 5147 prima
2664 5078 3039 5149 superiorum,
3074 5074 3247 5145 prima
3276 5071 3457 5128 excel-

1865 5165 2087 5221 lentium
2118 5177 2243 5222 sunt
2272 5169 2603 5240 principales
2625 5171 2680 5224 in
2702 5171 2871 5241 prima
2898 5171 3081 5239 specie
3109 5175 3454 5221 autentortnn

1864 5268 2143 5320 cantuum.
2173 5259 2224 5313 id
2275 5270 2358 5313 e-t
2408 5261 2460 5314 in
2515 5262 2690 5332 primo
2716 5270 2844 5315 tono
2870 5275 3030 5329 quem
3083 5255 3459 5329 principaliter

1863 5356 2235 5409 constituunt:
2265 5352 2503 5406 secunda
2528 5352 2791 5416 linalinm,
2824 5350 3063 5406 sectinda
3089 5348 3457 5419 superiorum,

1862 5445 2100 5502 secunda
2128 5447 2546 5513 excellentium,
2579 5444 2903 5516 principales
2948 5452 3075 5497 sunt
3120 5442 3174 5496 in
3212 5440 3453 5495 secundi

1864 5538 2132 5592 antentica
2162 5538 2348 5609 specie
2375 5537 2655 5605 diapason,
2677 5536 2728 5590 id
2764 5545 2847 5590 est
2872 5536 2924 5589 in
2949 5535 3113 5589 tertio
3142 5542 3270 5589 tono
3298 5530 3455 5599 cujus

1865 5629 2240 5701 principaliter
2266 5640 2389 5686 sum
2415 5630 2773 5685 constitutiva:
2811 5646 2826 5685 :
2873 5632 2952 5684 sic
2978 5630 3045 5684 de
3093 5626 3265 5683 tertiis
3295 5623 3453 5679 tertia

1862 5724 2139 5781 antentica
2184 5725 2438 5797 diapason
2477 5723 2850 5793 constituitur,
2893 5729 3086 5794 quarta
3116 5719 3183 5775 de
3217 5715 3447 5791 quartis.
