3864 6314
397 324 541 388 {SN

1680 296 2004 364 ARUBONIS
2030 291 2481 353 SCIIOLASTICI

3534 286 3671 345 l3”

395 447 553 518 Quod
592 444 660 499 ad
702 438 941 497 eumdem
980 435 1194 518 modum
1218 431 1416 502 species
1445 428 1701 498 diapason
1733 420 1987 490 incipiant
2023 424 2063 478 Δ
2097 410 2281 518 Qui"?
2306 419 2487 515 πιιιθιιξ
2519 412 2756 518 (ιιίιιξξιοι-
2786 404 3072 518 “mule:
3094 404 3508 512 dictmdmllost

924 520 972 564 et
1024 506 1211 577 ﬁniant
1251 516 1453 557 caunos.

467 611 647 667 Prima
675 604 884 679 species
912 602 1169 671 diapason
1196 604 1410 653 constat
1438 609 1468 646 a
1509 591 1683 662 prima
1710 585 1984 659 gravium,

396 705 571 776 prima
602 699 863 760 litialium,
893 694 1067 765 prima
1105 689 1443 760 superiorum
1468 702 1484 740 :
1517 684 1592 739 ita
1619 692 1679 736 ut
1706 679 1893 776 gravis
1915 685 1975 732 et

397 768 648 863 superior
668 786 889 859 legitimi
911 784 1023 839 sint
1059 794 1336 841 ascensus,
1365 777 1763 842 descensusqm:
1783 768 1986 833 claves,

400 885 574 941 tiualis
600 882 837 937 medium
884 875 1127 948 ejusdem
1148 872 1408 941 diapason
1457 865 1757 927 vinculum,
1788 864 1844 918 in
1877 866 1988 931 qua

396 987 481 1032 est
545 976 603 1030 ι).
659 972 1018 1029 commissura
1061 966 1402 1021 diatessaron
1461 968 1517 1015 et
1564 959 1832 1028 diapente.
1896 953 1990 1010 Sic

396 1069 632 1123 secunda
661 1066 870 1134 species
898 1063 1183 1133 diapason,
1207 1056 1441 1134 secunda
1487 1053 1755 1124 gravium.
1796 1064 1991 1105 secun-

396 1161 463 1212 da
494 1130 835 1228 superiorum
858 1130 1147 1209 clauditur.
1172 1150 1233 1205 Β.
1250 1130 1295 1213 b
1314 1158 1371 1202 et
1390 1145 1627 1202 secunda
1655 1142 1896 1199 liualium
1923 1140 1986 1195 E.

397 1252 724 1304 vinculatur.
752 1247 932 1302 Tertia
963 1246 1162 1312 tertiis,
1215 1251 1409 1314 quarta
1435 1240 1649 1312 quartis
1689 1246 1749 1292 et
1782 1232 1992 1291 claudi-

401 1348 516 1403 tur,
544 1348 600 1393 et
624 1336 939 1391 dimidiatur
967 1335 1030 1390 (Ξ.
1062 1334 1123 1390 F.
1146 1351 1196 1390 c.
1224 1334 1286 1389 D.
1314 1333 1379 1390 (ἱ.
1413 1332 1464 1387 d.

402 1451 557 1518 Quod
618 1449 797 1504 eodem
851 1448 1006 1503 modo
1072 1446 1137 1501 ab
1192 1446 1314 1501 aliis
1378 1442 1644 1518 speciebus
1700 1440 1991 1518 consistant

473 1523 750 1643 auteilttica:
792 1520 1150 1590 species-sicut
1201 1534 1235 1570 tt
1263 1510 1551 1585 prwlibatis
1572 1513 1839 1583 speciebus
1864 1510 1991 1565 sub-

463 1608 598 1662 Jugn
622 1607 698 1645 es.

474 1701 628 1756 Sicut
661 1701 780 1756 ista:
819 1707 1054 1770 quatuor
1083 1697 1294 1767 species
1330 1697 1610 1767 diapason,
1642 1694 1695 1750 id
1744 1700 1828 1747 est
1857 1706 1992 1762 qua-

2090 506 2283 562 stionis
2312 503 2578 559 scrutinio
2616 502 2838 571 dignum
2891 510 2999 556 est.
3032 500 3168 556 Cum
3203 502 3332 570 quis
3380 500 3681 555 auter-tiens

2093 600 2348 669 adjuncto
2400 596 2502 651 sibi
2540 611 2642 649 suo
2671 593 2939 664 subjugali
2967 602 3182 649 constet
3207 599 3383 662 prima
3412 600 3677 663 gravtam,

2091 693 2262 762 prima
2294 689 2563 752 liualium,
2590 688 2763 757 prima
2794 685 3160 754 superiorum,
3207 685 3385 755 prima
3416 683 3684 739 excellen-

2093 783 2247 847 tium,
2277 780 2407 851 quid
2455 780 2659 844 obstat,
2693 778 2823 848 quin
2869 777 2945 833 sit
2995 793 3134 834 unus
3182 775 3401 841 modus,
3449 792 3572 831 cum
3619 779 3687 830 de

2091 875 2213 931 unis
2262 883 2321 929 ut
2370 873 2448 928 ita
2489 872 2666 927 dicam
2722 870 2813 925 ﬁat
2859 871 3105 937 chordis,
3149 869 3407 924 videlicet
3438 869 3685 923 omnibus

2090 967 2323 1037 primis;
2367 964 2461 1021 sed
2495 962 2794 1019 secundum
2822 963 3079 1033 placitum
3108 961 3239 1017 facti
3290 972 3419 1017 sunt
3453 961 3520 1015 de
3546 977 3685 1031 qua-

2093 1066 2218 1113 tuor
2258 1066 2403 1121 octo,
2460 1064 2688 1126 cogente
2736 1064 2918 1109 tamen
2987 1053 3225 1108 ratione.
3284 1051 3424 1106 Cum
3461 1050 3688 1116 quilibet

2092 1158 2287 1204 cantus
2316 1147 2558 1217 legitime
2608 1145 2795 1217 vagari
2840 1160 2939 1215 per
2983 1143 3078 1199 XI.
3118 1143 3354 1199 chordas
3404 1143 3685 1213 potuisset,

2092 1241 2183 1311 qui
2224 1240 2502 1295 discursus
2535 1239 2756 1294 cuilibet
2788 1246 3018 1293 autento
3048 1252 3172 1292 cum
3215 1251 3317 1292 suo
3345 1236 3503 1306 plaga
3539 1250 3688 1289 eoat-

2092 1331 2271 1401 posito
2312 1331 2625 1401 deputatur,
2657 1329 2839 1384 evenit
2875 1343 3021 1396 saepe
3046 1336 3273 1397 prepter
3314 1333 3507 1381 cantus
3560 1337 3687 1393 pro-

2094 1423 2381 1489 lixitatem,
2424 1429 2484 1476 ut
2537 1420 2736 1491 aliquis
2799 1434 3012 1483 versus,
3054 1434 3149 1475 seu
3209 1417 3391 1473 brevis
3451 1416 3691 1486 psalmus

2094 1512 2384 1582 adjunctus
2432 1513 2500 1568 ab
2542 1511 2636 1566 illo
2681 1511 3040 1575 discet-daret,
3090 1523 3214 1563 eum
3259 1522 3473 1561 omnem
3535 1522 3688 1561 suum

2092 1622 2376 1664 ascensum
2443 1605 2838 1661 descensumve
2887 1614 2994 1658 non
3060 1601 3327 1672 potuisset
3399 1601 3685 1666 implere:

2097 1701 2313 1758 tandem
2359 1709 2445 1757 est
2503 1699 2897 1771 excogitatum.
2946 1706 3006 1751 ut
3043 1697 3226 1765 quivis
3270 1694 3359 1749 ιν.
3412 1702 3689 1763 troporum

406 1803 528 1848 tuor
554 1793 838 1863 plagarum
886 1799 1137 1845 constant
1184 1790 1438 1855 gravibus
1491 1797 1547 1843 et
1597 1785 1988 1856 superioribus,

2118 1814 2149 1849 n
2216 1796 2351 1849 duos
2427 1792 2803 1855 divideretur,
2868 1805 3100 1858 quorum
3174 1797 3405 1854 uterque
3481 1785 3692 1854 integr-.1

405 1886 763 1940 dimittiautnr
785 1892 968 1937 autem
1020 1883 1290 1949 tinalibus,
1322 1882 1493 1953 prium
1524 1879 1733 1949 primis,
1758 1877 1993 1933 secunda

405 1977 677 2041 secundis,
735 1974 889 2029 tertia
924 1972 1119 2035 tertiis,
1142 1984 1336 2043 quarta
1368 1972 1605 2042 quartis;
1648 1971 1727 2025 sic
1761 1977 1997 2039 quatuor

405 2078 695 2136 sequentes
725 2066 791 2121 ad
819 2062 1125 2118 autenticos
1148 2050 1481 2134 pertinentes
1520 2061 1841 2115 clauduntur
1865 2058 1997 2112 lina-

405 2159 548 2215 libus
575 2169 632 2214 et
682 2156 1071 2212 excellentibus
1100 2155 1452 2211 dimidiantur
1485 2160 1664 2206 autent
1700 2149 1783 2205 vel
1806 2150 1996 2204 vincu-

408 2250 586 2305 lantur
612 2249 1004 2318 superioribus,
1029 2249 1200 2319 prima
1227 2246 1438 2317 primis,
1460 2247 1693 2298 secumla
1722 2242 1996 2306 secundis,

408 2344 565 2411 tertia
601 2342 799 2405 tertiis,
833 2350 1025 2411 quarta
1058 2340 1267 2410 quartis
1296 2355 1310 2391 :
1339 2346 1397 2391 ut
1419 2338 1624 2407 optime
1647 2345 2000 2390 conservatus

406 2434 543 2489 ordo
568 2433 829 2488 naturalis
880 2432 970 2486 Dei
998 2433 1273 2487 voluntate
1303 2446 1425 2500 qua:
1468 2439 1551 2483 est
1593 2443 1779 2481 rerum
1806 2436 1999 2481 natura

408 2526 716 2590 conlaudet,
768 2524 1345 2579 illuminaustomnem
1398 2522 1692 2583 hominem,
1750 2518 1893 2589 quod
1945 2516 1999 2572 in

410 2623 607 2670 natura
650 2614 809 2670 latuit
858 2615 1163 2669 venatrices
1209 2620 1419 2668 mentes
1473 2611 1800 2679 investigare
1866 2626 2001 2665 eon-

409 2707 597 2767 cessit.

411 2836 599 2893 Utrum
647 2840 749 2894 sint
814 2839 940 2894 VII.
985 2840 1065 2894 rel
1113 2849 1229 2894 orto
1278 2837 1584 2893 discrimina
1637 2853 1838 2901 cocum,
1884 2850 2003 2887 cum

748 2928 1116 2981 synemmcnon
1145 2912 1379 2965 ridentur
1408 2919 1669 2962 actarum.

483 3024 887 3095 Syncmmeuou
915 3035 1166 3078 octavum
1199 3025 1342 3078 vocis
1384 3021 1676 3076 discrimen
1710 3034 1815 3073 non
1850 3020 2000 3084 facit,

2102 1896 2309 1941 tantum
2362 1884 2624 1953 diapason
2665 1891 2809 1936 esset
2855 1888 3169 1945 contentus,
3226 1886 3287 1931 ut
3324 1875 3557 1945 quilibet
3597 1877 3691 1929 sua

2102 1975 2447 2043 subiunctum
2504 1987 2663 2027 suum
2719 1979 2903 2039 posset
2950 1970 3287 2038 aequiparare
3342 1968 3692 2029 discursum,

2100 2069 2241 2123 sicut
2281 2080 2665 2135 nonnunquam
2702 2073 2924 2132 prOpter
2953 2060 3305 2116 inﬁrmiorem
3343 2060 3567 2115 comitis
3605 2076 3693 2113 ca-

2102 2160 2301 2215 ballum
2335 2155 2565 2213 vicinius
2595 2154 2827 2224 petimus
2856 2150 3235 2207 diversorium.

2102 2248 2181 2303 De
2225 2248 2323 2302 hoc
2363 2247 2505 2320 quod
2573 2242 2966 2320 quadripartito
3029 2240 3203 2320 ﬁgura
3249 2248 3299 2293 et
3354 2254 3553 2307 caprea
3598 2238 3695 2290 sint

2406 2313 2713 2370 imitatrices
2739 2313 3069 2382 antiquitatis
3099 2321 3391 2377 troporum.

2174 2410 2419 2479 Quatuor
2441 2420 2719 2479 troporum
2748 2404 3016 2461 naturalis
3040 2402 3340 2473 antiquitas
3377 2400 3436 2455 in
3482 2398 3695 2469 quadri-

2105 2502 2303 2574 partita
2333 2500 2714 2558 moderuorum
2742 2499 2910 2568 tigura
2936 2503 2991 2551 et
3019 2493 3072 2551 in
3101 2501 3291 2550 nostra
3317 2501 3471 2563 patet
3484 2505 3694 2560 caprea.

2105 2596 2436 2652 Divisiouem
2464 2601 2642 2648 autem
2665 2605 2854 2647 eorum
2884 2597 3069 2644 nostra
3090 2585 3377 2643 circularis
3404 2599 3698 2655 reputatu-

2106 2696 2185 2741 tat
2231 2688 2427 2756 figura,
2476 2699 2645 2755 quam
2689 2686 2756 2738 de
2799 2680 3041 2736 virilibus
3089 2678 3454 2748 lentineisque
3494 2675 3699 2732 cboneis

2105 2777 2527 2848 compinximus.

2195 2869 2273 2924 De
2300 2869 2397 2922 hoc
2419 2867 2560 2940 quod
2608 2876 2839 2938 quatuor
2877 2866 3016 2935 tropi
3052 2862 3365 2919 dividuntur
3387 2863 3448 2916 iu
3478 2872 3614 2916 octo.

2178 2958 2410 3030 Maiores
2469 2961 2641 3013 nostri
2696 2959 3096 3029 perpendentes
3147 2955 3450 3027 quemlibet
3492 2964 3699 3024 tragica.

2108 3054 2283 3107 a-lbuc
2314 3049 2599 3103 intlivisum
2638 3059 2880 3118 quatuor
2929 3046 3317 3119 principalibus
3372 3045 3449 3099 ita
3492 3043 3702 3097 chordis

411 3116 539 3183 quia
564 3131 837 3211 ult-nquam
887 3116 941 3168 b.
992 3115 1149 3168 melle
1205 3125 1366 3184 atque
1396 3113 1719 3183 quadratum
1754 3112 1804 3164 in
1837 3127 1999 3163 uuam
2030 3151 2077 3211 ο
2108 3145 2426 3200 musiswm’
2461 3151 2515 3192 ,η
2548 3112 2873 3194 “hri'nsccus
2899 3112 3562 3205 calam'duasdiapaso“
3584 3148 3701 3203 sp.)

414 3207 737 3259 conveniunt
774 3222 1043 3261 ueumam.
1068 3207 1200 3262 Cum
1229 3223 1386 3261 omne
1418 3206 1707 3259 discrimen
1744 3222 1807 3257 vo
1845 3204 1888 3258 is
1912 3204 2006 3258 ﬁat

413 3306 507 3351 aut
538 3305 664 3351 tono
700 3297 781 3351 vel
837 3299 1145 3357 scmitonio.
1182 3315 1275 3352 seu
1305 3313 1373 3352 ex
1405 3298 1487 3351 bis
1533 3295 1847 3367 compositis
1876 3312 2007 3351 cou-

415 3388 704 3450 souantiis,
729 3397 784 3443 et
812 3388 957 3443 inter
986 3392 1039 3445 Ι).
1086 3400 1137 3444 et
1160 3368 1204 3456 Β
1237 3390 1380 3443 nulla
1413 3389 1481 3443 sit
1514 3387 1888 3452 consonantia,
1914 3403 2010 3455 pa-

417 3489 493 3534 tet
523 3479 763 3548 proiecto
786 3481 929 3550 quod
978 3480 1081 3535 illa:
1106 3482 1225 3536 dum
1255 3482 1445 3536 litterze
1485 3481 1594 3536 sint
1639 3494 1736 3549 pro
1760 3495 1866 3533 uno
1894 3480 2009 3553 dis-_

416 3576 668 3630 crimine.
750 3576 966 3630 Illarum
1013 3575 1316 3629 litterarum
1368 3590 1579 3629 neumac
1629 3589 1903 3642 nunquam
1954 3572 2008 3625 in

418 3680 585 3718 unum
632 3667 985 3731 conveniunt,
1022 3669 1163 3721 sicut
1187 3667 1321 3720 libra
1372 3675 1428 3719 et
1477 3667 1620 3719 aries
1668 3664 1870 3733 pariter
1903 3678 2007 3715 non

418 3756 698 3810 videntur.
751 3758 1099 3826 Consurgeus
1146 3757 1289 3811 aries
1342 3755 1563 3821 libram,
1620 3756 1757 3809 libra
1810 3753 2008 3808 vellera

418 3850 639 3918 mergit.
1233 3866 1236 3868 τ

420 3958 578 4026 Quod
609 3959 794 4014 divisio
825 3960 1165 4013 monochordi
1190 3959 1284 4027 [int
1312 3967 1530 4028 aut.per
1549 3960 1893 4029 quantitatem
1922 3969 2013 4013 aut

997 4047 1090 4100 per
1116 4032 1443 4100 qualitatem.

491 4142 843 4199 Monocbordi
890 4143 1085 4198 divisio
1119 4142 1177 4196 lit
1222 4143 1498 4212 bipartito.
1544 4141 1848 4208 Cumeuiat
1894 4141 2014 4197 dico

424 4245 598 4290 tetmu
669 4234 1095 4290 monocbordum
1147 4235 1202 4289 iu
1237 4236 1373 4289 duas
1412 4234 1574 4289 dividi
1631 4236 1890 4304 diapason
1931 4237 2014 4288 vel

423 4330 633 4383 duobus
690 4328 940 4397 passibus
986 4327 1100 4380 ﬁeri
1156 4327 1438 4396 tliapzts‘ttt,
1510 4326 1684 4380 tribus
1740 4326 2014 4394 diapente,

422 4431 659 4489 quatuor
682 4421 1047 4483 diatessaron,
1076 4428 1260 4473 tonum
1284 4434 1497 4481 nouem,
1527 4417 1843 4488 quantitatis
1863 4429 1941 4472 est
1963 4429 2018 4471 et

2107 3239 2221 3294 cies
2261 3248 2483 3309 possent
2520 3236 2812 3297 conﬁcere,
2864 3232 3169 3286 diviserunt
3217 3244 3315 3284 eos
3361 3231 3415 3282 in
3460 3235 3707 3280 antealos

2107 3342 2163 3386 et
2194 3333 2400 3403 plagas,
2435 3339 2684 3384 autentos
2706 3337 2969 3381 vocantes
2994 3323 3303 3379 auctoratos
3330 3332 3386 3379 et
3414 3321 3704 3393 digniores.

2110 3425 2302 3496 plagas
2350 3435 2533 3478 autem
2580 3419 2834 3475 laterales
2881 3427 2939 3472 et
2988 3416 3284 3487 subjectos.
3319 3415 3477 3483 Quod
3515 3428 3705 3469 nomen

2109 3514 2466 3584 subjectionis
2516 3513 2685 3568 etiam
2731 3525 2906 3581 graeca
2953 3524 3052 3564 sua
3103 3514 3379 3563 testantur
3424 3505 3705 3569 voeabula,

2112 3606 2239 3676 quia
2280 3605 2487 3672 primus
2519 3612 2677 3657 tonus
2703 3601 3006 3671 appellatur
3035 3612 3212 3669 graece
3263 3597 3493 3660 Dorias,
3520 3612 3709 3650 sec-m-

2110 3697 2212 3751 dus
2234 3704 2459 3752 vocatur
2491 3693 2845 3767 bypo‘dorius,
2867 3692 2917 3747 id
2943 3701 3045 3753 est,
3079 3690 3385 3762 sultjugaiis
3414 3689 3561 3745 Darii
3592 3706 3606 3743 :
3638 3699 3705 3740 ita

2113 3795 2347 3857 quartus
2379 3794 2436 3841 et
2490 3793 2677 3840 sextus
2725 3781 3131 3855 bypoplnygius
3174 3790 3231 3837 ct
3282 3779 3594 3851 bypoﬁdius
3632 3778 3710 3830 di-

2114 3891 2278 3935 Clllll'.

2188 3969 2493 4025 Diviserqu
2527 3977 2742 4037 pratum
2774 3965 3008 4035 pritnavn
3042 3962 3281 4019 ﬁtialium
3315 3977 3447 4018 eum
3475 3960 3713 4015 altrinse-

2114 4075 2211 4115 cus
2235 4059 2551 4130 positaeum
2584 4057 2756 4128 prima
2796 4050 3177 4113 excellentium
3209 4054 3627 4125 conj-ingentes,
3662 4060 3713 4104 et

2117 4160 2400 4206 auteutum
2448 4150 2684 4220 primum
2720 4147 2971 4205 videlicet
3006 4157 3191 4202 tonum
3243 4155 3578 4201 statuentes.
3603 4141 3711 4197 Pri-

2119 4258 2261 4297 mam
2299 4255 2428 4295 vero
2452 4240 2696 4312 gravium
2725 4256 2848 4295 cum
2876 4239 3198 4294 altrinsecus
3229 4238 3336 4293 sita
3360 4241 3541 4307 prima
3565 4249 3711 4306 sape

2119 4334 2327 4388 riorum
2362 4329 2727 4397 conferentes,
2754 4343 2807 4384 et
2829 4330 3062 4400 primmn
3091 4328 3326 4397 plagam,
3356 4338 3547 4382 tonum
3572 4322 3711 4381 scili-

2120 4434 2205 4479 cet
2232 4424 2549 4489 sccundum,
2583 4432 2988 4493 componentes.
3041 4419 3098 4475 lu
3148 4423 3387 4477 deutcro
3423 4414 3709 4477 secunda.

425 4511 637 4566 nu’meri
686 4511 754 4565 ad
805 4525 1114 4566 mensuram
1163 4511 1443 4582 pertinens
1475 4511 1846 4564 inoaoelzordi.
1878 4510 2013 4565 Cum
2052 4515 2516 4581 Dlinaliumeum
2552 4514 2881 4570 altrinsecus
2931 4513 3106 4569 locata
3164 4514 3409 4568 secunda
3457 4509 3711 4568 excellen-

426 4613 609 4658 antem
660 4604 1007 4658 tetrachorda
1059 4605 1304 4673 (pta-dam
1354 4604 1476 4658 dico
1513 4605 1740 4659 intendit
1787 4619 1883 4673 per
1932 4614 2015 4657 to»

428 4708 580 4753 uum.
626 4693 995 4755 semitonium,
1028 4702 1236 4757 tonum,
1271 4695 1517 4761 quaedam
1544 4708 1671 4746 vero
1700 4693 1897 4746 remitti
1921 4707 2021 4761 per

426 4782 676 4836 tiittmttttt
707 4792 760 4838 et
805 4784 1172 4848 semitnnium,
1206 4784 1427 4854 desig’no
1457 4783 1774 4852 qualitatem
1806 4783 1872 4836 ad
1907 4797 2021 4836 me-

427 4876 625 4931 lodiam
658 4877 1037 4946 pertinentem,
1078 4878 1231 4947 quasi
1272 4879 1536 4932 dicerem:
1559 4877 1692 4930 Cum
1723 4879 2024 4930 tetrachor-

427 4971 556 5024 dqu
586 4970 853 5042 gravium,
902 4969 1163 5033 iiunlium,
1209 4970 1571 5040 superiorum,
1613 4969 2019 5031 excellentium,

432 5059 748 5114 intendatur
792 5070 850 5115 ct
894 5060 1205 5116 remittatur
1254 5076 1353 5132 per
1402 5068 1612 5130 tonum,
1656 5060 2021 5122 semitouium,

436 5163 640 5221 tonum,
681 5164 833 5225 potes
866 5155 1163 5226 quamlibet
1214 5170 1468 5210 neumaut
1504 5170 1690 5210 susum
1742 5156 2025 5225 iusutuqne

436 5245 737 5321 resultare:
772 5248 853 5303 sic
878 5257 932 5302 et
957 5247 1023 5304 de
1058 5247 1163 5302 illis
1198 5263 1319 5319 qua:
1344 5245 1687 5302 descendunt
1724 5247 2026 5319 perpendas

435 5338 821 5395 tetrachordis.

435 5448 642 5529 urunt
678 5455 816 5509 idem
878 5458 1063 5512 modus
1110 5457 1208 5529 'qui
1258 5460 1453 5527 dicitur
1519 5457 1711 5513 Dorias
1769 5458 2023 5512 dicendus

502 5524 1064 5660 ἲῗηέινροηήπυιὶάὶω
1110 5524 1325 5599 propter
1376 5530 1440 5583 Ι).
1498 5530 1553 5584 d.
1618 5530 1760 5599 quod
1827 5541 1899 5581 est
1949 5529 2028 5580 bi-

650 5614 696 5648 te.

650 5614 696 5648 e.

509 5706 819 5780 Antiquitas
842 5720 996 5765 erant
1018 5722 1251 5781 quatuor
1295 5720 1503 5769 tantum
1546 5711 1823 5768 naturales
1863 5710 2025 5782 tropi.

2124 4610 2255 4663 tium
2309 4607 2627 4679 junxerunt,
2671 4615 2727 4661 et
2782 4604 3082 4662 secundum
3132 4614 3450 4669 amentum,
3509 4602 3708 4657 tertiam

2123 4704 2322 4771 quippe
2374 4712 2584 4762 tonum,
2632 4707 3091 4771 composuerunt:
3133 4695 3435 4752 secundam
3481 4694 3711 4767 gravia-

2125 4806 2250 4846 cmn
2302 4790 2537 4846 secunda
2578 4790 2879 4861 junxerunt
2924 4792 3293 4859 superiorum,
3324 4801 3386 4846 et
3427 4792 3711 4849 secundum

2127 4882 2490 4953 subjugalem,
2539 4894 2794 4953 quartum
2823 4899 3017 4955 nempe
3050 4895 3262 4949 tonum,
3291 4894 3625 4942 statuerunt.
3664 4886 3711 4937 la

2129 4971 2260 5026 trito
2297 4974 2515 5028 tertiam
2550 4972 2794 5028 ﬁnaliunt
2824 4990 2950 5028 cum
2983 4973 3311 5029 altrinsecus
3339 4976 3524 5047 posita
3567 4976 3709 5029 terti:

2125 5063 2532 5132 excellentium,
2559 5078 2613 5121 et
2641 5066 2863 5121 tertium
2896 5075 3204 5129 autentum,
3246 5069 3507 5137 quintum
3534 5082 3684 5134 nemp

2128 5166 2339 5222 tonum.
2365 5156 2735 5214 coniecerant.
2770 5158 3034 5214 Similiter
3074 5158 3294 5214 tertiam
3324 5162 3695 5229 graviumm

2126 5249 2452 5307 altrinsecus
2490 5251 2692 5322 scripta
2725 5250 2888 5306 tertia
2928 5252 3272 5322 superiorum
3305 5252 3710 5320 eonjuusenuu,

2125 5348 2180 5395 et
2223 5340 2442 5396 tertium
2477 5340 2768 5412 plagalem,
2798 5341 2853 5397 id
2902 5351 2987 5397 est
3017 5352 3230 5397 sextum
3289 5353 3505 5407 tonum,
3532 5356 3709 5412 posue-

2133 5442 2275 5490 runt.
2311 5433 2511 5488 Eodem
2557 5435 2717 5489 modo
2749 5435 2801 5489 iu
2832 5435 3071 5489 tetrardo
3098 5444 3351 5506 quattatu
3410 5434 3643 5489 (insiliunt
3658 5432 3707 5484 id

2131 5536 2216 5580 est
2245 5526 2310 5581 G.
2343 5542 2467 5581 cum
2522 5525 2847 5583 altrinsecus
2879 5538 3080 5583 statuta
3110 5540 3305 5599 quarta
3346 5528 3707 5584 excellentiam

2133 5618 2499 5684 contulerunt,
2556 5628 2815 5688 quartum
2860 5629 3166 5685 anteutunt,
3215 5619 3267 5673 id
3310 5629 3394 5676 est
3434 5617 3706 5690 septimum

2135 5720 2343 5777 tonum,
2370 5720 2810 5783 composuerunt.
2850 5710 3113 5778 Quartam
3150 5713 3400 5785 gravium
3430 5711 3485 5768 id
3510 5719 3613 5779 est,
3649 5706 3705 5759 0-
