3864 6314
125 282 271 362 last

1576 326 1577 329 ~
1629 280 1919 361 itit's‘tci.‘

3273 303 3446 379 tSiia

112 433 253 475 eum
279 416 607 476 altrinsecus
632 425 818 476 uelata
846 427 1043 490 quarta
1090 417 1433 490 superiorum
1473 415 1723 474 videlicet
1746 403 1800 465 Α
1830 409 1883 473 in
1913 401 2092 477 medio
2114 429 2208 479 aut
2236 431 2423 482 tonum
2440 427 2611 487 habet
2629 430 3137 497 anttsemitoniumr
3160 432 3450 505 manente:

110 511 169 568 d.
217 510 555 582 junxerunt,
612 521 670 567 et
732 522 989 583 quartum
1042 511 1401 584 subjugalem,
1472 519 1727 567 octavum

109 604 327 676 quippe
350 613 537 661 tonum
556 646 570 670 ,
601 606 933 661 constituere
960 603 1267 661 voluerunt.
1309 603 1416 659 Sed
1442 594 1569 674 quia
1593 618 1728 659 eun-

107 697 249 754 dem
288 698 509 753 modum
535 697 689 765 prius
717 700 769 753 in
799 707 957 769 proto
984 697 1314 753 autentieam
1344 696 1580 766 speciem
1611 696 1730 751 diaa

104 784 314 871 paSon,
344 796 397 851 id
422 802 528 861 est,
556 802 744 849 tonum
775 795 1008 865 primum
1039 793 1309 868 fecerunt,
1331 799 1729 848 recusaverunt

106 865 277 944 illum
300 868 357 943 in
388 888 632 943 tetrardo
654 885 738 941 vel
766 887 968 943 habere
1000 866 1084 941 vel
1118 882 1391 957 appellare
1430 883 1741 956 plagaletn,

107 994 224 1036 non
262 978 776 1052 pervidentesquod
801 980 865 1034 D.
892 979 946 1034 d.
988 978 1247 1034 biformes
1274 978 1384 1033 sint
1407 977 1604 1032 litterae
1629 970 1726 1046 po-

107 1082 301 1129 tentes
334 1072 655 1128 naturaliter
701 1083 809 1128 tam
863 1071 1131 1144 plagalem
1180 1086 1344 1142 quam
1390 1069 1721 1126 autenticatn

104 1164 457 1220 constituere
522 1163 781 1235 speciem.
843 1161 998 1219 Unde
1062 1162 1152 1218 ille
1203 1160 1452 1217 biformis
1526 1159 1722 1215 modus

102 1264 347 1327 propter
391 1255 739 1326 antiquorum
773 1254 850 1326 (6)
883 1270 992 1311 non
1035 1254 1326 1324 acquisivit
1370 1267 1483 1308 suae
1532 1252 1723 1324 subjué

101 1344 218 1418 gali
245 1344 461 1403 natura:
482 1346 722 1403 tlebitunt
752 1360 972 1413 nomen,
1000 1354 1062 1401 ut
1094 1345 1367 1401 diceretur
1390 1343 1715 1415 ltypomixo-

100 1439 301 1505 lidius,
351 1438 402 1494 id
430 1446 535 1507 est,
577 1437 840 1493 mixolidii
890 1435 1108 1509 septimi
1147 1434 1399 1491 videlicet
1432 1435 1544 1491 toni
1593 1434 1719 1491 sub—

100 1530 295 1601 iectus
692 1590 695 1605 ρ

107 1644 415 1712 Quomodo
440 1630 681 1717 jitttioqres
710 1641 954 1717 ejusdem
983 1644 1127 1699 τῆοάὶ
1147 1643 1409 1716 geminam
1445 1641 1715 1698 intellexe-

541 1718 643 1771 rint
670 1716 770 1771 vim
803 1726 958 1787 atque
997 1726 1267 1770 naturant.

176 1796 457 1865 Solertius
482 1816 662 1863 autem
686 1806 950 1878 praelibati
977 1807 1121 1863 modi
1150 1815 1397 1862 naturam
1428 1814 1484 1862 et
1522 1806 1710 1862 eﬂlca-

97 1902 253 1959 ciam
276 1901 526 1971 iuniores
572 1900 845 1958 intuentes
890 1900 1132 1973 plagales
1173 1901 1277 1956 sibi
1313 1899 1575 1957 formulas
1624 1899 1711 1956 vel

98 1994 451 2050 diﬂerentias
478 1992 865 2049 attribuerunt.
907 1992 1039 2048 Octo
1071 2002 1190 2048 sunt
1222 1993 1588 2049 beatitudines.
1616 1994 1714 2051 Se-

96 2086 357 2140 culorum
406 2102 583 2140 amen.
616 2084 685 2140 In
728 2083 822 2140 illa
870 2084 957 2140 die
988 2093 1046 2141 et
1089 2093 1337 2142 czeteras.
1398 2084 1711 2141 Seculortttn

96 2191 289 2235 amen.
327 2176 463 2233 Dant
494 2174 723 2234 medium
750 2177 1040 2234 silentium;

176 2292 344 2361 Quod
372 2302 586 2348 sanctus
630 2290 916 2374 Gregorius
943 2293 1176 2374 ejusdem
1207 2284 1349 2349 modi
1379 2291 1640 2365 duplicem

203 2437 207 2441 ν
541 2367 861 2435 perspexerit
900 2367 1274 2435 'operationem.

169 2436 343 2513 f’atet
387 2456 699 2525 admodum,
742 2458 960 2514 beatum
1005 2457 1326 2529 Gregorium
1380 2459 1545 2515 totius
1577 2474 1714 2531 pene

93 2550 466 2607 ecclesiastici
498 2558 690 2607 cantus
718 2559 996 2607 auctorem
1049 2550 1321 2621 duplicem
1353 2550 1470 2621 ejus
1512 2565 1714 2623 cogno-

95 2645 254 2701 visse
285 2642 679 2715 operationem,
711 2642 802 2714 qui
843 2642 895 2697 in
921 2649 1147 2698 autento
1171 2642 1277 2698 non
1299 2643 1481 2713 potius
1516 2643 1711 2699 auten-

96 2739 271 2805 ticas,
300 2752 465 2809 quam
495 2736 734 2808 plagales
778 2735 954 2806 diligit
975 2736 1130 2792 odas.
1159 2735 1294 2793 Cum
1334 2745 1516 2791 autem
1543 2752 1711 2793 aureo

95 2830 283 2902 ipsius
312 2837 369 2884 et
394 2830 567 2885 sancti
593 2827 864 2884 Ambrosii
888 2826 1114 2899 plagalis
1156 2842 1280 2883 esse
1325 2828 1713 2898 comprobetur

97 2920 451 2985 testimonio,
478 2918 608 2991 quid
637 2918 795 2975 nobis
815 2927 896 2973 est
924 2917 1304 2983 dubitandum,
1334 2916 1486 2987 quin,
1514 2926 1574 2972 ut
1604 2926 1707 2985 est,

93 3010 359 3072 dicamus
412 3013 563 3070 illum
609 3028 720 3071 non
749 3011 924 3069 solum
951 3011 1164 3068 dorium
1204 3011 1299 3069 sed
1349 3008 1714 3083 bypomixoli-

92 3108 296 3164 dium?

214 3198 374 3266 Quod
413 3197 550 3255 idem
585 3197 770 3253 modus
805 3195 992 3253 habeat
1035 3193 1312 3252 materiam
1348 3181 1591 3267 plagaiis.

170 3292 315 3349 Cum
344 3292 486 3348 idem
516 3293 708 3349 modus
743 3292 941 3349 habeat
973 3289 1198 3363 plagalis
1245 3288 1549 3351 materiam,
1590 3286 1707 3358 pla--

90 3385 281 3458 galem
310 3396 375 3439 ex
400 3382 505 3440 hac
523 3398 912 3454 componamus
943 3383 1196 3447 fortnam,
1223 3387 1317 3435 aut
1342 3378 1385 3435 si
1413 3379 1703 3450 possimus,

90 3476 427 3533 naturaliter
465 3486 723 3548 negemus
754 3475 822 3530 Ι).
850 3489 956 3529 non
998 3489 1117 3530 esse
1147 3478 1396 3544 quartam
1436 3468 1702 3542 gravium,

91 3571 152 3625 tl.
195 3584 309 3625 non
336 3566 455 3625 esSe
479 3576 730 3642 quartam
769 3568 1133 3638 superiorum,
1161 3573 1254 3622 aut
1287 3581 1409 3622 esse
1439 3562 1705 3620 concedas

92 3677 251 3717 mus.
318 3659 375 3716 Si
432 3660 791 3733 negabimus,
840 3659 909 3715 ab
973 3659 1286 3715 adversario
1341 3658 1704 3727 subsequente

90 3752 543 3825 constriugemur
570 3752 1059 3826 argumentatione.
1106 3750 1296 3808 Omnis
1332 3749 1552 3816 chorda,
1582 3765 1704 3818 qua:

92 3847 337 3902 duorum
362 3842 738 3916 synemmesis,
763 3843 813 3898 id
840 3851 923 3899 est
949 3842 1280 3914 conjunctio,
1304 3839 1704 3898 esttetracbor-

94 3940 324 4002 dorum,
349 3936 573 3992 alterius
603 3945 687 3992 est
708 3934 852 4002 finis,
880 3934 1215 4005 alteriusque
1238 3943 1321 3990 est
1344 3928 1698 4004 principium;

93 4028 201 4085 sed
243 4026 311 4083 Ι).
342 4026 698 4098 synémmesis
729 4035 812 4083 est
845 4026 1176 4082 tetrachordi
1207 4025 1453 4097 gravium
1481 4034 1535 4080 et
1566 4023 1704 4079 fina-

94 4123 264 4177 lium.
324 4121 383 4177 Si
424 4119 550 4177 linis
592 4130 675 4177 est
716 4119 1068 4186 tetrachordi,
1118 4131 1310 4191 quarta
1343 4127 1427 4174 est
1464 4118 1699 4184 chorda;

95 4203 209 4270 sed
233 4211 356 4267 linis
384 4221 488 4279 est,
525 4227 656 4283 ergo
701 4221 895 4282 quarta
928 4227 943 4265 ε
976 4210 1103 4282 quia
1149 4210 1325 4266 omnis
1372 4208 1700 4265 tetrachordi

91 4300 287 4360 ﬁnalis
330 4311 521 4374 quarta
562 4311 668 4358 εει.
700 4302 1091 4373 Argumentum
1134 4315 1164 4355 a
1214 4300 1430 4371 genere.
1470 4298 1698 4353 Maxima

91 4394 428 4467 propositio,
458 4394 603 4465 quod
630 4394 683 4449 in
706 4394 957 4451 omnibus
992 4393 1158 4463 valet,
1200 4393 1344 4450 valet
1390 4402 1444 4449 et
1483 4393 1536 4449 in
1570 4407 1697 4460 uno,

1736 3131 1783 3194 C

1829 521 1960 563 vero
1993 512 2077 565 vel
2102 512 2369 578 ditonum.
2397 517 2482 574 vel
2505 522 2889 579 scinidittinum
2939 523 3053 578 sive
3083 531 3294 591 tonum,
3324 534 3420 581 seu

1827 598 2215 661 semitonlum»
2708 646 2713 651 .
3044 628 3049 631 -
3140 664 3145 665 ί

1886 730 1889 731 ν
1933 691 2013 747 De
2034 696 2391 752 convenientia
2417 710 2611 767 motus,
2637 703 2727 771 qui
2759 702 2955 758 dicitur
2979 716 3315 764 commixtus.
3438 752 3443 759 .

1833 814 1851 831 -.
1897 782 2237 843 Comminus
2272 797 2453 846 metus
2489 794 2854 851 venerabilior
2895 804 2978 852 est
3016 797 3287 854 omnibus.
3312 798 3423 854 ille

1826 883 2007 932 autem
2043 878 2252 935 duabus
2276 880 2529 953 diapente
2559 884 2968 944 diatessanonve
2989 898 3167 963 potest
3192 891 3438 947 comitr.

1825 965 1995 1022 culari
2039 982 2225 1026 susum
2260 972 2538 1043 etjusum,
2574 987 2630 1032 et
2659 977 2848 1034 ditono
2889 990 2946 1034 et
2982 982 3250 1038 semitono
3274 984 3437 1049 ;~sed

1826 1056 1900 1112 ita
1936 1068 1995 1114 ut
2025 1062 2325 1119 semitonus
2352 1064 2618 1123 iambicus
2645 1068 2923 1136 ascendat,
2948 1086 3068 1126 non
3095 1073 3427 1140 descendat,»

1824 1146 1930 1203 nisi
1964 1148 2010 1203 si
2040 1150 2145 1205 duo
2173 1153 2423 1209 semitoni
2445 1158 2929 1214 eonvinculenturt
2958 1161 3086 1230 quia
3106 1169 3235 1218 tunc
3263 1172 3417 1219 uteno

1823 1254 1929 1311 que
1958 1244 2258 1303 semitonus
2270 1254 2325 1302 et
2338 1249 2662 1315 trochaicus
2681 1262 2737 1307 et
2762 1252 3023 1310 iambicus
3047 1255 3417 1324 intendentur,

1824 1330 2286 1405 remittenturque
2308 1339 2738 1397 convenientius.

1821 1438 1901 1497 De
1950 1441 2375 1500 distinctionibus
2409 1456 2684 1530 cantuum,
2721 1458 2769 1503 et
2808 1465 2904 1504 cur
2938 1451 3126 1520 ﬁnales
3170 1454 3419 1511 dicantur

2408 1533 2473 1571 ac
2509 1534 2822 1590 supertores.

1889 1601 2150 1670 Quamvis
2197 1605 2480 1678 principia,
2513 1580 2815 1680 priesertim
2850 1620 3029 1670 tamen
3064 1613 3203 1671 fines
3224 1616 3417 1672 distin-t
3438 1652 3453 1657 ρ

1822 1699 2063 1756 ctionum
2104 1710 2232 1756 sunt
2278 1703 2658 1761 considerandi
2683 1747 2697 1773 ,
2739 1707 2832 1777 qui
2881 1709 3151 1779 praecipue
3211 1711 3413 1767 debent

1747 1760 1792 1822 Β
1819 1793 2007 1850 linales
2028 1803 2294 1866 repetere,
2322 1806 2380 1851 ut
2401 1760 2632 1854 domnus
2650 1760 2830 1857 G'uiilo
2840 1760 3170 1873 dogmatrisat

1817 1889 1951 1946 item
1982 1894 2046 1947 ut
2087 1892 2152 1947 ad
2180 1892 2534 1964 principalem
2565 1909 2775 1964 vocem,
2807 1896 2857 1952 id
2882 1903 2968 1954 est
3019 1898 3234 1955 finalem
3275 1912 3415 1971 pene

1817 1993 2007 2036 omnes
2037 1981 2413 2039 distinctiones
2440 1994 2685 2050 currant,
2716 1986 2821 2043 hoc
2843 1996 3021 2044 tamen
3057 1990 3234 2046 rarius
3259 1990 3414 2045 inve-1»

1815 2072 1967 2125 nitur
1996 2110 2012 2136 ,
2059 2086 2223 2141 quam
2282 2073 2549 2130 crebrius.
2597 2074 2873 2131 Invenitur
2921 2076 2975 2133 in
3039 2078 3139 2135 hac
3193 2079 3408 2151 antiph.

1815 2162 2085 2219 Natiuitas
2105 2176 2198 2220 tua
2223 2166 2318 2221 Dei
2341 2167 2568 2237 genitria:
2586 2169 2749 2238 virgo.
2777 2167 2819 2223 G
2826 2170 3044 2224 audiunt
3071 2174 3406 2228 aununtiavit

1816 2248 2056 2304 uniuerso
2096 2252 2311 2306 mundo.
2352 2250 2437 2307 Ea:
2480 2264 2530 2307 te
2576 2255 2715 2308 enim
2763 2265 2910 2310 ortus
2957 2268 3033 2314 est
3076 2258 3157 2313 sol
3183 2259 3411 2330 justititt:

1815 2338 2060 2397 Christus
2088 2340 2230 2397 Deus
2261 2352 2453 2401 noster.
2511 2343 2580 2399 Et
2603 2343 2930 2401 confundens
2956 2358 3174 2404 mortem
3196 2351 3411 2407 donarit

1817 2430 1966 2486 nobis
1990 2431 2148 2489 vitam
2164 2433 2554 2505 sempiternam.

1884 2522 2105 2582 Finales
2128 2539 2289 2591 voces
2310 2526 2511 2597 triplici
2536 2542 2604 2583 ex
2630 2536 2791 2585 causa
2818 2532 3118 2602 nuncupari
3136 2532 3415 2601 videntur,

1814 2624 1871 2673 et
1897 2616 2040 2686 quod
2086 2617 2284 2675 finiunt
2319 2618 2621 2690 legitimum
2645 2628 2990 2678 autentorum
3014 2630 3410 2691 as'censum,et

1811 2709 1955 2780 quod
1982 2720 2201 2765 omnem
2227 2711 2592 2768 determinant
2617 2722 2861 2781 cantum,
2902 2724 2960 2771 et
3001 2717 3145 2788 quod
3190 2718 3243 2773 in
3287 2731 3411 2775 eose

1813 2802 1936 2857 dem
1996 2818 2385 2874 nonnunquam
2423 2804 2560 2861 fines
2607 2806 3013 2875 distinctionem
3061 2813 3405 2882 perveniunt.

1811 2891 1937 2948 ldeo
1967 2894 2197 2951 dicimus
2224 2908 2640 2968 nonnunquam,
2663 2899 2789 2969 quia
2816 2916 2921 2956 non
2950 2914 3167 2972 semper
3187 2903 3240 2957 in
3260 2903 3401 2961 illas.

1812 2986 1907 3041 sed
1934 2986 1986 3040 in
2017 2987 2326 3057 superiores
2353 2996 2409 3044 et
2437 2990 2703 3060 principia
2742 2991 3151 3050 distinctionum
3196 2997 3406 3067 pertiti-‘-

1813 3090 1944 3148 gunt
1971 3087 2026 3135 et
2054 3078 2210 3149 lines,
2247 3088 2303 3136 et
2333 3080 2386 3136 in
2419 3081 2648 3152 primum
2682 3083 2782 3138 sub
2808 3083 3059 3141 finalibus
3088 3087 3141 3141 in
3172 3090 3408 3143 autenti.‘I

1816 3172 1894 3228 cis
1932 3172 2202 3240 cantibus,
2245 3174 2300 3230 in
2341 3174 2513 3246 plagis
2562 3175 2725 3231 etiam
2783 3177 3029 3235 inferius.
3085 3174 3408 3250 Superiores

1810 3270 1992 3317 autem
2045 3264 2323 3331 dicuntur,
2378 3263 2459 3319 vel
2486 3265 2611 3335 quia
2641 3266 2950 3335 superiores
2980 3266 3207 3338 plagalis
3231 3270 3406 3324 cantia

1811 3355 1947 3410 lente
1971 3365 2098 3411 sunt
2118 3356 2317 3424 claves,
2344 3355 2426 3412 vel
2454 3346 2601 3427 quod
2628 3359 2877 3429 superius
2901 3367 3031 3414 sunt
3055 3360 3403 3431 mediatrices

1809 3455 2154 3503 autentorum
2193 3449 2529 3505 diatessaron
2576 3458 2631 3506 et
2680 3440 2931 3519 diapente
2976 3453 3401 3521 convincientes.

1807 3553 1873 3595 ex
1923 3540 2118 3611 hisque
2172 3540 2507 3597 autenticam
2548 3542 2810 3613 diapason
2840 3554 3276 3615 componentes:
3313 3544 3399 3599 vel

1807 3630 1951 3702 quod
1978 3631 2289 3702 superiores
2331 3642 2455 3688 sunt
2504 3648 2536 3689 a
2587 3633 2858 3701 ﬁnalibus,
2916 3651 3077 3707 quant
3135 3636 3325 3701 finales
3365 3649 3401 3693 tt

1806 3724 2082 3796 gravibus,
2123 3732 2216 3780 aut
2252 3723 2580 3783 excellentes
2621 3741 2652 3782 a
2690 3728 3084 3799 superioribus.

1804 3831 1885 3887 De
1917 3836 2054 3904 prati
2097 3836 2295 3909 nutanti
2343 3836 2609 3909 speciebus
2665 3837 2906 3909 diapente
2965 3848 3013 3894 et
3070 3839 3400 3896 diatessaron

2048 3906 2263 3961 utilibus
2302 3907 2584 3961 melodiam
2624 3906 3149 3966 contntiut'scentt’bus.

1875 4021 2179 4079 Prtemissis
2234 4006 2589 4080 modulationi
2643 4024 2968 4080 utilitatibus
3014 4039 3137 4080 cum
3196 4025 3394 4081 domno
3446 4088 3453 4093 A

1803 4116 2050 4173 Guidone
2094 4116 2251 4172 nobis
2298 4117 2695 4181 communibus,
2735 4117 2863 4187 quia
2904 4132 3002 4173 sua
3053 4132 3160 4172 non
3214 4117 3394 4173 solum

1804 4210 1967 4266 verba
2002 4209 2374 4279 exposuimus,
2401 4209 2496 4264 sed
2524 4209 2689 4264 etiam
2713 4210 3112 4265 commodiores
3149 4219 3393 4265 motuum

1805 4303 2034 4374 species,
2070 4318 2207 4372 quas
2243 4302 2355 4370 ipse
2387 4300 2601 4370 penitus
2633 4298 2867 4363 reticuit,
2897 4301 3292 4371 proposuimus,
3326 4301 3395 4357 ad

1806 4395 2105 4467 singularia
2150 4392 2579 4462 donajubilandi
2631 4392 2787 4449 nobis
2822 4393 3084 4451 divinitus
3135 4409 3392 4451 concessa

91 4490 170 4545 ab
205 4494 529 4559 argumento
564 4486 887 4557 praecedenti
939 4486 1022 4543 vel
1077 4486 1389 4553 iambicum,
1423 4485 1703 4558 oppositus
1728 4491 1781 4557 ι)
1809 4487 2107 4543 veniamus.

92 4583 336 4641 scandat
361 4598 459 4654 per
480 4583 743 4651 ditonum,
773 4583 864 4654 qui
891 4584 995 4639 duo
1022 4585 1166 4638 modi
1202 4585 1452 4653 diapente
1477 4599 1698 4654 compo-

92 4682 265 4733 nunt.
306 4674 500 4732 Posset
520 4676 812 4732 secundum
833 4675 1097 4747 judicium
1144 4677 1361 4732 auditus
1410 4676 1560 4748 prior
1604 4690 1702 4748 per

91 4774 354 4828 ditonum
409 4770 683 4842 appositus
743 4786 841 4841 per
900 4771 1235 4826 diatessaron
1293 4784 1565 4841 surgere:
1607 4770 1701 4825 sed

92 4860 433 4933 principium
500 4860 857 4932 praecedentis
914 4861 1144 4932 finisque
1208 4862 1485 4932 sequentis
1555 4862 1700 4916 nulla

91 4953 455 5025 conjungltur
497 4954 865 5025 proportione.
913 4952 1107 5010 Posset
1154 4969 1185 5010 e
1231 4954 1505 5010 contrario
1551 4953 1730 5026 prior_

92 5059 206 5116 per
252 5040 496 5099 ditonum
547 5043 822 5115 appositus
868 5042 1133 5098 scandere
1179 5058 1276 5113 per
1319 5043 1701 5099 semiditonum

91 5136 601 5210 proportionaliter,
636 5137 834 5208 quippe
861 5151 983 5191 cum
1014 5135 1069 5190 in
1099 5136 1351 5207 diapente
1373 5137 1532 5193 ambo
1565 5151 1700 5192 con-

88 5232 419 5299 cludantur,
451 5232 543 5288 sed
572 5231 794 5302 integra:
825 5245 929 5287 non
953 5238 1037 5285 est
1059 5229 1363 5301 euphoniae.

675 5321 753 5378 De
794 5322 1131 5393 Interposito.

172 5417 539 5491 .nterpositus
567 5416 874 5473 necessario
919 5416 1011 5472 tiet
1054 5417 1297 5473 intensus
1327 5425 1383 5472 et
1420 5414 1699 5482 remissus,

95 5517 157 5572 in
185 5513 530 5569 diatessaron
561 5516 687 5565 tono
725 5507 1111 5574 semitoniovc;
1141 5508 1194 5563 in
1223 5508 1477 5577 diapente
1517 5515 1699 5563 autem

95 5609 320 5676 ditono,
344 5604 654 5669 semitonio,
686 5614 833 5669 tono,
861 5602 1184 5659 semitonio:
1214 5603 1341 5673 quia
1364 5602 1698 5660 diatessaron

174 5766 257 5839 (6)
303 5762 464 5819 νοτία
488 5770 867 5818 auctoritatem
900 5761 1269 5831 reppendunt.

523 5880 604 5939 ΡΑ
620 5895 794 5938 ruet.
842 5876 964 5935 CL.

1878 4578 2062 4635 Solum
2088 4588 2301 4648 protum
2330 4578 2611 4634 autenlum
2636 4593 2916 4634 sumamus
2949 4578 3103 4635 nobis
3134 4579 3186 4634 in
3216 4588 3397 4647 exemt

1802 4669 1974 4742 plum,
2020 4678 2081 4725 ut
2124 4668 2432 4724 modulandi
2462 4668 2904 4725 commoditatem
2946 4670 2998 4724 in
3049 4670 3171 4726 aliis
3219 4674 3394 4727 modis

1806 4761 2044 4833 reperire
2066 4774 2173 4815 non
2201 4759 2568 4833 desperemus,
2588 4772 2752 4832 quam
2779 4759 2832 4816 in
2861 4760 3021 4831 hujus
3048 4763 3395 4835 experiamur

1803 4853 2100 4927 speciebus.

1876 4944 2071 5001 Protus
2100 4952 2376 5009 autentus.
2415 4942 2467 4999 id
2505 4954 2612 5011 eSt,
2643 4959 2850 5017 primus
2884 4953 3043 5002 tonus
3090 4944 3135 5000 Ὗ
3184 4946 3392 5016 speciei

1802 5040 2139 5094 diatessaron
2165 5036 2411 5103 includit,
2439 5051 2601 5091 unam
2632 5039 2863 5106 primam
2887 5036 3195 5103 formalem,
3226 5044 3390 5094 unatrl

1804 5130 2095 5186 Secundam
2153 5128 2477 5194 formalem,
2532 5140 2695 5183 unam
2764 5133 2979 5184 tertiam
3039 5130 3388 5195 naturalem,

1805 5238 1967 5277 unum
2000 5221 2212 5276 tertiam
2245 5218 2547 5286 formalem,
2579 5236 2743 5275 unam
2778 5221 3008 5292 primam
3060 5221 3389 5278 naturalem.

1803 5313 2043 5382 Quarum
2070 5309 2113 5366 V
2136 5327 2473 5383 unaquaque
2508 5319 2619 5369 tres
2645 5310 2808 5368 habet
2843 5312 3187 5379 minationes,
3220 5312 3387 5368 saltat

1805 5406 2003 5461 tricem
2022 5403 2335 5461 continuam
2379 5402 2461 5459 vel
2493 5403 2744 5472 spissam,
2773 5404 3090 5460 terunt-iam.
3133 5404 3387 5461 Saltatrix

1803 5498 1935 5553 duas
1988 5496 2206 5557 ultimas
2265 5495 2433 5566 tangit
2487 5495 2764 5563 chordas,
2818 5497 3076 5553 continua
3124 5500 3386 5560 cunctus,

1804 5589 2038 5647 ternaria
2096 5597 2225 5648 tres.
2286 5586 2549 5643 saltatrix
2603 5595 2659 5643 et
2720 5588 2898 5660 spissa
2958 5586 3202 5661 duplices
3259 5584 3389 5656 sunt

2748 5879 2839 5940 id
