3862 6312
517 306 658 370 m:
682 296 683 299 ‘

1754 310 2074 368 ARIBO‘NIS
2114 307 2562 367 SCIIOLAS’I’ICI

3625 319 3733 379 1524

516 426 843 488 tntendende
889 429 1337 488 et'remittendo.
1368 427 1628 486 Tern'aria
1660 424 1987 497 quadrupla,
2020 432 2099 478 ιιι
2132 427 2181 484 Λ
2212 422 2366 477 biles.
2423 420 2641 477 Nobiles
2696 419 2967 491 diapente,
3022 419 3386 489 diatessaron,
3437 429 3595 493 tonus,
3634 432 3732 500 quia

515 530 641 592 pote
685 524 879 594 duplex
934 523 1283 589 intendendo,
1333 521 1529 593 duplex
1580 520 1923 586 remittendo,
1975 518 2101 587 quia

513 614 751 685 quinque
775 617 985 685 species
1014 624 1138 670 sunt
1173 615 1535 679 diatessaron,
1587 628 1817 682 quarum
1850 610 2103 681 quaelibet

513 702 649 758 duas
708 705 871 760 habet
922 706 1249 769 saltatrices,
1296 706 1430 761 duas
1490 702 1793 759 continuas.
1851 701 2113 755 Dicamus

512 796 799 863 quinquies
830 804 1063 865 quatuor
1095 796 1177 850 vel
1209 804 1404 865 quater
1437 793 1477 849 V
1508 794 1698 863 viginti
1751 799 1899 847 sunt.
1956 791 2101 858 Quo-

510 884 655 939 niam
703 894 884 939 autem
933 888 1168 942 ternaria
1204 898 1288 942 est
1315 886 1640 958 quadrnpla,
1678 885 2101 956 multiplicemus

484 983 743 1045 quatuor
764 992 869 1047 per
900 978 941 1033 ν
968 989 1023 1035 et
1054 980 1181 1033 item
1216 988 1375 1034 erunt
1398 978 1495 1033 XX
1530 979 1877 1048 qmcjunctae
1901 976 2097 1032 oriori-

507 1075 610 1121 bus
635 1065 728 1121 XL
746 1066 1097 1138 componunt.
1127 1067 1181 1123 lu
1212 1069 1400 1124 eodem
1434 1083 1649 1137 quoque
1677 1077 1832 1136 proto
1863 1066 1947 1119 llll
1969 1074 2100 1122 sunt

508 1160 721 1232 species
783 1161 1071 1232 diapente,
1127 1176 1357 1232 quarum
1407 1178 1530 1218 cum
1586 1177 1923 1230 unaquaeque
1963 1163 2098 1216 duas

507 1223 707 1306 luibeat
754 1252 1083 1320 saltatrices,
1133 1254 1266 1309 duas
1297 1269 1523 1323 spissas,
1558 1250 1667 1309 tres
1695 1254 2094 1323 quaternarias,

509 1354 619 1399 tres
673 1347 957 1412 ternarias,
1012 1346 1383 1417 multiplicatae
1418 1362 1513 1417 per
1540 1355 1773 1417 quatuor
1804 1346 1893 1400 XL
1934 1347 2092 1403 liunt.

506 1436 637 1502 Quae
674 1438 893 1493 totidem
936 1438 1205 1507 prioribus
1232 1440 1492 1510 cepulatee
1516 1440 1788 1510 complent
1823 1441 2095 1512 octoginta

507 1528 833 1582 mutationes
883 1530 1086 1598 absque
1147 1530 1230 1585 his
1285 1547 1404 1600 qum
1448 1532 1499 1586 in
1538 1532 1726 1587 eodem
1779 1541 1933 1604 tropo
1978 1534 2094 1589 ﬁeri

502 1630 750 1689 possunt,
802 1622 1006 1687 diteno,
1040 1623 1382 1689 scmiditouo,
1435 1636 1580 1690 tono,
1625 1626 1936 1681 semitouie.
1992 1628 2096 1683 Co-

502 1711 652 1781 gnito
703 1729 929 1768 numero
980 1716 1358 1785 principalium
1406 1719 1761 1774 mutationum
1808 1721 1860 1774 in
1903 1729 2090 1790 prole,

501 1802 938 1873 perpendendum
975 1804 1136 1860 estin
1170 1806 1359 1875 primis
1381 1808 1507 1877 quia
1541 1824 1750 1864 neumze
1806 1822 1871 1862 ex
1903 1788 2088 1878 prtedi-
2129 1788 2171 1843 Β

496 1895 604 1950 ctis
635 1895 1026 1950 nmtationibus
1066 1905 1205 1951 natm
1238 1913 1344 1952 non
1395 1908 1520 1954 sunt
1559 1915 1749 1956 oumes
1793 1900 1844 1954 in
1893 1900 2109 1963 eadem.

497 1988 882 2057 generositate,
921 1988 1015 2042 sed
1047 1989 1289 2058 qumdam
1317 1990 1524 2061 primm,
1559 1992 1804 2062 quaedam
1834 1994 2086 2048 secundae

499 2079 778 2150 dignitatis
835 2089 981 2148 sunt,
1023 2089 1077 2135 et
1122 2082 1310 2139 tertiae.
1351 2083 1430 2138 Ex
1476 2084 1561 2140 bis
1608 2086 1983 2156 generesiores
2022 2087 2089 2142 ad

495 2170 735 2226 Olul‘ilIiIS
764 2187 1039 2228 musarum
1070 2175 1301 2232 choreas
1330 2185 1456 2230 sunt
1483 2176 1851 2243 admittendte,
1883 2187 2091 2235 caetera:

464 2278 605 2318 non
646 2263 878 2333 Orpbeis
903 2266 996 2321 sed
1025 2270 1231 2324 exteris
1270 2280 1396 2325 sunt
1437 2269 1822 2341 relinquendae.
1887 2271 2093 2329 Oumes

495 2356 803 2413 saltatrices
826 2357 1147 2426 laudabiles,
1179 2361 1271 2417 sed
1304 2372 1481 2417 tamen
1526 2362 1682 2418 nobis
1710 2365 2091 2434 generosiores

494 2449 744 2505 videntur
773 2467 934 2521 quam
965 2451 1362 2524 Lengobardis.
1403 2455 1479 2510 Illi
1511 2456 1654 2511 enim
1684 2458 1949 2527 spissiori,
1992 2476 2090 2515 nos

494 2545 687 2600 rarieri
747 2555 909 2601 cantu
976 2548 1328 2604 delectamur.
1396 2550 1577 2605 Prima
1628 2560 1687 2606 et
1745 2554 1979 2607 secunda
2033 2563 2090 2609 et

492 2648 686 2707 quarta
715 2639 885 2710 Spissa
917 2641 1252 2698 diatessaron
1293 2644 1500 2713 species
1527 2644 1736 2699 intensa
1776 2654 1831 2699 et
1861 2645 2087 2701 remissa

490 2727 631 2782 bene
674 2738 857 2796 sonat,
909 2731 1004 2786 sed
1044 2733 1200 2787 tertia
1238 2733 1476 2788 surdius.
1538 2734 1614 2788 Ex
1654 2734 1860 2790 eodem‘
1890 2750 2088 2805 genere

490 2820 855 2890 spissitudinis
883 2832 1074 2893 quarta
1103 2830 1311 2895 species
1340 2824 1582 2880 formulis
1635 2826 1687 2881 in
1736 2826 2006 2896 diapente,
2034 2837 2088 2883 et

490 2914 666 2982 prima
718 2931 782 2970 ac
825 2926 1021 2986 quarta
1061 2918 1326 2974 naturalis
1361 2919 1496 2974 satis
1541 2929 1669 2975 sunt
1700 2921 1986 2989 euphonia:
2031 2931 2087 2976 et.

491 3005 720 3061 intensaa
745 3017 799 3063 et
830 3008 1105 3073 remissae;
1148 3010 1385 3064 secunda
1414 3025 1545 3067 vero
1578 3020 1631 3066 et
1661 3012 1819 3066 tertia
1867 3022 2086 3083 prepter

488 3099 812 3155 inuontinati
842 3102 1022 3156 tritoui
1051 3102 1395 3157 raoeedinem
1430 3104 1675 3160 melibeis
1714 3113 1768 3160 et
1793 3104 1952 3160 ululis
1984 3108 2075 3162 de-
2108 3143 2155 3206 ρ

488 3191 755 3263 legentur,
812 3203 1036 3265 excepta
1091 3193 1371 3251 saltatrice
1418 3212 1539 3267 quae
1586 3198 1638 3253 in
1698 3199 1949 3254 omnibus
1997 3207 2082 3255 est

488 3284 732 3355 aequalis,
796 3285 898 3340 nisi
957 3285 1103 3355 quod
1157 3285 1297 3340 inest
1345 3286 1643 3342 dilferentia
1699 3288 1978 3359 gravitatis
2029 3299 2084 3345 et

486 3377 776 3432 acuminis.
817 3377 1081 3433 Ternaria
1118 3380 1369 3451 diapente
1399 3378 1591 3448 triplex
1621 3389 1726 3445 est,
1755 3387 1809 3434 et
1836 3380 2081 3450 aliquan-

489 3466 616 3520 tula:
655 3467 991 3524 seueritatis.
1046 3468 1305 3524 Ternaria
1348 3470 1682 3524 diatessaron
1730 3467 1924 3541 duplex
1975 3482 2075 3534 est,

485 3568 542 3613 et
573 3560 752 3615 minus
788 3575 1004 3615 sonora.
1050 3562 1313 3633 llepreba:
1338 3573 1467 3618 sunt
1506 3564 1758 3618 secunda:
1801 3572 1856 3618 et
1906 3566 2079 3618 tertixe

484 3653 695 3723 Species
724 3654 996 3723 diapente,
1037 3666 1265 3727 excepta
1316 3656 1612 3712 saltatrice.
1657 3656 1827 3712 Utiles
1856 3656 2077 3726 colliga-

486 3763 631 3811 mus,
684 3756 740 3801 ut
791 3763 973 3803 carum
1010 3765 1291 3804 numerum
1347 3750 1605 3805 sciamus.
1647 3748 1971 3819 Reprebatis
2013 3749 2078 3804 de

485 3839 723 3892 secunda
744 3847 798 3892 et
832 3840 985 3894 tertia
1014 3840 1191 3911 specie
1214 3840 1466 3910 diapente
1488 3849 1723 3909 quatuor
1743 3838 1951 3907 Spissis,
1984 3853 2075 3893 sex

485 3928 871 3994 quaternm-iis,
906 3939 1028 3984 octo
1057 3930 1309 3985 ternariis
1336 3944 1350 3982 :
1383 3930 1448 3982 de
1482 3927 1520 3982 V
1553 3928 1835 3998 speciebus
1874 3927 2076 3982 diates-

486 4033 649 4073 saron
684 4020 731 4073 Χ
772 4022 1041 4086 ternariis,
1083 4030 1270 4091 utpote
1311 4020 1522 4076 duabus
1560 4020 1626 4073 de
1660 4033 1985 4089 unaquaque
2024 4026 2076 4071 et

484 4111 705 4167 insimul
766 4112 1003 4168 collectis
1057 4112 1269 4168 XXVIII
1305 4112 1372 4168 de
1416 4110 1605 4165 LXXX
1653 4110 1967 4178 abjiciemus
2022 4120 2075 4166 et

485 4208 843 4263 retuanebunt
870 4207 952 4262 ιιι
981 4208 1186 4263 habiles
1212 4206 1513 4263 cantLIeuas
1542 4205 1807 4260 rommini
1828 4204 2075 4260 ce:.tihus

469 4307 540 4355 et
565 4311 899 4370 opportuna).

772 4393 847 4448 De
872 4394 1019 4447 varia
1059 4393 1381 4463 oppositione
1427 4390 1777 4446 Neumurunt.

548 4481 826 4538 Interdum
854 4482 1105 4537 saltatrix
1135 4492 1327 4537 contra
1361 4481 1715 4545 saltatricem,
1744 4480 1916 4551 spissa
1946 4495 2072 4535 con-
2103 4511 2154 4572 υ

473 4584 567 4629 ira
597 4575 855 4644 spissam,
913 4575 1261 4644 quaternaria
1312 4586 1502 4631 contra
1551 4575 1980 4644 quaternariam,
2021 4586 2074 4628 et

482 4677 694 4722 cxx-terte
749 4666 1113 4735 :equivecales
1166 4676 1292 4722 sunt
1338 4668 1749 4733 constituendae,
1801 4668 2070 4722 interdum

479 4756 774 4818 variaudze,
804 4764 861 4810 ut
887 4756 1063 4826 spissa
1107 4768 1299 4813 contra
1340 4759 1694 4824 saltatricem,
1728 4757 1807 4813 vel
1849 4767 2071 4829 quater-

484 4848 691 4902 nariam
726 4849 807 4902 vel
840 4850 1130 4908 ternarium
1150 4860 1478 4922 opponatur,
1512 4851 1591 4905 vel
1624 4851 1795 4921 spissa
1821 4851 2071 4920 diapente

474 4953 669 4998 contra
702 4944 1066 5011 diatessaron,
1093 4956 1149 5000 ut
1185 4946 1478 5002 laudabilis
1520 4946 1817 5002 similitudo
1847 4945 1930 4998 vel
1958 4946 2069 5000 dis-

478 5036 783 5092 similitudo
858 5039 1173 5094 discernere
1233 5038 1537 5093 scientibus
1594 5037 2005 5092 commendetur
2052 5055 2066 5092 :

464 5128 569 5195 qui
616 5142 722 5181 non
752 5128 925 5184 solum
980 5129 1082 5185 hoc
1142 5129 1237 5183 sed
1295 5144 1612 5183 neumarum
1667 5130 2069 5197 proportionem

477 5220 782 5289 requirant,
826 5231 885 5275 ut
936 5223 1132 5293 triplex
1186 5222 1255 5276 sit
1297 5221 1561 5287 suavitas,
1624 5237 1728 5274 una
1764 5222 2065 5286 cantionis,

476 5325 598 5381 quae
644 5314 1033 5382 comprobetur
1081 5315 1150 5368 ab
1199 5312 1458 5369 auriculis
1496 5329 1510 5379 ;
1568 5314 1804 5367 secunda
1837 5327 2063 5380 propor-

478 5403 639 5459 tionis
684 5420 902 5471 vocum,
931 5415 987 5459 et
1017 5420 1338 5459 neumarmn
1370 5406 1435 5459 ad
1467 5405 1898 5468 distinctionum,
1944 5419 2063 5472 ane

473 5493 765 5551 delectatio
787 5507 871 5552 est
908 5497 1137 5553 rationis
1169 5514 1184 5562 ;
1213 5499 1375 5552 tertia
1419 5496 1658 5567 pulchrae
1692 5496 2065 5551 similitudinis

476 5597 541 5642 ac
570 5588 1035 5644 dissimilitudinis
1067 5605 1160 5645 sex
1197 5588 1701 5644 censonmntiarum.

598 5679 677 5733 De
707 5680 976 5734 nobilitate
997 5692 1043 5736 et
1075 5683 1402 5751 ignobilitate
1431 5678 1925 5734 consonantinrnm.

546 5767 655 5823 Sex
683 5774 1160 5839 consonantiarum
1208 5786 1315 5832 tres
1347 5772 1574 5835 nobiles,
1606 5782 1714 5824 tres
1747 5780 1871 5823 sunt
1906 5771 2059 5840 igno-

2206 516 2474 584 originem
2523 525 2577 570 et
2635 512 2968 585 parentelam
3027 528 3178 568 suam
3234 514 3471 583 proﬁteri
3517 528 3731 587 possunt:

2203 608 2399 677 quippe
2461 623 2585 662 cum
2644 606 2758 661 haec
2796 602 3182 673 sesquialterae,
3240 606 3356 660 hmc
3408 610 3729 679 sequitertim,

2205 700 2318 753 hinc
2344 708 2733 770 sesqtttoctavte
2788 699 2857 753 sit
2907 697 3297 768 proportionis,
3332 700 3472 785 uittle
3499 703 3639 756 etiam
3665 722 3730 759 cas

2203 792 2477 846 credimus
2501 806 2622 847 esse
2647 791 2825 845 minus
2855 790 3184 845 dulcisenas.

2201 900 2278 956 De
2314 902 2734 957 consideratione
2760 904 3219 957 constitutivarum
3246 904 3479 974 partium
3521 906 3725 967 diatessa-

2771 991 2864 1027 ron
2889 984 2934 1026 et
2958 974 3221 1043 diapente.

2275 1065 2620 1136 Aliquotiens
2644 1067 3137 1121 considerationem
3185 1069 3640 1127 censtitutivarum
3661 1074 3731 1131 ba-

2200 1159 2423 1215 beamus
2449 1160 2681 1229 partium
2706 1159 2756 1213 in
2792 1158 3127 1213 diatessaron
3170 1169 3225 1214 et
3267 1161 3539 1232 diapente,
3575 1165 3731 1236 aliquo-

2200 1252 2341 1306 tiens
2367 1252 2669 1322 specierum
2700 1268 2942 1315 suarum,
2990 1269 3383 1325 nonnunquam
3411 1257 3565 1311 etiam
3610 1260 3730 1315 inter-

2197 1344 2480 1413 positiouis
2530 1344 2803 1399 minorum
2854 1344 3371 1405 consonantiarum.
3421 1351 3729 1409 Conslitulivm

2198 1448 2381 1508 partes
2419 1446 2546 1492 sunt
2600 1437 2937 1493 diatessaron
2992 1445 3150 1493 tonus
3197 1448 3253 1494 et
3296 1443 3641 1509 semiditonus,
3670 1448 3731 1501 vel

2199 1528 2413 1586 ditenus
2437 1536 2489 1582 et
2518 1529 2887 1583 semitouium.
2939 1525 3214 1587 Interdum
3269 1542 3457 1601 partes
3504 1551 3721 1606 praepono.

2200 1634 2340 1685 mus,
2372 1620 2640 1674 interdum
2690 1631 3100 1694 pestponamus,
3132 1635 3185 1679 et
3214 1628 3260 1680 sl
3291 1643 3397 1679 una
3428 1626 3539 1681 vice
3565 1643 3728 1698 prirpo-

2200 1728 2391 1767 namus
2445 1712 2527 1767 vel
2568 1722 2956 1785 postponamus
3015 1718 3166 1783 istas,
3218 1717 3323 1772 alia
3360 1719 3479 1773 vice
3520 1718 3729 1781 illas,ali-

2196 1806 2415 1874 quando
2442 1821 2657 1877 quoque
2683 1808 2965 1880 cingemus
2996 1811 3336 1866 diatessaron
3372 1810 3620 1881 partibus,
3644 1814 3727 1881 ipsa

2197 1896 2250 1951 in
2281 1897 2457 1952 medio
2487 1899 2602 1954 vice
2627 1900 2860 1956 dentium
2887 1903 3205 1957 constituta.
3239 1903 3602 1959 Constitutivm
3639 1922 3732 1973 par-

2196 1999 2279 2045 tes
2304 2003 2716 2062 prmponunlur,
2741 1996 2990 2065 sequitur
3020 1996 3133 2066 ipsa
3168 1996 3507 2051 diatessaron
3556 1997 3597 2050 in
3623 1998 3731 2052 hunc

2194 2085 2432 2139 modum.
2458 2084 2592 2139 Ecce
2619 2103 2710 2156 ego
2734 2088 2877 2141 mitte
2924 2106 3011 2143 eos
3041 2091 3197 2143 sicut.
3232 2089 3562 2159 Prmponitur
3608 2103 3730 2146 lenus

2193 2175 2439 2231 intensus
2474 2194 2487 2230 :
2526 2176 2661 2232 Ecce
2701 2196 2718 2243 ;
2772 2181 3107 2250 praeponitur
3151 2183 3507 2239 scmiditonus
3536 2185 3730 2240 intonsus

2191 2275 2245 2322 et
2270 2268 2564 2325 remissus:
2596 2269 2708 2341 Ego
2732 2288 2751 2336 ;
2782 2274 3030 2343 sequitur
3089 2275 3432 2331 diatessaron
3484 2278 3634 2346 spissa
3660 2294 3733 2347 per

2191 2360 2586 2427 remissionem,
2616 2362 2864 2417 saltatrix
2917 2380 3012 2436 per
3042 2366 3406 2423 intensienem
3435 2387 3448 2422 :
3488 2368 3624 2422 Mitto
3667 2388 3731 2425 res

2189 2454 2343 2506 sicut.
2368 2453 2553 2508 Ambo:
2582 2465 2764 2524 partes
2808 2456 3149 2513 diatessaron
3194 2462 3580 2529 praeponuntur
3609 2472 3730 2514 tonus

2190 2543 2567 2611 semiditonus,
2595 2546 2943 2602 semitonium
2988 2550 3205 2604 ditonns
3231 2561 3491 2621 sequente
3518 2553 3730 2607 diatessa-

2190 2649 2286 2689 ron
2314 2636 2444 2689 utin
2476 2636 2577 2692 hac
2607 2656 2619 2691 :
2657 2636 2802 2708 Rogo
2833 2656 2955 2710 ergo
2986 2651 3033 2694 te
3065 2639 3232 2695 Pater
3258 2653 3335 2696 ut.
3379 2642 3631 2697 Interdum
3675 2655 3730 2699 to-

2190 2735 2300 2781 tum
2335 2729 2666 2800 przeponitur
2692 2731 2939 2801 partibus
2970 2733 3321 2789 dividendum
3352 2745 3413 2790 ut
3458 2730 3601 2791 lucc:
3628 2736 3727 2792 Sur-

2188 2830 2453 2875 rexerunt.
2513 2819 2638 2877 Haec
2672 2823 3037 2878 consideratio
3070 2840 3179 2879 non
3230 2836 3315 2880 est
3369 2826 3507 2881 inter
3538 2837 3731 2881 contem-

2186 2912 2414 2979 nendas,
2446 2929 2569 2969 cum
2594 2915 2649 2969 in
2686 2915 2773 2969 illa
2801 2915 3083 2973 dialectica
3122 2918 3301 2973 luceat
3340 2919 3598 2989 qualitas.
3624 2921 3728 2974 .‘t‘am

2184 3004 2419 3073 partium
2473 3006 2798 3076 compositio
2864 3017 3035 3062 totum
3088 3008 3241 3071 facit,
3301 3011 3469 3066 totius
3517 3011 3729 3066 resolutio

2186 3106 2372 3166 partes
2423 3099 2681 3152 ostendit.
2736 3095 2938 3154 Eadem
2988 3102 3298 3156 observatio
3350 3103 3509 3160 debet
3549 3118 3653 3157 esse
3688 3103 3729 3156 in

2188 3186 2460 3257 diapente.
2490 3186 2680 3244 Partes
2708 3187 2824 3258 ejus
2846 3198 2971 3244 sunt
2998 3197 3177 3255 tonus,
3228 3192 3582 3259 diatessaron,
3602 3194 3732 3247 semis

2190 3276 2435 3343 ditonus,
2469 3278 2710 3333 ditonus.
2767 3280 2975 3346 Quibus
3024 3281 3322 3351 prtemissis
3375 3282 3489 3353 ipsa
3530 3282 3731 3352 sequitur

2184 3369 2435 3440 vestigio,
2462 3380 2519 3425 ut
2558 3374 2902 3429 venientibus
2949 3375 3153 3445 sagmis
3192 3374 3411 3430 Domini
3463 3386 3726 3448 sperantur.

2185 3457 2298 3514 lloc
2321 3460 2551 3516 dicimus
2577 3480 2683 3517 non
2717 3473 2768 3515 ut
2804 3463 2874 3517 ita
2934 3480 3155 3535 semper
3186 3465 3519 3520 inveniatur.
3550 3466 3642 3520 Sed
3685 3474 3729 3517 ut

2184 3548 2254 3603 ita
2290 3548 2403 3603 ﬁeri
2428 3562 2676 3622 eporteat
2706 3554 3049 3623 naturaliter,
3080 3571 3204 3609 cum
3258 3556 3380 3613 sine
3420 3557 3647 3627 partit-us
3669 3566 3732 3610 to-

2185 3648 2295 3696 tum
2330 3660 2435 3697 non
2464 3658 2603 3708 esse,
2633 3659 2730 3699 nec
2760 3645 2949 3715 positis
2977 3647 3150 3715 possit
3180 3646 3402 3702 abesse.

2396 3734 2473 3788 De
2496 3732 2851 3791 Contubernio
2875 3736 3202 3793 diatessaron
3227 3750 3276 3793 et
3306 3742 3567 3811 diapente.

2254 3824 2593 3895 Aliquotiens
2621 3828 2959 3883 diatessaron
2983 3836 3037 3886 et
3090 3830 3350 3901 diapente
3394 3834 3728 3897 commiliteut,

2182 3917 2255 3972 ita
2303 3927 2363 3972 ut
2414 3919 2458 3973 si
2501 3919 2675 3975 altera
2724 3919 2973 3976 saltatrix
3012 3920 3352 3991 intendatur,
3379 3931 3547 3981 altera
3591 3926 3729 3996 Spissi

2182 4010 2511 4077 remittatur,
2543 4020 2638 4066 aut
2658 4012 2700 4066 si
2751 4014 2866 4068 haec
2895 4015 3244 4082 quaternaria
3296 4018 3615 4081 remittatur,
3644 4019 3731 4071 lure

2182 4104 2418 4159 ternaria
2450 4105 2778 4160 intendatur.
2813 4105 2952 4159 Tum
2981 4106 3235 4175 diapente
3257 4108 3483 4165 sibimet
3520 4110 3732 4166 confera-

2181 4208 2287 4267 tur,
2319 4209 2371 4254 ιιι
2405 4215 2448 4254 ει
2481 4201 2597 4256 Ιιτρο
2627 4200 3127 4272 surgatspissa,illa
3159 4202 3472 4272 deponatur
3501 4205 3729 4283 saltatrix.

2185 4292 2267 4348 vel
2310 4294 2683 4365 quaternaria,
2736 4293 2821 4347 vel
2853 4292 3111 4348 tet-uaria.
3154 4294 3434 4350 Interdum
3468 4313 3561 4366 per
3608 4312 3728 4350 οοιιι-

2180 4387 2407 4441 mixtum
2434 4397 2661 4453 metum,
2710 4401 2870 4456 quem
2902 4389 3330 4457 przelibavin‘tus,
3376 4389 3590 4443 sibimet
3628 4404 3729 4441 con-

2178 4476 2503 4532 vinculetur.
2538 4474 2738 4532 Eodem
2772 4479 2934 4534 modo
2962 4480 3306 4535 diatessaron
3337 4498 3351 4533 :
3386 4480 3505 4534 alia:
3555 4495 3730 4550 quoque

2181 4571 2552 4626 consonantice
2579 4578 2674 4624 aut
2712 4571 2921 4641 pariter
2963 4572 3045 4627 bis
3077 4572 3445 4641 deponantur,
3473 4572 3554 4628 vel
3604 4569 3729 4627 simul

2180 4664 2548 4728 intendantur,
2600 4680 2696 4720 seu
2754 4666 2805 4720 in
2867 4667 3167 4721 commixto
3198 4676 3637 4721 concatenentur.
3685 4664 3729 4718 Et

2177 4764 2401 4826 propter
2447 4756 2846 4826 joconditatcm
2898 4775 3051 4815 suam
3103 4760 3316 4829 Species
3373 4761 3477 4814 illae
3532 4758 3729 4831 gemellae

2178 4846 2518 4902 diatessaron
2576 4856 2628 4901 et
2683 4850 2936 4920 diapente
2996 4851 3289 4903 admodum
3341 4850 3395 4904 in
3447 4852 3727 4921 quibusdam

2176 4940 2464 4995 Cantilenis
2491 4958 2645 4996 suum
2673 4946 2961 4997 ostendunt
2992 4943 3434 4999 contubernium.

2178 5029 2253 5084 De
2301 5032 2716 5087 consideratione
2774 5037 3173 5104 preportionnm
3222 5036 3279 5089 in
3334 5036 3420 5089 his
3483 5037 3727 5107 spectatres.

2246 5121 2300 5176 In
2362 5122 2447 5177 his
2495 5139 2625 5194 ergo
2680 5124 2933 5179 omnibus
2991 5124 3490 5181 considerationem
3546 5140 3727 5195 propor-

2175 5214 2337 5267 tionis
2361 5215 2716 5270 observemus
2755 5225 2856 5268 :ut
2916 5216 2960 5270 si
3005 5215 3264 5285 diapente
3304 5218 3553 5272 saltatrix
3604 5218 3663 5271 sit
3688 5215 3725 5267 ia

2174 5308 2272 5360 ista
2308 5324 2525 5371 uenma,
2552 5311 2601 5363 in
2635 5312 2738 5365 hac
2762 5311 2831 5364 sit
2855 5311 2936 5365 vel
2970 5321 3130 5365 tonus
3184 5311 3270 5365 vel
3304 5311 3415 5364 alia
3470 5310 3720 5365 saltatrix'

2171 5400 2284 5453 sive
2313 5400 2381 5454 sit
2416 5403 2467 5455 in
2525 5402 2801 5472 diapente,
2858 5402 2972 5457 sive
3023 5403 3076 5457 in
3130 5401 3501 5482 diatessaron,
3547 5405 3649 5458 sive
3689 5400 3724 5451 iu

2170 5492 2375 5559 ditono,
2411 5510 2503 5547 seu
2543 5496 2889 5560 semiditono,
2918 5505 2975 5549 ut
3021 5511 3175 5565 aequa
3206 5496 3279 5550 sit
3311 5498 3611 5566 responsio.
3650 5496 3725 5546 Ant

2169 5597 2357 5639 contra
2393 5586 2720 5641 saltatricem
2745 5603 3006 5658 ponamus
3028 5596 3123 5642 aut
3147 5578 3722 5669 spissaitiﬁiatessmit.

2170 5690 2261 5733 aut
2302 5681 2554 5750 diapente
2586 5681 3016 5747 quaternariam,
3049 5690 3106 5734 ut
3150 5680 3320 5748 dupla
3348 5683 3443 5737 ﬁat
3470 5681 3721 5752 proportio.

2167 5772 2271 5825 Aut
2294 5782 2483 5827 contra
2515 5773 2851 5828 saltatricem
2876 5774 3278 5829 constituamus
3313 5775 3611 5830 teruariam
3639 5770 3719 5824 dia-
