3864 6314
141 354 289 415 tses

1637 348 1923 412 'ltlUSlCA.

3281 356 3427 424 Ῑὸἱῖῦ-

135 486 391 534 tessat‘on
420 475 501 532 vel
526 468 799 547 diapente,
849 484 943 531 aut
976 472 1222 533 ditoaum
1270 474 1801 537 semiditonumvc-A
1834 470 2040 527 deuteri
2087 471 2146 527 Β.
2191 473 2234 529 si
2285 475 2337 529 i‘n
2369 476 2704 546 depositione
2762 479 2968 536 deuteri
3033 496 3141 536 non
3174 493 3319 538 esset
3349 487 3439 549 Αη

133 569 399 640 spissum,
428 578 485 624 ut
506 568 859 639 sesquialtera
891 567 985 622 ﬁat
1012 568 1314 637 responsio,
1341 576 1398 621 ut
1448 567 1566 622 sine
1596 567 1726 621 sub-

134 662 218 717 tili
246 661 559 717 collationis
585 660 1028 717 consideratione
1055 659 1188 714 nihil
1222 668 1427 714 temere
1455 659 1547 713 liat
1571 659 1728 729 igno-

129 763 440 825 ranterque
482 765 655 825 penes
698 768 818 819 nos,
873 753 966 823 qui
1003 752 1357 808 histrionibus
1389 752 1542 808 dulce
1585 751 1732 821 jubi-

128 852 375 908 tantibus
394 864 576 906 veram
598 848 863 919 jubilandi
884 848 1133 904 naturam
1158 847 1729 919 comparationemth

126 947 355 1017 penitus
389 944 766 1016 ignorantibus
796 943 1087 998 admodum
1144 942 1438 1025 dissimiles
1484 957 1606 997 esse
1631 944 1725 997 de-

127 1037 347 1091 bemus.
372 1034 575 1091 Omnes
607 1034 914 1090 saltatrices
965 1035 1017 1089 in
1051 1035 1307 1090 omnibus
1355 1036 1726 1091 consonantiis

123 1142 286 1199 aequa
315 1127 664 1199 proportione
716 1125 1089 1190 conferuntur,
1117 1136 1171 1182 et
1201 1143 1325 1181 cum
1360 1127 1445 1182 his
1493 1128 1633 1182 tonis
1660 1143 1724 1183 ac

123 1220 508 1276 semitoninm.
571 1219 835 1290 Diapente
890 1219 1067 1289 spissa
1126 1206 1337 1274 contra'
1387 1234 1506 1275 sese
1569 1236 1721 1290 aequa

121 1310 495 1369 conferuntur
514 1311 807 1368 collatione
832 1320 926 1367 aut
955 1321 1143 1367 contra
1194 1312 1531 1368 saltatricem
1562 1312 1722 1367 simul

119 1415 180 1464 et
218 1407 541 1471 ternariam,
564 1416 657 1459 aut
684 1414 873 1460 contra
902 1405 1233 1461 saltatricem
1286 1406 1445 1461 simul
1474 1413 1529 1459 et
1576 1405 1721 1461 dito-

117 1511 258 1552 num
288 1499 403 1553 sive
432 1498 817 1553 semiditonum
847 1498 1080 1567 spissum
1118 1517 1130 1551 :
1180 1507 1276 1554 aut
1304 1506 1495 1553 contra
1532 1507 1717 1553 tonum

115 1591 239 1645 sive
268 1589 613 1646 semitoniun’i
639 1604 761 1644 cum
802 1589 1011 1657 ditono,
1058 1591 1171 1646 sive
1223 1592 1589 1647 semiditono:
1628 1599 1723 1645 aut

115 1692 320 1738 contra
371 1682 772 1752 quaternariam
802 1690 859 1737 et
913 1682 1216 1753 simplicem
1268 1697 1573 1737 neumam:
1625 1693 1718 1738 aut

115 1785 323 1830 contra
374 1789 538 1829 unam
590 1774 891 1845 simplicem
941 1787 996 1829 et
1041 1785 1279 1846 quatuor
1326 1791 1713 1847 repercussus:

1836 566 2105 620 contraA.
2138 566 2280 637 quod
2312 576 2396 623 est
2426 569 2478 623 in
2521 570 2871 639 dispositione
2917 574 3084 643 proli,
3136 574 3291 632 lieret
3324 587 3418 632 aut

1835 671 2087 730 perversa
2116 659 2448 730 conjunctio,
2483 670 2576 715 aut
2618 677 2871 732 perversa
2898 665 3211 736 disiunctio.
3265 667 3320 723 Si
3355 669 3417 726 Β.

1831 760 2137 823 opponetur
2190 753 2258 806 Α.
2313 763 2458 807 esset
2496 767 2751 823 perversa
2797 756 3128 826 conjunctio,
3167 774 3329 829 quam
3364 762 3417 816 in

1830 842 2222 912 quadripartita
2249 845 2610 914 reprehendo,
2657 847 2913 916 gravibus
2951 850 3179 904 duorum
3232 853 3420 907 modo-

1832 950 1951 989 rum
1986 935 2039 990 in
2099 951 2207 991 uno
2231 937 2682 993 convenientibus
2726 938 2864 995 loco.
2902 941 2957 995 Si
2985 952 3165 997 autem
3199 959 3414 1013 gamnm

1830 1027 2036 1082 deuteri
2083 1041 2379 1099 poneretur
2420 1039 2609 1086 contra
2660 1033 2801 1101 proti
2831 1034 2895 1086 A.
2948 1048 3203 1102 perversa
3264 1039 3419 1092 lierct

1829 1118 2145 1188 disiunctio,
2179 1121 2243 1173 Α.
2271 1139 2495 1195 gravent
2523 1125 2682 1193 proli,
2736 1136 2792 1179 et
2837 1124 2896 1179 Β.
2928 1140 3145 1193 gravem
3180 1130 3412 1195 detttei‘i,

1829 1210 2015 1265 ditono
2041 1210 2353 1277 dirimente,
2386 1194 2670 1285 pen'itttsid
2702 1226 2896 1273 natura
2937 1222 3288 1276 monochordi
3323 1236 3380 1274 re

1827 1312 2045 1357 nuente.
2073 1304 2209 1371 Quid
2234 1306 2463 1373 ulterius
2492 1310 2840 1378 procedimus
2868 1311 2893 1366 ’Ξ
2934 1311 2988 1365 in
3037 1328 3146 1382 quo
3170 1322 3409 1369 nostram

1825 1409 2078 1466 capream
2135 1399 2535 1469 quadripartita
2590 1402 2866 1471 praecellat
2915 1404 3146 1474 ignoro,
3199 1407 3299 1460 nisi
3357 1409 3411 1461 in

1824 1505 2099 1545 mensurae
2161 1490 2480 1548 dillirultate
2513 1535 2527 1558 ,
2574 1511 2695 1564 quae
2749 1498 2796 1551 si
2853 1500 3047 1554 merito
3095 1498 3414 1555 laudabilior

1823 1590 1913 1635 est
1959 1582 2240 1650 facilitate,
2294 1585 2411 1639 scio
2458 1585 2701 1654 pluribus
2747 1587 2800 1642 id
2856 1589 3271 1645 admirationem
3324 1607 3412 1661 ge.

1822 1684 2035 1725 nerare.
2096 1672 2379 1728 Nuneuam
2413 1675 2557 1730 aliud
2603 1686 2820 1744 natura,
2876 1678 3020 1734 aliud
3052 1695 3170 1735 mea
3211 1696 3408 1751 caprea

1821 1763 1970 1818 tlicil.
2332 1768 2333 1771 “

115 1875 216 1920 am
247 1873 441 1921 comm
470 1874 660 1919 tonum
693 1864 809 1920 sive
857 1867 1230 1932 semimnium’
1278 1875 1332 1921 οι
1377 1876 1488 1922 "es
1533 1882 1715 1937 rep”-
1749 1848 1790 1902 Β
1822 1853 1975 1909 Utilis
1997 1859 2247 1924 expositio
2272 1877 2425 1932 super
2448 1862 2694 1918 obscuras
2720 1862 2975 1921 Guidonis
3004 1869 3283 1922 sententias
3302 1870 3400 1940 (7).

109 1971 339 2012 cussas.
370 1955 500 2023 Qute
526 1957 894 2013 consonantia:
927 1972 1080 2026 arqua
1109 1954 1434 2026 ecpulentur
1488 1970 1715 2026 propora

110 2050 290 2117 tione,
315 2064 544 2120 pronum
578 2059 663 2106 est
711 2049 1067 2120 perpendere.
1099 2048 1331 2104 Proinde
1368 2048 1435 2103 ad
1461 2050 1711 2114 ,aliarum

108 2138 471 2198 collatiOnem
502 2142 807 2197 redeamus.
859 2141 1215 2209 Quaternaria
1272 2142 1340 2196 ad
1392 2141 1709 2205 ternarium,

108 2236 397 2302 ditonum,
432 2236 841 2298 semiditonum,
892 2234 1239 2304 sesqnitertia
1268 2242 1351 2289 est
1380 2250 1395 2299 ;
1434 2234 1500 2287 ad
1526 2243 1711 2289 tonum

103 2338 301 2384 autem
335 2329 751 2385 semitoniumve
785 2327 966 2401 dupla.
995 2326 1256 2381 Ternaria
1302 2325 1521 2380 ditonus
1551 2315 1713 2380 semi-

112 2419 390 2486 ditonus,
440 2419 859 2492 sesquialteram
932 2418 1140 2473 faciunt
1187 2416 1586 2488 proportionem
1641 2416 1709 2472 ad

102 2520 309 2569 tonum
337 2513 771 2569 semitoniumve.

506 2605 583 2660 De
612 2606 999 2677 mnltiplicltate
1020 2605 1327 2675 specierum.

178 2682 446 2770 anlices
472 2707 596 2770 sunt
643 2699 899 2754 saltatrix
952 2707 1008 2754 et
1059 2698 1266 2769 spissa,
1301 2704 1490 2767 utpote
1536 2712 1699 2752 unam

97 2790 481 2849 intensionem
519 2790 780 2847 habentes
806 2800 861 2847 et
912 2790 1310 2847 remissionem.
1342 2790 1704 2858 Quaternaria

95 2881 159 2937 in
196 2879 546 2937 diatessaron
571 2896 675 2936 non
707 2891 812 2948 est,
840 2882 965 2952 quia
1000 2896 1107 2936 non
1149 2881 1317 2937 habet
1347 2880 1450 2935 nisi
1476 2889 1707 2951 quatuor

90 2973 370 3040 chordas,
395 2989 516 3045 quae
559 2974 791 3046 spissam
844 2973 1068 3028 faciunt.
1100 2973 1365 3029 Ternaria
1413 2972 1465 3028 in
1501 2972 1705 3029 diates-

85 3080 275 3123 saron
298 3065 515 3137 octupla
548 3075 655 3131 est.
689 3065 991 3138 quadrupla
1045 3065 1402 3132 intendendo,
1460 3065 1703 3136 quadru-

80 3157 188 3229 pla
243 3155 594 3215 remittendo.
637 3158 999 3227 Quaternaria
1060 3158 1114 3213 in
1171 3158 1424 3228 diapente
1478 3156 1700 3229 decupla

80 3255 182 3304 est
212 3264 235 3302 :
291 3248 421 3318 quia
472 3250 712 3320 quinque
760 3249 1079 3315 intenditur,
1139 3250 1377 3319 quinque
1404 3250 1581 3306 modis
1611 3264 1701 3306 re-

81 3336 372 3394 mittitur.
435 3338 554 3394 Jam
614 3338 1036 3414 persolvimus,
1111 3353 1233 3408 qua:
1304 3340 1695 3396 cantilenarum

80 3431 430 3489 auctoribus
500 3447 609 3489 non
667 3431 802 3488 nihil
864 3430 1088 3502 profore
1150 3432 1502 3489 credidimus.
1575 3432 1695 3489 Vict.

169 3520 294 3578 .B.

169 3561 189 3578 .
226 3523 294 3578 Β.

76 3523 165 3595 ﬁg
353 3613 434 3671 De
460 3612 665 3687 Caprea
696 3618 929 3687 repetitio
956 3619 1452 3676 commendationis.

157 3724 465 3794 Capream,
497 3726 736 3792 domine,
769 3742 933 3798 quam
961 3729 1116 3784 vobis
1146 3729 1339 3795 obtuli,
1370 3730 1425 3784 in
1457 3738 1693 3785 vestram

72 3815 428 3893 commendo
449 3814 706 3888 gratiam,
736 3828 796 3874 ut
819 3820 934 3891 ipsa
965 3831 1158 3876 natura
1182 3830 1378 3877 vestrm
1406 3824 1695 3893 experien-

67 3910 179 3965 tiae
214 3910 569 3967 commendet
598 3926 742 3967 eam.
792 3913 1115 3970 Evidentem
1149 3923 1427 3987 troporum
1473 3917 1695 3973 divisio-

64 4002 218 4057 nem
245 4001 507 4067 ostendit,
536 4012 759 4074 propter
781 4005 1175 4076 quadripartita
1207 4022 1376 4077 penes
1406 4010 1716 4065 modernos.

61 4093 319 4150 laudem
360 4096 683 4165 promeruit.
723 4096 830 4153 Sed
854 4098 896 4153 si
928 4099 1040 4169 ipsa
1068 4114 1173 4154 non
1222 4101 1547 4158 naturaliter
1590 4104 1693 4157 hoc.

62 4187 307 4243 faciens
330 4197 415 4243 est
442 4190 701 4259 gratiosa,
752 4206 973 4261 caprea,
1032 4193 1355 4249 naturaliter
1385 4195 1525 4251 idem
1560 4210 1693 4251 con-

58 4279 290 4336 ﬁciens
313 4295 421 4336 non
448 4282 516 4336 sit
545 4297 732 4339 exosa.
780 4283 838 4338 Si
882 4284 1279 4355 quadripartita
1336 4286 1388 4340 in
1419 4302 1582 4341 unam
1636 4287 1694 4339 li-

56 4387 256 4428 neam
281 4383 475 4428 omnes
501 4384 692 4429 contra
743 4382 993 4430 naturam
1020 4376 1375 4431 monocbordi
1402 4376 1692 4433 conferens

51 4473 291 4538 graves
318 4462 586 4531 laudetur,
619 4476 803 4522 nostra
830 4478 1027 4539 caprea
1056 4468 1108 4523 in
1132 4482 1295 4523 unam
1320 4466 1473 4535 juxta
1502 4484 1692 4525 monod

1892 1948 1959 2004 Et
1984 1950 2104 2007 alia:
2123 1969 2267 2009 voces
2296 1957 2359 2009 ab
2382 1957 2501 2012 aliis
2523 1958 2781 2012 ntorulam
2820 1960 2979 2029 duplo
3006 1961 3289 2032 longiorem
3330 1963 3406 2017 rel

1818 2043 1978 2112 duplo
2004 2046 2290 2101 breviorem
2316 2061 2405 2102 aut
2430 2049 2705 2104 trcnmlam
2730 2052 2975 2107 habeant.
3008 2054 3073 2107 Et
3103 2056 3260 2123 paulo
3284 2067 3408 2125 post

1818 2153 2148 2207 summopere
2177 2153 2425 2193 curentur
2468 2142 2590 2196 talis
2635 2160 2944 2197 neumarum
2985 2146 3301 2211 distribuiio,
3346 2158 3404 2201 ut

1815 2245 1933 2283 cum
1962 2214 2165 2284 neitmw
2203 2232 2437 2299 ejusdem
2465 2235 2580 2289 soni
2606 2238 3013 2303 repercussione,
3043 2248 3153 2292 tum
3175 2224 3406 2293 duorum

1814 2320 1890 2374 rel
1917 2320 2145 2389 plurium
2189 2326 2507 2379 connexione
2546 2326 2698 2395 ﬁant,
2753 2345 2955 2399 semper
3002 2341 3173 2385 tamen
3212 2343 3301 2386 aut
3336 2317 3402 2389 in

1814 2429 2029 2468 numero
2062 2432 2260 2483 vocum,
2299 2428 2389 2471 aut
2417 2419 2469 2473 in
2501 2420 2699 2475 ratione
2728 2431 2966 2477 tenerum
3000 2440 3202 2479 neumm
3242 2427 3402 2481 alter-

1730 2574 1731 2577 η
1812 2516 1987 2561 utrum
2043 2509 2387 2579 conferantur
2436 2523 2482 2567 et
2515 2516 2881 2585 respondeant.
2927 2517 2994 2572 Ut
3025 2519 3155 2574 mihi
3186 2520 3401 2576 videtur

1814 2602 2076 2670 triplicem
2108 2620 2209 2675 per
2249 2608 2363 2663 haec
2403 2611 2564 2665 verba
2614 2612 2863 2683 designat
2899 2615 3186 2671 cantilenae
3231 2617 3401 2671 colla-

1812 2695 2011 2750 tionem
2042 2711 2056 2751 ι
2085 2698 2210 2767 quia
2248 2700 2363 2756 vult
2395 2710 2451 2756 ιιι
2477 2705 2894 2773 proportionalis
2927 2708 3040 2773 ﬁat,
3090 2720 3184 2764 aut
3229 2710 3403 2767 inter-

1809 2788 2012 2858 capedo
2039 2788 2268 2846 duarum
2298 2808 2511 2861 vocum,
2540 2795 2685 2867 quod
2707 2807 2858 2851 notat
2880 2799 3107 2857 dicendo
3131 2816 3146 2856 :
3179 2800 3250 2857 Et
3275 2805 3402 2859 alia!

1808 2895 1954 2935 voces
1980 2881 2046 2936 ab
2073 2881 2193 2937 aliis
2245 2885 2506 2940 morulam
2537 2888 2697 2958 duplo
2731 2888 3053 2960 longiorem,
3108 2895 3185 2948 vel
3235 2895 3402 2965 dule

1808 2971 2089 3027 breviorem
2120 2986 2211 3029 aut
2234 2976 2513 3031 tremulam
2545 2978 2770 3034 habeant
2799 2998 2819 3035 :
2850 2991 2943 3037 aut
2997 2992 3054 3038 ul
3108 3003 3417 3043 numerum

1807 3078 1997 3119 vocum
2023 3068 2503 3136 proportionaliter
2545 3072 2955 3130 consideremus
2981 3119 2995 3143 ,
3024 3081 3166 3150 quod
3196 3081 3283 3136 bis-
3310 3082 3393 3136 ine

1809 3156 1968 3212 timat
1994 3158 2204 3223 verbis;
2232 3170 2324 3213 aut
2356 3161 2409 3213 in
2436 3178 2653 3217 numero
2677 3181 2886 3232 vocum,
2914 3184 3008 3223 seu
3042 3181 3100 3224 nt
3124 3172 3216 3227 lia-t
3245 3188 3400 3229 coma

1806 3251 2037 3319 paratio,
2066 3260 2126 3306 ut
2166 3251 2218 3306 in
2254 3253 2421 3322 ipsius
2450 3256 2600 3311 vocis
2651 3257 2839 3315 ultima
2870 3267 3237 3325 protensione.
3269 3268 3399 3325 llaec

1806 3341 1908 3396 tria
1942 3352 2001 3395 ut
2038 3344 2281 3413 apertius
2329 3344 2724 3418 intelligantur,
2752 3363 2879 3407 sunt
2920 3359 3395 3429 exemplilieanda.

1801 3432 2008 3488 Morula
2038 3435 2326 3505 dupliciter
2377 3437 2589 3510 longior
2616 3451 2702 3497 est
2736 3446 2819 3499 vel
2853 3445 3096 3516 brevior,
3138 3452 3181 3506 si
3227 3454 3396 3509 silent

1803 3526 1936 3580 tium
1964 3526 2107 3583 inter
2135 3529 2269 3585 duas
2311 3545 2472 3587 voces
2523 3526 2743 3606 duplum
2770 3547 2887 3606 est,
2931 3544 2999 3598 ad
3046 3542 3190 3600 aliud
3222 3547 3389 3602 silen-

1802 3619 1933 3673 tium
1967 3619 2108 3675 inter
2133 3620 2268 3677 duas
2290 3637 2472 3681 voces.
2498 3628 2700 3688 Eodem
2732 3637 2892 3691 modo
2921 3636 3127 3692 morula
3156 3640 3392 3709 duplici-

1802 3720 1884 3767 ter
1912 3722 1997 3767 est
2025 3712 2263 3780 brevior,
2291 3717 2333 3771 si
2369 3720 2726 3781 taciturnitas
2744 3726 2886 3783 inter
2908 3728 3046 3786 duas
3070 3745 3230 3788 voces
3257 3734 3386 3788 sime

1799 3804 1887 3873 pla
1927 3814 2010 3861 est
2048 3807 2121 3878 ad
2171 3809 2331 3868 aliam
2364 3815 2791 3873 taciturnitatem
2841 3820 2985 3876 inter
3038 3823 3173 3879 duas
3202 3840 3391 3882 voces.

1798 3901 1950 3967 Quod
1980 3903 2112 3959 dicit
2141 3922 2155 3958 :
2202 3917 2293 3960 aut
2341 3909 2620 3964 tremulam
2650 3910 2895 3978 habeant,
2930 3925 3061 3986 puto
3087 3916 3391 3989 intelligen-

1796 3994 1924 4049 dum
1954 3996 2035 4052 sic
2065 4011 2203 4053 esse.
2235 3997 2490 4056 Tremula
2524 4010 2609 4057 est
2663 4019 2858 4061 neuma
2905 4021 3073 4078 quam
3099 4011 3389 4080 gradatum

1797 4088 1877 4143 vel
1909 4090 2159 4158 quilisma
2192 4092 2441 4162 dicimus,
2463 4112 2584 4166 quae
2614 4096 3005 4169 longitudinem
3035 4101 3100 4156 de
3123 4116 3227 4171 qua
3255 4102 3387 4157 dfcit

1795 4179 1956 4249 duplo
2000 4180 2281 4253 longiorem
2316 4200 2441 4241 cum
2464 4186 2703 4257 subjecta
2734 4189 2789 4259 (7
2818 4192 2875 4261 φ)
2906 4193 3112 4264 virgula
3139 4198 3387 4261 denotat,

1796 4275 1913 4329 sine
1941 4291 2049 4345 qua
2081 4278 2427 4343 brevitatem,
2474 4293 2595 4349 qua:
2631 4282 2911 4338 intimatur
2952 4300 3066 4353 per'
3090 4286 3193 4341 hoc
3238 4289 3388 4357 quod

1795 4367 1949 4434 dicit,
1978 4367 2056 4420 vel
2090 4367 2250 4439 duplo
2298 4368 2607 4437 breviorem,
2660 4372 2916 4427 insinuat.
2966 4374 3211 4430 Secunda
3254 4395 3385 4448 pars

1795 4459 2193 4529 proportionis,
2222 4477 2343 4530 (litae
2372 4462 2700 4519 describitur
2730 4465 2815 4521 liis
2840 4466 3043 4532 verbis,
3084 4478 3175 4522 aut
3204 4470 3257 4523 in
3283 4488 3355 4523 nu

45 4553 749 4613 chordiconsmmionem
772 4558 1037 4629 corrigens
1061 4559 1280 4615 easdem
1330 4576 1437 4617 ηοη
1482 4561 1693 4632 νίιηρρ-
1725 4580 1770 4634 D
1798 4567 1939 4605 mero
1988 4567 2194 4620 vocum,
2228 4553 2374 4609 hunc
2421 4553 2765 4635 utarbitror
2810 4557 2973 4613 habet
3024 4558 3359 4618 intellectum

46 4657 265 4704 retur.
299 4647 708 4719 Quadripartita
757 4661 950 4721 quarta
1003 4652 1274 4724 gravium,
1330 4653 1505 4724 prima
1556 4656 1686 4710 lina-

46 4740 247 4803 lium,
275 4739 421 4807 quod
444 4740 717 4810 primitiva
756 4743 1042 4813 dispositio
1066 4747 1266 4811 renuit,
1296 4745 1458 4818 longe.
1480 4747 1688 4812 divisit,

42 4836 280 4887 nostra
311 4842 506 4899 caprea
540 4832 775 4901 collegit.
840 4832 897 4888 Si
931 4844 1111 4890 autem
1142 4835 1232 4891 illa
1266 4851 1521 4907 perversa
1553 4836 1690 4891 divi-

36 4922 153 4979 sio
186 4922 565 4987 commendet,
628 4924 785 4978 istam
820 4927 1092 4982 naturalis
1140 4926 1386 4982 collectio
1419 4943 1527 4982 non
1548 4929 1688 4983 eon-

36 5018 333 5073 demnet.
367 5011 423 5067 Si
447 5013 854 5084 quadripartita
910 5027 1126 5089 protum
1161 5019 1564 5087 acutissimum,
1610 5028 1687 5076 te-

29 5123 81 5165 p
105 5103 335 5159 ardutn
385 5102 591 5160 faciens
617 5106 798 5175 gravis
812 5108 1033 5175 simum,
1067 5110 1418 5166 ce‘eherrima
1450 5111 1523 5166 sit
1568 5128 1684 5166 om-

26 5205 271 5260 mbos,
295 5210 549 5267 capream
598 5212 707 5255 non
758 5200 1014 5255 obscuret
1041 5202 1274 5270 penitus,
1320 5202 1463 5272 quod
1498 5202 1683 5269 utique

17 5286 390 5347 naturalem
433 5289 761 5359 gravitatem
817 5291 970 5346 dedit
1026 5300 1082 5345 et
1137 5307 1388 5347 acumen.
1448 5294 1678 5348 Easdem

44 5386 298 5441 iuet-as
352 5380 404 5435 in
441 5392 629 5439 nostra
695 5397 899 5453 caprea
955 5392 1151 5438 contra
1199 5397 1259 5440 se
1303 5398 1425 5439 csse
1474 5384 1679 5454 positas

16 5488 244 5534 nemo
275 5475 660 5543 reprehendat.
707 5475 813 5532 Sed
869 5476 1032 5531 aliter
1081 5476 1377 5531 secundum
1430 5485 1677 5528 naturam

13 5565 191 5622 deri
222 5579 332 5619 non
358 5579 517 5635 posse
541 5566 928 5637 reprehendat,
958 5581 1082 5622 cum
1105 5566 1170 5620 A.
1206 5564 1388 5636 gravis
1415 5564 1485 5619 sit
1515 5563 1675 5634 proti,

10 5664 155 5740 qui
212 5661 516 5717 secundum
569 5660 1001 5718 monochordum
1056 5668 1188 5716 tono
1240 5656 1415 5714 dill‘ert
1451 5674 1479 5711 a
1525 5657 1677 5721 gravi

120 5844 228 5915 (τ)
271 5843 389 5897 Em.
416 5846 599 5914 plana.

1793 4643 1913 4710 Ipse
1949 4661 2139 4701 vocum
2189 4662 2447 4703 numerus
2486 4647 2715 4704 invicem
2760 4660 2844 4706 est
2888 4650 3273 4720 conferendas,
3322 4666 3379 4709 ut

1794 4752 2002 4791 neumze
2043 4753 2186 4793 nunc
2232 4753 2399 4808 aequae
2432 4740 2629 4810 aequis,
2679 4758 2823 4798 nunc
2868 4745 3042 4815 duplic
3086 4747 3165 4802 vel
3209 4748 3290 4815 tri,
3316 4749 3372 4804 lat

1792 4826 2132 4896 simplicibus
2171 4836 2332 4898 atque
2386 4830 2522 4886 alias
2563 4831 2853 4889 collatione
2888 4838 3245 4908 sesquialtera
3295 4840 3370 4894 ve‘

1790 4913 2138 4988 sesquitertia
2170 4919 2552 4989 respondeant.
2582 4922 2777 4993 λείψω
2824 4928 2994 4997 aequis
3024 4931 3374 4999 respondent,

1788 5018 1850 5064 ut
1895 5026 2071 5064 semen
2113 5011 2295 5064 cecidit
2330 5012 2384 5064 in
2413 5023 2609 5067 terram
2661 5016 2875 5072 bonam.
2911 5018 3162 5090 Quinque
3213 5033 3367 5076 vocet

1787 5112 1915 5157 sunt
1949 5103 2001 5157 in
2026 5102 2234 5158 duabus
2287 5104 2617 5164 dictionibus
2642 5111 2915 5178 prioribus
2944 5129 3120 5167 semen
3165 5113 3348 5167 cecidit

1787 5196 2010 5253 totidem
2056 5196 2107 5249 in
2157 5197 2329 5253 tribus
2373 5204 2760 5271 sequentibus,
2811 5205 2866 5257 in
2912 5215 3106 5260 terram
3152 5207 3372 5271 bonam,

1783 5305 1928 5344 nunc
1967 5288 2143 5360 dupla:
2185 5292 2545 5363 simplicibus,
2575 5304 2654 5354 ut.
2703 5294 2769 5349 Et
2801 5296 2983 5349 obtulit
3018 5298 3269 5365 fructum.
3306 5301 3365 5355 EI

1782 5380 1988 5435 obtulit.
2045 5382 2287 5450 Quatuor
2316 5396 2441 5442 sunt
2478 5401 2658 5451 voces,
2693 5386 2811 5441 dua:
2850 5386 2903 5439 in
2934 5385 3183 5454 fructum,
3210 5390 3369 5458 dupla

1781 5487 1912 5543 ergo
1957 5473 2195 5531 collatio.
2226 5476 2377 5533 Nunc
2409 5478 2582 5548 ll‘iplie
2628 5477 2965 5547 simplicibus
3015 5485 3074 5532 ut
3122 5465 3291 5544 aliud,
3339 5501 3366 5533 (ι

1783 5565 1945 5621 habet
1972 5584 2134 5621 unam
2166 5584 2375 5635 vocem,
2402 5569 2513 5623 liud
2557 5579 2707 5625 tres:
2736 5571 2863 5641 quia
2902 5569 2941 5625 li
2987 5571 3123 5627 duas
3156 5582 3359 5642 ‘possu-

1781 5674 1901 5714 mus
1927 5661 2184 5729 colligere
2214 5676 2371 5715 voces
2406 5664 2455 5715 in
2486 5664 2720 5719 praedata
2747 5680 2964 5731 nenma,
2994 5680 3158 5720 unam
3187 5665 3239 5722 in
3273 5667 3345 5721 nd

1877 5841 1909 5893 7
1938 5840 1979 5883 *κ
2019 5840 2229 5895 Microl.
2255 5839 2513 5897 Gmnosrs
2540 5846 2687 5899 Aret.
