3864 6314
530 308 666 378 {3:27

1772 308 2089 370 ARlBONlS
2129 306 2576 365 SCHOLASTICI
3599 315 3689 380 is...

524 444 638 490 tres
664 434 731 489 ad
758 448 916 488 unam
966 447 997 505 p
1029 431 1247 505 triplum
1303 430 1508 487 faciant
1540 447 1551 484 :
1588 438 1752 502 atque
1770 428 1924 507 ’alias
1950 426 2117 483 eolla-
2146 428 2191 488 Λ
2221 426 2492 498 praedictae
2550 423 2820 481 tarditatis
2887 428 2941 483 in
3011 427 3156 484 hunc
3229 428 3455 496 modum,
3518 432 3691 494 ﬂium;

525 528 677 584 tione
704 525 1063 597 sesquialtcra
1085 568 1099 593 ,
1134 534 1191 580 ut
1212 526 1562 579 "centesimum
1590 524 1872 579 dimidium
1926 521 2111 587 dictio,

524 618 576 672 id
607 625 690 672 est
720 628 866 672 cente
898 617 1033 673 duas
1063 616 1219 683 alias,
1253 617 1538 683 medietas,
1573 615 1626 671 id
1667 624 1750 671 est
1778 616 1967 670 simum
2003 623 2113 669 tres

522 709 691 765 liabet
714 724 901 776 voces,
941 726 1102 765 unam
1128 710 1180 765 in
1214 712 1281 775 si,
1316 710 1452 765 duas
1476 711 1528 765 in
1557 726 1718 775 mum,
1742 724 1862 780 quzc
1890 709 2114 779 conqui-

522 803 847 865 niscentcm,
891 803 942 856 id
975 811 1079 867 cst,
1110 802 1482 857 inclinativam
1534 802 1779 857 resultat.
1816 800 2113 855 Ternarius

522 894 590 945 ad
622 892 894 949 binarium
929 893 1287 965 sesquialtera
1314 893 1396 949 vel
1425 892 1772 965 sesquitertia
1799 883 2109 956 collatione,

528 984 677 1039 sicut
698 992 782 1040 est
808 987 975 1040 venite
1001 983 1291 1040 Benedicti.
1330 982 1505 1040 Venite
1532 996 1663 1050 tres,
1688 984 1959 1040 Benedicti
1977 998 2113 1055 qua-

522 1088 651 1133 tuor
690 1079 866 1134 babet
911 1095 1089 1136 voces.
1136 1079 1529 1148 Qitaternarius
1563 1080 1630 1135 ad
1678 1079 1977 1135 ternarium
2026 1088 2111 1135 est

519 1171 931 1241 sesquite'rtius,
963 1172 1121 1228 tertia
1153 1184 1280 1244 pars
1314 1183 1397 1229 est
1426 1173 1815 1244 proportionis,
1848 1188 1970 1244 quae
2013 1173 2109 1228 de-

520 1264 778 1318 scribitur
818 1264 903 1321 liis
948 1266 1147 1330 verbis,
1193 1278 1282 1322 aut
1323 1267 1377 1321 in
1405 1268 1605 1323 ratione
1638 1274 1874 1321 tenorunt
1909 1266 2112 1321 nétmtte

518 1356 835 1415 alterutrum
860 1358 1205 1425 conferantur
1232 1369 1278 1414 et
1298 1360 1667 1428 respondeant.
1705 1358 1886 1414 Tenor
1916 1368 2002 1413 est
2028 1357 2109 1412 ul-

520 1444 670 1502 tima:
693 1448 843 1503 vocis
871 1449 1172 1519 protensio,
1197 1466 1319 1521 quae
1345 1452 1412 1506 ad
1450 1451 1679 1507 invicem
1702 1448 1987 1506 confertur
2010 1448 2105 1515 ita,

516 1541 582 1591 ιτι
603 1553 860 1593 numerus
890 1553 1083 1594 vocum
1113 1549 1167 1595 et
1192 1540 1501 1605 intervalla,
1533 1555 1721 1595 earum
1767 1555 1909 1595 nunc
1940 1553 2110 1609 inqua:

520 1631 709 1702 :equis,
735 1647 878 1688 nunc
906 1632 1077 1703 dupla:
1106 1631 1190 1687 vel
1214 1633 1386 1704 triplm
1406 1631 1763 1703 simplicibus,
1786 1642 1948 1702 atque
1978 1634 2110 1687 alias

513 1725 807 1782 collatione
817 1726 1170 1796 sesquialtera
1185 1726 1269 1781 vel
1292 1726 1640 1797 scsquitertia
1656 1725 2027 1792 conferantur;
2054 1726 2106 1780 ct

2219 539 2292 577 m.
2324 521 2367 591 Ῑ.
2395 521 2451 576 d.
2482 519 2619 593 (l3),
2661 522 2787 592 quia
2822 521 2869 578 si
2900 521 2953 577 in
2981 520 3322 578 tetrachordo
3348 510 3458 580 fluis
3477 532 3693 597 estquam

2211 618 2443 682 chorda,
2473 617 2801 687 principium
2825 625 2909 673 est
2933 617 2989 672 in
3008 631 3075 673 eo
3102 617 3273 688 prima
3296 618 3496 687 chorda,
3532 623 3603 679 sed
3626 625 3693 681 hoc

2215 718 2329 776 est;
2361 725 2490 781 ergo
2521 711 2582 764 ι).
2624 711 2920 766 secundum
2969 709 3113 766 banc
3164 711 3434 777 rationem.
3482 724 3527 770 et
3562 728 3694 787 quarta

2216 809 2299 855 est
2327 801 2597 872 gravium,
2639 811 2696 856 et
2733 802 2911 869 prima
2949 801 3212 858 ﬁnalium.
3244 801 3349 859 llac
3370 804 3471 874 ipsa
3492 822 3694 877 argumen-

2214 894 2418 948 tatione
2469 894 2540 948 sit
2592 895 2898 965 probatum,
2948 896 3091 965 quod
3138 893 3193 950 tl.
3229 896 3301 953 sit
3332 906 3501 967 quarta
3528 902 3698 971 superio-

2218 1002 2360 1052 rum,
2401 986 2576 1056 prima
2601 986 3006 1045 excellentium.

2215 1098 2364 1165 Quod
2391 1099 2643 1170 probatio_
2662 1100 2763 1152 ista
2796 1102 3051 1169 pertineat
3091 1101 3161 1154 ad
3215 1102 3471 1155 materiam
3499 1102 3700 1157 attoniti

2620 1162 2643 1182 ⁸
2796 1162 2807 1169 ’
2826 1171 3142 1243 subjugalis.

2282 1248 2400 1316 3am
2432 1262 2800 1333 probavimus;
2833 1264 2977 1333 quod
3007 1263 3201 1319 modus
3253 1278 3392 1333 saepe
3434 1274 3577 1320 uictus
3609 1264 3700 1319 ittltt‘

2213 1353 2275 1409 D.
2316 1355 2372 1409 d.
2405 1357 2732 1412 constitutus
2758 1366 2866 1411 tam
2900 1356 3198 1413 materialis
3223 1356 3295 1411 sit
3322 1346 3474 1428 plaga:
3494 1359 3702 1429 quarto,‘nl

2212 1454 2313 1508 est,
2345 1456 2538 1503 octavo
2566 1457 2718 1514 tono,
2749 1465 2913 1520 quam
2946 1457 3167 1504 autento
3195 1450 3391 1520 primo,
3423 1450 3566 1518 primo
3605 1450 3702 1502 vide-

2214 1540 2339 1597 licet
2370 1552 2516 1608 tono,
2539 1544 2792 1613 quodque
2820 1552 2927 1598 tam
2960 1558 3086 1599 vere
3113 1543 3327 1598 dicatur
3354 1542 3705 1614 ltypomixoliilius

2213 1648 2376 1705 quam
2409 1634 2633 1691 durius:
2665 1636 2790 1705 quia
2837 1651 2959 1691 cum
3009 1643 3228 1691 constet
3284 1644 3463 1706 quarta
3505 1634 3704 1705 gravium,

2212 1714 2404 1796 quﬂrla
2435 1728 2802 1797 superiorum,
2829 1729 3004 1799 prima
3033 1726 3303 1791 finalium,
3334 1728 3491 1798 prima
3516 1725 3707 1782 excellen-

520 1818 904 1888 respondeant.
934 1817 1009 1873 De
1033 1832 1142 1887 quo
1173 1826 1359 1874 tenore
1388 1818 1470 1872 vel
1500 1818 1846 1889 protensione
1884 1816 2112 1871 donmus
2145 1816 2188 1872 B
2218 1820 2369 1885 tium,
2398 1821 2736 1891 probandum
2775 1821 2904 1887 erit,
2932 1829 3183 1893 quartam
3233 1820 3487 1892 gravium,
3529 1826 3703 1887 quartam

517 1905 694 1965 Guido
714 1909 895 1974 dicit:
934 1907 1105 1963 Tenor
1151 1926 1292 1975 vero,
1329 1909 1383 1963 id
1416 1919 1490 1963 est
1523 1925 1670 1963 mora
1702 1908 1901 1962 ultimm
1945 1908 2101 1973 vocis,

518 2004 609 2072 qui
646 2003 699 2055 in
729 2000 933 2071 syllaba
958 1999 1451 2072 quantuluscunque
1493 2010 1568 2054 est
1593 1999 1820 2070 amplior
1852 1999 1905 2053 in
1931 1994 2102 2070 parte,

517 2098 846 2152 diutissimus
872 2111 992 2151 vero
1023 2096 1077 2149 in
1113 2094 1467 2149 distinctione.
1507 2110 1553 2147 v.
1586 2110 1637 2164 ῃ.
1666 2093 1811 2147 Dixit
1843 2092 2105 2146 Dominus

520 2188 725 2243 mulieri
757 2186 1039 2243 Cononem.
1077 2186 1247 2243 Unam
1283 2201 1414 2256 ergo
1436 2185 1838 2240 distinctionem
1864 2184 2025 2239 habet
2053 2184 2105 2237 in

520 2284 692 2348 dixit,
763 2289 977 2352 partem
1050 2281 1102 2335 in
1164 2279 1296 2334 dixit
1358 2279 1654 2345 Dominus;
1702 2277 2104 2333 distinctionem

521 2378 649 2431 dixit
681 2376 939 2430 Dominus
977 2374 1184 2429 mulieri
1212 2373 1497 2431 Cananete.
1537 2374 1794 2429 llabcatis
1818 2371 2102 2445 syllabam.

520 2474 575 2524 In
634 2469 771 2522 dixit
821 2466 998 2522 ﬁnalis
1051 2466 1125 2519 xit
1186 2465 1575 2535 aliquantulum
1629 2465 2004 2537 protendatur.
2049 2463 2104 2517 In

520 2561 649 2616 dixit
695 2559 951 2614 Dominus
1001 2558 1177 2614 liualis
1228 2577 1324 2613 nus
1381 2560 1712 2629 producatur
1759 2555 2007 2627 amplius.
2050 2548 2105 2609 In

520 2654 652 2707 dixit
688 2651 753 2707 D.
782 2667 855 2706 in.
887 2649 949 2705 C.
981 2650 1158 2706 ﬁtialis
1201 2652 1557 2722 protendatur
1600 2650 1925 2706 diutissime.

586 2745 859 2815 Proponat
884 2743 986 2801 sibi
1046 2742 1285 2799 musicus
1319 2744 1515 2813 quibus
1545 2757 1609 2797 ex
1645 2742 1729 2797 bis
1748 2739 2106 2796 divisionibus

533 2839 851 2894 ncedentcm
896 2838 1062 2894 faciat
1099 2847 1339 2902 cantum,
1370 2836 1448 2907 (8)
1480 2834 1565 2888 vel
1590 2849 1711 2904 qutc
1749 2833 1858 2888 siut
1888 2831 1993 2887 illa:
2019 2833 2104 2885 dia

520 2931 770 2987 visiones.
828 2931 981 2988 Sicut
1026 2932 1172 2986 enim
1209 2937 1505 2984 metrorum
1540 2926 1784 2997 plurimae
1811 2935 1940 2981 sunt
1964 2925 2092 2980 divi-

520 3027 729 3091 siones,
780 3026 906 3095 quia
957 3026 1202 3094 qumdam
1250 3033 1377 3079 sunt
1422 3022 1797 3091 Asclepiadea,
1858 3021 2102 3091 quaedam

519 3118 750 3188 Sapbica
779 3159 793 3183 ,
837 3118 1085 3188 quaedam
1130 3116 1427 3179 Alcbaica,
1475 3124 1531 3169 et
1577 3115 1644 3168 ad
1685 3114 1828 3167 hunc
1884 3115 2101 3166 modum

2208 1913 2549 1981 superiorum
2580 1911 2775 1984 plagali
2807 1926 2931 1969 esse
2963 1910 3277 1969 materiales
3304 1928 3318 1966 :
3356 1921 3444 1965 aut
3470 1910 3707 1969 adimaunis.

2208 2004 2252 2059 si
2286 2003 2609 2059 naturaliter
2637 2005 2910 2075 possimus
2939 2005 3115 2060 tribus
3143 2006 3402 2077 gravibus
3421 2006 3478 2059 Δ.
3500 2003 3549 2057 Β.
3581 2002 3627 2057 C.
3650 2002 3709 2055 uio

2207 2098 2309 2153 bus
2336 2099 2716 2169 superioribus
2737 2115 2789 2155 a.
2912 2114 2962 2155 c.
2992 2102 3137 2172 quod
3167 2117 3276 2156 non
3307 2102 3411 2156 sint
3457 2100 3711 2155 constitutus

2207 2202 2261 2248 et
2293 2191 2603 2247 materialcs
2654 2190 3058 2265 tribus‘plagis,
3114 2201 3239 2248 tono
3299 2193 3492 2249 scilicet
3524 2190 3709 2253 secundo,

2206 2292 2421 2352 quarto,
2455 2292 2630 2346 sexto,
2663 2292 2758 2338 aut
2784 2292 2991 2353 quarta:
3016 2284 3267 2355 gravium
3292 2325 3306 2350 ,
3330 2293 3519 2354 quarta}
3540 2280 3714 2351 stiterit)-

2208 2390 2327 2428 rum
2355 2392 2367 2427 :
2403 2376 2791 2443 concedamus,
2844 2384 2904 2430 ut
2930 2360 3246 2431 materiales
3276 2377 3386 2432 sint
3408 2375 3561 2431 claves
3580 2382 3713 2443 quarto

2208 2466 2422 2538 plagali,
2455 2477 2647 2522 octavo
2668 2468 2900 2538 denique
2932 2478 3090 2535 tono;
3119 2469 3214 2525 sed
3256 2468 3565 2540 impossibile
3591 2474 3715 2529 esum

2210 2560 2382 2614 tribus
2403 2560 2710 2631 praepositis
2741 2560 2997 2630 gravibus
3027 2568 3083 2616 ct
3104 2561 3473 2631 superioribus
3500 2560 3629 2613 trium
3645 2559 3715 2627 pls
3812 2624 3813 2627 η

2208 2664 2398 2721 garum
2428 2653 2873 2708 constitutionem
2898 2652 3224 2708 adimamus.
3284 2652 3427 2737 Ergo
3444 2648 3650 2724 possibile
3664 2656 3718 2702 est
3812 2640 3813 2661 ‘

2208 2753 2263 2800 ct
2307 2745 2671 2812 verissimum,
2724 2758 2786 2801 ut
2820 2755 3030 2817 quarta:
3081 2745 3335 2817 gravium
3374 2754 3428 2802 et
3462 2743 3716 2814 superiorum
3812 2756 3813 2759 η

2207 2844 2418 2905 quarm
2441 2836 2642 2907 plagae,
2672 2836 2723 2892 id
2752 2847 2856 2904 est,
2884 2836 2994 2892 toni
3035 2837 3216 2892 octavi
3249 2834 3570 2894 essentialem
3589 2843 3722 2888 conte-
3812 2826 3813 2869 ἶ

2214 2930 2429 2983 damus.

2246 3044 2322 3101 De
2348 3047 2665 3117 proprietate
2692 3034 3001 3114 Protorum,
3055 3058 3428 3115 deuterorum,
3477 3044 3700 3107 Tritum;

2809 3118 2963 3175 Tetra
2971 3122 3207 3175 rdorumi

518 3211 914 3282 llypouactica,
971 3209 1227 3264 nonnulla
1261 3209 1425 3264 etiam
1457 3205 1734 3261 Gliconica
1778 3223 1791 3260 :
1825 3205 1903 3260 sic
1934 3196 2101 3260 melo.
2132 3195 2177 3259 C
2281 3209 2591 3286 Proprietas
2616 3223 2699 3271 εει
2720 3223 3023 3285 motorum,
3076 3227 3135 3272 ιη
3165 3216 3499 3274 concordem
3523 3212 3571 3270 ί,
3600 3209 3725 3267 εισι-

519 3309 728 3362 diarum
790 3320 1000 3361 neumzc
1035 3305 1294 3375 plurimas
1343 3303 1548 3358 habent
1597 3300 1930 3381 divisiones,
1975 3300 2102 3355 dum

519 3415 626 3454 una
656 3400 728 3453 sit
772 3397 967 3454 divisio
1012 3412 1290 3467 mquarum
1319 3396 1383 3450 ad
1409 3409 1622 3464 (equas,
1650 3392 1820 3447 altera
1851 3400 1906 3448 et
1946 3390 2102 3446 tertia

516 3489 807 3561 duplarum
861 3488 1251 3561 triplarumque
1283 3487 1349 3541 ad
1386 3486 1679 3556 simplices,
1725 3492 1919 3553 quarta
1946 3482 2105 3553 quin-

517 3583 1229 3654 tave.utscsquialterarum
1279 3580 1860 3650 sesquitertiarumque
1913 3577 2104 3632 distin-

518 3678 730 3732 ctiones
781 3674 1230 3731 distinctionibus
1287 3680 1412 3728 sunt
1447 3671 1714 3740 aequales,
1763 3678 1822 3724 ut
1862 3670 1914 3724 in
1966 3670 2103 3723 bene

519 3767 825 3840 procuratis
873 3767 1123 3823 cantibus
1164 3775 1390 3837 apparet
1437 3764 1576 3819 sicut
1614 3764 1669 3817 in
1737 3762 1825 3817 illo
1854 3762 1907 3830 ti}.
1967 3758 2105 3816 Ecce

514 3875 657 3915 nunc
688 3868 887 3930 tempus
932 3857 1269 3929 acceptabile,
1316 3872 1421 3912 una
1451 3855 1747 3912 distinctio.
1782 3854 1918 3909 Ecce
1965 3869 2101 3907 nunc

512 3948 630 4009 ’dies
683 3953 908 4019 salutis,
961 3952 1152 4008 altera.
1219 3951 1651 4007 Commendeums
1723 3951 2101 4021 nosmetipsos,

516 4045 702 4102 tertia.
738 4045 802 4099 In
840 4044 1007 4100 multa
1034 4046 1307 4116 patientia,
1326 4054 1541 4113 quarta.
1569 4042 1635 4097 In
1658 4043 1883 4112 jejuniis
1903 4042 2101 4111 multis,

517 4138 732 4208 quinta.
782 4134 891 4190 Per
942 4152 1092 4190 arma
1113 4135 1360 4206 justitiw,
1393 4140 1569 4189 sexta.
1616 4131 1838 4188 Virtutis
1880 4132 1998 4199 Dei,
2027 4148 2105 4188 εθ-

519 4230 709 4300 ptima.
733 4229 865 4297 Qua:
899 4245 1087 4285 oruues
1119 4244 1254 4299 pene
1285 4237 1412 4285 sunt
1453 4227 1992 4294 eommeusurabiles,
2027 4228 2103 4301 (9)

518 4326 581 4376 ut
605 4323 655 4377 in
681 4323 899 4378 modum
929 4322 1197 4378 currentis
1228 4322 1349 4391 equi
1381 4335 1540 4376 voces
1564 4319 1631 4374 ad
1663 4319 1839 4374 locum
1875 4322 2106 4391 respira-

523 4416 687 4471 tionis
713 4418 996 4473 accedant.
1036 4416 1147 4488 (l0)
1179 4415 1407 4485 Spissim
1459 4429 1641 4476 autem
1690 4430 1745 4475 et
1777 4430 1901 4470 raro
1940 4424 2106 4485 prout

2212 3305 2358 3361 tione
2387 3321 2486 3377 per
2514 3307 2788 3378 diapente,
2813 3309 2866 3363 in
2896 3308 3234 3380 depositione
3262 3325 3364 3380 per
3395 3317 3580 3363 tonum.

2280 3393 2591 3468 Proprietas
2622 3399 3078 3455 cstdeuterorum
3118 3416 3245 3456 cum
3280 3402 3489 3470 integra
3534 3397 3726 3453 diam-
3812 3390 3813 3403 ¹

2210 3504 2307 3545 ron
2336 3504 2434 3560 per
2461 3490 2847 3556 intensionem,
2873 3492 3062 3547 ditono
3098 3506 3196 3563 per
3227 3491 3605 3546 remissionem.

2282 3583 2595 3653 Proprietas
2628 3596 2711 3640 est
2736 3586 3007 3651 tritorum,
3040 3596 3099 3640 ut
3139 3586 3481 3642 concordent
3504 3578 3728 3638 intensiooe
3812 3574 3813 3583 “

2210 3676 2418 3742 ditono,
2447 3677 2783 3733 diatessaron
2809 3678 3151 3733 remissione.

2282 3765 2598 3837 Proprietas
2620 3776 2702 3823 est
2735 3768 3121 3831 tetrardorum,
3157 3776 3215 3821 ut
3240 3768 3418 3839 protis
3436 3768 3729 3836 opponantur:

2210 3869 2481 3932 quatenus
2514 3860 2706 3914 borum
2734 3858 2965 3915 elevatio
2991 3860 3219 3914 istorum
3254 3859 3333 3915 sit
3364 3857 3610 3914 remissio.
3642 3888 3651 3899 ο

2345 3975 2502 4043 Quod
2563 3991 2667 4030 non
2721 3975 2787 4028 sit
2836 3972 3040 4057 firmius
3093 3983 3470 4043 argumentum
3527 3980 3656 4040 qui

2850 4055 3162 4115 proprietas.

2282 4138 2541 4207 Quamvis
2571 4139 2704 4194 satis
2732 4136 2803 4193 sit
2831 4137 3141 4209 probatura,
3194 4136 3345 4206 quod
3375 4135 3442 4189 de
3466 4127 3636 4205 plagali
3654 4137 3732 4179 uu-

2214 4233 2378 4298 teria,
2406 4232 2657 4289 videlicet
2678 4240 2873 4302 quarta
2899 4231 3169 4302 gravium,
3206 4240 3410 4300 quarta
3450 4225 3733 4296 superiorum
3812 4230 3813 4289 ι

2213 4333 2404 4395 quarta
2432 4323 2658 4396 plagalis
2685 4323 2915 4393 species,
2960 4321 3012 4376 id
3041 4330 3145 4387 est,
3179 4327 3345 4375 tonus
3375 4326 3586 4373 octavus
3618 4306 3735 4383 passil
3812 4302 3813 4345 ‘

2211 4415 2717 4482 conformari,_nam
2748 4414 2977 4471 iuliciari
3009 4428 3139 4470 vere
3184 4428 3296 4469 non
3344 4423 3633 4484 possumus.
3650 4404 3735 4471 ιιιέι

521 4517 738 4578 0p0rtcl.
774 4519 917 4563 notae
961 4487 1273 4578 compositae
1313 4510 1470 4580 hujus
1529 4514 1605 4568 rei
1668 4521 1920 4583 poterunt
1968 4512 2075 4565 indi
2140 4551 2184 4605 Β
2211 4507 2385 4577 possit
2418 4521 2617 4561 aureus
2644 4506 2711 4561 de
2731 4520 2867 4561 auro
2895 4503 3011 4559 ﬁeri
3052 4503 3244 4570 stilus,
3282 4512 3471 4558 tamen
3501 4487 3733 4559 adbocipsi
3812 4502 3813 4529 δ

517 4601 667 4655 cium
705 4600 853 4654 dare.
911 4601 1096 4670 Equus
1157 4602 1286 4657 dum
1344 4608 1535 4672 currit,
1573 4608 1823 4663 crebrius
1878 4607 2106 4676 ungulas

524 4690 663 4761 ﬁgit,
702 4691 827 4745 dum
879 4706 1093 4747 cessare
1124 4695 1349 4764 cogitat,
1386 4696 1563 4750 rarius
1587 4696 1810 4766 vestigia
1852 4695 2104 4761 collocat,

524 4786 598 4838 ita
626 4782 782 4852 juxta
825 4784 984 4839 tinem
1015 4784 1422 4841 distinctionum
1454 4796 1514 4841 ut
1546 4788 1799 4853 rariores,
1841 4788 1877 4843 i.
1905 4802 1954 4842 e.
2000 4793 2110 4841 tar-

522 4877 705 4932 diores
726 4889 888 4931 voces
924 4877 1221 4932 succedant
1263 4889 1348 4933 est
1374 4880 1776 4947 procurandum
1816 4878 1928 4951 (lt)
1953 4878 2108 4947 Quod

523 4979 705 5027 autem
756 4968 905 5035 dicit,
944 4970 1155 5040 spissim
1206 4980 1384 5025 autem
1426 4983 1472 5026 et
1530 4988 1651 5026 raro
1703 4980 1856 5041 prout
1911 4981 2109 5041 oportet

519 5077 658 5120 nota:
687 5068 1009 5137 compositae,
1026 5065 1182 5135 hujus
1202 5067 1276 5119 rei
1301 5077 1541 5135 poterunt
1566 5067 1823 5119 indicium
1848 5064 2008 5135 dare(
2022 5065 2107 5135 l2)

524 5162 728 5215 arctius
747 5167 834 5215 est
860 5159 1132 5215 scribendi
1161 5168 1217 5214 et
1261 5160 1553 5213 neumaudi
1589 5159 1870 5213 distinctio
1889 5202 1901 5225 ,
1930 5158 2106 5213 donec

523 5254 589 5306 ad
635 5252 794 5307 linem
826 5252 1238 5323 appropinquet.
1282 5250 1446 5305 Juxta
1481 5251 1641 5305 iidem
1675 5260 1854 5305 autem
1882 5250 2108 5318 dissipe-

524 5353 613 5399 tur
641 5344 907 5415 scriptura
938 5358 1061 5399 cum
1091 5344 1301 5398 neumis
1321 5382 1336 5407 ,
1370 5351 1428 5396 ut
1473 5343 1685 5396 cantori
1733 5342 1802 5396 sit
1845 5341 2104 5395 indicium

594 5519 671 5591 t8)
715 5519 808 5575 Ve.
849 5552 865 5575 .
909 5519 1237 5591 .dwrsiones
1263 5521 1459 5576 desunt
1492 5522 1543 5575 in
1574 5522 1691 5575 Em.

597 5590 673 5661 (9)
715 5592 893 5645 Emer.
929 5590 1203 5645 Interdum
1248 5609 1366 5647 vero
1396 5603 1449 5645 ut
1492 5593 1545 5646 in
1596 5591 1809 5647 modum
1845 5595 2104 5649 currentis

526 5663 642 5715 eaui
671 5663 958 5730 irarinsque
987 5677 1154 5715 voces.

630 5729 712 5796 l0)
754 5729 936 5799 Emer.
962 5732 1263 5799 Sa-pissiate
1289 5741 1461 5785 autem
1492 5733 1568 5786 vel
1592 5745 1853 5789 rarenter.

630 5734 712 5796 IO)
754 5734 936 5783 Emer.
962 5734 1263 5799 Sa-pissiate
1289 5741 1461 5785 autem
1492 5734 1568 5786 vel
1592 5750 1744 5788 raren

601 5734 719 5872 ill)
760 5796 935 5861 Quod.
980 5838 992 5852 .
1035 5835 1051 5855 .
1092 5802 1219 5853 dare
1252 5802 1445 5855 desunt
1480 5803 1532 5855 in
1563 5803 1744 5858 Euter.

2212 4597 2549 4655 suﬁlcientiae
2580 4597 2895 4653 violentiam
2939 4594 3190 4651 volumus
3223 4594 3458 4659 inferre,
3496 4592 3639 4646 etiam
3670 4596 3735 4635 ml

2211 4690 2647 4746 necessariorum
2713 4689 2925 4758 copiam
3001 4688 3386 4743 ministrantes
3466 4685 3734 4753 arguW
3812 4676 3813 4679 “

2214 4798 2354 4838 rum.

2282 4875 2568 4932 Edicacius
2608 4880 2989 4946 argumentum
3039 4871 3156 4943 ipsa
3183 4874 3521 4943 proprietate
3548 4871 3737 4929 non?”
3812 4874 3813 4925 ξ

2212 4986 2401 5027 sumus
2454 4969 2721 5024 invenire.
2769 4966 2956 5038 Neque
2992 4967 3139 5022 enim
3190 4973 3405 5021 temere
3456 4958 3741 5035 proprietati

2214 5074 2492 5134 troporum
2522 5062 2878 5131 cogitavimus
2903 5061 3255 5131 prtemittere.
3309 5059 3595 5115 Videamus
3630 5048 3665 5104 si
3698 5043 3737 5096 νο

2210 5158 2266 5212 d.
2292 5164 2401 5211 tam
2434 5156 2658 5211 tetrardi
2698 5168 2861 5225 quam
2887 5154 3028 5224 proli
3058 5154 3432 5224 proprietates
3456 5137 3744 5220 ροςδὴωε·

2214 5256 2291 5303 re.
2311 5248 2699 5304 Tetrardorum
2722 5254 2806 5302 est
2834 5248 3162 5316 proprietas,
3190 5254 3549 5313 utprotortttn
3570 5228 3741 5289 interni

2211 5342 2282 5396 sit
2302 5341 2515 5398 illorum
2545 5342 2814 5397 remissio.
2831 5341 2939 5397 Sed
2965 5341 3025 5395 D.
3052 5338 3125 5393 ita
3155 5336 3464 5393 remittitur
3484 5346 3575 5404 per
3596 5336 3743 5380 ιουοωο

2280 5526 2394 5599 (l2)
2434 5526 2557 5583 Em.
2610 5526 2822 5581 Arctius
2871 5536 3046 5581 autem
3098 5535 3176 5581 est
3226 5522 3519 5579 scribenda
3576 5526 3617 5571 et
3662 5522 3745 5561 κν

2207 5601 2533 5740 ῃῃξῗίέῗαηίο
2561 5667 2757 5722 desiuit
2788 5666 3202 5731 San-Emeram,
3230 5675 3283 5720 et
3304 5680 3436 5736 qua
3458 5663 3545 5720 hic
3566 5660 3741 5727 δεδιω-

2210 5749 2314 5805 tur,
2343 5754 2466 5795 cum
2494 5740 2784 5810 praeteritis
2823 5753 2931 5795 non
2954 5740 3249 5793 cohaerent.
