3862 6312
126 370 248 427 1323

1575 384 1849 443 MUSICA.

3232 377 3381 471 meo

125 481 463 549 semitouium,
492 491 693 552 tonum,
712 484 850 546 sicut
876 486 944 549 Α.
975 497 1164 562 protus
1194 499 1342 562 tono,
1365 495 1673 567 semitonio,
1704 505 1752 564 Α
1786 500 1939 568 Quod
1969 522 2070 561 non
2103 508 2171 590 sit
2199 510 2419 591 dicenda
2448 516 2655 585 quinta,
2686 530 2853 585 sexta,
2902 520 3144 591 septima,
3186 533 3371 580 octaua

124 586 230 630 tono
256 575 563 631 intenditur.

212 688 356 755 Quod
393 690 664 760 wqualiter
709 694 774 749 de
817 711 872 750 se
914 709 1266 779 prtemceutur
1305 704 1496 772 species
1521 714 1573 760 et

770 783 1004 837 propria.

179 852 349 910 Omnis
377 852 538 909 homo
569 854 791 916 risibilis
814 866 916 923 est,
960 866 1015 917 et
1054 874 1215 917 omne
1264 862 1469 925 risibile
1517 866 1679 933 homo

120 955 210 1011 est,
234 945 412 1002 Omnis
442 950 717 1006 tetrardus
746 966 844 1021 per
872 962 1073 1018 tonum,
1100 954 1469 1025 semitonium,
1496 968 1677 1016 tomnn

119 1037 429 1093 remissibilis
456 1047 562 1106 est,
610 1050 666 1097 et
709 1045 889 1100 omnis
934 1048 1183 1105 remissio
1219 1050 1352 1117 toni,
1382 1052 1676 1119 semitonii,

121 1128 212 1185 toni
236 1128 497 1186 tetrardus
526 1138 629 1187 est.
661 1130 767 1188 Sed
802 1134 862 1189 Ι).
896 1135 949 1191 d.
989 1140 1287 1199 remittitur
1319 1152 1467 1207 tono,
1519 1144 1683 1199 semi-

119 1220 263 1285 tonio,
295 1228 454 1289 tono;
491 1236 627 1292 ergo
674 1226 946 1283 tetrardus
998 1238 1101 1285 est.
1158 1230 1215 1287 Si
1247 1234 1519 1291 tetrardus
1560 1246 1677 1302 est;

118 1318 196 1368 aut
224 1318 469 1367 autentus
519 1322 624 1381 est,
672 1323 766 1370 aut
807 1316 1051 1391 plagalis.
1080 1320 1187 1377 Sed
1216 1337 1439 1379 necesse
1463 1334 1567 1391 est,
1623 1334 1686 1382 ut

117 1408 176 1464 sit
197 1406 428 1478 plagalis,
451 1408 577 1481 quia
606 1408 782 1469 nullus
809 1422 1057 1470 autentns
1079 1418 1335 1487 gravibus
1364 1429 1418 1503 (ξι
1437 1424 1681 1493 superine

115 1503 245 1565 ribus
271 1510 500 1564 constat.
555 1502 1024 1578 lrrefragabilibus
1059 1514 1352 1571 transactis
1386 1502 1684 1589 argumen-

117 1595 401 1663 tationibus,
442 1598 728 1668 etprolixo
758 1610 964 1658 naturae
1012 1620 1123 1661 sua:
1176 1606 1331 1665 ﬁnito
1392 1611 1682 1680 scrutinio,

116 1689 429 1759 haptizemus
457 1688 691 1747 eundem
722 1694 960 1762 modum,
994 1697 1342 1756 nominantes
1370 1717 1493 1756 eum
1518 1704 1684 1775 hypo-

116 1784 446 1854 mixolidium,
480 1788 638 1844 utsic
663 1788 733 1844 sit
759 1789 1054 1858 binomius,
1079 1790 1220 1848 sicut
1242 1808 1365 1850 eum
1390 1794 1677 1852 biformem

116 1874 355 1939 novimus.

575 1971 685 2030 Cur
717 1973 966 2030 dicantur
1005 1976 1183 2050 Tropt.

173 2059 320 2132 Tropi
353 2063 611 2121 dicuntur
655 2081 684 2122 a
714 2070 1055 2137 reversione;
1102 2074 1229 2143 quia
1280 2072 1465 2131 ubiubi
1489 2085 1682 2133 cantus

116 2168 431 2225 quocumque
468 2159 727 2214 ascendat
764 2176 858 2216 seu
893 2164 1210 2235 descendat,
1235 2166 1302 2222 ad
1348 2168 1594 2225 ultimum
1624 2170 1677 2227 in

113 2240 268 2299 ﬁnalis
288 2246 583 2303 revertitur
607 2249 962 2308 domicilium.

115 2353 288 2439 Utrum.
326 2356 471 2414 Trite
517 2358 903 2439 Synemmenon
940 2366 1084 2435 infra
1108 2406 1109 2409 η
1134 2369 1211 2424 uel
1236 2386 1397 2439 supra
1427 2373 1680 2428 transdu-

172 2427 371 2506 ctorimn
429 2427 671 2506 ponenda
724 2433 809 2506 sit
838 2427 1063 2501 lineam,
1108 2448 1154 2492 et
1191 2427 1366 2496 utrum
1420 2427 1679 2506 mallei).

170 2498 546 2638 rotujdumquhe
574 2503 641 2556 sit
670 2504 837 2575 magis
864 2498 1238 2577 necessarium,
1269 2512 1503 2568 minusve
1523 2498 1680 2585 quam

170 2583 261 2634 qua
301 2579 475 2623 ratum
547 2608 564 2625 .

169 2579 475 2634 quadratum
500 2579 564 2634 ﬂ.

169 2656 327 2713 Causa
350 2670 449 2716 est
476 2662 753 2734 antiquior
777 2681 940 2737 quam
972 2667 1216 2739 eli‘ectus,
1261 2681 1317 2728 nt
1352 2673 1489 2745 ignis
1521 2690 1672 2731 eom-

109 2749 390 2806 bustionem
420 2755 701 2823 praecedit.
730 2757 864 2813 Cum
910 2759 1090 2816 hiatus
1139 2763 1439 2830 diezeuxis,
1495 2767 1549 2821 id
1598 2776 1685 2823 est

112 2837 471 2908 disjunctionis
503 2847 997 2915 tetrachordorum,
1030 2852 1275 2921 patribus
1322 2855 1524 2910 nostris
1565 2856 1685 2925 plu-

112 2928 231 2983 rima
263 2931 492 2988 canendi
531 2936 909 3004 przetendisset
951 2939 1271 2997 olTendiculn
1306 2962 1318 2997 :
1351 2946 1479 3014 quia
1525 2946 1683 3004 tritus

110 3019 266 3079 ﬁnalis
307 3022 369 3079 F.
422 3039 590 3096 supra
643 3039 869 3099 quarta,
928 3031 1088 3087 tritus
1146 3033 1417 3093 excellens
1466 3034 1505 3090 f.
1540 3036 1681 3094 infra

110 3116 263 3170 caruit
305 3118 516 3187 quinta,
550 3119 989 3191 interposuerunt
1020 3124 1144 3179 trite
1189 3140 1573 3198 synemmenou
1612 3129 1680 3185 ad

111 3207 488 3264 emendandum
538 3209 876 3280 jubilatiouis
922 3214 1214 3271 defectum.
1264 3218 1360 3275 lbi.
1395 3234 1560 3277 causa
1600 3231 1683 3278 est
1710 3220 1753 3283 (ἴ.

110 3298 387 3370 diezeuxis,
449 3302 791 3375 interpositio
842 3321 1232 3377 synemmenou
1289 3321 1372 3367 est
1421 3312 1675 3382 eﬂ‘ectus,

111 3402 225 3462 ergo
267 3394 556 3461 posterior,
613 3395 743 3462 Quae
791 3396 864 3451 sit
908 3400 1180 3468 posterior
1222 3401 1554 3473 inventione,
1609 3406 1682 3462 sit

108 3482 254 3536 etiam
302 3485 579 3553 posterior
631 3487 684 3542 in
734 3488 1001 3556 sessione,
1030 3490 1171 3551 sicut
1200 3492 1406 3549 advena
1433 3495 1486 3550 in
1517 3497 1681 3556 domo

110 3569 284 3656 aliena.
349 3573 614 3648 Suscepta
668 3578 886 3648 quidem
947 3580 1089 3636 sicut
1147 3581 1363 3638 iambus
1409 3586 1681 3656 spondeos

109 3650 314 3719 flebiles
342 3663 400 3718 in
439 3663 562 3735 jura
615 3676 841 3735 paterna
886 3668 1113 3737 recepit,
1158 3650 1472 3728 commodus
1501 3682 1557 3729 et
1586 3686 1682 3745 pa-

100 3749 255 3816 tiens,
280 3768 388 3810 non
426 3765 487 3811 ut
521 3756 589 3813 de
636 3758 765 3813 sede
804 3760 1041 3816 secunda
1076 3754 1316 3829 cederet,
1362 3771 1458 3818 ant
1487 3776 1682 3836 quarta

108 3843 391 3913 socialiter.
454 3847 599 3918 Ergo
666 3864 1057 3921 synemmenou
1131 3852 1270 3907 infra
1344 3857 1681 3925 collocetur,

108 3949 203 3997 non
228 3951 409 4006 supra.
441 3938 571 4007 Quae
622 3941 814 3997 harum
859 3943 934 3999 sit
961 3944 1145 4003 utilior
1178 3949 1506 4015 chordarum
1561 3967 1684 4023 per-

106 4032 327 4099 pendere
372 4048 683 4104 possumus,
728 4033 778 4093 εἰ
833 4034 1206 4096 discernemus
1252 4045 1407 4115 cujus
1459 4045 1532 4101 sit
1578 4046 1686 4104 fre-

106 4124 342 4191 quentior
374 4142 527 4182 usus.
896 4128 909 4133 ’⁴

108 4234 247 4302 Quod
286 4241 444 4296 tritus
475 4245 957 4324 quimeindigeat
992 4267 1382 4324 synemmenou,
1417 4268 1535 4307 cum
1572 4269 1685 4324 ipsa

411 4314 648 4384 suppleat
676 4314 859 4373 vicem'
877 4314 1201 4391 supefiorius
1232 4322 1364 4378 triti.

169 4422 373 4481 Cantus
417 4427 593 4498 quinti
637 4437 693 4487 et
741 4431 882 4492 sexti
932 4433 1043 4489 toni
1074 4434 1414 4503 potissimum
1441 4434 1687 4510 indigent

105 4530 503 4587 synemmenou,
537 4536 661 4578 cum
695 4522 809 4593 ipsa
840 4525 911 4580 sit
938 4525 1143 4581 vicaria
1201 4526 1317 4582 triti
1359 4529 1679 4598 superioris.

103 4605 155 4673 in
184 4618 338 4679 proto
362 4626 578 4681 quoque
607 4614 860 4680 succinit,
901 4616 994 4671 sed
1024 4616 1322 4682 rarissime,
1353 4625 1413 4672 ut
1458 4618 1512 4672 in
1546 4618 1681 4674 Ecce

104 4716 280 4756 nomen
312 4702 519 4757 Domini
555 4721 603 4759 υ.
630 4706 685 4760 d.
712 4705 750 4760 ι.
782 4706 1115 4774 Quadratum
1145 4717 1323 4765 autem
1354 4692 1397 4780 Η
1441 4725 1547 4765 non
1595 4725 1680 4767 so-

102 4787 203 4844 lum
235 4791 288 4847 in
323 4793 564 4860 deutero,
591 4795 683 4866 qui
715 4811 846 4852 suus
872 4798 1201 4857 domesticus
1230 4807 1336 4866 est,
1382 4799 1475 4856 sed
1516 4799 1682 4856 etiam

105 4880 153 4934 in
182 4894 359 4952 proto,
392 4886 446 4941 in
480 4889 744 4953 telrardo,
794 4888 849 4949 in
901 4889 1019 4960 ipso
1046 4905 1262 4962 quoque
1295 4892 1424 4949 trito
1459 4906 1683 4949 conver-

104 4983 247 5030 satur
275 4978 529 5034 assidue:
562 4979 810 5049 quamvis
839 4980 969 5037 trito
997 4980 1248 5038 familiari
1302 4998 1408 5040 non
1436 4986 1508 5040 sit
1550 4986 1683 5041 vici-

104 5069 269 5125 nitate
299 5071 671 5141 conjunctum,
709 5072 837 5144 quia
875 5089 976 5131 nec
999 5091 1029 5129 a
1062 5075 1206 5132 finali
1245 5075 1308 5132 F.
1352 5091 1453 5137 nec
1489 5076 1559 5132 ab
1583 5092 1681 5132 ex-

102 5161 314 5218 cellenti
363 5164 405 5218 f.
470 5165 647 5236 aliqua
698 5166 865 5223 distat
922 5169 1299 5224 consonantia.
1362 5169 1499 5224 Hinc
1558 5170 1685 5226 licet

104 5258 430 5326 perpendere
461 5260 516 5314 b.
555 5260 705 5324 utile,
827 5270 1009 5316 autem
1056 5262 1285 5318 multum
1327 5264 1513 5318 utilius
1536 5278 1679 5329 esse,

106 5349 334 5425 ideoque
377 5357 669 5412 admodum
703 5372 824 5414 esse
848 5359 1270 5415 commodiorem
1298 5360 1682 5431 conjunctione

106 5444 536 5515 disjunctionem.
566 5449 682 5517 Qua
708 5450 873 5505 etiam
913 5450 1122 5506 ratione
1153 5450 1540 5521 frequentioris
1571 5451 1681 5506 uti-

107 5531 271 5613 litatis
300 5546 353 5593 et
382 5539 608 5596 rarioris
634 5554 921 5611 possumus
964 5540 1219 5613 colligere
1264 5539 1403 5597 infra
1430 5542 1481 5597 b.
1515 5556 1679 5613 supra

106 5606 167 5702 ὴ.
197 5630 490 5685 notandum
514 5646 632 5688 esse
670 5632 723 5688 in
754 5632 898 5688 hunc
930 5632 1165 5690 modum.

249 5758 280 5796 a
871 5748 912 5819 ῃ
1514 5762 1541 5802 c

555 5835 590 5893 b

2032 579 2226 648 species
2266 579 2543 654 diapason,
2575 579 2808 660 quamvis
2842 579 3121 650 sint'octo.

1855 662 2006 721 Licet
2032 667 2143 724 sint
2173 680 2297 727 octo
2343 676 2558 743 species
2594 678 2880 749 diapason,
2914 682 3159 752 quintam
3190 692 3371 741 tamen

1782 766 1836 815 et
1862 769 2093 827 sextam,
2132 764 2444 834 septimam,
2480 778 2537 824 et
2565 781 2812 829 octavam
2844 774 2950 831 diei
2997 786 3204 833 natum:
3230 779 3373 834 veri-

1785 856 1866 902 tas
1899 865 2003 913 non
2036 854 2257 923 patitur.
2284 857 2417 914 Cum
2449 860 2596 919 enim
2624 879 2785 919 omne.
2811 874 2980 923 totum
3007 871 3075 926 de
3102 871 3216 927 suis
3246 886 3373 942 par-

1784 941 1926 998 tibus
1957 946 2269 1003 nominetur
2296 953 2586 1021 veraciter,
2644 956 2783 1013 idem
2843 958 2896 1014 in
2951 970 3059 1018 tota
3089 941 3391 1033 diapason,“

1781 1042 1835 1087 et
1864 1032 1915 1087 in
1955 1035 2067 1090 suis
2094 1040 2361 1109 partibus,
2393 1042 2735 1104 diatessaron
2765 1050 2975 1107 scilicet
3018 1068 3081 1109 ac
3101 1032 3372 1125 diapente,

1784 1126 2133 1187 considerare
2160 1131 2443 1193 debemus.
2496 1138 2721 1211 Species
2758 1143 3100 1201 diatessaron
3151 1155 3203 1202 et
3253 1148 3374 1203 dia-

1782 1226 1944 1285 pente
1981 1235 2087 1276 non
2117 1223 2300 1293 plures
2343 1243 2508 1298 quam
2557 1241 2794 1303 quatuor
2833 1236 3037 1293 scimus
3074 1253 3220 1303 esse;
3280 1241 3393 1295 sed

1784 1320 1907 1361 enm
1962 1310 2173 1379 species
2221 1313 2482 1386 diapason
2530 1322 2931 1381 constituantur
2978 1326 3047 1381 de
3091 1326 3377 1396 speciebus

1784 1396 2036 1468 diapente
2077 1410 2134 1458 et
2179 1403 2543 1475 diatessaron,
2599 1425 2706 1467 non
2751 1424 2979 1484 possunt
3024 1417 3138 1472 tieri
3171 1416 3379 1487 plures,

1783 1504 1946 1558 quam
1978 1494 2214 1561 partium
2261 1500 2511 1569 species:
2542 1503 2635 1558 sed
2683 1507 2941 1575 quoniam
2991 1518 3226 1579 quatuor
3253 1524 3379 1581 spe-

1783 1583 1895 1639 cies
1933 1586 2191 1659 diapasou
2223 1594 2649 1664 constituuntur,
2678 1598 2751 1653 ita
2783 1608 2843 1655 ιιι
2872 1602 3210 1658 diatessaron
3235 1619 3379 1675 prte-

1784 1676 1964 1744 cedat,
1993 1678 2246 1750 diapente
2281 1693 2563 1754 sequatur,
2593 1704 2715 1759 quae
2763 1700 2891 1746 sunt
2933 1692 3204 1764 plagales;
3239 1709 3383 1765 qua-o.

1786 1774 1907 1823 tuor
1935 1780 2114 1828 autem
2148 1774 2244 1830 ita.
2276 1784 2335 1831 ut
2376 1777 2625 1848 diapente
2675 1783 2873 1853 praevia
2923 1786 3261 1843 diatessaron
3306 1788 3387 1843 sit.
3422 1860 3425 1863 η

1620 1920 1623 1921 ν
1705 1856 1756 1920 Β
1784 1860 2014 1929 assecla,
2072 1880 2193 1934 qua:
2245 1875 2371 1923 sunt
2416 1870 2705 1927 autenticae
2737 1891 2748 1925 :
2784 1883 2933 1944 patet
2968 1878 3214 1946 profecto
3253 1886 3380 1933 octo

1785 1955 1995 2025 species
2021 1971 2162 2021 esse.
2210 1961 2305 2016 sed
2346 1962 2548 2019 nullam
2578 1980 2765 2021 earum
2808 1968 3056 2038 quintam
3098 1986 3224 2027 vere
3270 1971 3376 2026 diei

1785 2059 1963 2115 posse,
1994 2063 2117 2104 cum
2155 2066 2330 2123 neque
2362 2054 2703 2112 diatessaron
2750 2073 2852 2114 nec
2897 2058 3153 2130 diapente
3189 2061 3377 2131 quinta

1785 2136 1991 2205 species
2021 2139 2327 2196 inveniatur
2355 2157 2494 2199 esse.
2519 2144 2650 2212 Quis
2677 2146 2808 2202 dicit
2833 2147 3011 2203 aulam
3048 2150 3280 2220 ligneam
3310 2150 3391 2205 de.
3460 2186 3465 2191 ι

1786 2226 1913 2297 ligni
1945 2231 2190 2298 partibus
2229 2249 2334 2288 non
2364 2239 2766 2293 constructam?
2814 2238 3075 2296 Similiter
3099 2240 3220 2309 quis
3247 2240 3381 2297 dicit

1785 2319 2031 2388 quintam
2057 2323 2293 2393 speciem
2321 2326 2582 2397 diapason
2628 2328 2697 2383 de
2743 2329 2950 2399 quintis
2978 2330 3221 2399 partibus
3270 2345 3376 2384 non

1785 2412 2166 2470 consistentem
2198 2431 2216 2478 ς
2245 2432 2367 2472 cum
2402 2420 2545 2477 nulla
2586 2420 2840 2492 diapente
2874 2424 2946 2477 sit
2976 2422 3190 2492 quinta,
3226 2421 3381 2485 nulla

1786 2501 2145 2569 diatessaron,
2179 2520 2300 2576 qua“:
2336 2517 2464 2563 sunt
2485 2511 2849 2567 constitutivte
2871 2521 3056 2581 partos
3082 2512 3387 2583 diapason?

1785 2593 1890 2650 Sed
1944 2606 2122 2652 tamen
2169 2610 2297 2655 octo
2349 2602 2559 2671 species
2612 2614 2740 2658 sunt
2787 2605 3064 2676 diapason,
3125 2605 3379 2675 quamvis

1786 2686 1929 2741 nulla
1961 2689 2150 2758 quinta
2183 2708 2197 2745 :
2235 2693 2362 2762 quia
2404 2696 2718 2753 octonarius
2751 2698 3021 2753 veraciter
3056 2697 3286 2771 habetur
3312 2713 3391 2765 ae»

1786 2787 2147 2849 computatur.
2198 2783 2288 2838 ubi
2334 2787 2716 2854 quaternarius
2761 2788 3087 2859 duplicatur.
3132 2788 3380 2857 Quatuor

1785 2870 1996 2938 species
2054 2881 2181 2928 sunt
2223 2875 2483 2944 diapason
2532 2880 2954 2947 antenticarum,
2988 2891 3223 2952 quatuor
3258 2871 3375 2953 plal-

1785 2960 2009 3029 galium,
2043 2979 2164 3033 qum
2188 2967 2462 3036 complent
2506 2974 2883 3037 octonarium;
2933 2974 3134 3028 nullam
3168 2985 3383 3039 tamen,

1785 3064 1846 3108 ut
1872 3055 2241 3123 praediximus,
2280 3060 2522 3129 quintam
2552 3077 2678 3118 vere
2712 3065 2893 3120 dicere
2917 3082 3230 3136 possumus.

1895 3143 1975 3199 De
2009 3146 2354 3204 similitudine
2404 3150 2756 3234 gemelliparae
2799 3165 3029 3211 auatuor
3077 3157 3273 3212 uicibus

2450 3238 2703 3293 gemmas.

1855 3304 2165 3378 Cogitemus
2206 3308 2442 3379 aliquam
2490 3312 2543 3367 in
2586 3323 2796 3369 tantum
2843 3330 2963 3371 esse
3022 3315 3273 3386 fetosam,
3321 3328 3381 3375 ut

1785 3405 2021 3466 quatuor
2047 3398 2257 3455 vicibus
2284 3400 2357 3455 sit
2380 3403 2756 3475 gemellipara,
2794 3406 3056 3476 quosdam
3089 3423 3379 3478 germano.

1786 3500 1906 3539 rum
1938 3486 2289 3560 primigenas,
2316 3489 2420 3556 vel,
2466 3501 2525 3547 ut
2557 3492 2629 3547 ita
2662 3494 2928 3563 dicamus,
2960 3498 3378 3568 secundigenas.

1786 3577 2116 3649 tertigenas,
2182 3583 2535 3653 quartigcnas
2590 3585 2771 3643 dicere
2831 3603 3144 3659 possumus,
3168 3590 3389 3651 nullum.

1786 3679 1967 3727 autem
2010 3673 2401 3746 quintigenam,
2445 3693 2568 3733 cum
2615 3693 2800 3734 eorum
2840 3696 3001 3736 nemo
3041 3682 3228 3754 quinta
3257 3686 3381 3739 vico

1786 3763 1859 3817 sit
1882 3764 2115 3834 genitus,
2159 3768 2408 3836 quamvis
2445 3779 2570 3827 octo
2615 3778 2796 3830 tamen
2846 3787 2967 3830 esse
3010 3790 3116 3830 non
3168 3775 3379 3831 dubite~

1787 3871 1929 3912 ιιιιιδο

1789 3947 1944 4014 Quod
1972 3951 2187 4033 quidam
2218 3969 2376 4008 unum
2418 3972 2646 4022 musam,
2677 3958 2890 4028 quidam
2913 3959 3211 4027 duos,tres,
3242 3979 3378 4035 qua-

1857 4024 2270 4103 tuor,‘guinque,
2302 4042 2414 4103 sezr,
2440 4038 2653 4103 septem,
2688 4024 2837 4103 octo,
2891 4024 3072 4087 novent
3115 4024 3225 4086 esse
3253 4024 3387 4103 'pos-t

1856 4092 1961 4146 siut
1984 4092 2167 4148 dicere
2183 4098 2469 4152 secundum
2495 4092 2811 4169 multiplices
2840 4102 3090 4155 rationes.

1866 4182 2038 4237 tinam
2099 4200 2305 4241 musam
2362 4202 2649 4255 possumus
2703 4205 2978 4260 asserere,
3027 4195 3377 4265 generalem,

1788 4272 1995 4327 scilicet
2048 4275 2475 4331 monoehordum
2526 4278 2678 4336 vocis
2716 4280 2987 4346 humanae,
3019 4297 3142 4352 qua:
3170 4298 3234 4339 ex
3266 4300 3395 4352 una

1790 4364 1965 4419 fistula
2018 4366 2140 4422 colli
2191 4367 2565 4426 efﬁcacissime
2609 4371 2806 4441 jubilat
2856 4374 3039 4433 omnia
3112 4375 3374 4439 ntelornm

1786 4472 2006 4527 genera,
2036 4458 2125 4514 cui
2157 4459 2318 4515 nulla:
2350 4460 2674 4531 hydraulia,
2703 4463 2865 4525 nulla:
2891 4466 3012 4522 alia:
3052 4480 3389 4537 comparatu

1716 4578 1763 4639 Ι)
1793 4558 1880 4604 tur
1905 4550 2115 4607 iistul:e.
2149 4551 2274 4608 Bazc
2299 4568 2424 4620 cum
2472 4566 2794 4612 cunctarum
2842 4560 3089 4653 ειιριιιβίιι
3115 4561 3375 4630 olIicium,

1789 4640 1926 4699 duas
1974 4657 2167 4699 musas.
2208 4660 2497 4714 possumus
2538 4646 2821 4717 conjicere.
2848 4649 2901 4704 in
2938 4640 3284 4707 aut'entorum
3323 4664 3381 4708 et

1785 4732 2065 4804 plagarum
2121 4748 2243 4790 esse
2298 4735 2593 4801 dualitate,
2658 4750 2753 4795 aut
2802 4740 2857 4795 in
2908 4741 3268 4812 pulsatiouis,
3314 4757 3380 4796 ac

1786 4824 2080 4881 inﬂationis
2130 4826 2447 4898 duplicitate
2475 4846 2489 4884 :
2522 4845 2752 4900 quarum
2801 4833 2973 4888 altera
3015 4832 3278 4905 cymbalis
3321 4841 3379 4887 et

1786 4914 2025 4979 chordis,
2060 4916 2229 4973 altera
2260 4917 2457 4975 ﬁstulis
2483 4921 2654 4976 servit
2678 4930 2733 4978 et
2764 4924 2927 4993 tybiis
2952 4941 2967 4978 :
2993 4924 3077 4979 vel
3109 4923 3162 4977 in
3211 4922 3394 4986 biﬁda

1787 5007 1928 5065 arsis
1948 5016 2003 5064 et
2028 5009 2222 5077 thesis,
2247 5011 2297 5066 id
2340 5021 2446 5077 est,
2469 5014 2791 5072 clevatiouis
2828 5025 2883 5071 et
2907 5016 3258 5085 depositionis
3282 5033 3389 5070 nas

1787 5107 1927 5165 tura,
1955 5102 2074 5157 sine
2116 5119 2223 5173 qua
2269 5118 2375 5161 non
2403 5106 2464 5161 iit
2509 5108 2690 5178 aliqua
2732 5125 2830 5163 vox
2881 5108 3266 5177 musica.Qnid
3293 5118 3383 5169 est.

1788 5192 2027 5247 musica?
2049 5192 2226 5251 Metus
2256 5211 2471 5259 vocum.
2503 5199 2692 5255 Omnis
2719 5209 2899 5255 autem
2924 5199 3077 5261 vocis
3094 5210 3271 5267 motus
3294 5202 3386 5265 vel

1784 5284 1897 5338 arsi
1918 5284 1978 5339 iit
1999 5295 2094 5340 aut
2115 5287 2267 5344 tltesi.
2944 5338 2957 5349 .

1859 5376 1995 5432 Tres
2020 5394 2204 5435 musas
2237 5380 2612 5453 intelligimus,
2646 5401 2751 5440 non
2783 5385 3030 5442 absurde
3048 5386 3150 5440 tria
3173 5400 3372 5455 genera

1786 5471 2008 5529 musica:
2038 5490 2050 5525 :
2084 5472 2448 5539 Diatonicum,
2479 5477 2895 5545 chromaticntn,
2946 5480 3323 5536 enarmoninm
3358 5498 3370 5533 :

1786 5577 1877 5617 seu
1913 5570 2020 5619 tres
2045 5575 2170 5623 sunt
2202 5582 2389 5633 musae,
2420 5569 2533 5639 ipsa
2583 5585 2682 5625 vox
2737 5572 2994 5637 humana,
3035 5573 3390 5641 pulsationis,

1789 5650 2190 5725 inilationisque
2234 5658 2466 5714 mixtura
2513 5662 2741 5717 marinis
2770 5663 2821 5718 in
2853 5662 3086 5733 scapulis
3104 5662 3377 5717 resultans

1792 5758 2008 5814 syrena.
2063 5747 2193 5814 Quae
2223 5748 2472 5806 Graecum
2527 5755 2754 5810 sortitur
2798 5756 3159 5812 vocabulum:
3212 5756 3396 5826 Syrias

1793 5835 2015 5909 (συρειν)
2045 5838 2188 5895 enim
2211 5840 2397 5907 Graece
2412 5844 2608 5903 dicitur
2632 5849 2955 5908 contrahere
2974 5888 2989 5917 ,
3029 5848 3171 5905 unde
3201 5858 3375 5917 syrtes
