  <div class='ocr_page' id='page_1' title='image "/cluster/home/n/w/nwhite01/storage/ocr_20150623/150/hvd.32044015473788/670.png"; bbox 0 0 3862 6312; ppageno 0'>
   <div class='ocr_carea' id='block_1_1' title="bbox 151 349 286 405">
    <p class='ocr_par' dir='ltr' id='par_1_1' title="bbox 151 349 286 405">
     <span class='ocr_line' id='line_1_1' title="bbox 151 349 286 405; baseline -0.007 0"><span class='ocrx_word' id='word_1_1' title='bbox 151 352 172 405; x_wconf 78' lang='lat' dir='ltr'><strong>i</strong></span> <span class='ocrx_word' id='word_1_2' title='bbox 183 349 286 404; x_wconf 73' lang='lat'><strong>535</strong></span> 
     </span>
    </p>
   </div>
   <div class='ocr_carea' id='block_1_2' title="bbox 1650 347 1922 406">
    <p class='ocr_par' dir='ltr' id='par_1_2' title="bbox 1650 347 1922 406">
     <span class='ocr_line' id='line_1_2' title="bbox 1650 347 1922 406; baseline 0.011 -3"><span class='ocrx_word' id='word_1_3' title='bbox 1650 347 1922 406; x_wconf 73' lang='lat' dir='ltr'><strong>ML&#39;SICA.</strong></span> 
     </span>
    </p>
   </div>
   <div class='ocr_carea' id='block_1_3' title="bbox 3273 370 3412 428">
    <p class='ocr_par' dir='ltr' id='par_1_3' title="bbox 3273 370 3412 428">
     <span class='ocr_line' id='line_1_3' title="bbox 3273 370 3412 428; baseline -0.007 -2"><span class='ocrx_word' id='word_1_4' title='bbox 3273 370 3412 428; x_wconf 49' lang='lat' dir='ltr'><strong>i553</strong></span> 
     </span>
    </p>
   </div>
   <div class='ocr_carea' id='block_1_4' title="bbox 149 459 3405 550">
    <p class='ocr_par' dir='ltr' id='par_1_4' title="bbox 149 459 3405 550">
     <span class='ocr_line' id='line_1_4' title="bbox 149 459 3405 550; baseline 0.006 -33"><span class='ocrx_word' id='word_1_5' title='bbox 149 465 397 522; x_wconf 74' lang='lat' dir='ltr'><strong>remittas</strong></span> <span class='ocrx_word' id='word_1_6' title='bbox 419 464 680 535; x_wconf 89' lang='lat' dir='ltr'><strong>diapente</strong></span> <span class='ocrx_word' id='word_1_7' title='bbox 714 464 918 519; x_wconf 87' lang='lat' dir='ltr'><strong>duobus</strong></span> <span class='ocrx_word' id='word_1_8' title='bbox 960 462 1024 516; x_wconf 88' lang='lat' dir='ltr'><strong>ad</strong></span> <span class='ocrx_word' id='word_1_9' title='bbox 1060 462 1120 517; x_wconf 84' lang='lat' dir='ltr'><strong>F.</strong></span> <span class='ocrx_word' id='word_1_10' title='bbox 1170 460 1324 516; x_wconf 88' lang='lat' dir='ltr'><strong>tertia</strong></span> <span class='ocrx_word' id='word_1_11' title='bbox 1352 476 1467 515; x_wconf 76' lang='lat' dir='ltr'><strong>vice</strong></span> <span class='ocrx_word' id='word_1_12' title='bbox 1497 459 1722 515; x_wconf 80' lang='lat' dir='ltr'><strong>inferius</strong></span> <span class='ocrx_word' id='word_1_13' title='bbox 1750 471 1796 524; x_wconf 70' lang='grc' dir='ltr'><strong>Α</strong></span> <span class='ocrx_word' id='word_1_14' title='bbox 1827 472 2035 529; x_wconf 70' lang='lat' dir='ltr'><strong>(murta,</strong></span> <span class='ocrx_word' id='word_1_15' title='bbox 2076 472 2124 518; x_wconf 83' lang='lat' dir='ltr'><strong>ct</strong></span> <span class='ocrx_word' id='word_1_16' title='bbox 2149 475 2303 536; x_wconf 87' lang='lat' dir='ltr'><strong>parte</strong></span> <span class='ocrx_word' id='word_1_17' title='bbox 2335 459 2512 527; x_wconf 84' lang='lat' dir='ltr'><strong>ablata</strong></span> <span class='ocrx_word' id='word_1_18' title='bbox 2544 483 2792 544; x_wconf 82' lang='lat' dir='ltr'><strong>quartam</strong></span> <span class='ocrx_word' id='word_1_19' title='bbox 2821 493 2956 537; x_wconf 80' lang='lat' dir='ltr'><strong>cum,</strong></span> <span class='ocrx_word' id='word_1_20' title='bbox 2976 477 3188 550; x_wconf 79' lang='lat' dir='ltr'><strong>integro</strong></span> <span class='ocrx_word' id='word_1_21' title='bbox 3207 480 3405 536; x_wconf 77' lang='lat' dir='ltr'><strong>diales-</strong></span> 
     </span>
    </p>
   </div>
   <div class='ocr_carea' id='block_1_5' title="bbox 147 557 760 628">
    <p class='ocr_par' dir='ltr' id='par_1_5' title="bbox 147 557 760 628">
     <span class='ocr_line' id='line_1_5' title="bbox 147 557 760 628; baseline -0.007 -16"><span class='ocrx_word' id='word_1_22' title='bbox 147 571 540 628; x_wconf 77' lang='lat' dir='ltr'><strong>syuemmeuon</strong></span> <span class='ocrx_word' id='word_1_23' title='bbox 564 557 760 613; x_wconf 89' lang='lat' dir='ltr'><strong>scribe.</strong></span> 
     </span>
    </p>
   </div>
   <div class='ocr_carea' id='block_1_6' title="bbox 467 669 1402 742">
    <p class='ocr_par' dir='ltr' id='par_1_6' title="bbox 467 669 1402 742">
     <span class='ocr_line' id='line_1_6' title="bbox 467 669 1402 742; baseline -0.002 -18"><span class='ocrx_word' id='word_1_24' title='bbox 467 669 722 742; x_wconf 78' lang='lat' dir='ltr'><strong>Ejusdem</strong></span> <span class='ocrx_word' id='word_1_25' title='bbox 761 687 1015 725; x_wconf 77' lang='lat' dir='ltr'><strong>mensurw</strong></span> <span class='ocrx_word' id='word_1_26' title='bbox 1061 671 1402 740; x_wconf 77' lang='lat' dir='ltr'><strong>epigramma.</strong></span> 
     </span>
    </p>
   </div>
   <div class='ocr_carea' id='block_1_7' title="bbox 211 758 1508 830">
    <p class='ocr_par' dir='ltr' id='par_1_7' title="bbox 211 758 1508 830">
     <span class='ocr_line' id='line_1_7' title="bbox 211 758 1508 830; baseline 0 -16"><span class='ocrx_word' id='word_1_27' title='bbox 211 759 474 815; x_wconf 85' lang='lat' dir='ltr'><strong>Passibus</strong></span> <span class='ocrx_word' id='word_1_28' title='bbox 501 761 553 814; x_wconf 90' lang='lat' dir='ltr'><strong>in</strong></span> <span class='ocrx_word' id='word_1_29' title='bbox 578 760 764 830; x_wconf 83' lang='lat' dir='ltr'><strong>primis</strong></span> <span class='ocrx_word' id='word_1_30' title='bbox 793 768 958 815; x_wconf 90' lang='lat' dir='ltr'><strong>totum</strong></span> <span class='ocrx_word' id='word_1_31' title='bbox 982 760 1182 830; x_wconf 87' lang='lat' dir='ltr'><strong>partire</strong></span> <span class='ocrx_word' id='word_1_32' title='bbox 1207 758 1508 830; x_wconf 82' lang='lat' dir='ltr'><strong>quaternis.</strong></span> 
     </span>
    </p>
   </div>
   <div class='ocr_carea' id='block_1_8' title="bbox 145 851 1717 924">
    <p class='ocr_par' dir='ltr' id='par_1_8' title="bbox 145 851 1717 924">
     <span class='ocr_line' id='line_1_8' title="bbox 145 851 1717 924; baseline -0.002 -18"><span class='ocrx_word' id='word_1_33' title='bbox 145 871 186 906; x_wconf 90' lang='lat' dir='ltr'><strong>r.</strong></span> <span class='ocrx_word' id='word_1_34' title='bbox 217 869 438 924; x_wconf 80' lang='lat' dir='ltr'><strong>gamma</strong></span> <span class='ocrx_word' id='word_1_35' title='bbox 465 854 647 908; x_wconf 90' lang='lat' dir='ltr'><strong>locans</strong></span> <span class='ocrx_word' id='word_1_36' title='bbox 670 854 732 908; x_wconf 85' lang='lat' dir='ltr'><strong>C.</strong></span> <span class='ocrx_word' id='word_1_37' title='bbox 769 852 830 908; x_wconf 87' lang='lat' dir='ltr'><strong>C.</strong></span> <span class='ocrx_word' id='word_1_38' title='bbox 884 869 934 923; x_wconf 81' lang='lat' dir='ltr'><strong>g.</strong></span> <span class='ocrx_word' id='word_1_39' title='bbox 976 853 1153 907; x_wconf 87' lang='lat' dir='ltr'><strong>divide</strong></span> <span class='ocrx_word' id='word_1_40' title='bbox 1196 862 1318 922; x_wconf 87' lang='lat' dir='ltr'><strong>post</strong></span> <span class='ocrx_word' id='word_1_41' title='bbox 1349 851 1520 906; x_wconf 89' lang='lat' dir='ltr'><strong>tribus</strong></span> <span class='ocrx_word' id='word_1_42' title='bbox 1544 863 1717 918; x_wconf 60' lang='lat' dir='ltr'><strong>asque,</strong></span> 
     </span>
    </p>
   </div>
   <div class='ocr_carea' id='block_1_9' title="bbox 145 944 1485 1014">
    <p class='ocr_par' dir='ltr' id='par_1_9' title="bbox 145 944 1485 1014">
     <span class='ocr_line' id='line_1_9' title="bbox 145 944 1485 1014; baseline 0 -16"><span class='ocrx_word' id='word_1_43' title='bbox 145 945 380 998; x_wconf 79' lang='lat' dir='ltr'><strong>luseribe</strong></span> <span class='ocrx_word' id='word_1_44' title='bbox 427 946 492 1000; x_wconf 89' lang='lat' dir='ltr'><strong>D.</strong></span> <span class='ocrx_word' id='word_1_45' title='bbox 525 944 579 997; x_wconf 92' lang='lat' dir='ltr'><strong>d.</strong></span> <span class='ocrx_word' id='word_1_46' title='bbox 608 954 728 1014; x_wconf 86' lang='lat' dir='ltr'><strong>post</strong></span> <span class='ocrx_word' id='word_1_47' title='bbox 757 945 871 998; x_wconf 76' lang='lat' dir='ltr'><strong>lucc</strong></span> <span class='ocrx_word' id='word_1_48' title='bbox 904 958 1110 998; x_wconf 86' lang='lat' dir='ltr'><strong>remeas</strong></span> <span class='ocrx_word' id='word_1_49' title='bbox 1139 945 1309 1000; x_wconf 89' lang='lat' dir='ltr'><strong>tribus</strong></span> <span class='ocrx_word' id='word_1_50' title='bbox 1331 944 1396 998; x_wconf 90' lang='lat' dir='ltr'><strong>ad</strong></span> <span class='ocrx_word' id='word_1_51' title='bbox 1423 946 1485 999; x_wconf 90' lang='lat' dir='ltr'><strong>D.</strong></span> 
     </span>
    </p>
   </div>
   <div class='ocr_carea' id='block_1_10' title="bbox 145 1033 1578 1104">
    <p class='ocr_par' dir='ltr' id='par_1_10' title="bbox 145 1033 1578 1104">
     <span class='ocr_line' id='line_1_10' title="bbox 145 1033 1578 1104; baseline 0.005 -19"><span class='ocrx_word' id='word_1_52' title='bbox 145 1034 430 1086; x_wconf 80' lang='lat' dir='ltr'><strong>Scribatur</strong></span> <span class='ocrx_word' id='word_1_53' title='bbox 455 1033 636 1104; x_wconf 80' lang='lat' dir='ltr'><strong>gravis</strong></span> <span class='ocrx_word' id='word_1_54' title='bbox 661 1034 726 1087; x_wconf 84' lang='lat' dir='ltr'><strong>A.</strong></span> <span class='ocrx_word' id='word_1_55' title='bbox 752 1033 1052 1102; x_wconf 80' lang='lat' dir='ltr'><strong>suspendas</strong></span> <span class='ocrx_word' id='word_1_56' title='bbox 1081 1033 1252 1088; x_wconf 91' lang='lat' dir='ltr'><strong>tribus</strong></span> <span class='ocrx_word' id='word_1_57' title='bbox 1293 1034 1352 1088; x_wconf 83' lang='grc' dir='ltr'><strong>Ε.</strong></span> <span class='ocrx_word' id='word_1_58' title='bbox 1377 1043 1498 1104; x_wconf 84' lang='lat' dir='ltr'><strong>post</strong></span> <span class='ocrx_word' id='word_1_59' title='bbox 1525 1051 1578 1091; x_wconf 88' lang='lat' dir='ltr'><strong>e.</strong></span> 
     </span>
    </p>
   </div>
   <div class='ocr_carea' id='block_1_11' title="bbox 144 1123 1722 1198">
    <p class='ocr_par' dir='ltr' id='par_1_11' title="bbox 144 1123 1722 1198">
     <span class='ocr_line' id='line_1_11' title="bbox 144 1123 1722 1198; baseline 0.003 -21"><span class='ocrx_word' id='word_1_60' title='bbox 144 1126 335 1190; x_wconf 81' lang='lat' dir='ltr'><strong>Panas,</strong></span> <span class='ocrx_word' id='word_1_61' title='bbox 371 1125 705 1180; x_wconf 80' lang='lat' dir='ltr'><strong>descendens</strong></span> <span class='ocrx_word' id='word_1_62' title='bbox 728 1133 782 1178; x_wconf 90' lang='lat' dir='ltr'><strong>et</strong></span> <span class='ocrx_word' id='word_1_63' title='bbox 807 1123 875 1179; x_wconf 90' lang='lat' dir='ltr'><strong>ad</strong></span> <span class='ocrx_word' id='word_1_64' title='bbox 920 1123 984 1179; x_wconf 88' lang='lat' dir='ltr'><strong>E.</strong></span> <span class='ocrx_word' id='word_1_65' title='bbox 1029 1124 1201 1182; x_wconf 89' lang='lat' dir='ltr'><strong>tribus</strong></span> <span class='ocrx_word' id='word_1_66' title='bbox 1251 1125 1303 1180; x_wconf 88' lang='lat' dir='ltr'><strong>in</strong></span> <span class='ocrx_word' id='word_1_67' title='bbox 1353 1136 1546 1198; x_wconf 84' lang='lat' dir='ltr'><strong>quarta</strong></span> <span class='ocrx_word' id='word_1_68' title='bbox 1603 1128 1722 1183; x_wconf 86' lang='lat' dir='ltr'><strong>vice</strong></span> 
     </span>
    </p>
   </div>
   <div class='ocr_carea' id='block_1_12' title="bbox 1451 1217 1645 1292">
    <p class='ocr_par' dir='ltr' id='par_1_12' title="bbox 1451 1217 1645 1292">
     <span class='ocr_line' id='line_1_12' title="bbox 1451 1217 1645 1292; baseline 0 -20"><span class='ocrx_word' id='word_1_69' title='bbox 1451 1217 1536 1275; x_wconf 76' lang='lat' dir='ltr'><strong>fac</strong></span> <span class='ocrx_word' id='word_1_70' title='bbox 1558 1218 1645 1292; x_wconf 77' lang='lat'><strong>8.]</strong></span> 
     </span>
    </p>
   </div>
   <div class='ocr_carea' id='block_1_13' title="bbox 144 1301 1442 1370">
    <p class='ocr_par' dir='ltr' id='par_1_13' title="bbox 144 1301 1442 1370">
     <span class='ocr_line' id='line_1_13' title="bbox 144 1301 1442 1370; baseline 0.005 -16"><span class='ocrx_word' id='word_1_71' title='bbox 144 1301 227 1356; x_wconf 84' lang='lat' dir='ltr'><strong>Bis</strong></span> <span class='ocrx_word' id='word_1_72' title='bbox 253 1302 400 1358; x_wconf 86' lang='lat' dir='ltr'><strong>binis</strong></span> <span class='ocrx_word' id='word_1_73' title='bbox 423 1318 488 1358; x_wconf 86' lang='lat' dir='ltr'><strong>ex</strong></span> <span class='ocrx_word' id='word_1_74' title='bbox 509 1302 571 1358; x_wconf 86' lang='lat' dir='ltr'><strong>C.</strong></span> <span class='ocrx_word' id='word_1_75' title='bbox 598 1302 819 1358; x_wconf 86' lang='lat' dir='ltr'><strong>veniens</strong></span> <span class='ocrx_word' id='word_1_76' title='bbox 847 1302 908 1358; x_wconf 87' lang='lat' dir='ltr'><strong>F.</strong></span> <span class='ocrx_word' id='word_1_77' title='bbox 933 1303 1130 1370; x_wconf 84' lang='lat' dir='ltr'><strong>scribe,</strong></span> <span class='ocrx_word' id='word_1_78' title='bbox 1168 1304 1367 1360; x_wconf 86' lang='lat' dir='ltr'><strong>dehinc</strong></span> <span class='ocrx_word' id='word_1_79' title='bbox 1392 1321 1442 1361; x_wconf 91' lang='lat' dir='ltr'><strong>c.</strong></span> 
     </span>
    </p>
   </div>
   <div class='ocr_carea' id='block_1_14' title="bbox 144 1393 1648 1472">
    <p class='ocr_par' dir='ltr' id='par_1_14' title="bbox 144 1393 1648 1472">
     <span class='ocr_line' id='line_1_14' title="bbox 144 1393 1648 1472; baseline 0.005 -25"><span class='ocrx_word' id='word_1_80' title='bbox 144 1395 230 1447; x_wconf 85' lang='lat' dir='ltr'><strong>Sic</strong></span> <span class='ocrx_word' id='word_1_81' title='bbox 249 1409 642 1464; x_wconf 82' lang='lat' dir='ltr'><strong>synemmenou</strong></span> <span class='ocrx_word' id='word_1_82' title='bbox 671 1404 724 1449; x_wconf 87' lang='lat' dir='ltr'><strong>et</strong></span> <span class='ocrx_word' id='word_1_83' title='bbox 753 1393 790 1449; x_wconf 82' lang='lat' dir='ltr'><strong>f.</strong></span> <span class='ocrx_word' id='word_1_84' title='bbox 823 1396 1162 1472; x_wconf 25' lang='lat' dir='ltr'><strong>totidemlfac</strong></span> <span class='ocrx_word' id='word_1_85' title='bbox 1191 1399 1442 1466; x_wconf 74' lang='lat' dir='ltr'><strong>passibus</strong></span> <span class='ocrx_word' id='word_1_86' title='bbox 1483 1416 1550 1454; x_wconf 82' lang='lat' dir='ltr'><strong>ex</strong></span> <span class='ocrx_word' id='word_1_87' title='bbox 1585 1401 1648 1455; x_wconf 84' lang='lat' dir='ltr'><strong>F.</strong></span> 
     </span>
    </p>
   </div>
   <div class='ocr_carea' id='block_1_15' title="bbox 142 1488 1720 1561">
    <p class='ocr_par' dir='ltr' id='par_1_15' title="bbox 142 1488 1720 1561">
     <span class='ocr_line' id='line_1_15' title="bbox 142 1488 1720 1561; baseline 0.004 -21"><span class='ocrx_word' id='word_1_88' title='bbox 142 1488 407 1558; x_wconf 57' lang='lat' dir='ltr'><strong>Quicquid</strong></span> <span class='ocrx_word' id='word_1_89' title='bbox 457 1488 850 1546; x_wconf 72' lang='lat' dir='ltr'><strong>adhuc&#39;restct</strong></span> <span class='ocrx_word' id='word_1_90' title='bbox 875 1489 986 1560; x_wconf 90' lang='lat' dir='ltr'><strong>jam</strong></span> <span class='ocrx_word' id='word_1_91' title='bbox 1037 1488 1197 1559; x_wconf 84' lang='lat' dir='ltr'><strong>dupla</strong></span> <span class='ocrx_word' id='word_1_92' title='bbox 1252 1491 1528 1560; x_wconf 83' lang='lat' dir='ltr'><strong>proportio</strong></span> <span class='ocrx_word' id='word_1_93' title='bbox 1565 1508 1720 1561; x_wconf 72' lang='lat' dir='ltr'><strong>pra:-</strong></span> 
     </span>
    </p>
   </div>
   <div class='ocr_carea' id='block_1_16' title="bbox 829 1583 1649 1657">
    <p class='ocr_par' dir='ltr' id='par_1_16' title="bbox 829 1583 1649 1657">
     <span class='ocr_line' id='line_1_16' title="bbox 829 1583 1649 1657; baseline 0.005 -22"><span class='ocrx_word' id='word_1_94' title='bbox 829 1641 832 1643; x_wconf 25' lang='grc' dir='ltr'>λ</span> <span class='ocrx_word' id='word_1_95' title='bbox 1488 1593 1594 1639; x_wconf 84' lang='lat' dir='ltr'><strong>stet</strong></span> <span class='ocrx_word' id='word_1_96' title='bbox 1609 1583 1649 1657; x_wconf 83' lang='lat'><strong>,]</strong></span> 
     </span>
    </p>
   </div>
   <div class='ocr_carea' id='block_1_17' title="bbox 143 1659 1530 1762">
    <p class='ocr_par' dir='ltr' id='par_1_17' title="bbox 143 1659 1530 1762">
     <span class='ocr_line' id='line_1_17' title="bbox 143 1659 1530 1762; baseline 0.005 -38"><span class='ocrx_word' id='word_1_97' title='bbox 143 1672 180 1724; x_wconf 77' lang='grc' dir='ltr'><strong>Α</strong></span> <span class='ocrx_word' id='word_1_98' title='bbox 304 1688 498 1728; x_wconf 83' lang='lat' dir='ltr'><strong>rursus</strong></span> <span class='ocrx_word' id='word_1_99' title='bbox 527 1683 582 1728; x_wconf 89' lang='lat' dir='ltr'><strong>et</strong></span> <span class='ocrx_word' id='word_1_100' title='bbox 604 1676 658 1737; x_wconf 66' lang='grc' dir='ltr'><strong>ἓ.</strong></span> <span class='ocrx_word' id='word_1_101' title='bbox 699 1680 826 1727; x_wconf 89' lang='lat' dir='ltr'><strong>sunt</strong></span> <span class='ocrx_word' id='word_1_102' title='bbox 861 1673 1157 1743; x_wconf 72' lang='lat' dir='ltr'><strong>tequtvocis</strong></span> <span class='ocrx_word' id='word_1_103' title='bbox 1186 1674 1472 1730; x_wconf 86' lang='lat' dir='ltr'><strong>statuenda</strong></span> <span class='ocrx_word' id='word_1_104' title='bbox 1527 1741 1530 1744; x_wconf 96' lang='lat'><em>_</em></span> 
     </span>
    </p>
   </div>
   <div class='ocr_carea' id='block_1_18' title="bbox 142 1762 1412 1834">
    <p class='ocr_par' dir='ltr' id='par_1_18' title="bbox 142 1762 1412 1834">
     <span class='ocr_line' id='line_1_18' title="bbox 142 1762 1412 1834; baseline 0.004 -20"><span class='ocrx_word' id='word_1_105' title='bbox 142 1762 197 1815; x_wconf 84' lang='grc' dir='ltr'><strong>Β.</strong></span> <span class='ocrx_word' id='word_1_106' title='bbox 229 1765 294 1816; x_wconf 90' lang='lat' dir='ltr'><strong>de</strong></span> <span class='ocrx_word' id='word_1_107' title='bbox 322 1764 376 1817; x_wconf 89' lang='lat' dir='ltr'><strong>b.</strong></span> <span class='ocrx_word' id='word_1_108' title='bbox 410 1763 582 1832; x_wconf 84' lang='lat' dir='ltr'><strong>legem</strong></span> <span class='ocrx_word' id='word_1_109' title='bbox 612 1762 829 1833; x_wconf 80' lang='lat' dir='ltr'><strong>require</strong></span> <span class='ocrx_word' id='word_1_110' title='bbox 857 1763 1011 1818; x_wconf 87' lang='lat' dir='ltr'><strong>decet</strong></span> <span class='ocrx_word' id='word_1_111' title='bbox 1039 1779 1134 1834; x_wconf 88' lang='lat' dir='ltr'><strong>per</strong></span> <span class='ocrx_word' id='word_1_112' title='bbox 1162 1767 1412 1820; x_wconf 83' lang='lat' dir='ltr'><strong>eandem.</strong></span> 
     </span>
    </p>
   </div>
   <div class='ocr_carea' id='block_1_19' title="bbox 229 1853 1624 1926">
    <p class='ocr_par' dir='ltr' id='par_1_19' title="bbox 229 1853 1624 1926">
     <span class='ocr_line' id='line_1_19' title="bbox 229 1853 1624 1926; baseline 0.004 -20"><span class='ocrx_word' id='word_1_113' title='bbox 229 1854 351 1907; x_wconf 84' lang='lat' dir='ltr'><strong>Atia</strong></span> <span class='ocrx_word' id='word_1_114' title='bbox 388 1853 729 1908; x_wconf 71' lang='lat' dir='ltr'><strong>monac/tertii</strong></span> <span class='ocrx_word' id='word_1_115' title='bbox 765 1869 1009 1908; x_wconf 81' lang='lat' dir='ltr'><strong>mensura</strong></span> <span class='ocrx_word' id='word_1_116' title='bbox 1043 1854 1108 1908; x_wconf 87' lang='lat' dir='ltr'><strong>ab</strong></span> <span class='ocrx_word' id='word_1_117' title='bbox 1151 1856 1319 1910; x_wconf 84' lang='lat' dir='ltr'><strong>acutis</strong></span> <span class='ocrx_word' id='word_1_118' title='bbox 1351 1855 1624 1926; x_wconf 75' lang='lat' dir='ltr'><strong>incipiens.</strong></span> 
     </span>
    </p>
   </div>
   <div class='ocr_carea' id='block_1_20' title="bbox 207 1942 1720 2014">
    <p class='ocr_par' dir='ltr' id='par_1_20' title="bbox 207 1942 1720 2014">
     <span class='ocr_line' id='line_1_20' title="bbox 207 1942 1720 2014; baseline 0.004 -16"><span class='ocrx_word' id='word_1_119' title='bbox 207 1944 428 1998; x_wconf 88' lang='lat' dir='ltr'><strong>Primus</strong></span> <span class='ocrx_word' id='word_1_120' title='bbox 464 1959 657 2013; x_wconf 90' lang='lat' dir='ltr'><strong>passus</strong></span> <span class='ocrx_word' id='word_1_121' title='bbox 690 1945 758 1999; x_wconf 87' lang='lat' dir='ltr'><strong>ab</strong></span> <span class='ocrx_word' id='word_1_122' title='bbox 776 1942 824 2010; x_wconf 61' lang='grc' dir='ltr'><strong>ξ.</strong></span> <span class='ocrx_word' id='word_1_123' title='bbox 851 1959 945 2014; x_wconf 85' lang='lat' dir='ltr'><strong>per</strong></span> <span class='ocrx_word' id='word_1_124' title='bbox 971 1943 1308 2000; x_wconf 89' lang='lat' dir='ltr'><strong>diatessaron</strong></span> <span class='ocrx_word' id='word_1_125' title='bbox 1339 1947 1634 2006; x_wconf 88' lang='lat' dir='ltr'><strong>remittitur</strong></span> <span class='ocrx_word' id='word_1_126' title='bbox 1669 1947 1720 2004; x_wconf 92' lang='lat' dir='ltr'><strong>in</strong></span> 
     </span>
    </p>
   </div>
   <div class='ocr_carea' id='block_1_21' title="bbox 141 2035 1721 2108">
    <p class='ocr_par' dir='ltr' id='par_1_21' title="bbox 141 2035 1721 2108">
     <span class='ocr_line' id='line_1_21' title="bbox 141 2035 1721 2108; baseline 0.002 -16"><span class='ocrx_word' id='word_1_127' title='bbox 141 2036 522 2103; x_wconf 83' lang='lat' dir='ltr'><strong>E.,secundus</strong></span> <span class='ocrx_word' id='word_1_128' title='bbox 571 2048 747 2101; x_wconf 86' lang='lat' dir='ltr'><strong>vacat,</strong></span> <span class='ocrx_word' id='word_1_129' title='bbox 782 2035 974 2091; x_wconf 89' lang='lat' dir='ltr'><strong>tertius</strong></span> <span class='ocrx_word' id='word_1_130' title='bbox 1019 2036 1071 2090; x_wconf 92' lang='lat' dir='ltr'><strong>in</strong></span> <span class='ocrx_word' id='word_1_131' title='bbox 1134 2038 1201 2091; x_wconf 80' lang='grc' dir='ltr'><strong>Α.</strong></span> <span class='ocrx_word' id='word_1_132' title='bbox 1262 2047 1503 2108; x_wconf 82' lang='lat' dir='ltr'><strong>quartus.</strong></span> <span class='ocrx_word' id='word_1_133' title='bbox 1544 2049 1721 2107; x_wconf 87' lang='lat' dir='ltr'><strong>vacat,</strong></span> 
     </span>
    </p>
   </div>
   <div class='ocr_carea' id='block_1_22' title="bbox 139 2124 1724 2195">
    <p class='ocr_par' dir='ltr' id='par_1_22' title="bbox 139 2124 1724 2195">
     <span class='ocr_line' id='line_1_22' title="bbox 139 2124 1724 2195; baseline 0.005 -19"><span class='ocrx_word' id='word_1_134' title='bbox 139 2128 357 2195; x_wconf 74' lang='lat' dir='ltr'><strong>quian</strong></span> <span class='ocrx_word' id='word_1_135' title='bbox 381 2125 436 2180; x_wconf 91' lang='lat' dir='ltr'><strong>in</strong></span> <span class='ocrx_word' id='word_1_136' title='bbox 462 2125 521 2179; x_wconf 88' lang='lat' dir='ltr'><strong>E.</strong></span> <span class='ocrx_word' id='word_1_137' title='bbox 557 2134 745 2180; x_wconf 83' lang='lat' dir='ltr'><strong>sextus</strong></span> <span class='ocrx_word' id='word_1_138' title='bbox 773 2124 829 2180; x_wconf 91' lang='lat' dir='ltr'><strong>in</strong></span> <span class='ocrx_word' id='word_1_139' title='bbox 866 2126 928 2180; x_wconf 84' lang='grc' dir='ltr'><strong>ι).</strong></span> <span class='ocrx_word' id='word_1_140' title='bbox 967 2125 1231 2195; x_wconf 88' lang='lat' dir='ltr'><strong>septimus</strong></span> <span class='ocrx_word' id='word_1_141' title='bbox 1281 2135 1336 2182; x_wconf 86' lang='lat' dir='ltr'><strong>et</strong></span> <span class='ocrx_word' id='word_1_142' title='bbox 1363 2135 1586 2184; x_wconf 87' lang='lat' dir='ltr'><strong>octavus</strong></span> <span class='ocrx_word' id='word_1_143' title='bbox 1633 2144 1724 2184; x_wconf 86' lang='lat' dir='ltr'><strong>va-</strong></span> 
     </span>
    </p>
   </div>
   <div class='ocr_carea' id='block_1_23' title="bbox 140 2214 1720 2294">
    <p class='ocr_par' dir='ltr' id='par_1_23' title="bbox 140 2214 1720 2294">
     <span class='ocr_line' id='line_1_23' title="bbox 140 2214 1720 2294; baseline 0.002 -24"><span class='ocrx_word' id='word_1_144' title='bbox 140 2225 282 2280; x_wconf 87' lang='lat' dir='ltr'><strong>cant,</strong></span> <span class='ocrx_word' id='word_1_145' title='bbox 305 2229 488 2272; x_wconf 80' lang='lat' dir='ltr'><strong>nonus</strong></span> <span class='ocrx_word' id='word_1_146' title='bbox 517 2215 570 2270; x_wconf 93' lang='lat' dir='ltr'><strong>in</strong></span> <span class='ocrx_word' id='word_1_147' title='bbox 596 2215 661 2269; x_wconf 79' lang='grc' dir='ltr'><strong>Α.</strong></span> <span class='ocrx_word' id='word_1_148' title='bbox 693 2214 776 2270; x_wconf 89' lang='lat' dir='ltr'><strong>Ab</strong></span> <span class='ocrx_word' id='word_1_149' title='bbox 803 2229 856 2268; x_wconf 90' lang='lat' dir='ltr'><strong>a.</strong></span> <span class='ocrx_word' id='word_1_150' title='bbox 890 2229 986 2284; x_wconf 85' lang='lat' dir='ltr'><strong>per</strong></span> <span class='ocrx_word' id='word_1_151' title='bbox 1027 2215 1276 2286; x_wconf 87' lang='lat' dir='ltr'><strong>diapente</strong></span> <span class='ocrx_word' id='word_1_152' title='bbox 1299 2216 1352 2294; x_wconf 83' lang='lat' dir='ltr'><strong>in</strong></span> <span class='ocrx_word' id='word_1_153' title='bbox 1380 2216 1442 2270; x_wconf 94' lang='lat' dir='ltr'><strong>D.</strong></span> <span class='ocrx_word' id='word_1_154' title='bbox 1473 2217 1720 2280; x_wconf 87' lang='lat' dir='ltr'><strong>remitte;</strong></span> 
     </span>
    </p>
   </div>
   <div class='ocr_carea' id='block_1_24' title="bbox 141 2304 1722 2378">
    <p class='ocr_par' dir='ltr' id='par_1_24' title="bbox 141 2304 1722 2378">
     <span class='ocr_line' id='line_1_24' title="bbox 141 2304 1722 2378; baseline 0.001 -18"><span class='ocrx_word' id='word_1_155' title='bbox 141 2307 398 2362; x_wconf 87' lang='lat' dir='ltr'><strong>indeaD.</strong></span> <span class='ocrx_word' id='word_1_156' title='bbox 436 2321 534 2377; x_wconf 87' lang='lat' dir='ltr'><strong>per</strong></span> <span class='ocrx_word' id='word_1_157' title='bbox 555 2305 889 2362; x_wconf 83' lang='lat' dir='ltr'><strong>diatessaron</strong></span> <span class='ocrx_word' id='word_1_158' title='bbox 941 2305 992 2359; x_wconf 90' lang='lat' dir='ltr'><strong>in</strong></span> <span class='ocrx_word' id='word_1_159' title='bbox 1029 2304 1094 2362; x_wconf 88' lang='lat' dir='ltr'><strong>G.</strong></span> <span class='ocrx_word' id='word_1_160' title='bbox 1125 2307 1382 2362; x_wconf 85' lang='lat' dir='ltr'><strong>remitte:</strong></span> <span class='ocrx_word' id='word_1_161' title='bbox 1436 2322 1468 2361; x_wconf 67' lang='lat' dir='ltr'><strong>a&#39;</strong></span> <span class='ocrx_word' id='word_1_162' title='bbox 1511 2306 1575 2364; x_wconf 70' lang='grc' dir='ltr'><strong>(ἱ.</strong></span> <span class='ocrx_word' id='word_1_163' title='bbox 1624 2322 1722 2378; x_wconf 89' lang='lat' dir='ltr'><strong>per</strong></span> 
     </span>
    </p>
   </div>
   <div class='ocr_carea' id='block_1_25' title="bbox 140 2395 1728 2466">
    <p class='ocr_par' dir='ltr' id='par_1_25' title="bbox 140 2395 1728 2466">
     <span class='ocr_line' id='line_1_25' title="bbox 140 2395 1728 2466; baseline 0.001 -16"><span class='ocrx_word' id='word_1_164' title='bbox 140 2396 388 2465; x_wconf 86' lang='lat' dir='ltr'><strong>diapente</strong></span> <span class='ocrx_word' id='word_1_165' title='bbox 415 2395 651 2466; x_wconf 90' lang='lat' dir='ltr'><strong>primum</strong></span> <span class='ocrx_word' id='word_1_166' title='bbox 677 2409 891 2464; x_wconf 90' lang='lat' dir='ltr'><strong>passum</strong></span> <span class='ocrx_word' id='word_1_167' title='bbox 919 2395 972 2448; x_wconf 92' lang='lat' dir='ltr'><strong>in</strong></span> <span class='ocrx_word' id='word_1_168' title='bbox 1003 2409 1054 2450; x_wconf 92' lang='lat' dir='ltr'><strong>c.</strong></span> <span class='ocrx_word' id='word_1_169' title='bbox 1087 2395 1380 2450; x_wconf 89' lang='lat' dir='ltr'><strong>secundum</strong></span> <span class='ocrx_word' id='word_1_170' title='bbox 1421 2396 1474 2450; x_wconf 92' lang='lat' dir='ltr'><strong>in</strong></span> <span class='ocrx_word' id='word_1_171' title='bbox 1515 2397 1581 2452; x_wconf 88' lang='lat' dir='ltr'><strong>G.</strong></span> <span class='ocrx_word' id='word_1_172' title='bbox 1618 2406 1728 2452; x_wconf 78' lang='lat' dir='ltr'><strong>ter-</strong></span> 
     </span>
    </p>
   </div>
   <div class='ocr_carea' id='block_1_26' title="bbox 144 2485 1723 2558">
    <p class='ocr_par' dir='ltr' id='par_1_26' title="bbox 144 2485 1723 2558">
     <span class='ocr_line' id='line_1_26' title="bbox 144 2485 1723 2558; baseline 0.003 -18"><span class='ocrx_word' id='word_1_173' title='bbox 144 2487 243 2540; x_wconf 91' lang='lat' dir='ltr'><strong>tius</strong></span> <span class='ocrx_word' id='word_1_174' title='bbox 274 2495 462 2554; x_wconf 88' lang='lat' dir='ltr'><strong>vacat,</strong></span> <span class='ocrx_word' id='word_1_175' title='bbox 496 2495 722 2558; x_wconf 89' lang='lat' dir='ltr'><strong>quartus</strong></span> <span class='ocrx_word' id='word_1_176' title='bbox 747 2487 800 2541; x_wconf 89' lang='lat' dir='ltr'><strong>in</strong></span> <span class='ocrx_word' id='word_1_177' title='bbox 833 2485 893 2542; x_wconf 88' lang='lat' dir='ltr'><strong>C.</strong></span> <span class='ocrx_word' id='word_1_178' title='bbox 924 2487 1146 2556; x_wconf 90' lang='lat' dir='ltr'><strong>quintus</strong></span> <span class='ocrx_word' id='word_1_179' title='bbox 1175 2496 1349 2552; x_wconf 87' lang='lat' dir='ltr'><strong>vacat,</strong></span> <span class='ocrx_word' id='word_1_180' title='bbox 1387 2497 1574 2544; x_wconf 80' lang='lat' dir='ltr'><strong>sextus</strong></span> <span class='ocrx_word' id='word_1_181' title='bbox 1605 2489 1723 2545; x_wconf 80' lang='lat' dir='ltr'><strong>linit</strong></span> 
     </span>
    </p>
   </div>
   <div class='ocr_carea' id='block_1_27' title="bbox 141 2575 1723 2649">
    <p class='ocr_par' dir='ltr' id='par_1_27' title="bbox 141 2575 1723 2649">
     <span class='ocr_line' id='line_1_27' title="bbox 141 2575 1723 2649; baseline 0.003 -17"><span class='ocrx_word' id='word_1_182' title='bbox 141 2575 188 2632; x_wconf 84' lang='lat' dir='ltr'><strong>in</strong></span> <span class='ocrx_word' id='word_1_183' title='bbox 211 2591 454 2649; x_wconf 75' lang='lat' dir='ltr'><strong>gamma.</strong></span> <span class='ocrx_word' id='word_1_184' title='bbox 493 2577 616 2632; x_wconf 83' lang='lat' dir='ltr'><strong>Fiat</strong></span> <span class='ocrx_word' id='word_1_185' title='bbox 659 2586 720 2631; x_wconf 87' lang='lat' dir='ltr'><strong>ut</strong></span> <span class='ocrx_word' id='word_1_186' title='bbox 766 2575 805 2630; x_wconf 87' lang='lat' dir='ltr'><strong>l&#39;.</strong></span> <span class='ocrx_word' id='word_1_187' title='bbox 867 2576 932 2630; x_wconf 85' lang='lat' dir='ltr'><strong>de</strong></span> <span class='ocrx_word' id='word_1_188' title='bbox 977 2593 1026 2630; x_wconf 93' lang='lat' dir='ltr'><strong>c.</strong></span> <span class='ocrx_word' id='word_1_189' title='bbox 1082 2577 1165 2631; x_wconf 90' lang='lat' dir='ltr'><strong>bis</strong></span> <span class='ocrx_word' id='word_1_190' title='bbox 1218 2577 1360 2631; x_wconf 86' lang='lat' dir='ltr'><strong>binis</strong></span> <span class='ocrx_word' id='word_1_191' title='bbox 1413 2578 1723 2636; x_wconf 82' lang='lat' dir='ltr'><strong>seandimus</strong></span> 
     </span>
    </p>
   </div>
   <div class='ocr_carea' id='block_1_28' title="bbox 138 2651 1722 2742">
    <p class='ocr_par' dir='ltr' id='par_1_28' title="bbox 138 2651 1722 2742">
     <span class='ocr_line' id='line_1_28' title="bbox 138 2651 1722 2742; baseline 0.001 -18"><span class='ocrx_word' id='word_1_192' title='bbox 138 2685 283 2740; x_wconf 68' lang='lat' dir='ltr'><strong>aque</strong></span> <span class='ocrx_word' id='word_1_193' title='bbox 307 2687 320 2724; x_wconf 90' lang='lat'><strong>:</strong></span> <span class='ocrx_word' id='word_1_194' title='bbox 353 2671 430 2728; x_wconf 87' lang='lat' dir='ltr'><strong>ab</strong></span> <span class='ocrx_word' id='word_1_195' title='bbox 455 2670 496 2726; x_wconf 80' lang='lat' dir='ltr'><strong>f.</strong></span> <span class='ocrx_word' id='word_1_196' title='bbox 521 2671 736 2728; x_wconf 88' lang='lat' dir='ltr'><strong>remitte</strong></span> <span class='ocrx_word' id='word_1_197' title='bbox 759 2685 856 2742; x_wconf 89' lang='lat' dir='ltr'><strong>per</strong></span> <span class='ocrx_word' id='word_1_198' title='bbox 883 2651 1156 2741; x_wconf 83' lang='lat' dir='ltr'><strong>diapente,</strong></span> <span class='ocrx_word' id='word_1_199' title='bbox 1203 2671 1408 2740; x_wconf 81' lang='lat' dir='ltr'><strong>primus</strong></span> <span class='ocrx_word' id='word_1_200' title='bbox 1451 2686 1644 2741; x_wconf 88' lang='lat' dir='ltr'><strong>passus</strong></span> <span class='ocrx_word' id='word_1_201' title='bbox 1667 2671 1722 2726; x_wconf 91' lang='lat' dir='ltr'><strong>in</strong></span> 
     </span>
    </p>
   </div>
   <div class='ocr_carea' id='block_1_29' title="bbox 139 2762 1721 2834">
    <p class='ocr_par' dir='ltr' id='par_1_29' title="bbox 139 2762 1721 2834">
     <span class='ocr_line' id='line_1_29' title="bbox 139 2762 1721 2834; baseline 0.002 -18"><span class='ocrx_word' id='word_1_202' title='bbox 139 2771 551 2834; x_wconf 75' lang='lat' dir='ltr'><strong>synemmenon,</strong></span> <span class='ocrx_word' id='word_1_203' title='bbox 581 2763 850 2820; x_wconf 80' lang='lat' dir='ltr'><strong>secundus</strong></span> <span class='ocrx_word' id='word_1_204' title='bbox 891 2763 1062 2818; x_wconf 83' lang='lat' dir='ltr'><strong>tendit</strong></span> <span class='ocrx_word' id='word_1_205' title='bbox 1104 2763 1158 2818; x_wconf 91' lang='lat' dir='ltr'><strong>iu</strong></span> <span class='ocrx_word' id='word_1_206' title='bbox 1209 2762 1292 2834; x_wconf 68' lang='lat' dir='ltr'><strong>F.</strong></span> <span class='ocrx_word' id='word_1_207' title='bbox 1317 2765 1512 2819; x_wconf 88' lang='lat' dir='ltr'><strong>tertius</strong></span> <span class='ocrx_word' id='word_1_208' title='bbox 1540 2771 1721 2833; x_wconf 89' lang='lat' dir='ltr'><strong>vacat,</strong></span> 
     </span>
    </p>
   </div>
   <div class='ocr_carea' id='block_1_30' title="bbox 139 2842 1722 2927">
    <p class='ocr_par' dir='ltr' id='par_1_30' title="bbox 139 2842 1722 2927">
     <span class='ocr_line' id='line_1_30' title="bbox 139 2842 1722 2927; baseline 0.004 -22"><span class='ocrx_word' id='word_1_209' title='bbox 139 2865 357 2922; x_wconf 81' lang='lat' dir='ltr'><strong>quartus</strong></span> <span class='ocrx_word' id='word_1_210' title='bbox 387 2855 446 2910; x_wconf 92' lang='lat' dir='ltr'><strong>in</strong></span> <span class='ocrx_word' id='word_1_211' title='bbox 480 2869 868 2927; x_wconf 86' lang='lat' dir='ltr'><strong>syuemmenon</strong></span> <span class='ocrx_word' id='word_1_212' title='bbox 899 2842 1162 2912; x_wconf 80' lang='lat' dir='ltr'><strong>inferius:</strong></span> <span class='ocrx_word' id='word_1_213' title='bbox 1191 2857 1258 2912; x_wconf 86' lang='lat' dir='ltr'><strong>ab</strong></span> <span class='ocrx_word' id='word_1_214' title='bbox 1281 2872 1330 2911; x_wconf 89' lang='lat' dir='ltr'><strong>e.</strong></span> <span class='ocrx_word' id='word_1_215' title='bbox 1363 2859 1578 2912; x_wconf 90' lang='lat' dir='ltr'><strong>remitte</strong></span> <span class='ocrx_word' id='word_1_216' title='bbox 1606 2857 1722 2913; x_wconf 88' lang='lat' dir='ltr'><strong>dia-</strong></span> 
     </span>
    </p>
   </div>
   <div class='ocr_carea' id='block_1_31' title="bbox 143 2930 1718 3037">
    <p class='ocr_par' dir='ltr' id='par_1_31' title="bbox 143 2930 1718 3037">
     <span class='ocr_line' id='line_1_31' title="bbox 143 2930 1718 3037; baseline 0.003 -39"><span class='ocrx_word' id='word_1_217' title='bbox 143 2953 410 3011; x_wconf 85' lang='lat' dir='ltr'><strong>tessaron,</strong></span> <span class='ocrx_word' id='word_1_218' title='bbox 463 2945 669 3015; x_wconf 90' lang='lat' dir='ltr'><strong>primus</strong></span> <span class='ocrx_word' id='word_1_219' title='bbox 723 2946 984 3002; x_wconf 88' lang='lat' dir='ltr'><strong>terminat</strong></span> <span class='ocrx_word' id='word_1_220' title='bbox 1033 2946 1085 3000; x_wconf 92' lang='lat' dir='ltr'><strong>in</strong></span> <span class='ocrx_word' id='word_1_221' title='bbox 1226 2948 1494 3003; x_wconf 85' lang='lat' dir='ltr'><strong>secundus</strong></span> <span class='ocrx_word' id='word_1_222' title='bbox 1540 2956 1718 3017; x_wconf 85' lang='lat' dir='ltr'><strong>vacat,</strong></span> 
     </span>
    </p>
   </div>
   <div class='ocr_carea' id='block_1_32' title="bbox 141 3033 1610 3108">
    <p class='ocr_par' dir='ltr' id='par_1_32' title="bbox 141 3033 1610 3108">
     <span class='ocr_line' id='line_1_32' title="bbox 141 3033 1610 3108; baseline 0.003 -20"><span class='ocrx_word' id='word_1_223' title='bbox 141 3033 328 3090; x_wconf 80' lang='lat' dir='ltr'><strong>tertius&#39;</strong></span> <span class='ocrx_word' id='word_1_224' title='bbox 349 3036 409 3090; x_wconf 90' lang='lat' dir='ltr'><strong>in</strong></span> <span class='ocrx_word' id='word_1_225' title='bbox 440 3035 502 3091; x_wconf 84' lang='grc' dir='ltr'><strong>Ε.</strong></span> <span class='ocrx_word' id='word_1_226' title='bbox 530 3037 680 3108; x_wconf 90' lang='lat' dir='ltr'><strong>prius</strong></span> <span class='ocrx_word' id='word_1_227' title='bbox 711 3036 1008 3100; x_wconf 83' lang='lat' dir='ltr'><strong>inventum,</strong></span> <span class='ocrx_word' id='word_1_228' title='bbox 1036 3033 1261 3107; x_wconf 81' lang='lat' dir='ltr'><strong>quartus</strong></span> <span class='ocrx_word' id='word_1_229' title='bbox 1286 3047 1441 3096; x_wconf 85' lang='lat' dir='ltr'><strong>vacat</strong></span> <span class='ocrx_word' id='word_1_230' title='bbox 1472 3038 1524 3093; x_wconf 92' lang='lat' dir='ltr'><strong>in</strong></span> <span class='ocrx_word' id='word_1_231' title='bbox 1549 3038 1610 3093; x_wconf 87' lang='grc' dir='ltr'><strong>Β.</strong></span> 
     </span>
    </p>
   </div>
   <div class='ocr_carea' id='block_1_33' title="bbox 234 3127 1607 3200">
    <p class='ocr_par' dir='ltr' id='par_1_33' title="bbox 234 3127 1607 3200">
     <span class='ocr_line' id='line_1_33' title="bbox 234 3127 1607 3200; baseline 0.004 -22"><span class='ocrx_word' id='word_1_232' title='bbox 234 3127 472 3198; x_wconf 78' lang='lat' dir='ltr'><strong>Antiqua</strong></span> <span class='ocrx_word' id='word_1_233' title='bbox 525 3127 824 3196; x_wconf 76' lang='lat' dir='ltr'><strong>ﬁstularum</strong></span> <span class='ocrx_word' id='word_1_234' title='bbox 870 3145 1113 3182; x_wconf 84' lang='lat' dir='ltr'><strong>mensura</strong></span> <span class='ocrx_word' id='word_1_235' title='bbox 1149 3145 1264 3200; x_wconf 75' lang='lat' dir='ltr'><strong>qua:</strong></span> <span class='ocrx_word' id='word_1_236' title='bbox 1301 3131 1607 3183; x_wconf 79' lang='lat' dir='ltr'><strong>intenditur.</strong></span> 
     </span>
    </p>
   </div>
   <div class='ocr_carea' id='block_1_34' title="bbox 200 3216 1714 3283">
    <p class='ocr_par' dir='ltr' id='par_1_34' title="bbox 200 3216 1714 3283">
     <span class='ocr_line' id='line_1_34' title="bbox 200 3216 1714 3283; baseline 0.002 -12"><span class='ocrx_word' id='word_1_237' title='bbox 200 3216 514 3272; x_wconf 85' lang='lat' dir='ltr'><strong>Mcnsuram</strong></span> <span class='ocrx_word' id='word_1_238' title='bbox 544 3217 774 3272; x_wconf 89' lang='lat' dir='ltr'><strong>duorum</strong></span> <span class='ocrx_word' id='word_1_239' title='bbox 797 3218 1070 3283; x_wconf 88' lang='lat' dir='ltr'><strong>ordinum,</strong></span> <span class='ocrx_word' id='word_1_240' title='bbox 1122 3218 1174 3272; x_wconf 88' lang='lat' dir='ltr'><strong>id</strong></span> <span class='ocrx_word' id='word_1_241' title='bbox 1209 3228 1293 3272; x_wconf 85' lang='lat' dir='ltr'><strong>est</strong></span> <span class='ocrx_word' id='word_1_242' title='bbox 1325 3217 1460 3273; x_wconf 81' lang='lat' dir='ltr'><strong>XVI.</strong></span> <span class='ocrx_word' id='word_1_243' title='bbox 1514 3219 1714 3274; x_wconf 85' lang='lat' dir='ltr'><strong>ﬁstula-</strong></span> 
     </span>
    </p>
   </div>
   <div class='ocr_carea' id='block_1_35' title="bbox 139 3308 1716 3382">
    <p class='ocr_par' dir='ltr' id='par_1_35' title="bbox 139 3308 1716 3382">
     <span class='ocr_line' id='line_1_35' title="bbox 139 3308 1716 3382; baseline 0.003 -20"><span class='ocrx_word' id='word_1_244' title='bbox 139 3325 250 3363; x_wconf 89' lang='lat' dir='ltr'><strong>rum</strong></span> <span class='ocrx_word' id='word_1_245' title='bbox 281 3310 371 3364; x_wconf 90' lang='lat' dir='ltr'><strong>hic</strong></span> <span class='ocrx_word' id='word_1_246' title='bbox 397 3311 579 3365; x_wconf 88' lang='lat' dir='ltr'><strong>dicere</strong></span> <span class='ocrx_word' id='word_1_247' title='bbox 599 3308 849 3375; x_wconf 58' lang='lat' dir='ltr'><strong>sullisiat,</strong></span> <span class='ocrx_word' id='word_1_248' title='bbox 882 3309 1179 3364; x_wconf 89' lang='lat' dir='ltr'><strong>secundum</strong></span> <span class='ocrx_word' id='word_1_249' title='bbox 1203 3325 1367 3380; x_wconf 90' lang='lat' dir='ltr'><strong>quam</strong></span> <span class='ocrx_word' id='word_1_250' title='bbox 1410 3310 1544 3365; x_wconf 89' lang='lat' dir='ltr'><strong>alios</strong></span> <span class='ocrx_word' id='word_1_251' title='bbox 1583 3323 1716 3382; x_wconf 69' lang='lat' dir='ltr'><strong>quot</strong></span> 
     </span>
    </p>
   </div>
   <div class='ocr_carea' id='block_1_36' title="bbox 141 3399 1737 3476">
    <p class='ocr_par' dir='ltr' id='par_1_36' title="bbox 141 3399 1737 3476">
     <span class='ocr_line' id='line_1_36' title="bbox 141 3399 1737 3476; baseline 0.003 -23"><span class='ocrx_word' id='word_1_252' title='bbox 141 3399 297 3456; x_wconf 88' lang='lat' dir='ltr'><strong>libeat</strong></span> <span class='ocrx_word' id='word_1_253' title='bbox 330 3402 556 3457; x_wconf 86' lang='lat' dir='ltr'><strong>ordines</strong></span> <span class='ocrx_word' id='word_1_254' title='bbox 581 3402 758 3472; x_wconf 79' lang='lat' dir='ltr'><strong>quivis</strong></span> <span class='ocrx_word' id='word_1_255' title='bbox 787 3401 1024 3476; x_wconf 63' lang='lat' dir='ltr'><strong>adjiciat.</strong></span> <span class='ocrx_word' id='word_1_256' title='bbox 1065 3400 1304 3456; x_wconf 88' lang='lat' dir='ltr'><strong>Primam</strong></span> <span class='ocrx_word' id='word_1_257' title='bbox 1333 3401 1566 3457; x_wconf 87' lang='lat' dir='ltr'><strong>ﬁstulam</strong></span> <span class='ocrx_word' id='word_1_258' title='bbox 1601 3413 1737 3470; x_wconf 38' lang='lat' dir='ltr'><strong>laus</strong></span> 
     </span>
    </p>
   </div>
   <div class='ocr_carea' id='block_1_37' title="bbox 141 3493 1718 3566">
    <p class='ocr_par' dir='ltr' id='par_1_37' title="bbox 141 3493 1718 3566">
     <span class='ocr_line' id='line_1_37' title="bbox 141 3493 1718 3566; baseline 0.002 -19"><span class='ocrx_word' id='word_1_259' title='bbox 141 3504 201 3549; x_wconf 71' lang='lat' dir='ltr'><strong>tze</strong></span> <span class='ocrx_word' id='word_1_260' title='bbox 223 3494 581 3566; x_wconf 79' lang='lat' dir='ltr'><strong>longitudinis</strong></span> <span class='ocrx_word' id='word_1_261' title='bbox 611 3509 675 3550; x_wconf 92' lang='lat' dir='ltr'><strong>ac</strong></span> <span class='ocrx_word' id='word_1_262' title='bbox 696 3493 998 3550; x_wconf 88' lang='lat' dir='ltr'><strong>latitudinis</strong></span> <span class='ocrx_word' id='word_1_263' title='bbox 1027 3493 1292 3564; x_wconf 86' lang='lat' dir='ltr'><strong>delibera,</strong></span> <span class='ocrx_word' id='word_1_264' title='bbox 1317 3504 1574 3565; x_wconf 87' lang='lat' dir='ltr'><strong>quautam</strong></span> <span class='ocrx_word' id='word_1_265' title='bbox 1607 3510 1718 3550; x_wconf 84' lang='lat' dir='ltr'><strong>me-</strong></span> 
     </span>
    </p>
   </div>
   <div class='ocr_carea' id='block_1_38' title="bbox 119 3577 1718 3656">
    <p class='ocr_par' dir='ltr' id='par_1_38' title="bbox 119 3577 1718 3656">
     <span class='ocr_line' id='line_1_38' title="bbox 119 3577 1718 3656; baseline 0.002 -19"><span class='ocrx_word' id='word_1_266' title='bbox 119 3577 394 3642; x_wconf 67' lang='lat' dir='ltr'><strong>diocritas</strong></span> <span class='ocrx_word' id='word_1_267' title='bbox 421 3601 546 3641; x_wconf 91' lang='lat' dir='ltr'><strong>cum</strong></span> <span class='ocrx_word' id='word_1_268' title='bbox 585 3585 812 3642; x_wconf 79' lang='lat' dir='ltr'><strong>arbitrio</strong></span> <span class='ocrx_word' id='word_1_269' title='bbox 842 3586 1054 3654; x_wconf 86' lang='lat' dir='ltr'><strong>doceat,</strong></span> <span class='ocrx_word' id='word_1_270' title='bbox 1087 3585 1368 3656; x_wconf 84' lang='lat' dir='ltr'><strong>longitudo</strong></span> <span class='ocrx_word' id='word_1_271' title='bbox 1408 3595 1500 3641; x_wconf 88' lang='lat' dir='ltr'><strong>aut</strong></span> <span class='ocrx_word' id='word_1_272' title='bbox 1528 3585 1718 3642; x_wconf 71' lang='lat' dir='ltr'><strong>ﬁstula:</strong></span> 
     </span>
    </p>
   </div>
   <div class='ocr_carea' id='block_1_39' title="bbox 139 3677 1718 3751">
    <p class='ocr_par' dir='ltr' id='par_1_39' title="bbox 139 3677 1718 3751">
     <span class='ocr_line' id='line_1_39' title="bbox 139 3677 1718 3751; baseline 0.003 -21"><span class='ocrx_word' id='word_1_273' title='bbox 139 3693 197 3732; x_wconf 89' lang='lat' dir='ltr'><strong>ac</strong></span> <span class='ocrx_word' id='word_1_274' title='bbox 219 3678 432 3747; x_wconf 89' lang='lat' dir='ltr'><strong>plectro</strong></span> <span class='ocrx_word' id='word_1_275' title='bbox 471 3693 687 3734; x_wconf 81' lang='lat' dir='ltr'><strong>sursum</strong></span> <span class='ocrx_word' id='word_1_276' title='bbox 746 3677 996 3743; x_wconf 84' lang='lat' dir='ltr'><strong>habetur,</strong></span> <span class='ocrx_word' id='word_1_277' title='bbox 1051 3687 1108 3733; x_wconf 90' lang='lat' dir='ltr'><strong>et</strong></span> <span class='ocrx_word' id='word_1_278' title='bbox 1155 3677 1384 3734; x_wconf 87' lang='lat' dir='ltr'><strong>latitudo</strong></span> <span class='ocrx_word' id='word_1_279' title='bbox 1422 3689 1506 3735; x_wconf 87' lang='lat' dir='ltr'><strong>est</strong></span> <span class='ocrx_word' id='word_1_280' title='bbox 1552 3680 1718 3751; x_wconf 91' lang='lat' dir='ltr'><strong>ipsius</strong></span> 
     </span>
    </p>
   </div>
   <div class='ocr_carea' id='block_1_40' title="bbox 137 3772 1754 3846">
    <p class='ocr_par' dir='ltr' id='par_1_40' title="bbox 137 3772 1754 3846">
     <span class='ocr_line' id='line_1_40' title="bbox 137 3772 1754 3846; baseline 0.003 -21"><span class='ocrx_word' id='word_1_281' title='bbox 137 3773 491 3829; x_wconf 84' lang='lat' dir='ltr'><strong>concavitatis</strong></span> <span class='ocrx_word' id='word_1_282' title='bbox 521 3772 814 3843; x_wconf 88' lang='lat' dir='ltr'><strong>capacitas,</strong></span> <span class='ocrx_word' id='word_1_283' title='bbox 847 3787 954 3846; x_wconf 72' lang='lat' dir='ltr'><strong>qua</strong></span> <span class='ocrx_word' id='word_1_284' title='bbox 980 3787 1038 3827; x_wconf 91' lang='lat' dir='ltr'><strong>se</strong></span> <span class='ocrx_word' id='word_1_285' title='bbox 1062 3772 1116 3826; x_wconf 92' lang='lat' dir='ltr'><strong>in</strong></span> <span class='ocrx_word' id='word_1_286' title='bbox 1157 3774 1470 3836; x_wconf 81' lang='lat' dir='ltr'><strong>summitate</strong></span> <span class='ocrx_word' id='word_1_287' title='bbox 1512 3773 1565 3828; x_wconf 89' lang='lat' dir='ltr'><strong>in</strong></span> <span class='ocrx_word' id='word_1_288' title='bbox 1606 3791 1754 3831; x_wconf 57' lang='lat' dir='ltr'><strong>mor</strong></span> 
     </span>
    </p>
   </div>
   <div class='ocr_carea' id='block_1_41' title="bbox 137 3865 1720 3936">
    <p class='ocr_par' dir='ltr' id='par_1_41' title="bbox 137 3865 1720 3936">
     <span class='ocr_line' id='line_1_41' title="bbox 137 3865 1720 3936; baseline 0.004 -18"><span class='ocrx_word' id='word_1_289' title='bbox 137 3865 258 3918; x_wconf 89' lang='lat' dir='ltr'><strong>dum</strong></span> <span class='ocrx_word' id='word_1_290' title='bbox 281 3865 476 3920; x_wconf 88' lang='lat' dir='ltr'><strong>circuli</strong></span> <span class='ocrx_word' id='word_1_291' title='bbox 501 3867 678 3936; x_wconf 87' lang='lat' dir='ltr'><strong>aperit</strong></span> <span class='ocrx_word' id='word_1_292' title='bbox 704 3881 721 3921; x_wconf 90' lang='lat'><strong>:</strong></span> <span class='ocrx_word' id='word_1_293' title='bbox 751 3869 843 3936; x_wconf 89' lang='lat' dir='ltr'><strong>qui</strong></span> <span class='ocrx_word' id='word_1_294' title='bbox 870 3866 1125 3921; x_wconf 66' lang='lat' dir='ltr'><strong>nimirum</strong></span> <span class='ocrx_word' id='word_1_295' title='bbox 1141 3867 1376 3930; x_wconf 86' lang='lat' dir='ltr'><strong>circulus</strong></span> <span class='ocrx_word' id='word_1_296' title='bbox 1400 3883 1504 3924; x_wconf 89' lang='lat' dir='ltr'><strong>non</strong></span> <span class='ocrx_word' id='word_1_297' title='bbox 1528 3883 1720 3925; x_wconf 64' lang='lat' dir='ltr'><strong>secuno</strong></span> 
     </span>
    </p>
   </div>
   <div class='ocr_carea' id='block_1_42' title="bbox 136 3957 1713 4028">
    <p class='ocr_par' dir='ltr' id='par_1_42' title="bbox 136 3957 1713 4028">
     <span class='ocr_line' id='line_1_42' title="bbox 136 3957 1713 4028; baseline 0.004 -18"><span class='ocrx_word' id='word_1_298' title='bbox 136 3957 256 4011; x_wconf 90' lang='lat' dir='ltr'><strong>dum</strong></span> <span class='ocrx_word' id='word_1_299' title='bbox 296 3959 566 4014; x_wconf 89' lang='lat' dir='ltr'><strong>ambitum</strong></span> <span class='ocrx_word' id='word_1_300' title='bbox 597 3973 775 4023; x_wconf 91' lang='lat' dir='ltr'><strong>suum,</strong></span> <span class='ocrx_word' id='word_1_301' title='bbox 805 3958 897 4012; x_wconf 85' lang='lat' dir='ltr'><strong>sed</strong></span> <span class='ocrx_word' id='word_1_302' title='bbox 926 3973 1020 4028; x_wconf 91' lang='lat' dir='ltr'><strong>per</strong></span> <span class='ocrx_word' id='word_1_303' title='bbox 1043 3960 1279 4014; x_wconf 91' lang='lat' dir='ltr'><strong>medium</strong></span> <span class='ocrx_word' id='word_1_304' title='bbox 1306 3960 1516 4017; x_wconf 89' lang='lat' dir='ltr'><strong>duobus</strong></span> <span class='ocrx_word' id='word_1_305' title='bbox 1539 3961 1713 4018; x_wconf 88' lang='lat' dir='ltr'><strong>hemi-</strong></span> 
     </span>
    </p>
   </div>
   <div class='ocr_carea' id='block_1_43' title="bbox 136 4049 1714 4122">
    <p class='ocr_par' dir='ltr' id='par_1_43' title="bbox 136 4049 1714 4122">
     <span class='ocr_line' id='line_1_43' title="bbox 136 4049 1714 4122; baseline 0.004 -20"><span class='ocrx_word' id='word_1_306' title='bbox 136 4049 366 4116; x_wconf 86' lang='lat' dir='ltr'><strong>spheriis</strong></span> <span class='ocrx_word' id='word_1_307' title='bbox 398 4049 601 4105; x_wconf 87' lang='lat' dir='ltr'><strong>divisus</strong></span> <span class='ocrx_word' id='word_1_308' title='bbox 633 4049 956 4105; x_wconf 87' lang='lat' dir='ltr'><strong>diametrum</strong></span> <span class='ocrx_word' id='word_1_309' title='bbox 987 4049 1204 4105; x_wconf 90' lang='lat' dir='ltr'><strong>dicitur.</strong></span> <span class='ocrx_word' id='word_1_310' title='bbox 1238 4049 1426 4122; x_wconf 72' lang='lat' dir='ltr'><strong>~llujus</strong></span> <span class='ocrx_word' id='word_1_311' title='bbox 1466 4053 1714 4109; x_wconf 68' lang='lat' dir='ltr'><strong>diametr‘</strong></span> 
     </span>
    </p>
   </div>
   <div class='ocr_carea' id='block_1_44' title="bbox 135 4140 1715 4216">
    <p class='ocr_par' dir='ltr' id='par_1_44' title="bbox 135 4140 1715 4216">
     <span class='ocr_line' id='line_1_44' title="bbox 135 4140 1715 4216; baseline 0.006 -24"><span class='ocrx_word' id='word_1_312' title='bbox 135 4140 526 4212; x_wconf 79' lang='lat' dir='ltr'><strong>longitudinem</strong></span> <span class='ocrx_word' id='word_1_313' title='bbox 555 4142 762 4198; x_wconf 89' lang='lat' dir='ltr'><strong>circino</strong></span> <span class='ocrx_word' id='word_1_314' title='bbox 790 4141 1182 4212; x_wconf 74' lang='lat' dir='ltr'><strong>deprehensam</strong></span> <span class='ocrx_word' id='word_1_315' title='bbox 1223 4145 1407 4199; x_wconf 88' lang='lat' dir='ltr'><strong>statim</strong></span> <span class='ocrx_word' id='word_1_316' title='bbox 1451 4154 1572 4216; x_wconf 85' lang='lat' dir='ltr'><strong>post</strong></span> <span class='ocrx_word' id='word_1_317' title='bbox 1601 4147 1715 4216; x_wconf 90' lang='lat' dir='ltr'><strong>pri-</strong></span> 
     </span>
    </p>
   </div>
   <div class='ocr_carea' id='block_1_45' title="bbox 134 4234 1718 4308">
    <p class='ocr_par' dir='ltr' id='par_1_45' title="bbox 134 4234 1718 4308">
     <span class='ocr_line' id='line_1_45' title="bbox 134 4234 1718 4308; baseline 0.003 -18"><span class='ocrx_word' id='word_1_318' title='bbox 134 4247 232 4290; x_wconf 71' lang='lat' dir='ltr'><strong>ma:</strong></span> <span class='ocrx_word' id='word_1_319' title='bbox 289 4234 487 4289; x_wconf 73' lang='lat' dir='ltr'><strong>ﬁstula:</strong></span> <span class='ocrx_word' id='word_1_320' title='bbox 535 4234 972 4290; x_wconf 78' lang='lat' dir='ltr'><strong>informationem</strong></span> <span class='ocrx_word' id='word_1_321' title='bbox 1027 4235 1078 4288; x_wconf 93' lang='lat' dir='ltr'><strong>in</strong></span> <span class='ocrx_word' id='word_1_322' title='bbox 1115 4237 1428 4294; x_wconf 88' lang='lat' dir='ltr'><strong>summitate</strong></span> <span class='ocrx_word' id='word_1_323' title='bbox 1478 4237 1718 4308; x_wconf 89' lang='lat' dir='ltr'><strong>ejusdem</strong></span> 
     </span>
    </p>
   </div>
   <div class='ocr_carea' id='block_1_46' title="bbox 133 4323 1720 4401">
    <p class='ocr_par' dir='ltr' id='par_1_46' title="bbox 133 4323 1720 4401">
     <span class='ocr_line' id='line_1_46' title="bbox 133 4323 1720 4401; baseline 0.007 -27"><span class='ocrx_word' id='word_1_324' title='bbox 133 4323 320 4392; x_wconf 84' lang='lat' dir='ltr'><strong>primae</strong></span> <span class='ocrx_word' id='word_1_325' title='bbox 351 4323 546 4381; x_wconf 71' lang='lat' dir='ltr'><strong>ﬁstula:</strong></span> <span class='ocrx_word' id='word_1_326' title='bbox 592 4325 802 4382; x_wconf 86' lang='lat' dir='ltr'><strong>duabus</strong></span> <span class='ocrx_word' id='word_1_327' title='bbox 847 4325 1002 4382; x_wconf 90' lang='lat' dir='ltr'><strong>lineis</strong></span> <span class='ocrx_word' id='word_1_328' title='bbox 1031 4327 1326 4396; x_wconf 68' lang='lat' dir='ltr'><strong>aequalibus</strong></span> <span class='ocrx_word' id='word_1_329' title='bbox 1363 4329 1612 4401; x_wconf 81' lang='lat' dir='ltr'><strong>depiuge,</strong></span> <span class='ocrx_word' id='word_1_330' title='bbox 1665 4341 1720 4386; x_wconf 91' lang='lat' dir='ltr'><strong>et</strong></span> 
     </span>
    </p>
   </div>
   <div class='ocr_carea' id='block_1_47' title="bbox 133 4417 1714 4488">
    <p class='ocr_par' dir='ltr' id='par_1_47' title="bbox 133 4417 1714 4488">
     <span class='ocr_line' id='line_1_47' title="bbox 133 4417 1714 4488; baseline 0.006 -21"><span class='ocrx_word' id='word_1_331' title='bbox 133 4429 288 4468; x_wconf 87' lang='lat' dir='ltr'><strong>uuam</strong></span> <span class='ocrx_word' id='word_1_332' title='bbox 310 4431 502 4471; x_wconf 89' lang='lat' dir='ltr'><strong>earum</strong></span> <span class='ocrx_word' id='word_1_333' title='bbox 533 4417 586 4471; x_wconf 93' lang='lat' dir='ltr'><strong>in</strong></span> <span class='ocrx_word' id='word_1_334' title='bbox 608 4425 753 4484; x_wconf 89' lang='lat' dir='ltr'><strong>octo,</strong></span> <span class='ocrx_word' id='word_1_335' title='bbox 774 4418 998 4474; x_wconf 84' lang='lat' dir='ltr'><strong>alteram</strong></span> <span class='ocrx_word' id='word_1_336' title='bbox 1018 4421 1070 4476; x_wconf 90' lang='lat' dir='ltr'><strong>in</strong></span> <span class='ocrx_word' id='word_1_337' title='bbox 1096 4420 1231 4476; x_wconf 88' lang='lat' dir='ltr'><strong>duas</strong></span> <span class='ocrx_word' id='word_1_338' title='bbox 1253 4420 1386 4477; x_wconf 82' lang='lat' dir='ltr'><strong>etin</strong></span> <span class='ocrx_word' id='word_1_339' title='bbox 1413 4429 1552 4488; x_wconf 87' lang='lat' dir='ltr'><strong>tres;</strong></span> <span class='ocrx_word' id='word_1_340' title='bbox 1577 4431 1632 4476; x_wconf 90' lang='lat' dir='ltr'><strong>et</strong></span> <span class='ocrx_word' id='word_1_341' title='bbox 1663 4423 1714 4477; x_wconf 92' lang='lat' dir='ltr'><strong>iu</strong></span> 
     </span>
    </p>
   </div>
   <div class='ocr_carea' id='block_1_48' title="bbox 133 4511 1795 4596">
    <p class='ocr_par' dir='ltr' id='par_1_48' title="bbox 133 4511 1795 4596">
     <span class='ocr_line' id='line_1_48' title="bbox 133 4511 1795 4596; baseline 0.007 -37"><span class='ocrx_word' id='word_1_342' title='bbox 133 4516 365 4576; x_wconf 87' lang='lat' dir='ltr'><strong>quatuor</strong></span> <span class='ocrx_word' id='word_1_343' title='bbox 389 4524 570 4580; x_wconf 79' lang='lat' dir='ltr'><strong>aequas</strong></span> <span class='ocrx_word' id='word_1_344' title='bbox 589 4520 771 4579; x_wconf 90' lang='lat' dir='ltr'><strong>partes</strong></span> <span class='ocrx_word' id='word_1_345' title='bbox 793 4513 992 4581; x_wconf 87' lang='lat' dir='ltr'><strong>divide,</strong></span> <span class='ocrx_word' id='word_1_346' title='bbox 1020 4523 1074 4596; x_wconf 76' lang='lat' dir='ltr'><strong>et</strong></span> <span class='ocrx_word' id='word_1_347' title='bbox 1115 4521 1236 4585; x_wconf 89' lang='lat' dir='ltr'><strong>post</strong></span> <span class='ocrx_word' id='word_1_348' title='bbox 1273 4513 1388 4570; x_wconf 81' lang='lat' dir='ltr'><strong>haec</strong></span> <span class='ocrx_word' id='word_1_349' title='bbox 1413 4523 1524 4568; x_wconf 88' lang='lat' dir='ltr'><strong>tota</strong></span> <span class='ocrx_word' id='word_1_350' title='bbox 1551 4511 1795 4590; x_wconf 66' lang='lat' dir='ltr'><strong>men-&#39;1)</strong></span> 
     </span>
    </p>
   </div>
   <div class='ocr_carea' id='block_1_49' title="bbox 133 4600 1716 4672">
    <p class='ocr_par' dir='ltr' id='par_1_49' title="bbox 133 4600 1716 4672">
     <span class='ocr_line' id='line_1_49' title="bbox 133 4600 1716 4672; baseline 0.004 -20"><span class='ocrx_word' id='word_1_351' title='bbox 133 4613 254 4653; x_wconf 87' lang='lat' dir='ltr'><strong>sura</strong></span> <span class='ocrx_word' id='word_1_352' title='bbox 295 4600 394 4655; x_wconf 91' lang='lat' dir='ltr'><strong>tibi</strong></span> <span class='ocrx_word' id='word_1_353' title='bbox 450 4602 558 4656; x_wconf 89' lang='lat' dir='ltr'><strong>erit</strong></span> <span class='ocrx_word' id='word_1_354' title='bbox 604 4601 872 4659; x_wconf 81' lang='lat' dir='ltr'><strong>facillima.</strong></span> <span class='ocrx_word' id='word_1_355' title='bbox 925 4604 1228 4661; x_wconf 88' lang='lat' dir='ltr'><strong>Secundam</strong></span> <span class='ocrx_word' id='word_1_356' title='bbox 1283 4612 1462 4658; x_wconf 85' lang='lat' dir='ltr'><strong>autem</strong></span> <span class='ocrx_word' id='word_1_357' title='bbox 1494 4620 1522 4656; x_wconf 92' lang='lat' dir='ltr'><strong>a</strong></span> <span class='ocrx_word' id='word_1_358' title='bbox 1540 4602 1716 4672; x_wconf 78' lang='lat' dir='ltr'><strong>prima</strong></span> 
     </span>
    </p>
   </div>
   <div class='ocr_carea' id='block_1_50' title="bbox 134 4693 1718 4765">
    <p class='ocr_par' dir='ltr' id='par_1_50' title="bbox 134 4693 1718 4765">
     <span class='ocr_line' id='line_1_50' title="bbox 134 4693 1718 4765; baseline 0.003 -21"><span class='ocrx_word' id='word_1_359' title='bbox 134 4701 452 4762; x_wconf 84' lang='lat' dir='ltr'><strong>sumpturus</strong></span> <span class='ocrx_word' id='word_1_360' title='bbox 473 4701 720 4748; x_wconf 87' lang='lat' dir='ltr'><strong>octavam</strong></span> <span class='ocrx_word' id='word_1_361' title='bbox 753 4695 998 4751; x_wconf 86' lang='lat' dir='ltr'><strong>diametri</strong></span> <span class='ocrx_word' id='word_1_362' title='bbox 1027 4695 1266 4765; x_wconf 80' lang='lat' dir='ltr'><strong>ejusdem</strong></span> <span class='ocrx_word' id='word_1_363' title='bbox 1299 4695 1488 4764; x_wconf 77' lang='lat' dir='ltr'><strong>prima:</strong></span> <span class='ocrx_word' id='word_1_364' title='bbox 1525 4693 1718 4756; x_wconf 74' lang='lat' dir='ltr'><strong>ﬁstula:</strong></span> 
     </span>
    </p>
   </div>
   <div class='ocr_carea' id='block_1_51' title="bbox 111 4780 1716 4857">
    <p class='ocr_par' dir='ltr' id='par_1_51' title="bbox 111 4780 1716 4857">
     <span class='ocr_line' id='line_1_51' title="bbox 111 4780 1716 4857; baseline 0.005 -25"><span class='ocrx_word' id='word_1_365' title='bbox 111 4780 458 4852; x_wconf 78' lang='lat' dir='ltr'><strong>&#39;longitudiui</strong></span> <span class='ocrx_word' id='word_1_366' title='bbox 490 4782 665 4850; x_wconf 81' lang='lat' dir='ltr'><strong>aufer,</strong></span> <span class='ocrx_word' id='word_1_367' title='bbox 713 4785 977 4855; x_wconf 89' lang='lat' dir='ltr'><strong>reliquum</strong></span> <span class='ocrx_word' id='word_1_368' title='bbox 1028 4787 1146 4857; x_wconf 87' lang='lat' dir='ltr'><strong>ejus</strong></span> <span class='ocrx_word' id='word_1_369' title='bbox 1183 4787 1418 4856; x_wconf 84' lang='lat' dir='ltr'><strong>spatium</strong></span> <span class='ocrx_word' id='word_1_370' title='bbox 1450 4800 1618 4854; x_wconf 87' lang='lat' dir='ltr'><strong>usque</strong></span> <span class='ocrx_word' id='word_1_371' title='bbox 1648 4785 1716 4840; x_wconf 91' lang='lat' dir='ltr'><strong>ad</strong></span> 
     </span>
    </p>
   </div>
   <div class='ocr_carea' id='block_1_52' title="bbox 135 4869 1717 4944">
    <p class='ocr_par' dir='ltr' id='par_1_52' title="bbox 135 4869 1717 4944">
     <span class='ocr_line' id='line_1_52' title="bbox 135 4869 1717 4944; baseline 0.008 -24"><span class='ocrx_word' id='word_1_372' title='bbox 135 4869 402 4937; x_wconf 86' lang='lat' dir='ltr'><strong>plectrum</strong></span> <span class='ocrx_word' id='word_1_373' title='bbox 459 4873 511 4926; x_wconf 93' lang='lat' dir='ltr'><strong>in</strong></span> <span class='ocrx_word' id='word_1_374' title='bbox 563 4882 687 4929; x_wconf 93' lang='lat' dir='ltr'><strong>octo</strong></span> <span class='ocrx_word' id='word_1_375' title='bbox 739 4876 982 4944; x_wconf 88' lang='lat' dir='ltr'><strong>partire,</strong></span> <span class='ocrx_word' id='word_1_376' title='bbox 1035 4887 1091 4932; x_wconf 92' lang='lat' dir='ltr'><strong>et</strong></span> <span class='ocrx_word' id='word_1_377' title='bbox 1125 4891 1262 4931; x_wconf 90' lang='lat' dir='ltr'><strong>nona</strong></span> <span class='ocrx_word' id='word_1_378' title='bbox 1301 4875 1356 4930; x_wconf 89' lang='lat' dir='ltr'><strong>in</strong></span> <span class='ocrx_word' id='word_1_379' title='bbox 1402 4875 1717 4932; x_wconf 83' lang='lat' dir='ltr'><strong>summitate</strong></span> 
     </span>
    </p>
   </div>
   <div class='ocr_carea' id='block_1_53' title="bbox 138 4961 1718 5030">
    <p class='ocr_par' dir='ltr' id='par_1_53' title="bbox 138 4961 1718 5030">
     <span class='ocr_line' id='line_1_53' title="bbox 138 4961 1718 5030; baseline 0.005 -18"><span class='ocrx_word' id='word_1_380' title='bbox 138 4961 363 5030; x_wconf 76' lang='lat' dir='ltr'><strong>rejecta,</strong></span> <span class='ocrx_word' id='word_1_381' title='bbox 395 4962 621 5018; x_wconf 87' lang='lat' dir='ltr'><strong>habebis</strong></span> <span class='ocrx_word' id='word_1_382' title='bbox 646 4965 974 5024; x_wconf 72' lang='lat' dir='ltr'><strong>secundam.</strong></span> <span class='ocrx_word' id='word_1_383' title='bbox 1004 4964 1239 5028; x_wconf 86' lang='lat' dir='ltr'><strong>Tertiam</strong></span> <span class='ocrx_word' id='word_1_384' title='bbox 1269 4965 1585 5021; x_wconf 87' lang='lat' dir='ltr'><strong>inventurus</strong></span> <span class='ocrx_word' id='word_1_385' title='bbox 1630 4979 1718 5020; x_wconf 83' lang='lat' dir='ltr'><strong>se-</strong></span> 
     </span>
    </p>
   </div>
   <div class='ocr_carea' id='block_1_54' title="bbox 135 5054 1714 5126">
    <p class='ocr_par' dir='ltr' id='par_1_54' title="bbox 135 5054 1714 5126">
     <span class='ocr_line' id='line_1_54' title="bbox 135 5054 1714 5126; baseline 0.003 -20"><span class='ocrx_word' id='word_1_386' title='bbox 135 5055 324 5108; x_wconf 75' lang='lat' dir='ltr'><strong>cundae</strong></span> <span class='ocrx_word' id='word_1_387' title='bbox 359 5054 550 5110; x_wconf 82' lang='lat' dir='ltr'><strong>ﬁstulae</strong></span> <span class='ocrx_word' id='word_1_388' title='bbox 593 5055 914 5126; x_wconf 73' lang='lat' dir='ltr'><strong>longitudini</strong></span> <span class='ocrx_word' id='word_1_389' title='bbox 969 5067 1219 5112; x_wconf 87' lang='lat' dir='ltr'><strong>octavam</strong></span> <span class='ocrx_word' id='word_1_390' title='bbox 1269 5055 1518 5112; x_wconf 88' lang='lat' dir='ltr'><strong>diametri</strong></span> <span class='ocrx_word' id='word_1_391' title='bbox 1562 5054 1714 5120; x_wconf 92' lang='lat' dir='ltr'><strong>tolle,</strong></span> 
     </span>
    </p>
   </div>
   <div class='ocr_carea' id='block_1_55' title="bbox 137 5146 1714 5219">
    <p class='ocr_par' dir='ltr' id='par_1_55' title="bbox 137 5146 1714 5219">
     <span class='ocr_line' id='line_1_55' title="bbox 137 5146 1714 5219; baseline 0.004 -22"><span class='ocrx_word' id='word_1_392' title='bbox 137 5146 410 5201; x_wconf 86' lang='lat' dir='ltr'><strong>residuum</strong></span> <span class='ocrx_word' id='word_1_393' title='bbox 438 5146 556 5216; x_wconf 84' lang='lat' dir='ltr'><strong>ejus</strong></span> <span class='ocrx_word' id='word_1_394' title='bbox 589 5149 825 5218; x_wconf 88' lang='lat' dir='ltr'><strong>spatium</strong></span> <span class='ocrx_word' id='word_1_395' title='bbox 853 5165 1022 5219; x_wconf 90' lang='lat' dir='ltr'><strong>usque</strong></span> <span class='ocrx_word' id='word_1_396' title='bbox 1045 5150 1112 5204; x_wconf 89' lang='lat' dir='ltr'><strong>ad</strong></span> <span class='ocrx_word' id='word_1_397' title='bbox 1138 5148 1402 5218; x_wconf 87' lang='lat' dir='ltr'><strong>plectrum</strong></span> <span class='ocrx_word' id='word_1_398' title='bbox 1436 5149 1488 5201; x_wconf 94' lang='lat' dir='ltr'><strong>in</strong></span> <span class='ocrx_word' id='word_1_399' title='bbox 1523 5161 1714 5202; x_wconf 86' lang='lat' dir='ltr'><strong>novem</strong></span> 
     </span>
    </p>
   </div>
   <div class='ocr_carea' id='block_1_56' title="bbox 135 5233 1718 5308">
    <p class='ocr_par' dir='ltr' id='par_1_56' title="bbox 135 5233 1718 5308">
     <span class='ocr_line' id='line_1_56' title="bbox 135 5233 1718 5308; baseline 0.003 -21"><span class='ocrx_word' id='word_1_400' title='bbox 135 5233 337 5301; x_wconf 86' lang='lat' dir='ltr'><strong>divide,</strong></span> <span class='ocrx_word' id='word_1_401' title='bbox 367 5249 421 5292; x_wconf 91' lang='lat' dir='ltr'><strong>et</strong></span> <span class='ocrx_word' id='word_1_402' title='bbox 456 5253 598 5292; x_wconf 88' lang='lat' dir='ltr'><strong>nona</strong></span> <span class='ocrx_word' id='word_1_403' title='bbox 621 5249 775 5308; x_wconf 88' lang='lat' dir='ltr'><strong>parte</strong></span> <span class='ocrx_word' id='word_1_404' title='bbox 809 5240 862 5294; x_wconf 92' lang='lat' dir='ltr'><strong>in</strong></span> <span class='ocrx_word' id='word_1_405' title='bbox 891 5239 1203 5295; x_wconf 88' lang='lat' dir='ltr'><strong>summitate</strong></span> <span class='ocrx_word' id='word_1_406' title='bbox 1227 5237 1589 5308; x_wconf 65' lang='lat' dir='ltr'><strong>praetermissa</strong></span> <span class='ocrx_word' id='word_1_407' title='bbox 1613 5247 1718 5292; x_wconf 87' lang='lat' dir='ltr'><strong>ter-</strong></span> 
     </span>
    </p>
   </div>
   <div class='ocr_carea' id='block_1_57' title="bbox 139 5325 1715 5399">
    <p class='ocr_par' dir='ltr' id='par_1_57' title="bbox 139 5325 1715 5399">
     <span class='ocr_line' id='line_1_57' title="bbox 139 5325 1715 5399; baseline 0.002 -20"><span class='ocrx_word' id='word_1_408' title='bbox 139 5325 266 5380; x_wconf 84' lang='lat' dir='ltr'><strong>tiam</strong></span> <span class='ocrx_word' id='word_1_409' title='bbox 293 5325 570 5383; x_wconf 86' lang='lat' dir='ltr'><strong>invenisti.</strong></span> <span class='ocrx_word' id='word_1_410' title='bbox 621 5329 881 5396; x_wconf 84' lang='lat' dir='ltr'><strong>Quartam</strong></span> <span class='ocrx_word' id='word_1_411' title='bbox 933 5331 1260 5399; x_wconf 70' lang='lat' dir='ltr'><strong>quzesiturus</strong></span> <span class='ocrx_word' id='word_1_412' title='bbox 1295 5329 1484 5397; x_wconf 69' lang='lat' dir='ltr'><strong>prima:</strong></span> <span class='ocrx_word' id='word_1_413' title='bbox 1523 5329 1715 5383; x_wconf 80' lang='lat' dir='ltr'><strong>ﬁstula:</strong></span> 
     </span>
    </p>
   </div>
   <div class='ocr_carea' id='block_1_58' title="bbox 136 5417 1712 5490">
    <p class='ocr_par' dir='ltr' id='par_1_58' title="bbox 136 5417 1712 5490">
     <span class='ocr_line' id='line_1_58' title="bbox 136 5417 1712 5490; baseline 0.004 -20"><span class='ocrx_word' id='word_1_414' title='bbox 136 5417 460 5488; x_wconf 78' lang='lat' dir='ltr'><strong>longitudini</strong></span> <span class='ocrx_word' id='word_1_415' title='bbox 497 5422 709 5477; x_wconf 89' lang='lat' dir='ltr'><strong>tertiam</strong></span> <span class='ocrx_word' id='word_1_416' title='bbox 734 5422 983 5478; x_wconf 88' lang='lat' dir='ltr'><strong>diametri</strong></span> <span class='ocrx_word' id='word_1_417' title='bbox 1027 5421 1228 5486; x_wconf 85' lang='lat' dir='ltr'><strong>adime,</strong></span> <span class='ocrx_word' id='word_1_418' title='bbox 1277 5419 1543 5490; x_wconf 87' lang='lat' dir='ltr'><strong>reliquum</strong></span> <span class='ocrx_word' id='word_1_419' title='bbox 1594 5418 1712 5488; x_wconf 86' lang='lat' dir='ltr'><strong>ejus</strong></span> 
     </span>
    </p>
   </div>
   <div class='ocr_carea' id='block_1_59' title="bbox 135 5511 1714 5587">
    <p class='ocr_par' dir='ltr' id='par_1_59' title="bbox 135 5511 1714 5587">
     <span class='ocr_line' id='line_1_59' title="bbox 135 5511 1714 5587; baseline 0.003 -23"><span class='ocrx_word' id='word_1_420' title='bbox 135 5513 368 5580; x_wconf 83' lang='lat' dir='ltr'><strong>spatium</strong></span> <span class='ocrx_word' id='word_1_421' title='bbox 405 5529 578 5586; x_wconf 82' lang='lat' dir='ltr'><strong>usque</strong></span> <span class='ocrx_word' id='word_1_422' title='bbox 609 5517 673 5571; x_wconf 89' lang='lat' dir='ltr'><strong>ad</strong></span> <span class='ocrx_word' id='word_1_423' title='bbox 706 5516 983 5587; x_wconf 80' lang='lat' dir='ltr'><strong>‘plectrum</strong></span> <span class='ocrx_word' id='word_1_424' title='bbox 1032 5515 1084 5568; x_wconf 92' lang='lat' dir='ltr'><strong>in</strong></span> <span class='ocrx_word' id='word_1_425' title='bbox 1135 5521 1370 5583; x_wconf 89' lang='lat' dir='ltr'><strong>quatuor</strong></span> <span class='ocrx_word' id='word_1_426' title='bbox 1419 5511 1618 5581; x_wconf 86' lang='lat' dir='ltr'><strong>divide,</strong></span> <span class='ocrx_word' id='word_1_427' title='bbox 1658 5523 1714 5568; x_wconf 89' lang='lat' dir='ltr'><strong>et</strong></span> 
     </span>
    </p>
   </div>
   <div class='ocr_carea' id='block_1_60' title="bbox 1825 558 3408 641">
    <p class='ocr_par' dir='ltr' id='par_1_60' title="bbox 1825 558 3408 641">
     <span class='ocr_line' id='line_1_60' title="bbox 1825 558 3408 641; baseline 0.011 -32"><span class='ocrx_word' id='word_1_428' title='bbox 1825 571 1984 610; x_wconf 87' lang='lat' dir='ltr'><strong>sarou</strong></span> <span class='ocrx_word' id='word_1_429' title='bbox 2017 558 2287 615; x_wconf 79' lang='lat' dir='ltr'><strong>addidisti.</strong></span> <span class='ocrx_word' id='word_1_430' title='bbox 2327 563 2579 629; x_wconf 81' lang='lat' dir='ltr'><strong>Quintam</strong></span> <span class='ocrx_word' id='word_1_431' title='bbox 2613 577 2925 636; x_wconf 89' lang='lat' dir='ltr'><strong>reperturus</strong></span> <span class='ocrx_word' id='word_1_432' title='bbox 2964 571 3155 641; x_wconf 77' lang='lat' dir='ltr'><strong>prima:</strong></span> <span class='ocrx_word' id='word_1_433' title='bbox 3210 571 3408 627; x_wconf 61' lang='lat' dir='ltr'><strong>ﬁstulas</strong></span> 
     </span>
    </p>
   </div>
   <div class='ocr_carea' id='block_1_61' title="bbox 1824 647 3404 734">
    <p class='ocr_par' dir='ltr' id='par_1_61' title="bbox 1824 647 3404 734">
     <span class='ocr_line' id='line_1_61' title="bbox 1824 647 3404 734; baseline 0.013 -34"><span class='ocrx_word' id='word_1_434' title='bbox 1824 647 2073 704; x_wconf 90' lang='lat' dir='ltr'><strong>diametri</strong></span> <span class='ocrx_word' id='word_1_435' title='bbox 2107 651 2450 709; x_wconf 88' lang='lat' dir='ltr'><strong>medietatem</strong></span> <span class='ocrx_word' id='word_1_436' title='bbox 2482 656 2752 727; x_wconf 83' lang='lat' dir='ltr'><strong>disjnnge,</strong></span> <span class='ocrx_word' id='word_1_437' title='bbox 2783 660 3048 729; x_wconf 87' lang='lat' dir='ltr'><strong>reliquum</strong></span> <span class='ocrx_word' id='word_1_438' title='bbox 3081 661 3199 730; x_wconf 89' lang='lat' dir='ltr'><strong>ejus</strong></span> <span class='ocrx_word' id='word_1_439' title='bbox 3230 678 3404 734; x_wconf 84' lang='lat' dir='ltr'><strong>usque</strong></span> 
     </span>
    </p>
   </div>
   <div class='ocr_carea' id='block_1_62' title="bbox 1822 741 3404 820">
    <p class='ocr_par' dir='ltr' id='par_1_62' title="bbox 1822 741 3404 820">
     <span class='ocr_line' id='line_1_62' title="bbox 1822 741 3404 820; baseline 0.013 -27"><span class='ocrx_word' id='word_1_440' title='bbox 1822 741 1887 794; x_wconf 89' lang='lat' dir='ltr'><strong>ad</strong></span> <span class='ocrx_word' id='word_1_441' title='bbox 1915 741 2176 811; x_wconf 90' lang='lat' dir='ltr'><strong>plectrum</strong></span> <span class='ocrx_word' id='word_1_442' title='bbox 2202 746 2436 815; x_wconf 88' lang='lat' dir='ltr'><strong>spatium</strong></span> <span class='ocrx_word' id='word_1_443' title='bbox 2465 746 2516 802; x_wconf 91' lang='lat' dir='ltr'><strong>in</strong></span> <span class='ocrx_word' id='word_1_444' title='bbox 2551 749 2650 802; x_wconf 88' lang='lat' dir='ltr'><strong>tria</strong></span> <span class='ocrx_word' id='word_1_445' title='bbox 2678 751 2872 816; x_wconf 88' lang='lat' dir='ltr'><strong>divide,</strong></span> <span class='ocrx_word' id='word_1_446' title='bbox 2893 762 2969 820; x_wconf 88' lang='lat' dir='ltr'><strong>et,</strong></span> <span class='ocrx_word' id='word_1_447' title='bbox 2990 754 3148 811; x_wconf 89' lang='lat' dir='ltr'><strong>tertia</strong></span> <span class='ocrx_word' id='word_1_448' title='bbox 3173 754 3226 810; x_wconf 91' lang='lat' dir='ltr'><strong>in</strong></span> <span class='ocrx_word' id='word_1_449' title='bbox 3255 771 3404 812; x_wconf 90' lang='lat' dir='ltr'><strong>sum-</strong></span> 
     </span>
    </p>
   </div>
   <div class='ocr_carea' id='block_1_63' title="bbox 1822 835 3399 918">
    <p class='ocr_par' dir='ltr' id='par_1_63' title="bbox 1822 835 3399 918">
     <span class='ocr_line' id='line_1_63' title="bbox 1822 835 3399 918; baseline 0.01 -31"><span class='ocrx_word' id='word_1_450' title='bbox 1822 835 2008 891; x_wconf 84' lang='lat' dir='ltr'><strong>mitate</strong></span> <span class='ocrx_word' id='word_1_451' title='bbox 2037 851 2314 907; x_wconf 83' lang='lat' dir='ltr'><strong>separata,</strong></span> <span class='ocrx_word' id='word_1_452' title='bbox 2354 841 2596 910; x_wconf 88' lang='lat' dir='ltr'><strong>quintam</strong></span> <span class='ocrx_word' id='word_1_453' title='bbox 2627 857 2750 896; x_wconf 90' lang='lat' dir='ltr'><strong>cum</strong></span> <span class='ocrx_word' id='word_1_454' title='bbox 2785 844 3036 913; x_wconf 88' lang='lat' dir='ltr'><strong>diapente</strong></span> <span class='ocrx_word' id='word_1_455' title='bbox 3065 848 3399 918; x_wconf 78' lang='lat' dir='ltr'><strong>aggregasti.</strong></span> 
     </span>
    </p>
   </div>
   <div class='ocr_carea' id='block_1_64' title="bbox 1824 917 3403 1010">
    <p class='ocr_par' dir='ltr' id='par_1_64' title="bbox 1824 917 3403 1010">
     <span class='ocr_line' id='line_1_64' title="bbox 1824 917 3403 1010; baseline 0.011 -31"><span class='ocrx_word' id='word_1_456' title='bbox 1824 925 2044 982; x_wconf 82' lang='lat' dir='ltr'><strong>Sextam</strong></span> <span class='ocrx_word' id='word_1_457' title='bbox 2100 917 2446 1000; x_wconf 85' lang='lat' dir='ltr'><strong>appositurus</strong></span> <span class='ocrx_word' id='word_1_458' title='bbox 2496 932 2745 1006; x_wconf 75' lang='lat' dir='ltr'><strong>secundae</strong></span> <span class='ocrx_word' id='word_1_459' title='bbox 2813 934 3008 992; x_wconf 73' lang='lat' dir='ltr'><strong>ﬁstula:</strong></span> <span class='ocrx_word' id='word_1_460' title='bbox 3077 917 3403 1010; x_wconf 82' lang='lat' dir='ltr'><strong>longitudini</strong></span> 
     </span>
    </p>
   </div>
   <div class='ocr_carea' id='block_1_65' title="bbox 1704 1018 3416 1100">
    <p class='ocr_par' dir='ltr' id='par_1_65' title="bbox 1704 1018 3416 1100">
     <span class='ocr_line' id='line_1_65' title="bbox 1704 1018 3416 1100; baseline 0.005 -29"><span class='ocrx_word' id='word_1_461' title='bbox 1704 1042 1712 1054; x_wconf 90' lang='lat'><strong><em>-</em></strong></span> <span class='ocrx_word' id='word_1_462' title='bbox 1777 1075 1782 1078; x_wconf 95' lang='lat'><strong><em>_</em></strong></span> <span class='ocrx_word' id='word_1_463' title='bbox 1825 1018 1952 1073; x_wconf 89' lang='lat' dir='ltr'><strong>item</strong></span> <span class='ocrx_word' id='word_1_464' title='bbox 1975 1021 2323 1077; x_wconf 78' lang='lat' dir='ltr'><strong>medietatem</strong></span> <span class='ocrx_word' id='word_1_465' title='bbox 2369 1022 2621 1079; x_wconf 90' lang='lat' dir='ltr'><strong>diametri</strong></span> <span class='ocrx_word' id='word_1_466' title='bbox 2665 1025 2904 1090; x_wconf 85' lang='lat' dir='ltr'><strong>abscide,</strong></span> <span class='ocrx_word' id='word_1_467' title='bbox 2957 1026 3224 1097; x_wconf 91' lang='lat' dir='ltr'><strong>reliquum</strong></span> <span class='ocrx_word' id='word_1_468' title='bbox 3285 1030 3416 1100; x_wconf 88' lang='lat' dir='ltr'><strong>ejus.</strong></span> 
     </span>
    </p>
   </div>
   <div class='ocr_carea' id='block_1_66' title="bbox 1823 1111 3402 1184">
    <p class='ocr_par' dir='ltr' id='par_1_66' title="bbox 1823 1111 3402 1184">
     <span class='ocr_line' id='line_1_66' title="bbox 1823 1111 3402 1184; baseline 0.006 -21"><span class='ocrx_word' id='word_1_469' title='bbox 1823 1111 2056 1179; x_wconf 85' lang='lat' dir='ltr'><strong>spatium</strong></span> <span class='ocrx_word' id='word_1_470' title='bbox 2108 1112 2162 1166; x_wconf 91' lang='lat' dir='ltr'><strong>in</strong></span> <span class='ocrx_word' id='word_1_471' title='bbox 2221 1123 2330 1168; x_wconf 86' lang='lat' dir='ltr'><strong>tres</strong></span> <span class='ocrx_word' id='word_1_472' title='bbox 2381 1115 2608 1184; x_wconf 88' lang='lat' dir='ltr'><strong>partire,</strong></span> <span class='ocrx_word' id='word_1_473' title='bbox 2659 1124 2714 1171; x_wconf 89' lang='lat' dir='ltr'><strong>et</strong></span> <span class='ocrx_word' id='word_1_474' title='bbox 2764 1116 2924 1171; x_wconf 90' lang='lat' dir='ltr'><strong>tertia</strong></span> <span class='ocrx_word' id='word_1_475' title='bbox 2960 1115 3148 1174; x_wconf 86' lang='lat' dir='ltr'><strong>relicta</strong></span> <span class='ocrx_word' id='word_1_476' title='bbox 3194 1127 3402 1176; x_wconf 86' lang='lat' dir='ltr'><strong>sextam</strong></span> 
     </span>
    </p>
   </div>
   <div class='ocr_carea' id='block_1_67' title="bbox 1824 1201 3404 1278">
    <p class='ocr_par' dir='ltr' id='par_1_67' title="bbox 1824 1201 3404 1278">
     <span class='ocr_line' id='line_1_67' title="bbox 1824 1201 3404 1278; baseline 0.006 -22"><span class='ocrx_word' id='word_1_477' title='bbox 1824 1201 2170 1269; x_wconf 80' lang='lat' dir='ltr'><strong>subjunxisti.</strong></span> <span class='ocrx_word' id='word_1_478' title='bbox 2196 1204 2596 1276; x_wconf 90' lang='lat' dir='ltr'><strong>Synemmenon</strong></span> <span class='ocrx_word' id='word_1_479' title='bbox 2628 1215 2944 1264; x_wconf 90' lang='lat' dir='ltr'><strong>ostensurus</strong></span> <span class='ocrx_word' id='word_1_480' title='bbox 2969 1216 3178 1278; x_wconf 84' lang='lat' dir='ltr'><strong>quartae</strong></span> <span class='ocrx_word' id='word_1_481' title='bbox 3210 1209 3404 1266; x_wconf 57' lang='lat' dir='ltr'><strong>ﬁstulae</strong></span> 
     </span>
    </p>
   </div>
   <div class='ocr_carea' id='block_1_68' title="bbox 1826 1295 3406 1371">
    <p class='ocr_par' dir='ltr' id='par_1_68' title="bbox 1826 1295 3406 1371">
     <span class='ocr_line' id='line_1_68' title="bbox 1826 1295 3406 1371; baseline 0.006 -23"><span class='ocrx_word' id='word_1_482' title='bbox 1826 1295 2042 1350; x_wconf 88' lang='lat' dir='ltr'><strong>tertiam</strong></span> <span class='ocrx_word' id='word_1_483' title='bbox 2069 1296 2318 1352; x_wconf 85' lang='lat' dir='ltr'><strong>diametri</strong></span> <span class='ocrx_word' id='word_1_484' title='bbox 2351 1311 2557 1363; x_wconf 89' lang='lat' dir='ltr'><strong>reseca,</strong></span> <span class='ocrx_word' id='word_1_485' title='bbox 2590 1297 2862 1354; x_wconf 89' lang='lat' dir='ltr'><strong>residuum</strong></span> <span class='ocrx_word' id='word_1_486' title='bbox 2891 1299 2958 1354; x_wconf 91' lang='lat' dir='ltr'><strong>ad</strong></span> <span class='ocrx_word' id='word_1_487' title='bbox 2993 1299 3259 1370; x_wconf 89' lang='lat' dir='ltr'><strong>plectrum</strong></span> <span class='ocrx_word' id='word_1_488' title='bbox 3283 1316 3406 1371; x_wconf 87' lang='lat' dir='ltr'><strong>spa-</strong></span> 
     </span>
    </p>
   </div>
   <div class='ocr_carea' id='block_1_69' title="bbox 1827 1395 3404 1470">
    <p class='ocr_par' dir='ltr' id='par_1_69' title="bbox 1827 1395 3404 1470">
     <span class='ocr_line' id='line_1_69' title="bbox 1827 1395 3404 1470; baseline 0.005 -22"><span class='ocrx_word' id='word_1_489' title='bbox 1827 1395 1958 1448; x_wconf 88' lang='lat' dir='ltr'><strong>tium</strong></span> <span class='ocrx_word' id='word_1_490' title='bbox 2017 1395 2068 1451; x_wconf 88' lang='lat' dir='ltr'><strong>iu</strong></span> <span class='ocrx_word' id='word_1_491' title='bbox 2117 1407 2352 1467; x_wconf 87' lang='lat' dir='ltr'><strong>quatuor</strong></span> <span class='ocrx_word' id='word_1_492' title='bbox 2399 1398 2594 1460; x_wconf 90' lang='lat' dir='ltr'><strong>divide,</strong></span> <span class='ocrx_word' id='word_1_493' title='bbox 2617 1407 2684 1466; x_wconf 87' lang='lat' dir='ltr'><strong>et</strong></span> <span class='ocrx_word' id='word_1_494' title='bbox 2729 1409 2923 1469; x_wconf 88' lang='lat' dir='ltr'><strong>quarta</strong></span> <span class='ocrx_word' id='word_1_495' title='bbox 2984 1409 3141 1470; x_wconf 88' lang='lat' dir='ltr'><strong>parte</strong></span> <span class='ocrx_word' id='word_1_496' title='bbox 3200 1401 3404 1456; x_wconf 70' lang='lat' dir='ltr'><strong>omissa</strong></span> 
     </span>
    </p>
   </div>
   <div class='ocr_carea' id='block_1_70' title="bbox 1823 1472 3414 1560">
    <p class='ocr_par' dir='ltr' id='par_1_70' title="bbox 1823 1472 3414 1560">
     <span class='ocr_line' id='line_1_70' title="bbox 1823 1472 3414 1560; baseline 0.004 -22"><span class='ocrx_word' id='word_1_497' title='bbox 1823 1472 2211 1554; x_wconf 59' lang='lat' dir='ltr'><strong>syneuunbuon</strong></span> <span class='ocrx_word' id='word_1_498' title='bbox 2255 1487 2574 1559; x_wconf 67' lang='lat' dir='ltr'><strong>designasti.</strong></span> <span class='ocrx_word' id='word_1_499' title='bbox 2601 1487 2899 1560; x_wconf 89' lang='lat' dir='ltr'><strong>Septimam</strong></span> <span class='ocrx_word' id='word_1_500' title='bbox 2926 1490 3166 1546; x_wconf 88' lang='lat' dir='ltr'><strong>invenies</strong></span> <span class='ocrx_word' id='word_1_501' title='bbox 3207 1491 3256 1547; x_wconf 90' lang='lat' dir='ltr'><strong>si</strong></span> <span class='ocrx_word' id='word_1_502' title='bbox 3296 1497 3414 1546; x_wconf 72' lang='lat' dir='ltr'><strong>ter—</strong></span> 
     </span>
    </p>
   </div>
   <div class='ocr_carea' id='block_1_71' title="bbox 1827 1573 3396 1650">
    <p class='ocr_par' dir='ltr' id='par_1_71' title="bbox 1827 1573 3396 1650">
     <span class='ocr_line' id='line_1_71' title="bbox 1827 1573 3396 1650; baseline 0.005 -24"><span class='ocrx_word' id='word_1_503' title='bbox 1827 1574 1913 1628; x_wconf 62' lang='lat' dir='ltr'><strong>tiae</strong></span> <span class='ocrx_word' id='word_1_504' title='bbox 1953 1573 2292 1633; x_wconf 83' lang='lat' dir='ltr'><strong>medietatem</strong></span> <span class='ocrx_word' id='word_1_505' title='bbox 2348 1577 2596 1632; x_wconf 84' lang='lat' dir='ltr'><strong>diametri</strong></span> <span class='ocrx_word' id='word_1_506' title='bbox 2647 1579 2972 1650; x_wconf 85' lang='lat' dir='ltr'><strong>amputabis,</strong></span> <span class='ocrx_word' id='word_1_507' title='bbox 3012 1589 3068 1636; x_wconf 89' lang='lat' dir='ltr'><strong>et</strong></span> <span class='ocrx_word' id='word_1_508' title='bbox 3127 1580 3396 1650; x_wconf 88' lang='lat' dir='ltr'><strong>reliquum</strong></span> 
     </span>
    </p>
   </div>
   <div class='ocr_carea' id='block_1_72' title="bbox 1827 1665 3404 1742">
    <p class='ocr_par' dir='ltr' id='par_1_72' title="bbox 1827 1665 3404 1742">
     <span class='ocr_line' id='line_1_72' title="bbox 1827 1665 3404 1742; baseline 0.005 -24"><span class='ocrx_word' id='word_1_509' title='bbox 1827 1665 1881 1718; x_wconf 89' lang='lat' dir='ltr'><strong>in</strong></span> <span class='ocrx_word' id='word_1_510' title='bbox 1909 1675 2019 1722; x_wconf 86' lang='lat' dir='ltr'><strong>tres</strong></span> <span class='ocrx_word' id='word_1_511' title='bbox 2057 1667 2283 1735; x_wconf 82' lang='lat' dir='ltr'><strong>divides,</strong></span> <span class='ocrx_word' id='word_1_512' title='bbox 2315 1678 2370 1724; x_wconf 89' lang='lat' dir='ltr'><strong>et</strong></span> <span class='ocrx_word' id='word_1_513' title='bbox 2399 1669 2560 1724; x_wconf 89' lang='lat' dir='ltr'><strong>tertia</strong></span> <span class='ocrx_word' id='word_1_514' title='bbox 2589 1671 2642 1724; x_wconf 90' lang='lat' dir='ltr'><strong>iu</strong></span> <span class='ocrx_word' id='word_1_515' title='bbox 2672 1671 2988 1727; x_wconf 86' lang='lat' dir='ltr'><strong>summitate</strong></span> <span class='ocrx_word' id='word_1_516' title='bbox 3011 1674 3235 1742; x_wconf 80' lang='lat' dir='ltr'><strong>rejecta,</strong></span> <span class='ocrx_word' id='word_1_517' title='bbox 3276 1686 3404 1742; x_wconf 89' lang='lat' dir='ltr'><strong>sep-</strong></span> 
     </span>
    </p>
   </div>
   <div class='ocr_carea' id='block_1_73' title="bbox 1827 1756 3408 1830">
    <p class='ocr_par' dir='ltr' id='par_1_73' title="bbox 1827 1756 3408 1830">
     <span class='ocr_line' id='line_1_73' title="bbox 1827 1756 3408 1830; baseline 0.004 -22"><span class='ocrx_word' id='word_1_518' title='bbox 1827 1756 2012 1810; x_wconf 89' lang='lat' dir='ltr'><strong>timam</strong></span> <span class='ocrx_word' id='word_1_519' title='bbox 2043 1756 2258 1812; x_wconf 87' lang='lat' dir='ltr'><strong>ﬁualem</strong></span> <span class='ocrx_word' id='word_1_520' title='bbox 2301 1758 2658 1816; x_wconf 88' lang='lat' dir='ltr'><strong>constituisti.</strong></span> <span class='ocrx_word' id='word_1_521' title='bbox 2707 1759 2802 1814; x_wconf 86' lang='lat' dir='ltr'><strong>llis</strong></span> <span class='ocrx_word' id='word_1_522' title='bbox 2832 1760 2902 1814; x_wconf 88' lang='lat' dir='ltr'><strong>ita</strong></span> <span class='ocrx_word' id='word_1_523' title='bbox 2931 1759 3210 1830; x_wconf 88' lang='lat' dir='ltr'><strong>dispositis</strong></span> <span class='ocrx_word' id='word_1_524' title='bbox 3257 1772 3408 1815; x_wconf 89' lang='lat' dir='ltr'><strong>octa—</strong></span> 
     </span>
    </p>
   </div>
   <div class='ocr_carea' id='block_1_74' title="bbox 1750 1823 3405 1918">
    <p class='ocr_par' dir='ltr' id='par_1_74' title="bbox 1750 1823 3405 1918">
     <span class='ocr_line' id='line_1_74' title="bbox 1750 1823 3405 1918; baseline 0.004 -19"><span class='ocrx_word' id='word_1_525' title='bbox 1750 1823 1798 1882; x_wconf 75' lang='grc' dir='ltr'><strong>Β</strong></span> <span class='ocrx_word' id='word_1_526' title='bbox 1829 1862 1946 1902; x_wconf 86' lang='lat' dir='ltr'><strong>vam</strong></span> <span class='ocrx_word' id='word_1_527' title='bbox 1975 1863 2003 1901; x_wconf 90' lang='lat' dir='ltr'><strong>a</strong></span> <span class='ocrx_word' id='word_1_528' title='bbox 2032 1848 2232 1918; x_wconf 85' lang='lat' dir='ltr'><strong>prima,</strong></span> <span class='ocrx_word' id='word_1_529' title='bbox 2258 1863 2454 1904; x_wconf 91' lang='lat' dir='ltr'><strong>nonam</strong></span> <span class='ocrx_word' id='word_1_530' title='bbox 2483 1865 2511 1904; x_wconf 91' lang='lat' dir='ltr'><strong>a</strong></span> <span class='ocrx_word' id='word_1_531' title='bbox 2540 1853 2797 1917; x_wconf 87' lang='lat' dir='ltr'><strong>secunda,</strong></span> <span class='ocrx_word' id='word_1_532' title='bbox 2830 1851 3096 1906; x_wconf 86' lang='lat' dir='ltr'><strong>decimam</strong></span> <span class='ocrx_word' id='word_1_533' title='bbox 3145 1867 3176 1906; x_wconf 88' lang='lat' dir='ltr'><strong>a</strong></span> <span class='ocrx_word' id='word_1_534' title='bbox 3221 1853 3405 1916; x_wconf 88' lang='lat' dir='ltr'><strong>tertia,</strong></span> 
     </span>
    </p>
   </div>
   <div class='ocr_carea' id='block_1_75' title="bbox 1826 1939 3406 2015">
    <p class='ocr_par' dir='ltr' id='par_1_75' title="bbox 1826 1939 3406 2015">
     <span class='ocr_line' id='line_1_75' title="bbox 1826 1939 3406 2015; baseline 0.003 -21"><span class='ocrx_word' id='word_1_535' title='bbox 1826 1939 2154 1995; x_wconf 82' lang='lat' dir='ltr'><strong>undecimau</strong></span> <span class='ocrx_word' id='word_1_536' title='bbox 2195 1956 2225 1996; x_wconf 88' lang='lat' dir='ltr'><strong>a</strong></span> <span class='ocrx_word' id='word_1_537' title='bbox 2249 1951 2466 2012; x_wconf 87' lang='lat' dir='ltr'><strong>quarta,</strong></span> <span class='ocrx_word' id='word_1_538' title='bbox 2503 1943 2876 2002; x_wconf 85' lang='lat' dir='ltr'><strong>duodecimam</strong></span> <span class='ocrx_word' id='word_1_539' title='bbox 2917 1959 2948 1998; x_wconf 89' lang='lat' dir='ltr'><strong>a</strong></span> <span class='ocrx_word' id='word_1_540' title='bbox 2993 1945 3204 2015; x_wconf 88' lang='lat' dir='ltr'><strong>quinta,</strong></span> <span class='ocrx_word' id='word_1_541' title='bbox 3259 1946 3406 2002; x_wconf 90' lang='lat' dir='ltr'><strong>deei-</strong></span> 
     </span>
    </p>
   </div>
   <div class='ocr_carea' id='block_1_76' title="bbox 1825 2031 3405 2108">
    <p class='ocr_par' dir='ltr' id='par_1_76' title="bbox 1825 2031 3405 2108">
     <span class='ocr_line' id='line_1_76' title="bbox 1825 2031 3405 2108; baseline 0.005 -23"><span class='ocrx_word' id='word_1_542' title='bbox 1825 2046 1968 2087; x_wconf 90' lang='lat' dir='ltr'><strong>mam</strong></span> <span class='ocrx_word' id='word_1_543' title='bbox 1993 2031 2204 2086; x_wconf 85' lang='lat' dir='ltr'><strong>tertiam</strong></span> <span class='ocrx_word' id='word_1_544' title='bbox 2237 2048 2267 2086; x_wconf 88' lang='lat' dir='ltr'><strong>a</strong></span> <span class='ocrx_word' id='word_1_545' title='bbox 2300 2044 2476 2099; x_wconf 78' lang='lat' dir='ltr'><strong>sexta,</strong></span> <span class='ocrx_word' id='word_1_546' title='bbox 2507 2033 2733 2091; x_wconf 79' lang='lat' dir='ltr'><strong>inferius</strong></span> <span class='ocrx_word' id='word_1_547' title='bbox 2762 2050 3152 2106; x_wconf 85' lang='lat' dir='ltr'><strong>synemmenon</strong></span> <span class='ocrx_word' id='word_1_548' title='bbox 3178 2052 3208 2092; x_wconf 90' lang='lat' dir='ltr'><strong>a</strong></span> <span class='ocrx_word' id='word_1_549' title='bbox 3239 2051 3405 2108; x_wconf 87' lang='lat' dir='ltr'><strong>supe-</strong></span> 
     </span>
    </p>
   </div>
   <div class='ocr_carea' id='block_1_77' title="bbox 1825 2122 3405 2200">
    <p class='ocr_par' dir='ltr' id='par_1_77' title="bbox 1825 2122 3405 2200">
     <span class='ocr_line' id='line_1_77' title="bbox 1825 2122 3405 2200; baseline 0.005 -23"><span class='ocrx_word' id='word_1_550' title='bbox 1825 2122 1954 2179; x_wconf 90' lang='lat' dir='ltr'><strong>riori</strong></span> <span class='ocrx_word' id='word_1_551' title='bbox 1985 2125 2694 2194; x_wconf 81' lang='lat' dir='ltr'><strong>synemmcnon,&#39;decimam</strong></span> <span class='ocrx_word' id='word_1_552' title='bbox 2723 2139 2975 2200; x_wconf 90' lang='lat' dir='ltr'><strong>quartam</strong></span> <span class='ocrx_word' id='word_1_553' title='bbox 3007 2143 3039 2182; x_wconf 86' lang='lat' dir='ltr'><strong>a</strong></span> <span class='ocrx_word' id='word_1_554' title='bbox 3090 2138 3266 2193; x_wconf 82' lang='lat' dir='ltr'><strong>sexta,</strong></span> <span class='ocrx_word' id='word_1_555' title='bbox 3302 2130 3405 2184; x_wconf 90' lang='lat' dir='ltr'><strong>hoc</strong></span> 
     </span>
    </p>
   </div>
   <div class='ocr_carea' id='block_1_78' title="bbox 1824 2211 3415 2288">
    <p class='ocr_par' dir='ltr' id='par_1_78' title="bbox 1824 2211 3415 2288">
     <span class='ocr_line' id='line_1_78' title="bbox 1824 2211 3415 2288; baseline 0.005 -22"><span class='ocrx_word' id='word_1_556' title='bbox 1824 2211 1984 2267; x_wconf 90' lang='lat' dir='ltr'><strong>modo</strong></span> <span class='ocrx_word' id='word_1_557' title='bbox 2030 2213 2284 2271; x_wconf 80' lang='lat' dir='ltr'><strong>facillime</strong></span> <span class='ocrx_word' id='word_1_558' title='bbox 2310 2213 2607 2284; x_wconf 90' lang='lat' dir='ltr'><strong>ordinabis,</strong></span> <span class='ocrx_word' id='word_1_559' title='bbox 2642 2225 2705 2271; x_wconf 91' lang='lat' dir='ltr'><strong>ut</strong></span> <span class='ocrx_word' id='word_1_560' title='bbox 2731 2217 3021 2288; x_wconf 90' lang='lat' dir='ltr'><strong>unicuique</strong></span> <span class='ocrx_word' id='word_1_561' title='bbox 3061 2217 3415 2288; x_wconf 84' lang='lat' dir='ltr'><strong>superiorum</strong></span> 
     </span>
    </p>
   </div>
   <div class='ocr_carea' id='block_1_79' title="bbox 1823 2303 3407 2380">
    <p class='ocr_par' dir='ltr' id='par_1_79' title="bbox 1823 2303 3407 2380">
     <span class='ocr_line' id='line_1_79' title="bbox 1823 2303 3407 2380; baseline 0.004 -21"><span class='ocrx_word' id='word_1_562' title='bbox 1823 2303 2090 2376; x_wconf 79' lang='lat' dir='ltr'><strong>integrum</strong></span> <span class='ocrx_word' id='word_1_563' title='bbox 2120 2306 2442 2364; x_wconf 86' lang='lat' dir='ltr'><strong>diametrum</strong></span> <span class='ocrx_word' id='word_1_564' title='bbox 2471 2309 2733 2380; x_wconf 80' lang='lat' dir='ltr'><strong>excipias,</strong></span> <span class='ocrx_word' id='word_1_565' title='bbox 2762 2319 2816 2364; x_wconf 88' lang='lat' dir='ltr'><strong>et</strong></span> <span class='ocrx_word' id='word_1_566' title='bbox 2849 2309 3113 2380; x_wconf 90' lang='lat' dir='ltr'><strong>reliquum</strong></span> <span class='ocrx_word' id='word_1_567' title='bbox 3143 2309 3263 2378; x_wconf 88' lang='lat' dir='ltr'><strong>ejus</strong></span> <span class='ocrx_word' id='word_1_568' title='bbox 3287 2325 3407 2380; x_wconf 84' lang='lat' dir='ltr'><strong>spa-</strong></span> 
     </span>
    </p>
   </div>
   <div class='ocr_carea' id='block_1_80' title="bbox 1825 2394 3406 2471">
    <p class='ocr_par' dir='ltr' id='par_1_80' title="bbox 1825 2394 3406 2471">
     <span class='ocr_line' id='line_1_80' title="bbox 1825 2394 3406 2471; baseline 0.004 -21"><span class='ocrx_word' id='word_1_569' title='bbox 1825 2394 1956 2450; x_wconf 91' lang='lat' dir='ltr'><strong>tium</strong></span> <span class='ocrx_word' id='word_1_570' title='bbox 1980 2412 2148 2468; x_wconf 89' lang='lat' dir='ltr'><strong>usque</strong></span> <span class='ocrx_word' id='word_1_571' title='bbox 2189 2399 2258 2454; x_wconf 88' lang='lat' dir='ltr'><strong>ad</strong></span> <span class='ocrx_word' id='word_1_572' title='bbox 2287 2399 2552 2468; x_wconf 89' lang='lat' dir='ltr'><strong>plectrum</strong></span> <span class='ocrx_word' id='word_1_573' title='bbox 2595 2399 2649 2455; x_wconf 91' lang='lat' dir='ltr'><strong>in</strong></span> <span class='ocrx_word' id='word_1_574' title='bbox 2679 2401 2818 2456; x_wconf 90' lang='lat' dir='ltr'><strong>duas</strong></span> <span class='ocrx_word' id='word_1_575' title='bbox 2849 2411 3032 2471; x_wconf 88' lang='lat' dir='ltr'><strong>partes</strong></span> <span class='ocrx_word' id='word_1_576' title='bbox 3078 2401 3310 2465; x_wconf 83' lang='lat' dir='ltr'><strong>dividas.</strong></span> <span class='ocrx_word' id='word_1_577' title='bbox 3341 2416 3406 2457; x_wconf 89' lang='lat' dir='ltr'><strong>ac</strong></span> 
     </span>
    </p>
   </div>
   <div class='ocr_carea' id='block_1_81' title="bbox 1823 2487 3405 2561">
    <p class='ocr_par' dir='ltr' id='par_1_81' title="bbox 1823 2487 3405 2561">
     <span class='ocr_line' id='line_1_81' title="bbox 1823 2487 3405 2561; baseline 0.004 -23"><span class='ocrx_word' id='word_1_578' title='bbox 1823 2487 2103 2555; x_wconf 90' lang='lat' dir='ltr'><strong>superiore</strong></span> <span class='ocrx_word' id='word_1_579' title='bbox 2126 2489 2414 2555; x_wconf 87' lang='lat' dir='ltr'><strong>declinata,</strong></span> <span class='ocrx_word' id='word_1_580' title='bbox 2440 2487 2775 2558; x_wconf 76' lang='lat' dir='ltr'><strong>inferiorem,</strong></span> <span class='ocrx_word' id='word_1_581' title='bbox 2817 2490 3023 2561; x_wconf 87' lang='lat' dir='ltr'><strong>plectro</strong></span> <span class='ocrx_word' id='word_1_582' title='bbox 3061 2490 3181 2548; x_wconf 89' lang='lat' dir='ltr'><strong>dico</strong></span> <span class='ocrx_word' id='word_1_583' title='bbox 3225 2492 3405 2548; x_wconf 80' lang='lat' dir='ltr'><strong>couti-</strong></span> 
     </span>
    </p>
   </div>
   <div class='ocr_carea' id='block_1_82' title="bbox 1823 2575 2664 2646">
    <p class='ocr_par' dir='ltr' id='par_1_82' title="bbox 1823 2575 2664 2646">
     <span class='ocr_line' id='line_1_82' title="bbox 1823 2575 2664 2646; baseline 0.008 -22"><span class='ocrx_word' id='word_1_584' title='bbox 1823 2586 2002 2643; x_wconf 72' lang='lat' dir='ltr'><strong>guam,</strong></span> <span class='ocrx_word' id='word_1_585' title='bbox 2029 2588 2128 2643; x_wconf 90' lang='lat' dir='ltr'><strong>pro</strong></span> <span class='ocrx_word' id='word_1_586' title='bbox 2147 2583 2342 2630; x_wconf 87' lang='lat' dir='ltr'><strong>octava</strong></span> <span class='ocrx_word' id='word_1_587' title='bbox 2374 2575 2664 2646; x_wconf 85' lang='lat' dir='ltr'><strong>suscipias.</strong></span> 
     </span>
    </p>
   </div>
   <div class='ocr_carea' id='block_1_83' title="bbox 1999 2665 3222 2740">
    <p class='ocr_par' dir='ltr' id='par_1_83' title="bbox 1999 2665 3222 2740">
     <span class='ocr_line' id='line_1_83' title="bbox 1999 2665 3222 2740; baseline 0.002 -20"><span class='ocrx_word' id='word_1_588' title='bbox 1999 2665 2149 2722; x_wconf 86' lang='lat' dir='ltr'><strong>Nova</strong></span> <span class='ocrx_word' id='word_1_589' title='bbox 2170 2667 2468 2737; x_wconf 78' lang='lat' dir='ltr'><strong>ﬁstularum</strong></span> <span class='ocrx_word' id='word_1_590' title='bbox 2495 2685 2737 2724; x_wconf 75' lang='lat' dir='ltr'><strong>mensura</strong></span> <span class='ocrx_word' id='word_1_591' title='bbox 2778 2685 2894 2740; x_wconf 67' lang='lat' dir='ltr'><strong>quae</strong></span> <span class='ocrx_word' id='word_1_592' title='bbox 2925 2671 3222 2726; x_wconf 88' lang='lat' dir='ltr'><strong>remittitur.</strong></span> 
     </span>
    </p>
   </div>
   <div class='ocr_carea' id='block_1_84' title="bbox 1893 2757 3420 2832">
    <p class='ocr_par' dir='ltr' id='par_1_84' title="bbox 1893 2757 3420 2832">
     <span class='ocr_line' id='line_1_84' title="bbox 1893 2757 3420 2832; baseline -0.001 -20"><span class='ocrx_word' id='word_1_593' title='bbox 1893 2757 2134 2814; x_wconf 78' lang='lat' dir='ltr'><strong>Domnus</strong></span> <span class='ocrx_word' id='word_1_594' title='bbox 2161 2757 2536 2816; x_wconf 89' lang='lat' dir='ltr'><strong>Willehelmus</strong></span> <span class='ocrx_word' id='word_1_595' title='bbox 2559 2760 2708 2832; x_wconf 88' lang='lat' dir='ltr'><strong>prius</strong></span> <span class='ocrx_word' id='word_1_596' title='bbox 2741 2760 3257 2817; x_wconf 85' lang='lat' dir='ltr'><strong>Emmerammensis</strong></span> <span class='ocrx_word' id='word_1_597' title='bbox 3298 2760 3420 2816; x_wconf 76' lang='lat' dir='ltr'><strong>Ra-.</strong></span> 
     </span>
    </p>
   </div>
   <div class='ocr_carea' id='block_1_85' title="bbox 1824 2845 3404 2924">
    <p class='ocr_par' dir='ltr' id='par_1_85' title="bbox 1824 2845 3404 2924">
     <span class='ocr_line' id='line_1_85' title="bbox 1824 2845 3404 2924; baseline 0.004 -24"><span class='ocrx_word' id='word_1_598' title='bbox 1824 2845 2046 2917; x_wconf 77' lang='lat' dir='ltr'><strong>tisponze</strong></span> <span class='ocrx_word' id='word_1_599' title='bbox 2069 2850 2386 2914; x_wconf 83' lang='lat' dir='ltr'><strong>monachus.</strong></span> <span class='ocrx_word' id='word_1_600' title='bbox 2415 2866 2559 2907; x_wconf 87' lang='lat' dir='ltr'><strong>nunc</strong></span> <span class='ocrx_word' id='word_1_601' title='bbox 2589 2861 2770 2908; x_wconf 91' lang='lat' dir='ltr'><strong>autem</strong></span> <span class='ocrx_word' id='word_1_602' title='bbox 2803 2853 2931 2908; x_wconf 84' lang='lat' dir='ltr'><strong>alibi</strong></span> <span class='ocrx_word' id='word_1_603' title='bbox 2970 2852 3083 2924; x_wconf 70' lang='lat' dir='ltr'><strong>(l4)</strong></span> <span class='ocrx_word' id='word_1_604' title='bbox 3119 2853 3287 2909; x_wconf 88' lang='lat' dir='ltr'><strong>abbas</strong></span> <span class='ocrx_word' id='word_1_605' title='bbox 3313 2869 3404 2908; x_wconf 88' lang='lat' dir='ltr'><strong>ve-</strong></span> 
     </span>
    </p>
   </div>
   <div class='ocr_carea' id='block_1_86' title="bbox 1821 2938 3402 3012">
    <p class='ocr_par' dir='ltr' id='par_1_86' title="bbox 1821 2938 3402 3012">
     <span class='ocr_line' id='line_1_86' title="bbox 1821 2938 3402 3012; baseline 0.003 -21"><span class='ocrx_word' id='word_1_606' title='bbox 1821 2938 2094 2992; x_wconf 87' lang='lat' dir='ltr'><strong>nerandus</strong></span> <span class='ocrx_word' id='word_1_607' title='bbox 2158 2938 2464 2995; x_wconf 90' lang='lat' dir='ltr'><strong>ﬁstularum</strong></span> <span class='ocrx_word' id='word_1_608' title='bbox 2517 2955 2710 2996; x_wconf 89' lang='lat' dir='ltr'><strong>novam</strong></span> <span class='ocrx_word' id='word_1_609' title='bbox 2754 2941 3045 3012; x_wconf 85' lang='lat' dir='ltr'><strong>exquisivit</strong></span> <span class='ocrx_word' id='word_1_610' title='bbox 3092 2956 3402 2996; x_wconf 78' lang='lat' dir='ltr'><strong>mensuram</strong></span> 
     </span>
    </p>
   </div>
   <div class='ocr_carea' id='block_1_87' title="bbox 1816 3027 3403 3100">
    <p class='ocr_par' dir='ltr' id='par_1_87' title="bbox 1816 3027 3403 3100">
     <span class='ocr_line' id='line_1_87' title="bbox 1816 3027 3403 3100; baseline 0.003 -18"><span class='ocrx_word' id='word_1_611' title='bbox 1816 3027 2020 3100; x_wconf 70' lang='lat' dir='ltr'><strong>prioris</strong></span> <span class='ocrx_word' id='word_1_612' title='bbox 2069 3029 2430 3087; x_wconf 87' lang='lat' dir='ltr'><strong>intensioncm</strong></span> <span class='ocrx_word' id='word_1_613' title='bbox 2478 3040 2804 3088; x_wconf 89' lang='lat' dir='ltr'><strong>convertens</strong></span> <span class='ocrx_word' id='word_1_614' title='bbox 2875 3032 2931 3087; x_wconf 90' lang='lat' dir='ltr'><strong>in</strong></span> <span class='ocrx_word' id='word_1_615' title='bbox 3002 3032 3403 3097; x_wconf 75' lang='lat' dir='ltr'><strong>remissionem,</strong></span> 
     </span>
    </p>
   </div>
   <div class='ocr_carea' id='block_1_88' title="bbox 1823 3122 3410 3194">
    <p class='ocr_par' dir='ltr' id='par_1_88' title="bbox 1823 3122 3410 3194">
     <span class='ocr_line' id='line_1_88' title="bbox 1823 3122 3410 3194; baseline 0.004 -21"><span class='ocrx_word' id='word_1_616' title='bbox 1823 3136 1983 3190; x_wconf 89' lang='lat' dir='ltr'><strong>quam</strong></span> <span class='ocrx_word' id='word_1_617' title='bbox 2007 3137 2216 3178; x_wconf 89' lang='lat' dir='ltr'><strong>mecum</strong></span> <span class='ocrx_word' id='word_1_618' title='bbox 2243 3125 2678 3180; x_wconf 90' lang='lat' dir='ltr'><strong>communicavit.</strong></span> <span class='ocrx_word' id='word_1_619' title='bbox 2704 3122 2839 3179; x_wconf 82' lang='lat' dir='ltr'><strong>Nam</strong></span> <span class='ocrx_word' id='word_1_620' title='bbox 2871 3139 3044 3180; x_wconf 90' lang='lat' dir='ltr'><strong>meam</strong></span> <span class='ocrx_word' id='word_1_621' title='bbox 3067 3123 3257 3180; x_wconf 79' lang='lat' dir='ltr'><strong>dilexit</strong></span> <span class='ocrx_word' id='word_1_622' title='bbox 3281 3140 3410 3194; x_wconf 45' lang='lat' dir='ltr'><strong>par:</strong></span> 
     </span>
    </p>
   </div>
   <div class='ocr_carea' id='block_1_89' title="bbox 1822 3211 3404 3286">
    <p class='ocr_par' dir='ltr' id='par_1_89' title="bbox 1822 3211 3404 3286">
     <span class='ocr_line' id='line_1_89' title="bbox 1822 3211 3404 3286; baseline 0.001 -21"><span class='ocrx_word' id='word_1_623' title='bbox 1822 3211 2040 3266; x_wconf 88' lang='lat' dir='ltr'><strong>vitatem</strong></span> <span class='ocrx_word' id='word_1_624' title='bbox 2068 3212 2208 3266; x_wconf 88' lang='lat' dir='ltr'><strong>ultra</strong></span> <span class='ocrx_word' id='word_1_625' title='bbox 2237 3213 2524 3283; x_wconf 86' lang='lat' dir='ltr'><strong>parvitatis</strong></span> <span class='ocrx_word' id='word_1_626' title='bbox 2555 3215 2893 3286; x_wconf 79' lang='lat' dir='ltr'><strong>dignitatem,</strong></span> <span class='ocrx_word' id='word_1_627' title='bbox 2923 3215 3013 3285; x_wconf 91' lang='lat' dir='ltr'><strong>qui</strong></span> <span class='ocrx_word' id='word_1_628' title='bbox 3047 3223 3133 3271; x_wconf 89' lang='lat' dir='ltr'><strong>est</strong></span> <span class='ocrx_word' id='word_1_629' title='bbox 3163 3212 3404 3268; x_wconf 89' lang='lat' dir='ltr'><strong>musicus</strong></span> 
     </span>
    </p>
   </div>
   <div class='ocr_carea' id='block_1_90' title="bbox 1817 3303 3400 3378">
    <p class='ocr_par' dir='ltr' id='par_1_90' title="bbox 1817 3303 3400 3378">
     <span class='ocr_line' id='line_1_90' title="bbox 1817 3303 3400 3378; baseline -0.001 -20"><span class='ocrx_word' id='word_1_630' title='bbox 1817 3303 2060 3374; x_wconf 83' lang='lat' dir='ltr'><strong>primus;</strong></span> <span class='ocrx_word' id='word_1_631' title='bbox 2099 3307 2388 3362; x_wconf 90' lang='lat' dir='ltr'><strong>modernus</strong></span> <span class='ocrx_word' id='word_1_632' title='bbox 2415 3307 2664 3365; x_wconf 87' lang='lat' dir='ltr'><strong>videlicet</strong></span> <span class='ocrx_word' id='word_1_633' title='bbox 2691 3305 2940 3378; x_wconf 87' lang='lat' dir='ltr'><strong>Orpheus</strong></span> <span class='ocrx_word' id='word_1_634' title='bbox 2967 3315 3021 3362; x_wconf 92' lang='lat' dir='ltr'><strong>et</strong></span> <span class='ocrx_word' id='word_1_635' title='bbox 3045 3305 3400 3378; x_wconf 71' lang='lat' dir='ltr'><strong>Pythagoras.</strong></span> 
     </span>
    </p>
   </div>
   <div class='ocr_carea' id='block_1_91' title="bbox 1817 3394 3401 3470">
    <p class='ocr_par' dir='ltr' id='par_1_91' title="bbox 1817 3394 3401 3470">
     <span class='ocr_line' id='line_1_91' title="bbox 1817 3394 3401 3470; baseline 0.001 -20"><span class='ocrx_word' id='word_1_636' title='bbox 1817 3394 1984 3463; x_wconf 89' lang='lat' dir='ltr'><strong>Cujus</strong></span> <span class='ocrx_word' id='word_1_637' title='bbox 2022 3406 2106 3453; x_wconf 89' lang='lat' dir='ltr'><strong>est</strong></span> <span class='ocrx_word' id='word_1_638' title='bbox 2154 3399 2260 3454; x_wconf 89' lang='lat' dir='ltr'><strong>ista</strong></span> <span class='ocrx_word' id='word_1_639' title='bbox 2307 3399 2610 3470; x_wconf 90' lang='lat' dir='ltr'><strong>dispositio.</strong></span> <span class='ocrx_word' id='word_1_640' title='bbox 2672 3399 2867 3456; x_wconf 73' lang='lat' dir='ltr'><strong>Prima:</strong></span> <span class='ocrx_word' id='word_1_641' title='bbox 2923 3415 3054 3467; x_wconf 71' lang='lat' dir='ltr'><strong>ergo</strong></span> <span class='ocrx_word' id='word_1_642' title='bbox 3105 3396 3401 3469; x_wconf 79' lang='lat' dir='ltr'><strong>longitudo,</strong></span> 
     </span>
    </p>
   </div>
   <div class='ocr_carea' id='block_1_92' title="bbox 1819 3487 3398 3569">
    <p class='ocr_par' dir='ltr' id='par_1_92' title="bbox 1819 3487 3398 3569">
     <span class='ocr_line' id='line_1_92' title="bbox 1819 3487 3398 3569; baseline 0 -28"><span class='ocrx_word' id='word_1_643' title='bbox 1819 3487 1960 3542; x_wconf 84' lang='lat' dir='ltr'><strong>sicut</strong></span> <span class='ocrx_word' id='word_1_644' title='bbox 1984 3487 2183 3558; x_wconf 90' lang='lat' dir='ltr'><strong>placuit</strong></span> <span class='ocrx_word' id='word_1_645' title='bbox 2209 3490 2793 3569; x_wconf 25' lang='lat' dir='ltr'><strong>domnORWillebelm’o,</strong></span> <span class='ocrx_word' id='word_1_646' title='bbox 2834 3504 3005 3559; x_wconf 92' lang='lat' dir='ltr'><strong>usque</strong></span> <span class='ocrx_word' id='word_1_647' title='bbox 3043 3487 3108 3542; x_wconf 86' lang='lat' dir='ltr'><strong>ad</strong></span> <span class='ocrx_word' id='word_1_648' title='bbox 3137 3487 3398 3558; x_wconf 86' lang='lat' dir='ltr'><strong>plectrum</strong></span> 
     </span>
    </p>
   </div>
   <div class='ocr_carea' id='block_1_93' title="bbox 1822 3576 3408 3655">
    <p class='ocr_par' dir='ltr' id='par_1_93' title="bbox 1822 3576 3408 3655">
     <span class='ocr_line' id='line_1_93' title="bbox 1822 3576 3408 3655; baseline 0 -21"><span class='ocrx_word' id='word_1_649' title='bbox 1822 3580 1937 3636; x_wconf 63' lang='lat' dir='ltr'><strong>haec</strong></span> <span class='ocrx_word' id='word_1_650' title='bbox 1962 3589 2066 3636; x_wconf 91' lang='lat' dir='ltr'><strong>est.</strong></span> <span class='ocrx_word' id='word_1_651' title='bbox 2091 3581 2524 3639; x_wconf 86' lang='lat' dir='ltr'><strong>Grossitudinem</strong></span> <span class='ocrx_word' id='word_1_652' title='bbox 2551 3594 2730 3640; x_wconf 90' lang='lat' dir='ltr'><strong>autem</strong></span> <span class='ocrx_word' id='word_1_653' title='bbox 2750 3598 2871 3655; x_wconf 69' lang='lat' dir='ltr'><strong>quae</strong></span> <span class='ocrx_word' id='word_1_654' title='bbox 2892 3579 3208 3652; x_wconf 68' lang='lat' dir='ltr'><strong>aequalisest</strong></span> <span class='ocrx_word' id='word_1_655' title='bbox 3228 3576 3408 3642; x_wconf 79' lang='lat' dir='ltr'><strong>omni-</strong></span> 
     </span>
    </p>
   </div>
   <div class='ocr_carea' id='block_1_94' title="bbox 1825 3670 2628 3747">
    <p class='ocr_par' dir='ltr' id='par_1_94' title="bbox 1825 3670 2628 3747">
     <span class='ocr_line' id='line_1_94' title="bbox 1825 3670 2628 3747; baseline 0.001 -22"><span class='ocrx_word' id='word_1_656' title='bbox 1825 3670 1941 3738; x_wconf 76' lang='lat' dir='ltr'><strong>bus,</strong></span> <span class='ocrx_word' id='word_1_657' title='bbox 1975 3672 2077 3747; x_wconf 78' lang='lat' dir='ltr'><strong>iste</strong></span> <span class='ocrx_word' id='word_1_658' title='bbox 2103 3672 2350 3744; x_wconf 84' lang='lat' dir='ltr'><strong>designat</strong></span> <span class='ocrx_word' id='word_1_659' title='bbox 2373 3673 2628 3730; x_wconf 88' lang='lat' dir='ltr'><strong>circulus.</strong></span> 
     </span>
    </p>
   </div>
   <div class='ocr_carea' id='block_1_95' title="bbox 2017 3790 3206 4510">
    <p class='ocr_par' dir='ltr' id='par_1_95' title="bbox 2025 4382 3202 4510">
     <span class='ocr_line' id='line_1_95' title="bbox 2025 4382 3202 4510; baseline 0.002 0"><span class='ocrx_word' id='word_1_660' title='bbox 2025 4382 2061 4510; x_wconf 83' lang='lat'>\</span> <span class='ocrx_word' id='word_1_661' title='bbox 2443 4444 2746 4510; x_wconf 75' lang='lat' dir='ltr'><strong>Diatuelri</strong></span> <span class='ocrx_word' id='word_1_662' title='bbox 3171 4384 3202 4510; x_wconf 65' lang='grc' dir='ltr'><strong>ι]</strong></span> 
     </span>
    </p>
   </div>
   <div class='ocr_carea' id='block_1_96' title="bbox 1893 4965 3405 5040">
    <p class='ocr_par' dir='ltr' id='par_1_96' title="bbox 1893 4965 3405 5040">
     <span class='ocr_line' id='line_1_96' title="bbox 1893 4965 3405 5040; baseline -0.009 -13"><span class='ocrx_word' id='word_1_663' title='bbox 1893 4973 2088 5028; x_wconf 71' lang='lat' dir='ltr'><strong>Prinne</strong></span> <span class='ocrx_word' id='word_1_664' title='bbox 2114 4971 2276 5040; x_wconf 82' lang='lat' dir='ltr'><strong>igitur</strong></span> <span class='ocrx_word' id='word_1_665' title='bbox 2308 4969 2500 5023; x_wconf 65' lang='lat' dir='ltr'><strong>ﬁstuue</strong></span> <span class='ocrx_word' id='word_1_666' title='bbox 2541 4968 2818 5037; x_wconf 87' lang='lat' dir='ltr'><strong>quantitas</strong></span> <span class='ocrx_word' id='word_1_667' title='bbox 2850 4965 2900 5020; x_wconf 91' lang='lat' dir='ltr'><strong>in</strong></span> <span class='ocrx_word' id='word_1_668' title='bbox 2931 4972 3055 5020; x_wconf 86' lang='lat' dir='ltr'><strong>octo</strong></span> <span class='ocrx_word' id='word_1_669' title='bbox 3102 4965 3405 5028; x_wconf 58' lang='lat' dir='ltr'><strong>dividatur,</strong></span> 
     </span>
    </p>
   </div>
   <div class='ocr_carea' id='block_1_97' title="bbox 1821 5055 3396 5134">
    <p class='ocr_par' dir='ltr' id='par_1_97' title="bbox 1821 5055 3396 5134">
     <span class='ocr_line' id='line_1_97' title="bbox 1821 5055 3396 5134; baseline -0.008 -14"><span class='ocrx_word' id='word_1_670' title='bbox 1821 5064 1977 5134; x_wconf 87' lang='lat' dir='ltr'><strong>eique</strong></span> <span class='ocrx_word' id='word_1_671' title='bbox 1995 5073 2188 5119; x_wconf 86' lang='lat' dir='ltr'><strong>octava</strong></span> <span class='ocrx_word' id='word_1_672' title='bbox 2219 5076 2345 5131; x_wconf 90' lang='lat' dir='ltr'><strong>pars</strong></span> <span class='ocrx_word' id='word_1_673' title='bbox 2389 5075 2512 5114; x_wconf 87' lang='lat' dir='ltr'><strong>cum</strong></span> <span class='ocrx_word' id='word_1_674' title='bbox 2553 5069 2744 5113; x_wconf 79' lang='lat' dir='ltr'><strong>octava</strong></span> <span class='ocrx_word' id='word_1_675' title='bbox 2789 5055 3037 5114; x_wconf 84' lang='lat' dir='ltr'><strong>diametri</strong></span> <span class='ocrx_word' id='word_1_676' title='bbox 3076 5056 3396 5126; x_wconf 79' lang='lat' dir='ltr'><strong>apponatur,</strong></span> 
     </span>
    </p>
   </div>
   <div class='ocr_carea' id='block_1_98' title="bbox 1819 5147 3405 5218">
    <p class='ocr_par' dir='ltr' id='par_1_98' title="bbox 1819 5147 3405 5218">
     <span class='ocr_line' id='line_1_98' title="bbox 1819 5147 3405 5218; baseline -0.007 -8"><span class='ocrx_word' id='word_1_677' title='bbox 1819 5166 1875 5210; x_wconf 92' lang='lat' dir='ltr'><strong>ct</strong></span> <span class='ocrx_word' id='word_1_678' title='bbox 1916 5155 2021 5210; x_wconf 90' lang='lat' dir='ltr'><strong>erit</strong></span> <span class='ocrx_word' id='word_1_679' title='bbox 2041 5154 2324 5210; x_wconf 89' lang='lat' dir='ltr'><strong>secunda:</strong></span> <span class='ocrx_word' id='word_1_680' title='bbox 2379 5149 2629 5206; x_wconf 69' lang='lat' dir='ltr'><strong>secunda:</strong></span> <span class='ocrx_word' id='word_1_681' title='bbox 2677 5149 2806 5204; x_wconf 90' lang='lat' dir='ltr'><strong>item</strong></span> <span class='ocrx_word' id='word_1_682' title='bbox 2856 5147 3228 5218; x_wconf 15' lang='lat' dir='ltr'><strong>longitudoﬂiu</strong></span> <span class='ocrx_word' id='word_1_683' title='bbox 3272 5155 3405 5200; x_wconf 83' lang='lat' dir='ltr'><strong>octo</strong></span> 
     </span>
    </p>
   </div>
   <div class='ocr_carea' id='block_1_99' title="bbox 1821 5241 3394 5316">
    <p class='ocr_par' dir='ltr' id='par_1_99' title="bbox 1821 5241 3394 5316">
     <span class='ocr_line' id='line_1_99' title="bbox 1821 5241 3394 5316; baseline -0.008 -16"><span class='ocrx_word' id='word_1_684' title='bbox 1821 5247 2110 5316; x_wconf 87' lang='lat' dir='ltr'><strong>partiatur,</strong></span> <span class='ocrx_word' id='word_1_685' title='bbox 2154 5245 2446 5313; x_wconf 88' lang='lat' dir='ltr'><strong>additaque</strong></span> <span class='ocrx_word' id='word_1_686' title='bbox 2489 5254 2680 5296; x_wconf 88' lang='lat' dir='ltr'><strong>octava</strong></span> <span class='ocrx_word' id='word_1_687' title='bbox 2727 5256 2848 5296; x_wconf 87' lang='lat' dir='ltr'><strong>cum</strong></span> <span class='ocrx_word' id='word_1_688' title='bbox 2893 5241 3141 5293; x_wconf 87' lang='lat' dir='ltr'><strong>diametri</strong></span> <span class='ocrx_word' id='word_1_689' title='bbox 3175 5247 3394 5300; x_wconf 87' lang='lat' dir='ltr'><strong>octava,</strong></span> 
     </span>
    </p>
   </div>
   <div class='ocr_carea' id='block_1_100' title="bbox 1819 5329 3394 5396">
    <p class='ocr_par' dir='ltr' id='par_1_100' title="bbox 1819 5329 3394 5396">
     <span class='ocr_line' id='line_1_100' title="bbox 1819 5329 3394 5396; baseline -0.008 -4"><span class='ocrx_word' id='word_1_690' title='bbox 1819 5339 1923 5392; x_wconf 90' lang='lat' dir='ltr'><strong>erit</strong></span> <span class='ocrx_word' id='word_1_691' title='bbox 1955 5338 2132 5393; x_wconf 85' lang='lat' dir='ltr'><strong>tertia.</strong></span> <span class='ocrx_word' id='word_1_692' title='bbox 2175 5336 2369 5390; x_wconf 73' lang='lat' dir='ltr'><strong>Prinne</strong></span> <span class='ocrx_word' id='word_1_693' title='bbox 2405 5333 2532 5387; x_wconf 91' lang='lat' dir='ltr'><strong>item</strong></span> <span class='ocrx_word' id='word_1_694' title='bbox 2563 5331 2615 5385; x_wconf 89' lang='lat' dir='ltr'><strong>in</strong></span> <span class='ocrx_word' id='word_1_695' title='bbox 2651 5343 2756 5382; x_wconf 73' lang='lat' dir='ltr'><strong>lt&#39;.‘s</strong></span> <span class='ocrx_word' id='word_1_696' title='bbox 2782 5354 2808 5379; x_wconf 77' lang='grc' dir='ltr'><strong>ι.</strong></span> <span class='ocrx_word' id='word_1_697' title='bbox 2836 5329 3071 5396; x_wconf 81' lang='lat' dir='ltr'><strong>vidatur,</strong></span> <span class='ocrx_word' id='word_1_698' title='bbox 3107 5329 3394 5394; x_wconf 84' lang='lat' dir='ltr'><strong>additaque</strong></span> 
     </span>
    </p>
   </div>
   <div class='ocr_carea' id='block_1_101' title="bbox 1819 5413 3391 5484">
    <p class='ocr_par' dir='ltr' id='par_1_101' title="bbox 1819 5413 3391 5484">
     <span class='ocr_line' id='line_1_101' title="bbox 1819 5413 3391 5484; baseline -0.007 -6"><span class='ocrx_word' id='word_1_699' title='bbox 1819 5425 1971 5479; x_wconf 83' lang='lat' dir='ltr'><strong>tertia</strong></span> <span class='ocrx_word' id='word_1_700' title='bbox 1996 5440 2116 5480; x_wconf 89' lang='lat' dir='ltr'><strong>cum</strong></span> <span class='ocrx_word' id='word_1_701' title='bbox 2141 5423 2296 5478; x_wconf 87' lang='lat' dir='ltr'><strong>tertia</strong></span> <span class='ocrx_word' id='word_1_702' title='bbox 2319 5420 2567 5476; x_wconf 89' lang='lat' dir='ltr'><strong>diametri</strong></span> <span class='ocrx_word' id='word_1_703' title='bbox 2595 5419 2818 5484; x_wconf 84' lang='lat' dir='ltr'><strong>habebis</strong></span> <span class='ocrx_word' id='word_1_704' title='bbox 2835 5420 3169 5474; x_wconf 88' lang='lat' dir='ltr'><strong>diatessaron</strong></span> <span class='ocrx_word' id='word_1_705' title='bbox 3193 5415 3246 5470; x_wconf 93' lang='lat' dir='ltr'><strong>in</strong></span> <span class='ocrx_word' id='word_1_706' title='bbox 3273 5413 3391 5483; x_wconf 88' lang='lat' dir='ltr'><strong>ipsa</strong></span> 
     </span>
    </p>
   </div>
   <div class='ocr_carea' id='block_1_102' title="bbox 1815 5504 3410 5588">
    <p class='ocr_par' dir='ltr' id='par_1_102' title="bbox 1815 5504 3410 5588">
     <span class='ocr_line' id='line_1_102' title="bbox 1815 5504 3410 5588; baseline -0.004 -19"><span class='ocrx_word' id='word_1_707' title='bbox 1815 5525 2008 5588; x_wconf 74' lang='lat' dir='ltr'><strong>quarta</strong></span> <span class='ocrx_word' id='word_1_708' title='bbox 2033 5524 2330 5587; x_wconf 83' lang='lat' dir='ltr'><strong>peractum.</strong></span> <span class='ocrx_word' id='word_1_709' title='bbox 2363 5513 2415 5566; x_wconf 93' lang='lat' dir='ltr'><strong>lu</strong></span> <span class='ocrx_word' id='word_1_710' title='bbox 2453 5512 2554 5567; x_wconf 85' lang='lat' dir='ltr'><strong>hac</strong></span> <span class='ocrx_word' id='word_1_711' title='bbox 2589 5511 2704 5584; x_wconf 80' lang='lat' dir='ltr'><strong>ipsa</strong></span> <span class='ocrx_word' id='word_1_712' title='bbox 2737 5510 2926 5582; x_wconf 88' lang='lat' dir='ltr'><strong>incipit</strong></span> <span class='ocrx_word' id='word_1_713' title='bbox 2961 5509 3170 5578; x_wconf 74' lang='lat' dir='ltr'><strong>integer</strong></span> <span class='ocrx_word' id='word_1_714' title='bbox 3213 5504 3410 5563; x_wconf 57' lang='lat' dir='ltr'><strong>minore</strong></span> 
     </span>
    </p>
   </div>
   <div class='ocr_carea' id='block_1_103' title="bbox 207 5694 3340 5775">
    <p class='ocr_par' dir='ltr' id='par_1_103' title="bbox 207 5694 3340 5775">
     <span class='ocr_line' id='line_1_103' title="bbox 207 5694 3340 5775; baseline -0.006 -13"><span class='ocrx_word' id='word_1_715' title='bbox 207 5694 324 5763; x_wconf 73' lang='grc' dir='ltr'><strong>(Η)</strong></span> <span class='ocrx_word' id='word_1_716' title='bbox 370 5697 670 5764; x_wconf 60' lang='lat' dir='ltr'><strong>&quot;inaudita</strong></span> <span class='ocrx_word' id='word_1_717' title='bbox 716 5697 925 5756; x_wconf 73' lang='grc' dir='ltr'><strong>εεῑὶὶεεῑ</strong></span> <span class='ocrx_word' id='word_1_718' title='bbox 1007 5710 1159 5757; x_wconf 72' lang='lat' dir='ltr'><strong>CUIUS</strong></span> <span class='ocrx_word' id='word_1_719' title='bbox 1212 5707 1475 5751; x_wconf 73' lang='grc' dir='ltr'><strong>ῐηιιειετιηι</strong></span> <span class='ocrx_word' id='word_1_720' title='bbox 1528 5710 1710 5775; x_wconf 45' lang='grc' dir='ltr'><strong>,ξιιρνα</strong></span> <span class='ocrx_word' id='word_1_721' title='bbox 1752 5702 2022 5768; x_wconf 79' lang='lat' dir='ltr'><strong>dedimus;</strong></span> <span class='ocrx_word' id='word_1_722' title='bbox 2054 5717 2104 5757; x_wconf 75' lang='grc' dir='ltr'><strong>ιι)</strong></span> <span class='ocrx_word' id='word_1_723' title='bbox 2131 5717 2234 5758; x_wconf 68' lang='lat' dir='ltr'><strong>uua</strong></span> <span class='ocrx_word' id='word_1_724' title='bbox 2261 5711 2435 5756; x_wconf 85' lang='lat' dir='ltr'><strong>tamen</strong></span> <span class='ocrx_word' id='word_1_725' title='bbox 2459 5698 2686 5756; x_wconf 71' lang='lat' dir='ltr'><strong>nihil‘de</strong></span> <span class='ocrx_word' id='word_1_726' title='bbox 2714 5698 2816 5756; x_wconf 89' lang='lat' dir='ltr'><strong>hac</strong></span> <span class='ocrx_word' id='word_1_727' title='bbox 2843 5697 3142 5761; x_wconf 83' lang='lat' dir='ltr'><strong>ﬁstu.arum</strong></span> <span class='ocrx_word' id='word_1_728' title='bbox 3169 5701 3340 5746; x_wconf 75' lang='lat' dir='ltr'><strong>men-.</strong></span> 
     </span>
    </p>
   </div>
   <div class='ocr_carea' id='block_1_104' title="bbox 139 5779 283 5824">
    <p class='ocr_par' dir='ltr' id='par_1_104' title="bbox 139 5779 283 5824">
     <span class='ocr_line' id='line_1_104' title="bbox 139 5779 283 5824; baseline 0 0"><span class='ocrx_word' id='word_1_729' title='bbox 139 5779 283 5824; x_wconf 70' lang='lat' dir='ltr'><strong>iura.</strong></span> 
     </span>
    </p>
   </div>
  </div>
