3862 6312
492 328 632 388 1559

1713 326 2046 386 ABIBONIS.
2075 326 2518 386 SCllOLASTlCI

3608 337 3710 398 i510

491 445 626 502 ordo
649 446 924 516 priorque.
958 444 1142 502 Tertia
1177 444 1302 500 item
1333 442 1511 500 ﬁstula
1538 442 1590 498 in
1625 451 1749 499 octo
1776 443 2079 506 dividatur,
2111 438 2161 489 Α
2191 459 2290 510 nm,
2320 444 2386 498 de
2407 444 2607 514 quibus
2644 445 2794 512 ﬁant,
2829 446 3072 518 ejusdem
3105 454 3231 502 sunt
3264 446 3569 504 latitudinis.
3595 449 3711 508 Prius

490 538 780 607 additaque
799 546 989 594 octava
1020 552 1141 593 cum
1161 545 1352 592 octava
1374 535 1658 600 diametri,
1688 547 2086 606 syncmmenon

492 631 777 702 reperitur.
807 631 938 686 Item
969 629 1141 701 prima
1190 629 1242 684 in
1286 630 1392 712 duo
1445 629 1736 695 dividatur,
1787 627 2086 697 additaque

491 723 784 778 medietate
813 723 1082 787 diametri,
1114 722 1302 792 quinta
1334 720 1637 791 perficitur.
1670 718 1936 774 Secunda:
1959 720 2086 772 item

491 815 767 884 longitudo
800 816 852 869 in
877 813 984 868 duo
1009 813 1297 884 partiatur,
1330 814 1622 883 additaque
1646 811 1937 866 medietate
1962 826 2085 866 cum

491 901 782 957 medietate
809 902 1088 968 diametri,
1123 910 1272 957 sexta
1300 901 1598 971 peragitur.
1625 897 1805 954 Tertia
1829 898 2086 954 similiter

494 993 546 1045 in
575 992 822 1063 geminas
851 1001 1034 1063 partes
1059 992 1350 1058 dividatur,
1375 991 1731 1062 appositaque
1759 989 1932 1046 altera
1959 1007 2083 1046 cum

494 1086 660 1140 altera
693 1086 946 1142 diametri
977 1095 1152 1158 parte,
1190 1081 1422 1156 septima
1445 1083 1785 1153 producitur.
1821 1082 2025 1140 Octava
2052 1099 2082 1138 a

491 1179 665 1250 prima
719 1180 799 1235 sic
843 1179 1168 1234 inveniatur.
1221 1177 1400 1233 Prima
1452 1176 1795 1248 duplicetur;
1855 1176 2085 1246 insuper

491 1272 763 1344 integrum
787 1273 1108 1327 diametrum
1141 1280 1467 1342 apponatur,
1496 1279 1550 1325 et
1571 1279 1764 1326 octava
1788 1269 2079 1340 reperitur.

492 1365 560 1419 Et
585 1366 728 1420 sicut
759 1379 856 1434 per
878 1364 1346 1436 primamfmventa
1367 1369 1449 1419 est
1470 1371 1685 1429 octava,
1704 1360 1894 1416 eodem
1922 1360 2082 1417 modo

489 1471 681 1511 omnes
705 1456 1097 1532 subsequentes
1126 1455 1379 1510 facillime
1425 1441 1664 1524 reperire
1699 1453 1927 1524 poteris,
1966 1460 2082 1507 tan-

494 1559 609 1604 tum
635 1550 680 1605 si
701 1549 926 1620 singulis
952 1549 1221 1621 integrum
1259 1548 1585 1604 diametrum
1614 1546 1952 1618 apposueris.

491 1668 872 1721 Aribunculma
904 1667 1017 1738 (15)
1047 1668 1350 1738 ﬁstularum
1380 1680 1646 1738 ntenrura,
1674 1680 1766 1719 nec
1787 1663 1842 1738 in
1865 1671 1974 1738 toto
1999 1677 2082 1716 re-

561 1739 852 1805 missibilis,
905 1733 1007 1792 nec'
1040 1733 1102 1804 in
1165 1745 1273 1800 toto
1301 1736 1614 1791 intensibilis
1655 1733 1982 1806 sesquiIertia
2031 1741 2112 1806 eti

563 1809 907 1876 sesquialtera
928 1808 1284 1878 proportione.
1923 1831 1926 1834 -

562 1920 672 1974 Nos
700 1931 885 1978 autem
920 1922 974 1978 in
1018 1931 1252 1993 utraque
1289 1923 1700 1995 progredientes
1746 1922 1906 1978 modo
1935 1921 2077 1978 hanc

491 2013 818 2069 intendenda
853 2023 908 2070 et
933 2013 1256 2083 abjiciendo,
1283 2016 1446 2072 modo
1481 2015 1626 2071 illam
1668 2014 1992 2072 remittendo
2024 2022 2081 2069 et

489 2107 809 2175 adjiciendo,
838 2118 1127 2178 sequentes
1154 2109 1207 2163 in
1251 2117 1501 2164 neutram
1543 2107 1900 2171 declinamus,
1949 2106 2079 2182 quia

490 2209 682 2256 tonum.
695 2216 793 2270 per
808 2210 932 2256 octo
954 2216 1216 2258 novemve
1230 2201 1522 2273 particulas
1539 2201 1782 2271 reperire
1805 2199 1927 2255 nolu
1936 2214 2075 2254 mus.

489 2291 606 2350 Non
657 2295 775 2350 sine
816 2294 1026 2351 ratione
1073 2295 1323 2366 quidem;
1375 2304 1583 2364 quanto
1627 2294 1772 2350 enim
1827 2307 2080 2348 mensura

490 2386 742 2451 celerior,
773 2394 924 2441 tanto
951 2394 1006 2444 et
1031 2385 1212 2440 verior
1237 2393 1340 2444 est.
1372 2385 1613 2455 Alicujus
1634 2384 1794 2455 spatii
1827 2392 2080 2456 quartam

491 2479 577 2534 vel
604 2480 820 2536 tertiam
847 2469 1200 2535 dimidiumve
1227 2487 1419 2534 octava
1447 2477 1529 2533 vel
1553 2494 1696 2534 nona
1729 2486 1886 2548 parte
1908 2476 2082 2546 quaari

489 2572 696 2627 certius
717 2580 772 2627 et
799 2571 1036 2627 velocius
1059 2584 1196 2639 pene
1215 2578 1368 2640 patet
1390 2569 1663 2624 erunibus.
1697 2566 1854 2624 Unde
1874 2565 2087 2635 sesqui-

492 2665 651 2720 tertia
683 2663 1150 2735 sesquialteraque
1198 2662 1417 2718 tendere
1458 2676 1757 2732 susumque
1794 2658 2088 2730 jusumque

492 2757 862 2826 disposuimus
888 2756 1258 2828 proportione.
1311 2755 1505 2811 Prinne
1535 2754 1726 2809 fistula:
1767 2768 1896 2826 pars
1929 2753 2086 2807 tertia

492 2863 616 2901 cum
651 2848 808 2902 tertia
835 2847 1083 2902 diametri
1113 2847 1330 2904 sibimet
1364 2847 1545 2902 addita
1581 2844 1780 2901 format
1811 2853 2084 2917 quartam.

496 2939 626 2993 Item
658 2941 846 3009 prima:
877 2923 1139 2994 medietas
1169 2955 1292 2994 cum
1340 2937 1592 2993 diametri
1648 2937 1939 2992 medietate
1983 2933 2089 2991 sibi

490 3031 678 3098 juncta
702 3041 928 3100 generat
949 3033 1217 3100 quintam.
1235 3029 1434 3097 Quinta
1461 3040 1656 3105 quarta
1675 3028 1755 3083 sui
1787 3037 1939 3098 parte
1966 3045 2088 3084 cum

501 3123 658 3173 tertia
685 3121 932 3176 diametri
970 3121 1210 3191 deposita
1235 3123 1486 3176 secunda:
1519 3127 1783 3174 staturam
1816 3123 2086 3190 proponit.

499 3212 752 3267 Secunda
818 3213 901 3268 sui
957 3213 1316 3285 diametrique
1369 3215 1658 3271 medietate
1714 3223 2082 3287 praesumpta,

497 3311 652 3357 sexta
672 3314 753 3359 est
783 3319 1056 3362 mensura.
1082 3306 1244 3363 Sexta
1269 3318 1460 3378 quarta
1485 3309 1567 3364 sui
1597 3309 1862 3378 tertiaque
1883 3309 2088 3364 diame-

501 3396 573 3450 tri
608 3395 803 3464 rejecta
841 3399 1056 3453 tertiam
1099 3399 1400 3456 constituit.
1435 3399 1632 3455 Tertiae
1673 3399 1932 3454 medietas
1964 3415 2086 3454 cum

497 3488 750 3544 diametri
795 3491 1083 3548 medietate
1131 3493 1348 3548 sibimet
1389 3495 1749 3564 superposita,
1793 3505 1966 3550 mater
2004 3503 2089 3549 est

499 3582 763 3650 Septima.
796 3583 961 3654 Cujus
991 3593 1182 3655 quarta
1213 3601 1334 3639 cum
1367 3585 1618 3642 diametri
1665 3589 1824 3643 tertia
1859 3589 2086 3643 detrun-

497 3679 644 3734 cata,
677 3671 820 3740 quod
876 3681 1065 3739 restat,
1124 3673 1318 3728 ﬁstula‘.
1367 3691 1758 3746 synemmenou
1803 3677 2088 3734 retinentis

499 3761 890 3830 it'ittgitudiuem
915 3775 1158 3834 praestat.
1185 3767 1311 3823 Vela
1335 3768 1712 3824 sollicitudinis
1733 3771 2086 3840 deponamus,

498 3856 626 3922 quia
649 3854 759 3925 jam
783 3857 1093 3914 securitatis
1120 3871 1334 3929 partum
1369 3877 1724 3942 occupamus.
1771 3863 1954 3919 Prima
1989 3865 2090 3919 du-

500 3946 620 4015 plex
649 3963 768 4028 cum
809 3949 1019 4020 integro
1049 3952 1313 4008 diametro
1348 3955 1522 4009 reddit
1548 3963 1822 4019 octavam,
1849 3956 2086 4012 secunda
2133 3979 2136 3982 λ

500 4052 721 4107 nouam,
763 4042 922 4096 tertia
951 4043 1238 4109 decin'tam,
1263 4056 1456 4116 quarta
1484 4047 1845 4112 undecimam,
1874 4061 2084 4119 synem-

499 4146 695 4186 menon
707 4133 850 4207 aliud
869 4150 1279 4205 synemmenou,
1297 4139 1482 4209 quinta
1519 4139 1915 4207 duodecimam,
1935 4148 2088 4196 sexta

500 4223 762 4279 decimam
781 4228 1020 4294 tertiam,
1038 4231 1265 4298 scptFma
1283 4231 1545 4287 decimam
1563 4243 1813 4302 quartam
1833 4251 1845 4287 :
1866 4233 2088 4289 totidem

497 4318 698 4372 etenim
723 4322 992 4391 organicis
1008 4321 1197 4377 ﬁstulis
1213 4323 1286 4378 uti
1311 4323 1513 4394 placuit
1537 4325 1886 4395 experientiae
1905 4325 2090 4392 domui

499 4409 847 4477 Willehelmi,
863 4413 953 4481 qui
973 4414 1178 4469 duobus
1189 4395 1491 4482 ordinibus,
1507 4417 1915 4486 quatuordecim
1936 4416 2086 4472 vide-

2189 534 2342 604 juxta
2377 537 2634 592 domuum
2678 538 3084 594 Willehelmum
3116 540 3710 612 grossitudiuis-depinxi-

2191 645 2312 684 mus
2340 629 2624 684 circulum.
2663 629 2762 699 Qui
2789 632 2856 685 de
2887 648 2992 702 qua
3023 633 3318 688 latitudine
3365 633 3527 703 possit
3569 651 3714 704 prove.

2191 719 2332 783 nire,
2382 719 2544 773 caute
2571 720 2832 776 debemus
2883 724 3242 792 perpendere.
3298 723 3439 778 Dicit
3472 723 3716 784 Macrobius

2191 807 2256 862 de
2309 809 2520 864 somnio
2576 808 2890 880 Scipionis:
2956 813 3122 866 Omne
3170 813 3485 867 diametrum
3519 815 3717 887 cujusque

2125 972 2128 974 η
2188 903 2328 957 orbis
2362 903 2682 974 triplicatum
2711 923 2828 960 cum
2853 908 3150 978 adjectiane
3191 909 3427 978 septima:
3464 910 3610 977 partis
3640 929 3718 970 ne

2188 1008 2488 1050 mensuram
2521 995 2648 1065 facit
2677 997 2888 1052 circuli.
2937 999 3063 1054 Hzec
3106 1007 3234 1054 sunt
3288 999 3452 1053 verba
3496 997 3718 1058 Haerohii.

2190 1083 2342 1142 Unde
2371 1087 2489 1158 ejus
2517 1091 2903 1146 auctoritatem
2930 1100 3222 1162 sequentes
3261 1091 3554 1162 praescripti
3579 1093 3720 1151 circuli

2187 1174 2511 1232 diametrum
2539 1179 2896 1250 triplicemus,
2919 1181 3324 1252 septimamque
3344 1177 3581 1236 diametri
3603 1184 3722 1239 simul

2186 1265 2542 1339 adjungamus
2573 1288 2586 1324 :
2619 1281 2675 1326 et
2713 1273 3012 1328 secundum
3044 1273 3409 1344 quantitatem
3449 1273 3605 1342 linere,
3634 1289 3722 1344 qua

2184 1358 2310 1416 inde
2327 1357 2604 1430 procedat,
2636 1362 2878 1416 omnium
2910 1361 3240 1416 laminarum
3275 1361 3473 1417 ﬁstulis
3522 1365 3724 1422 materia-

2182 1452 2315 1508 lium
2343 1454 2572 1510 latitudo
2602 1457 2714 1510 fiat.
2751 1454 3081 1511 "inlumina:
3130 1455 3184 1510 in
3231 1455 3551 1512 lateralibus
3583 1465 3724 1513 extre-

2184 1544 2464 1600 mitatibus
2489 1554 2875 1600 attenuautur:
2907 1546 3199 1616 praecipue,
3247 1561 3372 1616 quae
3407 1549 3722 1603 extremitates

2183 1650 2307 1692 cum
2336 1636 2516 1693 fabrili
2550 1654 2712 1693 manu
2755 1653 2852 1694 eas
2899 1639 3222 1694 incurvante
3273 1640 3604 1704 conveniant,
3642 1656 3727 1696 non

2183 1737 2618 1798 superponantur
2639 1729 2879 1794 sibimet,
2896 1729 2991 1785 sed
3003 1729 3193 1785 osculo
3217 1733 3435 1785 tantum
3454 1731 3723 1788 collidantur

2103 1803 2152 1864 Β
2179 1820 2642 1890 conjunctissimo.
2666 1823 2748 1877 Ad
2772 1821 2928 1893 cujus
2951 1823 3124 1879 osculi
3145 1823 3560 1879 commissuram
3582 1834 3723 1897 tegen-

2180 1917 2304 1972 dam
2343 1928 2723 1987 praeparentur
2799 1918 3092 1974 lamiuellte
3166 1919 3396 1975 festucas
3464 1921 3722 1977 tenuitatem

2131 2060 2135 2064 .
2181 2019 2237 2067 et
2295 2009 2632 2066 latitudinem
2708 2011 3002 2078 habentes,
3079 2027 3203 2083 qua:
3257 2013 3364 2068 sibi
3430 1997 3723 2075 tenacissimo

2181 2101 2621 2170 conglutiuentur
2641 2112 2855 2176 stagno,
2881 2120 2976 2161 seu
3007 2104 3140 2174 alio,
3164 2107 3312 2176 quod
3348 2107 3542 2163 lentius
3561 2107 3726 2164 diutur-

2183 2195 2416 2266 niusque
2471 2206 2805 2268 perseveret,
2870 2196 3086 2254 lotario.
3167 2197 3464 2270 Postquam
3513 2209 3664 2257 autem
3683 2202 3722 2256 in

2183 2287 2384 2343 lamina
2455 2289 2631 2345 adhuc
2687 2290 2869 2359 patula
2929 2289 3194 2362 cujusque
3251 2291 3454 2346 fistula:
3504 2291 3728 2362 longitudo

2186 2383 2580 2440 determinetur
2629 2385 2846 2454 punctis
2899 2385 3178 2456 utrimque
3226 2386 3282 2441 in
3329 2385 3580 2442 lateribus
3615 2386 3723 2452 lixis.

2186 2475 2328 2532 linea
2353 2491 2448 2548 per
2470 2485 2842 2532 transversum
2867 2478 2934 2531 de
2957 2487 3161 2549 puncto
3193 2477 3392 2533 tendat,
3409 2477 3460 2533 in
3499 2487 3722 2550 punctum.

2187 2567 2281 2622 Illa
2311 2567 2450 2623 linea
2490 2567 2792 2623 terminalis
2814 2569 2886 2623 sit
2909 2568 3167 2624 foramini
3191 2577 3248 2625 et
3270 2570 3354 2624 ori
3378 2569 3598 2625 ﬁstula:
3622 2569 3728 2638 quod

2189 2673 2252 2715 os
2281 2674 2446 2730 super
2482 2661 2656 2732 ipsam
2689 2660 2762 2714 ita
2784 2658 3073 2714 excidatur
3111 2657 3342 2727 lineam,
3395 2669 3454 2714 ut
3482 2660 3546 2714 ad
3573 2660 3732 2714 medie-

2192 2760 2356 2808 tatem
2381 2752 2681 2808 lntitudiuis
2711 2751 2905 2808 ﬁstula:
2941 2752 3237 2822 aperiatur.
3272 2752 3331 2807 In
3370 2753 3537 2824 ipsam
3563 2767 3731 2825 quoque

2191 2844 2386 2900 lineam
2437 2846 2704 2917 plectrum
2767 2845 3075 2901 arctissime
3116 2837 3537 2918 conglutinetur.
3583 2847 3620 2902 Δ
3652 2859 3733 2916 qo

2191 2936 2402 3007 plectro
2453 2938 2728 2993 subterius
2773 2937 2888 2992 oris
2939 2935 3154 2993 labrum
3220 2937 3516 2993 mediocris
3560 2935 3740 2993 festuca

2195 3029 2358 3085 distet
2381 3028 2690 3086 latitudine.

2503 3142 2580 3198 De
2621 3143 2852 3216 naturali
2879 3145 3075 3199 musico
3105 3154 3152 3199 et
3183 3143 3480 3214 artiﬁciali.

2261 3233 2519 3301 Quamvis
2567 3234 2703 3289 nihil
2751 3249 2840 3290 ars
2891 3235 3089 3305 primo,
3143 3243 3342 3289 natura
3408 3233 3627 3289 inveniat
3667 3247 3736 3302 po-
3836 3233 3837 3282 ξ

2196 3335 2421 3391 stremo,
2469 3334 2528 3382 ut
2584 3328 2803 3398 quidam
2857 3327 3052 3382 asserit
3102 3327 3464 3399 sapientium,
3502 3326 3737 3396 expoliunt
3836 3333 3837 3346 ‘

2195 3425 2373 3472 tamen
2427 3417 2516 3472 ﬁet
2563 3433 2660 3487 per
2717 3426 2914 3486 artem,
2975 3420 3120 3490 quod
3177 3418 3442 3474 incultum
3496 3429 3545 3474 et
3580 3418 3739 3472 hirtum

2193 3517 2400 3563 natura:
2429 3509 2718 3582 genitricis.
2755 3509 3002 3580 procedit
3049 3511 3118 3564 ab
3171 3519 3348 3574 utero.
3394 3510 3496 3566 Ars
3535 3511 3657 3565 enim
3689 3508 3739 3563 ab

2189 3602 2376 3669 arctis,
2409 3603 2605 3672 quibus
2629 3601 2924 3674 constringi
2958 3603 3410 3673 conformarique
3449 3603 3614 3668 debet,
3641 3601 3740 3656 dici-

2196 3701 2284 3747 tur
2311 3694 2532 3764 regulis.
2557 3693 2722 3750 Nobis
2753 3693 3040 3750 admodum
3063 3697 3524 3764 consanguineam
3553 3703 3602 3750 et
3622 3702 3741 3749 natu-

2193 3785 2358 3840 ralem
2409 3802 2531 3842 esse
2579 3786 2842 3842 musicam
2896 3787 3167 3857 praecipue
3218 3801 3512 3857 possumus
3562 3800 3621 3842 ex
3663 3785 3739 3840 hoc

2191 3877 2548 3947 perpendere,
2587 3879 2730 3949 quod
2775 3879 2978 3950 quique
3021 3879 3317 3934 histriones
3366 3881 3529 3935 totius
3569 3878 3742 3934 musica:

2192 3965 2326 4025 artis
2384 3980 2636 4042 expertes
2696 3970 2965 4042 quaslibet
3015 3970 3183 4026 laicas
3242 3969 3742 4042 irreprehensibiliter

2185 4063 2422 4134 jubilant
2464 4064 2636 4127 odas,
2687 4064 2740 4118 in
2771 4063 2921 4117 varia
2971 4072 3220 4119 tonorum
3274 4063 3741 4132 semitoniorumque

2192 4156 2458 4225 positione
2489 4156 2623 4210 nihil
2655 4153 3012 4221 oﬂ‘endentes,
3046 4156 3113 4210 ad
3154 4155 3373 4210 ﬁnalem
3421 4154 3660 4210 chordam
3681 4154 3740 4208 le-

2191 4249 2376 4320 gitime
2404 4255 2770 4303 recurrentes.
2803 4247 2956 4304 Unde
2978 4247 3228 4320 quamvis
3271 4262 3381 4301 non
3423 4261 3564 4311 vere,
3593 4243 3740 4298 verisi-

2193 4337 2392 4394 militer
2433 4347 2612 4393 tamen
2644 4345 2838 4392 tractat
2876 4337 3027 4394 Plato
3064 4339 3129 4393 de
3169 4336 3370 4391 animae
3407 4337 3658 4407 genitura,
3678 4331 3740 4386 di-

2193 4445 2325 4486 cens
2358 4446 2478 4486 eam
2506 4433 2862 4504 compositam
2907 4432 3130 4488 musicis
3159 4430 3611 4500 preportion'rbus.
3639 4427 3738 4484 Cum

499 4501 629 4557 licet
652 4501 843 4558 ﬁstulis
864 4514 974 4558 tres
1003 4505 1222 4574 adjecit,
1251 4517 1310 4560 ut
1343 4509 1770 4580 tetrachordum,
1795 4519 2086 4580 przestrue-
2115 4522 2162 4582 Ι)
2191 4523 2337 4576 enim
2382 4522 2545 4594 dupla
2592 4501 2868 4594 ρξεοροιοιῖο
2895 4565 2910 4590 ,
2963 4522 3311 4592 sesquilerlia
3331 4562 3347 4587 ,
3400 4520 3736 4591 sesquialtera,

503 4606 604 4662 ret,
658 4606 718 4652 ut
743 4609 1058 4669 competens
1102 4616 1326 4657 acumen
1375 4601 1430 4656 in
1484 4601 1746 4669 minimis,
1800 4612 2084 4675 et’oppor-

500 4701 625 4747 tuna
649 4695 884 4764 gravitas
915 4695 1265 4765 responderet
1295 4695 1348 4750 in
1380 4696 1648 4752 maximis.
1771 4687 1774 4690 ’

795 4785 1074 4858 Ονθαηὶεα»
1123 4787 1482 4856 dispositionis
1520 4805 1787 4842 mensura.

500 4879 575 4932 Ex
603 4895 653 4932 a.
677 4881 948 4948 suspende
976 4882 1206 4950 primum
1231 4881 1567 4936 diatessaron
1597 4881 1648 4935 in
1680 4883 1743 4935 D.
1771 4901 1774 4904 ν

499 4971 574 5025 Ex
611 4987 664 5025 a.
697 4987 884 5027 rursus
909 4973 962 5026 in
994 4972 1390 5042 E.-resupinam
1416 4973 1518 5026 duc
1545 4973 1819 5042 diapente.

500 5067 754 5138 Deponas
785 5080 838 5122 et
867 5069 932 5122 ab
967 5069 1026 5123 E.
1057 5082 1272 5138 passum
1307 5068 1645 5126 diatessaron
1672 5071 1722 5123 in
1750 5071 1810 5124 B.

507 5158 714 5212 Rursus
741 5159 792 5212 iu
818 5158 880 5212 F.
913 5160 978 5213 de
1007 5159 1068 5213 Β.
1107 5177 1314 5214 memor
1349 5161 1601 5215 intendas
1628 5161 1900 5231 diapente.

505 5251 580 5306 Ex
611 5251 670 5306 F.
706 5253 915 5324 depone
938 5254 1172 5324 speciem
1206 5255 1542 5308 diatessaron
1564 5256 1622 5328 in
1646 5254 1707 5310 C.

500 5341 754 5400 intendas
780 5361 807 5400 a
833 5361 882 5401 c.
909 5347 1228 5417 contingens
1247 5346 1312 5402 G.
1343 5347 1612 5417 diapente.

498 5445 544 5493 ιι
574 5436 636 5492 D.
668 5437 924 5508 suspendi
955 5437 1114 5494 debet
1143 5439 1478 5495 diatessaron
1509 5439 1561 5493 in
1595 5438 1688 5512 Sy.

713 5530 956 5598 Qualiter
974 5533 1103 5602 ipsa:
1129 5543 1474 5606 congruenter
1505 5533 1638 5603 ﬁant
1659 5534 1872 5602 ﬁstula’.

571 5621 727 5678 Sicut
756 5623 946 5679 ﬁstulm
974 5623 1212 5694 ejusdem
1241 5635 1371 5681 sunt
1401 5625 1803 5697 grossitudiuis,
1837 5626 1910 5684 ita
1939 5625 2088 5686 lami-

575 5787 685 5858 (15)
725 5789 897 5857 ipsius
924 5793 1166 5846 videlicet
1191 5789 1463 5847 Aribonis.

2189 4617 2566 4684 sesquioctava
2590 4617 2984 4686 jocunditatem
3035 4614 3309 4676 mentibus
3343 4615 3570 4679 intonat,
3601 4619 3737 4684 potest

2191 4723 2220 4762 a
2249 4707 2541 4778 gentilibus
2572 4709 2719 4764 credi
2756 4727 2860 4764 non
2889 4709 3182 4782 incongrue
3222 4712 3438 4766 animas
3479 4725 3543 4765 ex
3579 4707 3734 4761 eisdem

2191 4801 2632 4871 proportionibus
2661 4803 2991 4868 consistere;
3027 4820 3151 4860 cum
3174 4803 3474 4860 similitudo
3493 4804 3559 4858 sit
3583 4799 3732 4856 auxia.

2191 4889 2572 4946 dissimilitudo
2596 4893 2804 4949 odiosa.
2833 4892 2965 4947 Nam
2999 4895 3160 4949 etiam
3189 4895 3314 4950 boni
3345 4893 3533 4958 bonos,
3564 4881 3733 4960 reprobi

2190 4983 2423 5053 diligunt
2469 4999 2770 5054 perversos.
2831 4985 2936 5040 Sed
2980 4986 3274 5042 histriones
3319 4995 3377 5041 et
3422 4969 3594 5042 caeteri
3636 4982 3735 5037 tales

2191 5075 2385 5133 musici
2425 5084 2554 5130 sunt
2592 5077 2889 5141 naturales,
2939 5093 3044 5131 non
3092 5077 3431 5134 artiﬁciales.
3474 5073 3735 5133 Artiﬁcialis

2191 5175 2372 5221 autem
2419 5168 2658 5222 musicus
2703 5176 2806 5231 est,
2854 5169 2945 5237 qui
2975 5169 3276 5224 naturalem
3307 5170 3546 5224 omnium
3572 5165 3734 5238 sprcieo

2190 5275 2309 5313 rum
2339 5259 2698 5327 diatessaron,
2727 5262 3003 5334 diapente,
3050 5263 3310 5333 diapason
3342 5261 3731 5319 constitutionem

2192 5351 2442 5422 intelligit
2496 5354 2769 5410 subtiliter
2817 5369 2832 5409 :
2893 5356 2983 5425 qui
3041 5356 3455 5426 dispositionem
3505 5365 3728 5423 trapetum

2190 5451 2398 5496 naturae
2453 5444 2833 5514 pedissequam
2880 5445 3160 5516 cognoscit
3206 5434 3728 5507 rationabiliter:qu

2191 5533 2568 5606 principalium
2600 5537 2930 5594 chordarum
2963 5533 3335 5609 operationem
3365 5536 3629 5612 perpendit
3650 5527 3728 5587 εὖ·

2191 5628 2394 5686 caciter
2433 5647 2448 5687 :
2491 5629 2583 5704 qui
2635 5638 2910 5706 troporum
2961 5630 3323 5704 proorictates
3349 5672 3367 5701 ,
3419 5646 3534 5704 quae
3573 5627 3621 5685 in
3657 5635 3725 5680 sex
