3864 6314
152 349 278 410 1341

1607 346 1881 405 MCSICA.

3256 341 3406 400 155B

148 449 385 525 chordis”
406 450 730 533 consistunt,
784 474 927 522 tenet
974 475 1310 523 memoriter.
1352 466 1470 538 ipse
1511 482 1725 539 quoque
1752 467 1796 523 Α
1828 479 2058 521 nextone
2099 465 2248 528 fiant,
2275 476 2486 533 semper
2517 473 2695 518 tamen
2725 470 2818 516 aut
2852 460 2904 515 in
2936 474 3159 517 numero
3186 475 3401 525 vocum,

150 563 280 617 artis
328 561 584 617 facultate
628 562 831 631 optime
874 560 1013 616 sciat
1052 560 1293 632 legitima
1338 560 1720 629 comprobare,

150 654 337 708 vitiosa
388 651 640 722 quaelibet
690 653 1020 717 emendare,
1076 650 1579 722 irrepnehensibiles
1628 666 1726 722 per

152 746 497 807 semetipsum
527 745 829 801 cantilenas
857 744 1190 816 excogitare.

116 838 119 839 ⁷
518 838 591 901 De
618 838 834 893 musica:
862 830 996 892 artis
1030 837 1350 893 moralitate.

219 929 482 996 Ethicam,
512 930 565 987 id
586 939 692 995 est,
721 930 985 987 moralem
1012 945 1133 986 esse
1156 930 1415 986 musicam
1445 929 1623 1001 quivis
1658 945 1726 986 ex

149 1020 253 1077 hoc
292 1029 469 1088 potest
514 1022 815 1091 percipere,
840 1020 1004 1090 quod,
1046 1028 1105 1075 ut
1144 1035 1309 1091 supra
1361 1021 1585 1086 dictum,
1629 1038 1727 1078 sua

147 1112 355 1169 confert
380 1113 641 1168 beneﬁcia
680 1114 795 1168 sine
826 1106 960 1169 artis
1006 1113 1371 1183 perceptione.
1419 1113 1572 1170 Unde
1612 1113 1728 1184 ejus

148 1221 274 1260 usus
302 1215 420 1260 arte
449 1220 734 1276 possessus
765 1214 912 1260 tanto
938 1204 1093 1260 nobis
1121 1205 1367 1261 stabilior
1389 1216 1443 1261 et
1473 1222 1728 1276 perseve-

149 1300 351 1356 rantior
402 1309 602 1370 quanto
632 1301 746 1369 ipsa
774 1300 932 1357 nobis
958 1311 1041 1357 est
1078 1300 1396 1367 naturalior,
1425 1310 1486 1355 ut
1522 1300 1729 1355 diutur-

147 1392 265 1447 nius
304 1376 527 1462 argeuto
574 1392 801 1447 inhaeret
847 1408 1037 1449 aurum
1082 1409 1241 1463 quam
1281 1408 1466 1463 cupro.
1511 1391 1729 1449 Moralis

114 1498 267 1539 'csse
302 1475 515 1554 penitus
557 1483 885 1550 ostenditur,
935 1500 1059 1540 cum
1101 1484 1277 1540 omnis
1321 1499 1505 1550 sexus,
1553 1483 1729 1541 omnis

44 1630 53 1635 -
145 1589 276 1633 actas
318 1577 370 1631 in
424 1575 511 1631 illa
564 1575 884 1632 delectatur.
931 1576 1042 1632 Nec
1087 1577 1261 1633 solum
1308 1577 1582 1643 humanm,
1634 1578 1727 1633 sed

144 1669 307 1723 etiam
356 1667 542 1723 feriam
588 1683 742 1723 suam
773 1668 1165 1738 joeunditatem
1218 1672 1585 1726 communicat
1632 1686 1729 1726 na-

108 1786 111 1787 ν
147 1770 300 1814 tune.
330 1758 677 1829 Pereepimus
704 1760 901 1830 quippe
927 1762 1198 1817 autcutica
1230 1804 1243 1828 ,
1272 1770 1560 1819 venatores
1586 1762 1727 1819 foliis

145 1851 446 1906 recinentes
491 1866 714 1921 capreas
758 1852 998 1922 aliasque
1043 1854 1186 1910 feras
1221 1855 1286 1909 ad
1318 1869 1377 1909 se
1406 1854 1719 1925 pellexi~se;

140 1951 397 2012 patetque
428 1932 534 1999 non
563 1944 777 2013 penitus
811 1944 1112 2021 fabulosum
1144 1962 1285 2011 esse,
1313 1946 1585 2019 Orpheum
1608 1949 1723 2020 lyra

139 2031 418 2089 Plutonem
447 2034 707 2102 placasse,
734 2050 858 2091 cum
881 2035 1123 2105 legamus
1154 2038 1408 2094 Davidem
1433 2039 1725 2094 dmmonia-

137 2138 259 2179 eam
284 2122 461 2179 Saulis
490 2123 758 2180 feritatem
788 2125 1161 2200 citharizandp
1208 2128 1502 2199 mitigasse.
1535 2128 1723 2187 Nonne

136 2216 445 2273 modulator
470 2216 636 2274 Arion
668 2219 861 2274 mortis
887 2190 1412 2293 evasitﬁzriculum,
1442 2222 1747 2280 excutiens

137 2323 203 2364 se
258 2323 420 2381 super
468 2326 635 2366 unum
678 2312 746 2366 ad
790 2311 1074 2368 melodiam
1127 2327 1281 2368 suam
1339 2312 1722 2369 conﬂuentium

135 2397 553 2469 delphinorum?
598 2401 815 2459 ΒΙυείοω
844 2404 1204 2459 moralitatem
1237 2405 1398 2460 etiam
1441 2404 1596 2461 Plato
1624 2407 1722 2463 de-

137 2502 401 2547 monstrat
422 2493 644 2551 dicens:
674 2494 986 2550 Animorum
1034 2495 1156 2551 item
1194 2495 1551 2565 placiditatem
1601 2514 1726 2553 con-

131 2584 479 2639 atituebamus
524 2587 581 2640 in
630 2585 1071 2655 delinimentislet
1121 2588 1432 2659 affabilitate
1485 2590 1719 2646 musicat.

132 2675 330 2733 Merito
370 2679 503 2735 dicit
541 2679 696 2737 Plato
735 2681 1100 2751 placiditalem
1151 2683 1454 2739 animorum
1501 2700 1622 2740 esse
1668 2685 1723 2740 in

133 2767 366 2834 musica,
398 2783 520 2824 cum
552 2771 695 2826 nulla
724 2772 1039 2842 inquietudo
1077 2788 1198 2828 curn
1245 2773 1465 2835 assidua
1504 2775 1726 2831 musica:

131 2870 491 2915 conversetur
541 2861 921 2918 delectatione.
971 2863 1067 2918 Est
1115 2873 1316 2929 tamen,
1366 2872 1426 2918 ut
1476 2864 1722 2935 legimus,

127 2950 351 3019 quidam
396 2963 669 3023 expertus,
704 2963 756 3010 et
810 2955 865 3010 in
918 2954 1005 3010 illa
1043 2955 1146 3011 hoc
1186 2957 1317 3013 satis
1351 2974 1473 3013 esse
1525 2968 1723 3027 ratum,

125 3041 270 3095 nihil
294 3045 437 3099 omni
466 3055 620 3115 parte
645 3046 861 3102 beatum
891 3063 906 3102 :
933 3048 1023 3119 qui
1054 3048 1314 3118 quosdam
1348 3050 1536 3106 modos
1569 3050 1723 3105 intlr—

1826 569 1918 614 aut
1942 560 1995 619 in
2021 558 2227 613 ratione
2255 567 2499 613 tonorum
2542 572 2750 612 neumte
2776 555 3097 611 alterutrum
3123 556 3407 615 conferan-

1808 661 1915 708 atur
1940 663 2101 721 atque
2130 650 2524 721 respondeant:
2558 665 2701 704 utine
2727 664 2881 719 teque
2918 650 3105 719 aequis,
3142 665 3281 706 nunc
3311 650 3408 705 du-

1826 744 1949 814 plze,
1995 744 2078 799 vel
2124 743 2295 816 triplae
2333 744 2685 815 simplicibus,
2735 755 2899 817 atque
2937 748 3071 804 alias
3122 747 3409 805 collatione

1825 837 2180 908 sesquialtera
2222 838 2305 894 vel
2351 839 2689 907 sequitertia.
2720 840 2851 895 item
2884 850 2943 896 ut
2981 857 3406 898 morerversuum

1802 928 2200 984 distinctiones
2223 928 2457 999 aequales
2486 928 2613 995 sint,
2645 937 2699 983 et
2720 929 3003 1000 aliquoties
3025 932 3226 986 818de
3256 945 3411 1001 repe-

1828 1019 1963 1085 titae,
1993 1028 2084 1074 aut
2111 1019 2287 1090 aliqua
2308 1019 2389 1075 vel
2416 1036 2579 1091 parva
2604 1021 2899 1077 mutatione
2939 1024 3180 1088 variat:e,
3205 1032 3258 1078 et
3284 1039 3408 1079 cum

1829 1110 2147 1182 perpulchre
2192 1113 2389 1167 fuerint
2427 1112 2712 1181 duplicatae
2760 1113 3022 1170 habentes
3060 1124 3260 1184 partes,
3301 1131 3409 1171 non

1829 1202 1991 1256 nimis
2030 1202 2293 1268 diversas,
2330 1211 2384 1258 ct
2426 1220 2545 1274 qua:
2582 1204 2867 1274 aliquoties
2912 1206 3113 1260 eaedem
3147 1207 3407 1262 transfor-

1830 1305 2045 1350 mentur
2054 1311 2151 1365 per
2163 1296 2369 1362 modos,
2387 1298 2925 1355 autsin‘iilesintensze
2935 1308 2988 1354 et
3006 1301 3247 1356 remissa:
3261 1301 3413 1357 inve-

1830 1389 2068 1444 niantur.
2095 1389 2227 1443 Item
2254 1399 2307 1444 ut
2338 1392 2878 1462 reciprocataneuma
2902 1394 3093 1449 eadem
3110 1396 3192 1448 via
3229 1396 3413 1451 redeat

1829 1494 1936 1550 qua
1965 1492 2207 1547 venerat,
2240 1494 2305 1534 ac
2342 1498 2437 1553 per
2484 1483 2672 1538 eadem
2717 1484 2944 1557 vestigia
2992 1495 3256 1541 recurrat.
3281 1485 3412 1540 Item

1830 1583 1889 1627 ut
1918 1573 2132 1644 qualem
2164 1575 2405 1631 habitum
2432 1575 2514 1630 vel
2545 1576 2741 1631 lineam
2782 1592 2884 1631 una
2925 1576 3053 1632 facit
3074 1578 3319 1633 saliendo
3346 1578 3414 1633 ab

1831 1666 2024 1733 acutis,
2057 1666 2216 1723 talem
2250 1666 2421 1723 altera
2466 1667 2717 1724 inclinata
2749 1684 2779 1724 e
2809 1668 3027 1740 regione
3061 1675 3297 1740 opponat
3324 1683 3413 1723 re-

1832 1758 2144 1826 spondendo
2170 1774 2198 1812 a
2230 1760 2503 1829 gravibus.
2554 1760 2683 1817 Item
2734 1759 3025 1830 aliquando
3069 1776 3172 1815 una
3212 1758 3415 1831 syllaba

1758 1829 1801 1885 Β
1829 1863 1989 1902 uuam
2041 1849 2123 1904 vel
2172 1838 2355 1919 plures
2408 1852 2625 1905 habeat
2660 1867 2921 1918 neumas,
2969 1852 3259 1907 alicuando
3307 1868 3415 1906 una

1828 1954 2021 1994 neuma
2053 1940 2233 2008 plures
2265 1941 2538 1997 dividatur
2568 1941 2619 1996 in
2650 1942 2903 2013 syllabas.
2943 1960 2963 1994 ι

1899 2032 2164 2099 Quoniam
2194 2034 2413 2104 quidem
2443 2035 2672 2090 donmus
2700 2034 2873 2090 Guido
2905 2035 3003 2103 has
3030 2034 3416 2103 prmeeptienes

1827 2140 1953 2180 suas
1981 2125 2096 2180 sine
2123 2126 2384 2197 exemplis
2424 2126 2661 2198 reliquit,
2685 2127 2809 2196 quia
2840 2142 2961 2191 eas,
2984 2137 3043 2181 ut
3081 2136 3207 2183 sunt
3236 2127 3413 2182 mani-

1829 2216 2016 2283 festas,
2044 2216 2294 2283 credidit,
2326 2233 2424 2274 nos
2450 2233 2544 2273 eas
2573 2218 2728 2274 valde
2750 2218 3086 2290 simplicibus
3110 2234 3208 2290 pro
3230 2228 3416 2274 nostro
3468 2214 3469 2217 “

1830 2315 1986 2377 captu
2029 2321 2379 2377 exponemus.
2411 2306 2631 2363 Neumae
2678 2321 2871 2379 nempe
2914 2308 3073 2364 unius
3114 2309 3231 2364 soni
3283 2307 3414 2362 tium

1830 2397 2256 2467 repereussione,
2308 2412 2430 2452 cum
2481 2397 2755 2468 simplices
2796 2407 2942 2462 sunt,
2974 2398 3025 2452 id
3067 2405 3154 2453 est
3196 2398 3279 2453 vel
3312 2414 3415 2454 una

1832 2488 2060 2559 virgula,
2093 2487 2174 2543 vel
2207 2503 2311 2544 una
2341 2487 2554 2559 jacens,
2577 2489 2660 2544 vel
2698 2505 2819 2545 cum
2853 2488 3090 2559 duplices
3120 2497 3215 2545 aut
3241 2489 3415 2561 tripli-

1830 2595 1919 2636 ces
1947 2580 1998 2634 in
2029 2580 2267 2649 ejusdem
2295 2590 2422 2637 sunt
2445 2582 2560 2637 soni
2587 2583 3017 2652 repereussione,
3048 2592 3159 2637 tum
3187 2583 3414 2639 duorum

1804 2680 1924 2727 .aut
1958 2673 2189 2745 plurium
2218 2674 2555 2731 connexione
2585 2675 2733 2730 flant.
2789 2674 3026 2730 Duorum
3058 2685 3152 2730 aut
3181 2674 3414 2746 plurium

1802 2766 2082 2819 sonorum
2115 2765 2451 2822 connexione
2490 2765 2626 2820 fiunt
2666 2781 2856 2821 onmes
2904 2762 3134 2831 neumte,
3176 2767 3413 2835 exceptis

1827 2860 2178 2931 praescriptis.
2217 2859 2352 2914 Duae
2379 2859 2610 2914 tribus...
2652 2871 2755 2914 tres
2792 2859 3028 2914 tribus...
3074 2867 3128 2914 et
3177 2858 3296 2915 alite
3349 2859 3412 2913 de

1830 2951 2201 3020 amplioribus,
2230 2967 2364 3022 quas
2403 2952 2563 3008 modo
2589 2952 2947 3022 prieterimus.
2980 2952 3205 3022 Semper
3232 2960 3412 3007 tamen

1829 3050 1923 3097 aut
1952 3043 2005 3097 in
2036 3057 2263 3099 nmnero
2285 3058 2502 3109 vocum,
2534 3054 2626 3099 aut
2651 3045 2703 3099 in
2732 3044 2942 3099 ratione
2972 3053 3220 3101 tonorum
3251 3043 3391 3097 alter

126 3132 355 3199 miores,
382 3127 643 3204 quasdam
673 3138 836 3192 etiam
865 3138 1033 3194 sensit
1061 3140 1328 3205 saniores,
1358 3156 1517 3210 quem
1542 3141 1723 3214 Phry-
1751 3133 1793 3193 C
1828 3145 2006 3190 utrum
2038 3138 2412 3205 conferantur,
2442 3155 2585 3193 nunc
2614 3154 2782 3209 αξιιιιω
2805 3138 2997 3209 ωαυίεο
3030 3138 3221 3208 λΕιιιιω
3248 3136 3410 3207 33‘1"“

122 3222 253 3300 gius
305 3225 371 3278 ad
408 3226 692 3294 quemdam
753 3227 1045 3312 thalamum
1107 3229 1367 3296 traduxit,
1410 3231 1722 3304 bypophry-

120 3316 358 3387 giusqne
398 3318 748 3387 pmnitentcm
796 3320 1030 3375 reduxit.
1090 3321 1199 3377 Nos
1251 3338 1467 3394 quoque
1517 3325 1722 3381 scimus

122 3411 393 3476 quasdam
444 3412 673 3481 species,
722 3419 775 3465 et
819 3412 1155 3469 diatessaron
1208 3424 1264 3470 et
1301 3416 1552 3487 diapente
1604 3418 1725 3472 aliis

116 3515 251 3561 esse
295 3500 654 3571 pulchriores,
698 3512 756 3557 ut
794 3503 967 3573 prima
1016 3512 1071 3559 ct
1116 3516 1325 3573 quarta,
1373 3507 1623 3562 secundae
1671 3517 1727 3562 et

118 3593 305 3648 tertia:
332 3604 587 3663 superant
616 3582 1045 3651 consonantiam.
1073 3597 1251 3651 Prima
1274 3607 1325 3651 et
1349 3608 1537 3668 quarta
1560 3599 1725 3654 semi-

114 3685 337 3738 tonium
395 3686 596 3740 habent
652 3687 706 3741 in
758 3687 957 3752 medio,
1018 3687 1137 3742 ideo
1200 3687 1392 3743 melius
1444 3696 1721 3743 resonant.

112 3777 377 3831 Secunda
406 3787 461 3833 et
495 3762 650 3833 tertia
698 3780 1041 3835 semitonium
1075 3781 1292 3845 habent,
1337 3780 1453 3834 haec
1490 3780 1541 3834 in
1572 3780 1722 3851 prin-

109 3869 291 3936 cipio,
324 3868 410 3923 illa
442 3868 496 3923 in
524 3869 649 3936 line,
675 3879 728 3925 et
751 3870 871 3925 ideo
906 3868 1122 3924 surdius
1145 3878 1357 3924 sonant.
1390 3868 1493 3924 Sed
1526 3869 1576 3925 in
1603 3871 1719 3926 dia-

110 3969 374 4013 tessaron
406 3960 687 4029 speciebus
722 3958 1015 4015 tolerabilis
1055 3969 1138 4014 est
1180 3960 1483 4023 diversitas,
1517 3959 1570 4014 in
1602 3961 1722 4030 qui-

103 4052 225 4106 bus
276 4051 490 4106 ditonus
540 4053 785 4123 sequitur
831 4052 1195 4115 semitonium,
1244 4060 1304 4106 ut
1349 4052 1402 4106 in
1452 4052 1715 4118 secunda;

101 4143 202 4197 vel
240 4145 496 4214 praecedit
525 4144 890 4211 semitonium,
926 4153 984 4198 ut
1033 4145 1084 4199 in
1139 4145 1318 4199 tertia.
1362 4144 1416 4197 In
1468 4143 1720 4213 diapente

105 4246 309 4305 autem
347 4237 580 4292 secunda
611 4247 665 4291 et
704 4238 857 4292 tertia
903 4238 1081 4308 specie
1118 4235 1472 4291 intolerabilis
1499 4247 1712 4291 contur~

102 4331 275 4385 bavit
329 4346 428 4386 nos
483 4330 716 4385 tritonus
759 4348 773 4384 :
833 4345 992 4401 quem
1050 4339 1269 4401 propter
1321 4329 1716 4385 inconsontiam

100 4420 434 4476 cantionum
466 4406 753 4493 possumus
779 4419 1008 4475 alterum
1040 4418 1319 4474 nominare
1353 4416 1713 4483 Coridonem;

1826 3228 2200 3295 conferuntur,
2246 3246 2370 3285 cum
2427 3231 2701 3301 simplices
2755 3232 3127 3303 simplicibus,
3175 3232 3409 3300 duplicer
3473 3220 3481 3233 ’

1806 3321 2148 3390 duplicibus,
2184 3322 2421 3393 triplices
2462 3323 2769 3394 triplicibus
2801 3332 3166 3394 opponuntur.
3208 3323 3273 3378 Et
3314 3323 3410 3377 hor

1826 3423 1920 3468 aut
1950 3415 2001 3469 in
2028 3430 2254 3470 numero
2279 3432 2490 3483 vocum,
2523 3426 2580 3471 ut
2607 3418 2659 3471 iu
2694 3418 2862 3487 aequis
2892 3419 3010 3473 duae
3040 3419 3269 3485 duabus,
3301 3428 3411 3474 tres

1830 3507 2001 3563 tribus
2031 3508 2400 3563 conferantur.
2430 3509 2485 3562 ιιι
2510 3510 2684 3580 duplis
2712 3510 2830 3565 dum
2871 3510 2983 3576 uni,
3018 3519 3253 3579 quatuor
3281 3511 3385 3565 dua

1826 3599 1946 3663 bus,
1981 3600 2153 3669 triplte
2182 3601 2407 3671 simplis,
2439 3611 2533 3656 aut
2579 3601 2631 3656 in
2681 3602 2888 3656 ratione
2922 3610 3192 3657 tonorum.
3236 3602 3406 3658 Tenet

1824 3692 2021 3748 dicitur
2061 3709 2211 3748 mora
2257 3694 2433 3758 vocis,
2480 3693 2569 3766 qui
2615 3694 2670 3749 in
2718 3695 2887 3766 requis
2932 3704 3037 3763 est,
3080 3695 3125 3750 si
3179 3703 3408 3772 quatuor

1825 3784 2046 3842 vocibus
2076 3786 2194 3842 dure
2225 3795 2627 3857 comparantur,
2657 3794 2713 3842 et
2760 3795 3021 3861 quantum
3052 3786 3122 3849 sit
3155 3802 3410 3841 numerus

1824 3877 2049 3932 duarum
2085 3878 2281 3946 minor,
2316 3887 2522 3933 tantum
2553 3893 2738 3933 carum
2761 3894 2909 3933 mora
2939 3878 3007 3934 sit
3041 3878 3225 3947 major.
3260 3878 3409 3935 Unde

1822 3970 1875 4026 in
1927 3971 2322 4040 antiquioribus
2372 3972 2767 4045 antiphonariis
2828 3972 3071 4041 utrisque
3123 3988 3171 4026 c.
3234 3980 3272 4026 ι.
3332 3988 3408 4027 tu.

1823 4067 2121 4135 reperimus
2171 4082 2432 4138 perstrpe,
2484 4082 2605 4139 quae
2659 4066 3016 4131 celeritatem,
3072 4064 3409 4130 tarditatem,

1802 4146 2250 4213 rtucdiocritatem
2284 4159 2534 4211 innuunt.
2583 4158 2896 4228 Antiquitus
2938 4157 3037 4215 fuit
3068 4173 3259 4223 magna
3301 4157 3402 4211 cir-

1819 4250 2151 4321 cumspectio
2177 4265 2281 4303 non
2304 4248 2477 4304 solum
2506 4257 2696 4303 cantus
2720 4248 3112 4311 inventoribus,
3135 4248 3228 4301 sed
3244 4248 3407 4303 etiam

1820 4338 1952 4408 ipsis
1979 4338 2313 4402 cantoribus,
2342 4347 2399 4393 ut
2428 4338 2657 4409 quilibet
2688 4337 3163 4408 proportionaliter
3183 4346 3236 4394 et
3266 4340 3408 4393 inve-

1821 4435 1999 4491 nirent
2019 4445 2073 4490 et
2095 4446 2367 4492 canerent.
2390 4438 2521 4505 Qua:
2537 4440 2898 4495 consideratio
2916 4437 3230 4507 jamdudum
3248 4437 3406 4503 obiit,

96 4512 206 4569 sed
244 4522 428 4567 tamen
473 4519 557 4567 est
590 4511 849 4581 obsequio
887 4510 1168 4565 cantilenae
1212 4524 1593 4579 nonnunquam
1622 4524 1717 4564 ne-
1750 4482 1793 4536 Β

94 4602 415 4669 cessarius,
463 4601 605 4657 sicut
629 4601 863 4655 rusticus
910 4598 1141 4655 Coridon
1188 4598 1526 4654 dominorum
1563 4615 1713 4654 sum—

92 4694 322 4767 plibUS.
646 4722 647 4725 π
808 4734 833 4759 ,

497 4789 568 4841 De
600 4787 983 4857 opportunitate
1011 4784 1339 4843 modulandi.

180 4876 397 4946 Duplex
421 4887 504 4934 est
533 4877 794 4947 jubilandi
836 4876 1083 4949 dulcedo,
1113 4876 1155 4931 si
1190 4876 1260 4930 ita
1301 4874 1711 4946 proportionali-

86 4980 191 5023 ter
226 4969 584 5024 conferantur
615 4985 823 5025 neumm
859 4969 1360 5040 distinctionesqne,
1409 4970 1546 5023 sicut
1583 4968 1712 5039 ipsa:

82 5059 475 5123 monocltordi
517 5075 674 5116 voces
725 5060 1025 5129 dispositae,
1072 5060 1210 5113 sicut
1261 5058 1491 5114 domnus
1536 5058 1711 5114 Guido

79 5153 277 5205 docet
330 5151 466 5220 (16),
508 5140 745 5206 musicus
789 5151 1004 5222 quidem
1066 5159 1306 5220 tempore
1361 5151 1706 5216 novissimus,

78 5242 351 5296 utilitate
397 5243 622 5312 primus,
678 5244 829 5314 cujus
874 5244 1067 5297 merito
1116 5243 1248 5299 alios
1291 5242 1533 5313 ejusdem
1577 5244 1711 5300 artis

74 5341 477 5406 praeceptores
520 5334 591 5390 ita
632 5350 1032 5405 comparamus,
1083 5344 1141 5390 ttt
1188 5345 1364 5390 mutas
1411 5336 1706 5400 vocalibus,

73 5426 268 5494 cujus
311 5428 429 5483 haec
470 5438 597 5483 sunt
640 5429 800 5484 verba
838 5443 852 5481 :
887 5447 905 5479 ε
951 5427 1030 5482 Ac
1079 5444 1419 5498 summopere
1454 5437 1709 5483 caveatur

78 5518 235 5572 talis
264 5533 585 5573 neumarum
618 5519 949 5583 distributio,
980 5528 1038 5573 ut
1076 5534 1197 5573 cum
1226 5535 1435 5573 neumre
1465 5517 1704 5587 ejusdem

76 5609 222 5679 soni
256 5612 690 5679 repereussione,
725 5620 835 5666 tum
884 5610 1110 5666 duarum
1163 5619 1255 5667 aut
1308 5610 1539 5681 plurium
1578 5625 1704 5667 con-

1821 4531 1930 4585 imo
1970 4531 2179 4602 sepulta
2214 4542 2315 4588 est.
2341 4531 2492 4588 Nunc
2523 4543 2728 4590 tantum
2753 4533 2946 4591 suﬁicit
2975 4543 3032 4589 ut
3058 4535 3259 4607 aliquid
3289 4535 3408 4590 dul-

1818 4626 2062 4680 cisonntn
2087 4626 2584 4692 comminiscentur.
2618 4644 2721 4683 non
2749 4631 3090 4687 attendentes
3108 4630 3403 4687 dulciorem

1818 4717 2121 4774 collationis
2158 4719 2553 4789 jubilationcm.
2585 4722 2712 4777 ltem
2740 4733 2798 4802 nt
2828 4740 2976 4780 more
3008 4741 3262 4782 versuum
3296 4726 3403 4781 dis-

1816 4808 2105 4865 tinctiones
2126 4812 2360 4881 mquales
2380 4814 2507 4869 sint.
2531 4813 2682 4872 Sicut
2698 4820 2750 4876 in
2778 4818 2912 4874 bene
2940 4806 3246 4890 procuratis
3267 4833 3400 4872 can-

1818 4904 1960 4959 tibus
1984 4902 2308 4973 invenimus,
2331 4923 2468 4977 quos
2496 4913 2751 4969 ruetricos
2774 4913 2952 4968 dicere
2981 4925 3287 4982 possumus,
3308 4918 3396 4964 ut:

1814 5089 1941 5144 Non
1986 5107 2075 5145 vos
2128 5080 2417 5163 relinquam
2456 5097 2740 5166 orphanos,
2777 5097 2903 5152 alla.
2948 5095 3092 5151 Vada
3120 5106 3167 5151 et
3195 5094 3394 5149 veniam

1812 5273 1881 5326 ad
1906 5291 2013 5340 eos,
2041 5274 2172 5341 alla,
2196 5287 2243 5330 et
2273 5278 2519 5347 gaudebit
2552 5296 2643 5332 cor
2670 5289 2918 5343 vestrum,
2944 5278 3069 5332 alla.

1811 5362 1956 5419 Talis
1969 5364 2331 5422 consideratio
2344 5368 2537 5424 similis
2550 5378 2633 5424 est
2648 5369 2912 5424 rhetorico
2928 5367 3116 5433 colori,
3139 5367 3230 5439 qui
3246 5382 3395 5422 eom-

1808 5456 2137 5524 pardicitur,
2166 5459 2256 5528 qui
2283 5468 2496 5516 constat
2520 5459 2633 5515 fere
2661 5475 2727 5515 ex
2755 5460 2871 5531 pari
2898 5474 3123 5515 numero
3154 5457 3393 5531 syllaba-

1810 5546 2077 5603 rum.lloc
2106 5564 2213 5604 non
2240 5550 2304 5605 de
2332 5552 2760 5607 murmuratione
2786 5559 2968 5607 nostra
2994 5546 3393 5615 li‘ct,dicit'l‘ul-‘-

1806 5638 1929 5708 lius,
1957 5655 2078 5705 nam
2103 5640 2154 5697 id
2178 5640 2380 5714 puerile
2401 5650 2507 5715 est,
2545 5642 2637 5700 sed
2662 5650 2871 5703 tantum
2900 5640 3089 5709 all'eret
3114 5655 3265 5711 usus.
3283 5656 3303 5699 ς
3324 5636 3393 5694 Et

161 5762 299 5834 (16)
327 5762 463 5819 Vide
494 5764 808 5841 Patrologire
841 5774 972 5822 tom.
1007 5764 1164 5833 CXLI
