3864 6314
425 342 564 401 ιδιι

1520 331 1796 390 ΗΕΝιιιυι
1833 324 2101 386 CLERICI
2140 320 2556 382 POMPDbtANl

3556 322 3675 383 1358

427 462 689 529 quantum
719 466 786 510 ex
814 449 984 524 ipsius
1008 462 1106 505 ore
1148 446 1373 519 cognovi
1409 459 1603 502 meave
1648 443 2006 516 experientia,
2039 441 2165 499 Aet
2194 456 2390 498 excors
2412 442 2502 512 qui
2545 454 2655 495 non
2706 441 2857 509 cptet
2900 436 3186 506 quiescere
3238 436 3290 491 in
3348 436 3689 507 Pompusiano

423 562 532 607 tua:
568 546 830 605 intimabo
888 543 1120 600 fideliter
1169 539 1466 596 dilectioni.
1517 537 1625 594 Sed
1670 546 1733 592 ut
1779 532 1854 591 'ad
1906 536 2009 590 hoc

423 642 639 714 planius
658 638 1003 704 descendam,
1034 634 1441 707 perspicuisquc
1466 640 1649 703 pateat
1682 630 2004 696 rationibus,

425 732 588 804 paulo
618 731 777 788 altius
809 728 1171 786 inchoandum
1207 734 1311 782 est.
1402 752 1413 773 ι

497 825 856 895 Pompusiana
896 836 1030 894 ergo
1081 820 1328 886 basilica,
1378 819 1534 876 sicuti
1573 832 1672 889 ego
1700 817 1905 886 accepi,
1939 831 2005 871 ex

427 931 670 990 tempore
718 917 981 975 Guiilonis
1011 916 1162 970 mira:
1191 914 1517 977 sanctitatis,
1561 912 1720 983 primi
1766 910 2006 980 ejusdem

430 1012 641 1067 colendi
678 1011 780 1064 loci
832 1008 1038 1080 patris,
1098 1006 1327 1061 miriﬁce
1379 1003 1653 1060 honestari
1710 1018 1775 1058 ac
1824 1000 2008 1072 augeri

425 1103 587 1171 cepit.
608 1099 774 1169 Cujus
799 1098 1090 1155 sanctitate
1106 1098 1207 1152 viri
1234 1113 1366 1169 gens
1392 1096 1591 1160 alllata,
1615 1105 1777 1164 atque
1802 1093 2009 1148 exhila-

426 1204 568 1260 rata,
601 1192 947 1264 quamplures
977 1192 1215 1262 undique
1246 1192 1312 1245 ad
1342 1191 1445 1244 hoc
1467 1188 1774 1244 venerabile
1803 1197 2007 1241 tutum-

427 1302 531 1357 que
558 1286 920 1357 properabant
951 1285 1204 1341 certatim
1241 1282 1497 1353 effugium
1524 1299 1539 1348 ;
1584 1282 1866 1352 cupientes
1899 1289 2007 1334 tam

426 1378 599 1432 sancti
657 1376 896 1446 magistri
955 1375 1147 1429 instrui
1203 1374 1534 1443 disciplinis,
1587 1372 1862 1441 vitamque
1912 1372 2010 1427 sub

430 1470 746 1525 monachica
768 1468 1039 1538 castigare
1077 1469 1300 1522 trutina.
1336 1469 1481 1522 Inter
1509 1482 1647 1537 quos
1684 1467 1848 1521 etiam
1898 1466 2014 1535 qui-

431 1562 555 1616 dam
586 1563 981 1627 marcbionum,
1009 1561 1267 1617 comitum
1300 1574 1695 1629 procerumque
1728 1558 1846 1624 ﬁlii,
1879 1558 2009 1613 deli-

433 1654 527 1710 tiis
566 1654 786 1710 omissis
830 1668 1134 1725 pompaque
1169 1654 1412 1709 smt-ulari
1451 1653 1777 1722 posthabita,
1819 1667 2013 1708 conve-

428 1757 647 1816 nerunt,
676 1748 897 1817 Deoque
919 1754 1179 1817 operante
1212 1760 1382 1815 usque
1410 1744 1567 1798 hodie
1593 1758 1695 1797 non
1722 1743 2010 1798 desistunt.

2114 534 2353 591 claustro
2388 552 2417 589 a
2444 534 2678 605 strepitu
2706 532 2994 588 mundanae
3023 532 3218 601 pestis,
3240 532 3335 587 ubi
3360 530 3562 601 iugiter
3582 533 3689 586 rdi-

2114 626 2405 688 ﬁcationis,
2435 634 2493 681 et
2530 624 2849 680 salvationis
2890 633 3130 678 meretur
3170 623 3481 694 intelligere
3506 624 3691 677 verba?

2115 713 2268 770 Sicut
2320 715 2467 771 enim
2529 715 2728 784 probos
2780 728 2962 770 mores
3024 713 3297 783 colloquia
3355 726 3693 785 corrumpunt

2114 821 2283 876 prava
2320 823 2335 858 :
2373 807 2451 861 sic
2498 821 2530 861 e
2575 820 2844 861 converso
2890 804 3030 858 bona
3078 792 3353 873 colloquia
3401 804 3572 858 malos
3611 807 3693 859 de-

2114 907 2333 953 struunt
2361 913 2564 965 mores,
2597 898 3006 966 immittuntque
3042 898 3234 952 bonos.

2186 990 2291 1046 Sed
2322 1006 2390 1047 ne
2422 991 2517 1046 tibi
2555 1007 2744 1062 parum
2797 990 3043 1047 sufﬁcere
3095 992 3351 1046 videatur
3375 990 3523 1060 quod
3550 991 3613 1044 de
3643 991 3673 1043 li

2115 1080 2230 1135 bris
2269 1083 2587 1148 memoravi,
2640 1083 2771 1138 libet
2819 1083 2984 1137 etiam
3029 1082 3243 1136 titulum
3281 1082 3696 1152 uniuscujusque

2116 1173 2245 1227 libri
2282 1174 2550 1240 scribere;
2587 1183 2646 1228 ut
2671 1174 2815 1245 quod
2846 1174 3000 1244 puris
3028 1188 3135 1229 non
3165 1174 3349 1229 credis
3379 1175 3581 1237 verbis,
3608 1177 3699 1228 sal-

2119 1274 2225 1323 tem
2250 1267 2498 1324 ﬁdelibus
2527 1267 2830 1338 subjectum
2853 1269 3046 1325 credas
3067 1262 3261 1324 oculis.
3296 1268 3410 1323 Nec
3438 1270 3583 1323 enim
3606 1269 3697 1323 hoc

2116 1360 2171 1414 in
2202 1374 2400 1414 vanum
2437 1361 2616 1415 conati
2658 1370 2885 1425 ‘sumus;
2937 1362 3194 1430 quoniam
3231 1361 3488 1416 accidere
3536 1370 3700 1431 potest

2114 1458 2176 1503 ut
2215 1464 2404 1506 errore
2450 1450 2647 1521 aliquis
2693 1466 2760 1506 ex
2803 1452 2891 1506 bis
2929 1450 3241 1506 subtractus
3296 1450 3533 1505 latenter
3580 1450 3699 1505 liber

2117 1543 2375 1599 oblivioni
2415 1545 2690 1610 tradatur;
2745 1545 2838 1599 sed
2887 1545 3124 1615 perlecta
3159 1547 3263 1602 hac
3302 1547 3506 1616 pagina
3540 1544 3697 1598 fidelis

2117 1632 2378 1688 librorum
2433 1645 2616 1690 custos
2667 1650 2789 1690 cum
2840 1637 3129 1708 diligenter
3165 1636 3432 1707 iuquirat,
3476 1636 3522 1691 si
3576 1636 3701 1690 fune

2118 1728 2202 1783 vel
2231 1743 2298 1782 ex
2332 1727 2614 1793 fratribus,
2642 1728 2724 1783 vel
2755 1729 2962 1783 advena
2993 1729 3237 1795 sustulit,
3269 1731 3516 1783 armario
3552 1730 3703 1784 msti-

429 1839 548 1907 Quu
577 1839 631 1895 in
679 1848 919 1909 tempore
951 1839 1053 1894 iste
1096 1838 1346 1892 dominus
1395 1850 1569 1900 meus,
1608 1836 1674 1888 de
1715 1849 1820 1904 quo
1856 1833 2013 1889 nobis

2129 1829 2303 1875 tuatur
2326 1820 2606 1875 continuo.
2651 1819 2788 1875 Nota
2819 1829 3021 1887 autem,
3064 1823 3303 1892 prudens
3353 1821 3553 1885 lector,
3586 1823 3700 1891 quia

428 1945 631 1997 sermo,
665 1929 1028 2001 Hieronymus
1073 1929 1266 1994 abbas,
1309 1944 1336 1981 a
1375 1942 1544 1997 puero
1577 1926 1852 1989 advectus,
1898 1923 2012 1980 suf-

430 2023 677 2078 ﬁcienter
721 2020 909 2076 didicit
966 2020 1338 2074 monachicam
1388 2033 1635 2073 normam
1672 2034 1683 2071 :
1718 2018 1909 2072 deinde
1960 2017 2011 2071 in

428 2115 800 2178 grammaticae
848 2112 1053 2168 studuit
1103 2110 1485 2176 fundamento;
1518 2110 1613 2165 sed
1654 2119 1709 2165 ct
1735 2097 2013 2165 dialectica

430 2207 722 2277 aliquando
764 2205 951 2261 libavit
996 2204 1267 2269 acumina,
1312 2204 1363 2258 in
1396 2204 1672 2274 brevique,
1710 2202 1816 2257 Deo
1848 2205 2018 2273 magi-

431 2308 653 2361 strante,
690 2297 914 2353 multum
945 2296 1175 2368 profecit
1204 2304 1463 2368 tempore.

499 2390 651 2445 Tunc
676 2406 740 2446 es
772 2391 953 2461 priore
973 2390 1138 2446 abbas
1161 2406 1189 2443 a
1216 2389 1476 2445 fratribus
1500 2397 1777 2461 gratanter
1797 2389 2017 2443 ordina-

433 2492 517 2537 tus
546 2491 651 2563 est.
676 2480 776 2550 Qui
806 2483 1058 2554 quoniam
1083 2492 1199 2538 erat
1236 2483 1451 2553 ingenio
1490 2489 1792 2553 promptus,
1829 2482 2017 2541 animo

433 2575 698 2649 placidus,
741 2573 966 2629 fratrum
995 2583 1227 2640 amator,
1263 2589 1470 2630 morum
1504 2574 1661 2644 longe
1686 2574 1887 2643 politus
1916 2575 2017 2629 bo-

406 2666 659 2735 "nestate,
692 2669 1180 2739 menteoprovidus,
1211 2682 1443 2725 cernens
1475 2677 1679 2723 tantam
1707 2684 1766 2724 se
1801 2677 2017 2739 gentem

435 2759 548 2813 sine
576 2773 817 2824 vomere,
863 2775 930 2815 ac
956 2760 1135 2815 marra
1163 2760 1329 2815 divini
1362 2760 1541 2815 cultus
1575 2759 1795 2814 minime
1827 2759 2018 2814 fructi-

435 2849 596 2906 ﬁcare
626 2865 804 2920 posse,
854 2850 997 2907 illico
1024 2853 1150 2906 data
1179 2865 1344 2920 opera
1372 2850 1586 2906 curiose
1618 2850 1824 2921 ubique
1867 2864 2015 2920 quae-

433 2956 554 2997 rere
574 2943 719 3013 cepit
745 2944 1083 2998 diversorum
1109 2942 1380 2998 volumina
1406 2942 1712 3008 doctorum,
1739 2957 1859 3012 quae
1883 2956 2020 3012 prte-

432 3031 679 3088 sentibus
735 3033 1077 3105 posterisque
1144 3033 1467 3088 documenta
1528 3032 1890 3102 relinqueret;
1961 3042 2020 3087 ιιι

429 3118 573 3176 sicut
596 3138 797 3193 genere
818 3124 1105 3195 studioque
1130 3124 1330 3179 diversi
1359 3133 1535 3190 erant,
1564 3124 1643 3180 sic
1664 3126 1717 3179 in
1748 3124 1832 3180 his
1853 3140 2021 3180 unus-

432 3186 664 3280 quisque
694 3186 1069 3283 specularetur
1087 3213 1215 3283 quid
1245 3186 1587 3277 imitandum,
1608 3213 1806 3283 quidve
1834 3228 2020 3283 asper-
2047 3186 2089 3245 ο

433 3308 672 3357 nandum
697 3302 802 3359 sibi
828 3303 984 3359 foret.
1019 3304 1245 3360 Dillicile
1277 3304 1408 3359 mihi
1444 3304 1675 3372 videtur,
1709 3306 2020 3376 quempiam

436 3394 663 3451 virtutes
689 3411 752 3453 ac
787 3397 918 3452 vitia
948 3397 1258 3455 discernere
1287 3397 1454 3453 libere
1480 3408 1659 3467 posse,
1684 3398 2016 3469 ignorantem

426 3488 719 3557 (enigmata
759 3498 815 3546 et
856 3492 1154 3547 sententias
1207 3491 1635 3562 Scripturarum.
1689 3491 1821 3559 Quis
1871 3494 2019 3548 enim

426 3590 636 3652 tngroto
666 3583 969 3638 antidotum
994 3583 1122 3639 dare
1149 3584 1317 3651 novit,
1336 3585 1439 3640 nisi
1468 3585 1559 3655 qui
1587 3584 1809 3641 didicit?
1832 3585 2022 3654 quisve

437 3670 647 3742 remigii
705 3673 927 3743 ignarus
975 3682 1149 3730 ratem
1198 3673 1541 3730 committere
1595 3673 1839 3745 fragilem
1878 3689 2021 3730 sazvo

436 3750 628 3825 audeat
657 3762 858 3833 ponto?

507 3855 613 3911 Sed
663 3856 918 3923 quoniam
965 3856 1138 3913 bonos
1186 3856 1473 3911 lividorum
1530 3856 1699 3913 aculei
1741 3858 2022 3914 stimulare

444 3947 635 4005 Icrlter
661 3945 859 4012 solent,
905 3948 1144 4003 nonnulli
1174 3950 1370 4019 quibus
1413 3962 1568 4003 meus
1599 3949 1790 4004 insana
1822 3949 2022 4019 fuerat,

439 4037 721 4099 dissidere.
747 4038 1035 4095 dissentire
1066 4054 1128 4096 ac
1157 4041 1450 4112 objurgare
1472 4057 1537 4098 ex
1568 4042 1671 4097 hoc
1700 4043 2020 4111 praclarum

438 4140 699 4203 ceperunt
732 4130 983 4187 abbatem
1024 4132 1163 4187 :alii
1202 4146 1326 4188 eum
1358 4133 1555 4189 frustra
1595 4134 1649 4188 in
1698 4134 1854 4205 nugis
1879 4134 2021 4189 bona

438 4225 752 4283 monasterii
812 4225 1112 4296 dissipare‘;
1163 4226 1253 4281 alii
1302 4235 1481 4282 autem
1513 4228 1663 4283 illum
1719 4227 1821 4282 hoc
1861 4225 1931 4281 ob
1970 4227 2022 4282 id

438 4330 620 4388 agere,
651 4324 712 4371 ut
741 4316 1030 4389 aliquando
1052 4306 1173 4375 cum
1205 4320 1335 4375 totis
1361 4319 1513 4375 libris
1544 4318 1756 4391 fugiens
1787 4319 2021 4391 aliquem

441 4407 749 4477 acquireret
800 4410 1169 4479 episcopatum
1213 4411 1338 4474 sibi,
1372 4411 1642 4466 instanter
1675 4411 2020 4477 asserebant;

2118 1914 2279 1970 citius
2312 1923 2370 1968 ut
2413 1912 2733 1981 dignoscere
2778 1915 2960 1971 valeas
3007 1930 3455 1985 unumquemque
3492 1916 3703 1977 librum,

2118 2009 2376 2078 quoniam
2412 2008 2598 2079 plures
2639 2008 2831 2062 inuno
2876 2007 3150 2063 volumine
3195 2016 3345 2072 sunt,
3400 2009 3704 2076 ubicunque

2120 2100 2290 2169 ﬁgura
2328 2100 2380 2154 in
2414 2100 2631 2153 modum
2656 2098 2852 2154 littera:
2887 2109 2922 2154 ι’
2954 2107 3008 2154 et
3031 2108 3298 2169 quotquot
3330 2101 3470 2154 tituli
3507 2100 3708 2154 intrat

2118 2202 2171 2246 ct
2204 2202 2240 2247 Γ
2277 2190 2629 2247 continentur
2657 2190 2710 2244 in
2743 2206 2850 2245 uno
2878 2183 3085 2245 tantum
3117 2192 3315 2246 adsunt
3345 2191 3586 2246 connexi
3618 2206 3705 2241 vo-

2120 2283 2341 2339 lumine.
2374 2283 2493 2339 lloc
2523 2293 2703 2339 autem
2731 2283 2875 2353 quod
2910 2284 2977 2338 de
3006 2283 3116 2339 vita
3160 2285 3342 2339 sancti
3372 2285 3473 2339 viri
3516 2283 3710 2338 Hiero-

2120 2385 2266 2455 nymi
2310 2383 2525 2440 abbatis
2574 2386 2749 2457 deque
2794 2386 3024 2439 fratrum
3076 2400 3307 2441 numero
3339 2395 3396 2441 et
3443 2387 3511 2442 de
3542 2387 3709 2442 eremi

2120 2486 2462 2544 amtemtate,
2490 2487 2546 2534 et
2574 2480 2740 2535 totius
2767 2479 2869 2535 loci
2899 2478 3177 2545 mdillciis,
3209 2480 3413 2548 quaevis
3438 2480 3490 2534 in
3531 2478 3711 2533 libello

2120 2583 2279 2637 quem
2312 2569 2534 2641 proprie
2556 2570 2622 2626 de
2642 2586 2703 2626 ea
2734 2584 2792 2624 re
2814 2570 3006 2641 scripsi
3044 2571 3330 2627 invenias:
3370 2581 3558 2626 actum
3590 2586 3712 2626 vero

2121 2660 2186 2731 in:
2214 2661 2352 2716 libro
2375 2662 2692 2732 pontiﬁcum
2722 2677 2866 2718 anno
2895 2662 2963 2717 ab
2999 2662 3375 2719 Iucarnatioue
3417 2664 3583 2720 l093.
3724 2650 3731 2657 ’

2191 2762 2225 2807 ι’
2266 2751 2357 2806 X‘ll
2386 2753 2509 2808 libri
2538 2754 2825 2825 Augustini
2869 2770 3031 2827 super
3056 2753 3315 2810 Genesim‘
3343 2755 3413 2809 ad
3445 2754 3714 2810 litteram.

2190 2853 2226 2901 Γ
2263 2844 2356 2900 ΧΙΙ
2381 2846 2503 2901 libri
2535 2846 2612 2901 De
2637 2847 2860 2903 civitate
2884 2848 3001 2914 Dei,
3030 2847 3268 2916 ejusdem
3293 2849 3615 2919 Augustini.

2190 2944 2227 2992 Γ
2265 2935 2329 2989 ιιι
2380 2933 2501 2991 libri
2550 2936 2626 2992 De
2669 2936 2853 2993 verbis
2906 2937 3121 2993 Domini
3170 2953 3333 3010 super
3376 2939 3715 3011 Mattbazum,

2120 3044 2282 3100 super
2302 3028 2526 3095 Lucam,
2562 3037 2618 3085 et
2644 3044 2809 3101 super
2828 3030 3115 3086 Joannem.

2190 3134 2229 3180 ι’
2265 3121 2514 3191 Ejusdem
2568 3123 2643 3178 De
2691 3124 3092 3180 catechizandis
3133 3124 3354 3182 rudibus
3392 3141 3446 3192 r;
3488 3126 3575 3183 De
3608 3144 3719 3182 ma-

2121 3217 2292 3290 gistro
2326 3218 2535 3282 liberr,
2578 3216 2666 3271 lib.
2716 3216 3087 3284 Quaestionum
3115 3235 3164 3285 t;
3208 3218 3285 3274 De
3333 3235 3509 3290 agone
3562 3222 3717 3277 Chrio

2121 3310 2301 3365 stiano
2329 3309 2421 3365 lib.
2451 3325 2498 3374 ις
2542 3309 2617 3365 De
2648 3309 2753 3365 ﬁde
2785 3310 3058 3365 catholica
3094 3310 3188 3364 lib.
3222 3326 3269 3376 r;
3309 3321 3497 3366 contra
3528 3328 3567 3366 ν
3605 3314 3715 3367 hab

2122 3418 2292 3469 reses,
2324 3403 2377 3458 id
2422 3413 2505 3459 est
2550 3411 2739 3459 contra
2786 3401 3054 3469 Paganos,
3086 3402 3318 3469 Iudaeos,
3358 3403 3717 3473 Manichazos,

2122 3494 2459 3552 Sabellianos
2501 3504 2556 3551 et
2599 3495 2854 3561 Arianos,
2885 3495 2978 3551 lib.
3018 3509 3071 3561 r;
3118 3495 3194 3551 De
3230 3495 3592 3553 altercatione
3620 3499 3717 3554 Ec-

2121 3588 2299 3646 clesia:
2327 3598 2381 3646 et
2411 3587 2709 3660 Synagoga:
2736 3587 2830 3643 lib.
2857 3603 2904 3642 ι·
2935 3601 3116 3644 sermo
3144 3587 3221 3644 De
3247 3587 3434 3645 decem
3462 3589 3714 3655 chordis;

2122 3682 2199 3738 De
2224 3682 2330 3737 vita
2359 3679 2666 3737 Christiana
2695 3677 2790 3734 lib.
2818 3694 2856 3734 ι.

2190 3783 2228 3829 ι’
2266 3772 2347 3827 Ad
2404 3768 2740 3826 Bonifacium
2802 3776 2992 3825 contra
3050 3767 3360 3826 Donatistas
3430 3770 3719 3840 haereticos

2122 3866 2218 3920 lib.
2252 3881 2291 3920 ι.
2324 3863 2517 3919 Sermo
2562 3863 2638 3917 De
2667 3862 2910 3918 Emerita
2934 3862 3209 3933 episcopo.
3243 3862 3499 3934 Ejusdem
3532 3868 3714 3935 Angit-

2124 3958 2251 4015 stini
2302 3956 2527 4029 epistola
2586 3955 2826 4011 llonorio
2887 3965 2943 4012 et
2996 3956 3301 4012 Theodosio
3364 3957 3715 4020 consulibus.

2124 4059 2317 4106 contra
2342 4049 2591 4104 eumdem
2625 4047 2920 4103 Emeritam
2950 4047 3353 4104 Donatistarum
3381 4051 3717 4121 episcopum.

2125 4140 2428 4213 RespOnsio
2450 4149 2639 4196 contra
2660 4140 2795 4194 duas
2814 4139 3071 4209 epistolas
3094 4138 3381 4196 Gaudentii
3413 4139 3720 4195 Donatista-

2126 4250 2248 4303 rum
2283 4233 2519 4305 episcopi
2571 4233 2638 4288 ad
2678 4230 2993 4287 Dulcitium.
3039 4231 3159 4286 Alia
3211 4233 3497 4303 responsio
3532 4246 3718 4289 contra

2127 4325 2416 4380 secundam
2444 4322 2728 4394 epistolam
2768 4320 3008 4391 cjuxdem
3052 4319 3337 4377 Gaudentii
3369 4323 3439 4377 ad
3470 4323 3719 4379 eumdem

2130 4414 2442 4470 Dulcitium.
2471 4412 2724 4482 Ejusdem
2750 4411 2977 4482 epistola
3008 4409 3074 4465 ad
3102 4410 3490 4467 Maximianum
3514 4412 3599 4467 De
3621 4429 3719 4466 non

439 4514 467 4548 a
507 4498 703 4566 quibus
751 4515 902 4554 meus
935 4515 1051 4555 mea
1086 4501 1244 4572 longe
1295 4502 1466 4558 aliena
1522 4502 1643 4568 fuit,
1705 4517 2025 4578 semperque
2054 4537 2106 4599 ο
2132 4503 2537 4575 rebaptizando.
2571 4502 2767 4557 Sermo
2792 4501 3088 4570 gratiarum
3117 4499 3432 4556 Maximiani
3461 4501 3718 4572 episcqii.

436 4588 581 4659 quod
612 4588 812 4644 bonum
839 4600 893 4645 et
915 4608 1127 4662 acquum
1152 4595 1252 4649 sub
1272 4595 1373 4650 hoc
1403 4595 1633 4650 credidit
1657 4596 1893 4667 negotio.
1926 4596 2022 4651 Cui

432 4677 590 4749 operi
637 4694 704 4732 ex
747 4680 961 4736 abbatis
986 4680 1137 4751 jussu
1184 4682 1367 4740 Bonus
1414 4686 1632 4740 nomine
1682 4695 1736 4742 et
1778 4687 2026 4757 exemplo

438 4770 739 4827 monachus
785 4788 853 4828 ex
902 4775 1127 4829 eremita
1171 4786 1423 4847 prmerat,
1475 4779 1716 4834 omnium
1776 4781 2027 4851 dogmate

442 4863 641 4919 ditium
669 4866 895 4936 peritus,
928 4870 1019 4938 qui
1050 4871 1213 4925 etiam
1243 4880 1482 4929 aestuans
1517 4883 1577 4929 ιιι
1605 4881 1813 4930 tantum
1862 4874 2026 4930 libro-

435 4970 559 5011 rum
591 4958 836 5029 exernpla
864 4961 1160 5032 colligeret,
1207 4979 1314 5020 non
1367 4966 1593 5021 curabat
1648 4966 1931 5023 distinetas
1972 4975 2027 5022 et

434 5039 668 5101 decoras
699 5045 910 5103 litteras
937 5066 948 5102 :
986 5050 1079 5105 sed
1110 5054 1494 5121 quoquomodo
1518 5052 1795 5107 formatas.
1828 5052 2026 5107 Decre—

436 5139 591 5191 derat
629 5140 773 5194 enim
818 5144 1107 5210 praedictus
1144 5146 1312 5201 abbas
1340 5146 1556 5202 eosdem
1604 5146 1923 5210 rescribere,
1970 5153 2039 5200 ct-

442 5231 498 5285 in
528 5246 694 5287 unum
735 5234 1078 5293 bibliothecae
1105 5254 1304 5309 corpus
1347 5240 1623 5310 colligere.
1667 5239 1819 5295 Unde
1859 5255 2026 5311 quos.

431 5320 564 5380 tiam
606 5341 671 5381 ex
704 5327 967 5386 fratribus
1000 5332 1259 5388 adversos
1288 5334 1461 5389 habeo
1492 5335 1561 5389 ob
1592 5320 1812 5389 nimiam
1847 5334 2025 5389 titula-

441 5413 641 5475 tionem
675 5437 779 5477 non
812 5424 1049 5481 valentes
1076 5426 1256 5498 legere
1289 5418 1455 5483 libros
1481 5443 1509 5483 a
1544 5444 1629 5484 me
1661 5428 1915 5498 scriptos.

511 5510 664 5567 Nulla
704 5525 885 5573 autem
915 5518 1168 5586 ecclesia,
1207 5536 1309 5595 nec
1336 5522 1487 5588 urbs,
1521 5536 1695 5591 neque
1723 5521 2020 5592 provincia,

441 5606 657 5661 tandem
686 5623 785 5664 nec
813 5609 925 5680 ipsa
969 5610 1145 5668 Roma
1191 5615 1342 5671 orbis
1366 5624 1548 5685 caput,
1577 5623 1745 5671 certet
1780 5613 2027 5672 laudibus

444 5695 740 5777 Pomposite
763 5703 914 5773 copia
939 5714 1249 5762 sanctorum
1274 5708 1560 5764 fortunata:
1586 5707 1865 5764 librorum.
1893 5707 2026 5775 Quis

442 5785 608 5855 igitur
634 5796 741 5843 tam
774 5790 1000 5861 ferreus,
1031 5797 1152 5864 quis
1186 5808 1290 5851 tam
1322 5799 1566 5868 immitis,
1592 5810 1769 5856 tamve
1792 5800 2020 5865 bestius,

2132 4595 2274 4665 quod
2305 4608 2552 4649 reversus
2583 4593 2655 4647 sit
2683 4595 2748 4646 ad
2784 4591 3105 4645 catholicam
3137 4606 3205 4646 ex
3246 4590 3574 4647 Donatistis.
3608 4591 3722 4661 Epi-

2130 4688 2269 4745 stola
2301 4686 2521 4749 Silvani,
2554 4695 2609 4741 et
2638 4681 2929 4749 Valentini,
2962 4683 3161 4739 Aurelii
3193 4684 3505 4755 Augustini,
3528 4694 3587 4740 et
3623 4699 3707 4740 cz.-

2132 4789 2367 4836 terorum
2410 4778 2787 4849 episcoporum
2836 4777 3051 4833 concilii
3097 4776 3374 4832 Zertensis
3426 4777 3495 4831 ad
3544 4770 3709 4831 Dona-

2130 4874 2304 4929 tistas.
2350 4870 2603 4943 Ejusdem
2648 4870 2713 4925 ad
2764 4868 3094 4925 Macrobium
3144 4877 3204 4923 ut
3241 4883 3347 4924 non
3398 4868 3715 4937 rebaptizet.

2128 4960 2383 5037 Ejusdem
2413 4961 2697 5034 Augustini
2743 4962 2821 5039 De
2845 4962 3178 5017 continentia
3210 4961 3357 5039 liber
3382 4976 3544 5015 unus.
3576 4962 3717 5014 Alius

2129 5036 2205 5111 De
2229 5055 2513 5127 patientia.
2550 5038 2841 5109 Tractatus
2867 5054 3107 5123 ejus-.lcm
3138 5036 3217 5109 De
3245 5052 3475 5109 muliere
3506 5053 3639 5108 forti
3668 5056 3715 5105 in

2129 5148 2436 5205 Salomone.
2484 5146 2724 5217 Epistola
2769 5146 3010 5215 ejusdem
3058 5147 3126 5201 ad
3175 5144 3550 5201 Marcellinum
3588 5163 3713 5215 qun-

2127 5242 2287 5298 modo
2330 5241 2639 5297 invenerint
2676 5238 2812 5309 Magi
2856 5238 3179 5305 Pharaonis,
3212 5253 3475 5293 conversa
3509 5240 3563 5292 in
3593 5254 3707 5292 sau-

2127 5335 2345 5407 guinem
2394 5342 2507 5389 tota
2554 5348 2692 5403 aqua
2738 5330 2980 5402 Algypti,
3022 5331 3162 5385 unde
3211 5329 3387 5385 simile
3432 5330 3711 5400 aliquandi

2128 5426 2389 5482 facerent.
2431 5423 2669 5495 Epistola
2720 5420 3013 5477 Marcellini
3061 5420 3129 5475 ad
3174 5430 3422 5476 sanctum
3462 5420 3711 5489 Augusti-

2129 5534 2254 5575 num
2304 5517 2381 5573 De
2434 5515 2705 5587 aliquibus
2754 5512 3146 5585 quaestionibus
3198 5512 3569 5567 exsolvendis.
3610 5512 3711 5591 Cvr

2128 5611 2217 5668 hic
2243 5612 2405 5677 Deus,
2435 5609 2526 5680 qui
2561 5607 2864 5664 et'Vetcris
2892 5606 3223 5665 Testamenti
3256 5605 3397 5662 Deus
3427 5618 3545 5661 esse
3575 5604 3709 5658 atm-

2127 5712 2328 5768 matur,
2368 5702 2569 5775 spretis
2606 5700 2884 5756 veteribus
2932 5698 3235 5765 sacriﬁciis,
3274 5698 3575 5755 delectatus
3620 5696 3701 5749 sit.

2129 5794 2364 5866 Epistola
2398 5794 2571 5851 sancti
2600 5791 2881 5863 Augustini
2914 5792 2981 5847 ad
3024 5791 3287 5847 Evodium
3330 5789 3407 5846 De
3445 5790 3697 5845 sententi:
