3864 6314
99 278 213 343 1549

1250 277 1474 335 ‘EPIST.
1498 277 1600 343 AD
1630 275 2075 336 STEI’HANUM.

3191 286 3334 345 17150
3371 350 3375 354 ,

97 406 139 457 in
163 396 381 470 Epistola
425 396 597 451 sancti
647 393 815 453 Petri.
863 392 1159 468 Spiritibus
1199 396 1293 467 qui
1331 396 1384 452 in
1424 407 1646 451 carcere
1681 395 1726 456 A
1755 391 1999 462 Galatas,
2025 395 2093 450 ad
2115 395 2396 467 Ephesios,
2420 400 2488 456 ad
2516 398 2912 473 Philippenses,
2939 401 3006 458 ad
3046 392 3333 457 Thessalo-

95 497 225 548 erant
264 486 497 544 conclusi
548 486 1246 545 advenienwthbristum
1299 487 1643 559 praedicasse,

94 583 169 654 qui
209 581 417 636 Christo
457 566 748 650 aliquando
796 581 1059 638 increduli
1110 581 1348 637 fuerunt.
1393 580 1646 650 Ejusdem

94 673 489 730 Dedivinatione
517 673 821 730 dmmonum
852 690 1051 731 sermo.
1083 674 1335 745 Ejusdem
1361 672 1647 743 Augustini

94 767 155 822 De
184 781 330 821 versu
369 766 613 835 Apostoli
662 766 754 822 ubi
794 766 924 823 dicit
954 767 1274 823 :.chitores
1314 783 1495 822 sumus
1545 783 1655 820 non.

93 858 235 912 carni.
266 857 453 912 Sermo
480 857 718 926 ejusdem
768 858 844 914 De
888 857 1098 928 psalmo
1143 857 1469 913 alleluiatico
1506 856 1645 928 (sic).

93 948 313 1019 Ejusdem
368 948 599 1019 August.
653 947 845 1004 Sermo
897 951 973 1005 De
1033 949 1270 1007 alleluia.
1331 948 1524 1005 Sermo
1574 947 1669 1020 De.

93 1046 225 1094 nocte
243 1046 299 1092 et
325 1038 413 1094 die
440 1040 861 1111 resurrectionis
892 1042 1102 1096 Domini
1132 1050 1323 1097 contra
1350 1040 1565 1097 Indicos
1595 1051 1663 1099 et

92 1130 362 1186 haereticos.
392 1130 643 1199 Ejusdem
689 1140 835 1202 post,
876 1133 953 1188 De
993 1118 1473 1204 concupiscentias
1521 1148 1649 1188 suas

92 1237 177 1278 non
230 1224 399 1279 eundo
454 1223 614 1279 liber.
678 1224 937 1293 Ejusdem
997 1224 1437 1281 exbortationum
1504 1223 1649 1279 beati

91 1315 336 1385 Augustini
375 1315 443 1370 ad
484 1317 756 1373 Valerium
802 1316 1059 1372 comitem
1105 1317 1487 1372 cbarissimum
1520 1316 1647 1384 sibi,

88 1404 298 1477 Gregorii
352 1424 501 1479 papa:
544 1409 612 1464 ad
661 1408 998 1466 Recaredum
1042 1406 1229 1481 [codex
1278 1408 1646 1479 Regaredum]

89 1513 262 1568 regem.
308 1499 565 1568 Ejusdem
620 1500 907 1571 Augustini
964 1500 1101 1555 liber
1155 1518 1172 1556 1
1218 1501 1293 1556 De
1345 1502 1643 1557 mendacio.

85 1590 211 1647 Alius
234 1590 470 1660 ejusdem
502 1601 692 1648 contra
721 1594 1086 1649 mendacium.
1121 1592 1198 1649 De
1243 1594 1350 1647 vita
1389 1604 1445 1649 et
1485 1594 1649 1650 mori-

86 1683 167 1738 bus
184 1682 461 1740 catholicis
502 1694 694 1740 contra
741 1684 1069 1768 Manichaeos
1100 1683 1249 1739 lib.1.
1280 1683 1535 1754 Ejusdem
1574 1687 1641 1741 a'd

1752 484 2003 540 nicenses
2041 503 2101 553 ιι,
2145 489 2210 542 ad
2256 489 2608 551 Colossenses
2637 512 2674 558 1,
2724 495 2791 551 ad
2826 494 3003 550 Titum
3030 512 3068 561 1,
3117 495 3182 548 ad
3238 494 3334 549 Ti-I

1750 572 2024 630 motheum
2055 594 2093 632 1.
2124 578 2256 633 Item
2290 582 2358 636 ad
2391 584 2755 651 Timotheum,
2791 587 2856 641 ad
2895 585 3262 641 Philemonem
3294 605 3331 651 1,

1750 664 1973 721 Joannis
1993 666 2360 741 Chrysostomi
2394 672 2446 727 in
2478 674 2773 744 Epistolam
2822 678 2887 729 ad
2920 674 3175 731 Hebrteos
3212 692 3317 732 Ser-
3374 734 3377 735 ν

1752 772 1939 815 mones
1980 777 2165 816 xxxw.
2197 763 2374 835 Super
2414 765 2514 841 Job
2559 767 2806 838 Origcnis
2855 768 2946 824 lib.
2976 785 3056 824 111.
3089 782 3129 825 T
3171 769 3331 836 Ejus

1752 850 1872 906 dem
1906 869 2067 923 super
2092 855 2314 913 Cantica
2342 860 2677 916 canticorum
2720 861 2811 916 lib.
2844 878 2926 916 111.

1824 951 1861 997 Γ
1896 933 1978 1019 De
2014 947 2280 1004 Tt'initate
2304 950 2492 1007 Hilarii
2522 954 2610 1009 lib.
2643 970 2739 1008 xu.

1822 1045 1860 1086 Τ
1898 1036 2149 1103 Ejusdem
2180 1039 2461 1109 Expositio
2493 1043 2614 1098 ﬁdei
2660 1044 2726 1099 ad
2756 1048 3041 1115 synodum.
3093 1045 3213 1099 Lib.
3262 1045 3314 1097 iis

1752 1125 2021 1183 Trinitate
2071 1128 2316 1199 Gregorii
2368 1132 2741 1204 Hispaniensis
2798 1131 3138 1190 Eliberitanze
3188 1140 3335 1190 secis

1750 1219 1987 1289 episc0pi
2024 1224 2091 1275 ad
2138 1221 2348 1280 Gallam
2396 1226 2709 1284 Placidiam.
2761 1232 2778 1249 '
2806 1228 2900 1281 Est
2941 1227 3191 1282 Faustini
3223 1232 3333 1297 epi-

1750 1310 1884 1363 stola
1907 1313 1974 1364 ad
2014 1309 2352 1371 Flaccillam.
2380 1319 2785 1390 Apulogeticum
2811 1320 3054 1391 Gregorii
3104 1320 3334 1375 Nazian—

1752 1404 1871 1456 zcni
1913 1404 2171 1475 episcopi.
2202 1406 2452 1474 Ejusdem
2495 1410 2584 1464 lib.
2617 1412 2691 1465 De
2728 1413 3015 1466 nativitate
3053 1413 3262 1466 Domini
3294 1430 3329 1466 1.

1752 1496 1827 1552 De
1872 1496 2171 1568 Epiphania
2206 1515 2241 1554 1.
2276 1498 2408 1555 Cum
2446 1502 2511 1555 de
2552 1520 2680 1573 agro
2726 1514 3095 1559 reverteretur
3132 1506 3198 1558 ad
3235 1506 3334 1559 im—

1750 1597 2075 1659 peratorem.
2108 1591 2183 1645 De
2223 1593 2383 1647 dictis
2416 1595 2696 1650 Hieremiae
2726 1596 2769 1651 1.
2792 1597 2865 1651 De
2901 1597 3238 1659 Pentecoste,
3281 1608 3335 1653 et

1752 1680 1952 1751 Spiritu
1992 1692 2180 1737 sancto
2210 1700 2247 1737 1.
2302 1683 2377 1738 De
2429 1684 2843 1744 continentiaet
2898 1693 3102 1763 unitate
3147 1705 3335 1743 mona-

84 1773 325 1829 Aurelium
351 1776 630 1841 abbatem,
656 1775 732 1831 De
759 1759 923 1847 opere
950 1776 1339 1839 monachorum
1366 1776 1460 1831 lib.
1492 1793 1530 1831 1.
1567 1777 1640 1831 De
1674 1755 1717 1813 Β
1747 1774 1972 1828 chorum
2005 1764 2039 1828 ιζ
2090 1775 2164 1829 De
2193 1778 2473 1843 grandinis
2512 1780 2814 1835 vastatione
2858 1797 2975 1835 cum
3028 1760 3191 1835 Pater
3218 1781 3332 1851 epi-

86 1866 528 1933 przedestinatione
562 1866 654 1922 lib.
691 1882 729 1922 1.
775 1865 967 1922 Sermo
1008 1867 1248 1937 ejusdem
1285 1868 1358 1923 De
1398 1876 1643 1936 tempore

83 1958 353 2015 barbarico.
385 1959 682 2016 Sermones
707 1960 782 2015 De
800 1959 971 2015 Adam
996 1972 1108 2015 11.1‘
1140 1960 1394 2030 Epismlae
1410 1960 1665 2031 August.
1698 1998 1701 2001 -

82 2050 143 2106 De
160 2052 392 2108 omnibus
412 2053 713 2109 haeresibus
739 2052 874 2108 liber
906 2069 944 2107 1.

143 2159 171 2196 τ
208 2142 278 2198 De
304 2144 639 2215 perfectione
653 2144 880 2215 justitia:
899 2146 967 2199 ad
992 2145 1216 2199 Paulum
1244 2154 1300 2203 et
1327 2145 1641 2217 Eutropium

82 2232 160 2289 lib.
189 2250 224 2289 1.
253 2236 323 2289 De
347 2245 544 2293 natura
579 2244 632 2290 et
658 2236 831 2309 gratia
861 2235 1255 2299 ad.Timasiuin
1285 2245 1341 2292 et
1378 2236 1640 2292 Iacobum

81 2323 157 2380 lib.
182 2341 217 2379 1.
244 2326 480 2397 Epistola
525 2327 776 2396 Prosperi
817 2337 872 2382 et
913 2328 1102 2383 Hilarii
1146 2330 1214 2384 ad
1256 2338 1499 2385 sanctum
1532 2330 1642 2385 Au-

82 2417 319 2481 gustinum
345 2418 419 2473 De
464 2419 683 2489 querela
729 2418 1028 2475 Gallorum.
1079 2421 1163 2485 Ad
1202 2421 1420 2476 eosdem
1466 2421 1640 2476 sancti

79 2508 331 2578 Augustini
372 2510 453 2565 De
489 2511 969 2581 praedestinatione
1003 2513 1097 2568 lib.
1138 2529 1177 2566 1.
1219 2513 1460 2583 Epistola
1497 2514 1642 2569 Hila-

82 2600 118 2652 ri
160 2598 266 2672 (sic)
309 2602 375 2656 ad
444 2602 808 2673 Augustinum
858 2605 1191 2675 episcopum.
1237 2606 1526 2676 Augustini
1572 2608 1640 2663 ad

82 2688 312 2748 Hilarum.
364 2694 624 2764 Ejusdem
667 2697 951 2766 Augustini
1005 2698 1512 2770 adHicronymum
1563 2701 1640 2756 De

81 2780 288 2852 Epistola
331 2787 489 2843 Pauli
529 2790 597 2844 ad
645 2788 885 2846 Galatas.
948 2803 984 2847 Γ
1033 2791 1218 2853 Sancti
1255 2793 1524 2857 Ambrosii
1563 2794 1641 2850 De

80 2878 416 2938 consolatione
447 2882 810 2939 Valentiniani
843 2884 962 2955 (sic)
995 2885 1088 2940 lib.
1114 2885 1524 2943 Confessionum
1549 2888 1636 2943 15.

1747 1878 1942 1933 scapus
1984 1880 2041 1918 re
2079 1903 2093 1916 .
2138 1903 2153 1918 .
2199 1903 2213 1917 .
2257 1906 2273 1921 .

1814 1963 1848 2011 Γ
1888 1955 2167 2026 EXpositio
2193 1956 2382 2012 Hilarii
2424 1975 2588 2031 super
2613 1963 2949 2031 psalterium.

1812 2061 1847 2104 Γ
1886 2048 2208 2105 Psalterium
2272 2050 2580 2123 Hieronymi
2648 2058 2945 2111 secundum
3006 2055 3328 2110 Hebraicatn

1750 2142 2047 2197 veritatem.

1782 2220 1785 2223 Α
1811 2244 1846 2287 Γ
1885 2231 2033 2293 Libri
2064 2234 2424 2293 Collalionum
2448 2252 2469 2290 ι
2492 2247 2670 2292 atrum
2699 2238 2967 2294 Cassiani.
3001 2240 3075 2294 De
3103 2255 3331 2309 corpore

1742 2331 1797 2377 et
1821 2325 2083 2395 sanguine
2117 2324 2348 2393 Domini,
2379 2327 2667 2384 Lanfranci
2697 2339 2885 2384 contra
2917 2330 3326 2400 Berengarimn.

1742 2416 1932 2473 Itidem
1981 2418 2059 2474 De
2110 2436 2338 2477 corpore
2377 2432 2431 2478 et
2478 2423 2739 2494 sanguine
2792 2424 3001 2478 Domini
3045 2425 3327 2479 cuiusdam

1744 2512 2029 2582 sapientis.

1814 2610 1852 2657 I‘
1892 2603 2055 2660 Liber
2084 2607 2256 2662 sancti
2286 2606 2555 2663 Ambrosii
2592 2610 2664 2663 De
2694 2607 3023 2678 virginitate.
3057 2607 3329 2663 Hexame-

1743 2709 1842 2750 ron
1906 2696 2168 2766 ejusdem.
2218 2698 2295 2753 De
2346 2700 2587 2770 paschali
2648 2701 3005 2755 hebdomada.
3071 2700 3327 2771 Epistola:

1741 2784 2053 2858 Hieronymi
2086 2790 2521 2859 quamplurimzn.

1780 2870 1844 2933 Τ
1885 2878 2195 2934 Cassiodori
2248 2879 2345 2936 lib.
2395 2896 2435 2938 1.
2496 2880 2631 2952 Lupi
2678 2880 2887 2937 Servati
2943 2883 3036 2938 lib.
3087 2882 3326 2938 Historia

76 2967 124 3025 In
148 2971 518 3031 salutationem
549 2975 803 3046 Epistula;
838 2975 991 3031 Pauli
1035 2977 1103 3032 ad
1141 2977 1420 3037 Romanos
1469 2979 1562 3035 lib,
1596 2996 1636 3047 ι,
1737 2967 2020 3026 Africana.
2052 2971 2335 3043 Expositio
2378 2990 2542 3044 super
2582 2975 2801 3032 Cantica
2845 2976 3181 3032 canticorum
3226 2989 3319 3033 sc-

77 3061 297 3131 Ejusdem
325 3067 616 3139 Augustini
650 3083 814 3139 super
834 3068 1120 3125 Joannem.

1640 3086 1643 3089 ι
1664 3122 1707 3144 η
1739 3061 1974 3116 cundum
2001 3062 2309 3119 modernos.

128 3169 167 3213 τ
198 3159 376 3216 mdem
411 3124 693 3232 "Cypriani
716 3124 1052 3231 ἐει-ηιοηεε,
1099 3124 1157 3219 ξι
1189 3164 1431 3234 cpistola,
1468 3182 1632 3224 um
1664 3124 1710 3185 θ
1808 3160 1845 3206 Γ
1885 3150 2136 3207 Historiae
2178 3151 2301 3207 libri
2333 3168 2430 3208 χιι.
2461 3151 2712 3212 Historire
2751 3154 3009 3212 Africana
3046 3157 3140 3214 lib.
3166 3135 3275 3213 111.~

74 3246 137 3301 De
180 3246 389 3306 Judaica
438 3251 819 3309 incredulitate
875 3254 942 3307 ad
988 3254 1240 3323 Vigilium
1296 3257 1631 3326 episcopum.

74 3338 247 3399 Versus
274 3345 488 3400 domini
520 3345 745 3401 Joannis
778 3346 854 3401 De
889 3360 1045 3401 cmna
1077 3345 1181 3401 Mai
1214 3347 1331 3419 (sic)
1355 3346 1631 3419 Cypriani.

126 3444 158 3487 Γ
196 3434 345 3491 XVIII
373 3437 473 3492 lib.
506 3436 823 3509 Hieronymi
857 3438 911 3493 in
940 3438 1292 3509 Eprsitione
1330 3439 1484 3495 Isaiae
1513 3456 1633 3510 pro-

72 3525 242 3592 phetat.
544 3577 555 3582 _

123 3630 155 3672 Γ
188 3620 314 3677 XIV.
345 3622 609 3693 Ejusdem
638 3638 757 3695 sup.
789 3623 1151 3679 Ezechielem.

124 3721 160 3765 Τ
194 3711 319 3783 Sup.
352 3715 684 3771 Hieremiam
711 3716 952 3787 ejusdem
982 3716 1074 3772 lib.
1107 3732 1181 3771 v1.

123 3812 156 3854 T
191 3802 444 3873 Ejusdem
504 3807 772 3875 expositio
825 3809 891 3862 ad
954 3808 1175 3863 Galatas
1236 3807 1328 3862 lib.
1367 3847 1383 3863 .
1430 3847 1444 3862 .
1488 3845 1503 3861 .

68 3887 299 3959 Ephesios
325 3912 411 3962 ιιι,
441 3897 508 3952 ad
543 3897 725 3952 Titum
755 3914 793 3964 1,
821 3898 887 3953 ad
915 3897 1281 3961 Philemonem
1312 3916 1350 3953 1.

122 3994 152 4037 Γ
186 3985 438 4053 Ejusdem
467 4003 629 4057 super
655 3987 968 4044 Matthazum
1000 4007 1038 4057 1,
1071 4004 1234 4061 Super
1263 3990 1522 4047 Marcum.

92 4088 154 4131 Γ
188 4078 327 4134 Libri
360 4091 418 4137 et
441 4080 671 4136 diversa:
702 4081 947 4151 epistola:
976 4081 1218 4151 ejusdem
1254 4099 1417 4137 Lxxx.

120 4179 155 4222 ἰ’
189 4169 277 4225 XII
326 4170 424 4228 lib.
474 4169 749 4226 Ambrosii
806 4172 881 4226 De
924 4172 1209 4226 Triuitate.
1256 4172 1519 4242 Fulgentii
1556 4173 1633 4228 De

64 4255 304 4316 Trinitate
360 4262 502 4317 liber
549 4277 590 4317 1.
632 4262 891 4331 Ejusdem
936 4264 1013 4318 De
1050 4264 1319 4318 creaturis
1361 4278 1390 4316 a
1430 4264 1539 4316 Deo
1570 4265 1650 4336 de.

61 4347 207 4405 nihilo
240 4352 444 4408 creatis
487 4351 624 4408 liber
659 4367 701 4407 1.
752 4351 954 4407 Nicetac
1000 4353 1241 4423 episcopi
1297 4353 1370 4407 De
1424 4355 1635 4408 ratione

1551 3806 1632 3887 Ad

1808 3255 1845 3299 Γ
1879 3244 1999 3299 Lib.
2032 3244 2342 3301 OIIiciorum
2370 3248 2628 3303 Amalarii
2656 3250 2916 3320 episcopi.

1809 3344 1851 3413 Τ
1881 3333 2059 3389 Orosii
2084 3336 2421 3391 diversarum
2447 3337 2804 3395 Historiarum
2839 3339 2931 3394 lib.
2958 3356 3050 3394 v11.
3079 3340 3321 3411 Eutropii

1740 3434 1792 3480 et
1820 3424 1969 3479 Pauli
2004 3426 2078 3481 De
2111 3425 2346 3483 Historia
2387 3429 2630 3484 Romana
2662 3422 2882 3486 lib.°xv.
2927 3430 3164 3486 Historia
3209 3447 3325 3484 ma-

1738 3518 1827 3589 gni
1866 3518 2160 3573 Alexandri
2191 3520 2287 3575 lib.
2322 3538 2412 3575 xv.
2439 3520 2608 3599 Liber
2626 3522 2781 3579 Plinii
2811 3531 2865 3577 ct
2902 3522 3096 3578 Solini.

1808 3623 1842 3667 Γ
1881 3611 2162 3682 Expositio
2190 3621 2248 3665 ut
2277 3612 2559 3670 deﬂoratio
2584 3614 2817 3669 Hrabani
2851 3629 3013 3684 super
3042 3631 3091 3680 ν,
3125 3615 3222 3669 lib.

1805 3718 1840 3763 Γ
1878 3708 2009 3763 Item
2040 3708 2130 3763 lib.
2160 3708 2318 3763 Plinii
2347 3719 2401 3764 et
2428 3710 2621 3775 Solini.
2659 3723 2714 3767 et
2746 3712 2980 3768 Historia
3003 3712 3318 3770 Alexandri.

1805 3811 1841 3855 Γ
1881 3799 2042 3856 Liber
2073 3800 2418 3872 gratissimus
2443 3802 2589 3860 Petri
2620 3804 2889 3861 Damiani.

1772 3970 1773 3973 η
1806 3905 1842 3948 Γ
1880 3893 2162 3963 Expositio
2183 3913 2347 3967 super
2368 3897 2707 3968 psalterium.

1805 3998 1844 4044 Γ
1888 3988 2169 4059 Expositio
2198 3991 2450 4063 Origenis
2480 4007 2643 4063 snper
2667 3991 2893 4048 Lucam.
2938 3998 2941 3999 ⁷

1772 4090 1842 4136 δι’
1885 4080 2088 4151 [tegula
2121 4082 2327 4150 Basilii,
2384 4093 2437 4138 ct
2482 4085 2666 4153 regula
2716 4085 3029 4141 Columbani
3078 4085 3315 4142 abbatis.

1740 4170 1943 4226 Monita
1977 4171 2217 4227 Porcarii
2264 4174 2498 4229 abbatis.
2554 4174 2756 4245 Regula
2789 4176 3095 4245 Augustini,
3137 4176 3321 4247 regula

1741 4262 1889 4316 Pauli
1938 4273 1993 4318 ct
2038 4264 2322 4333 Stephani.
2381 4264 2669 4332 Augustini
2710 4264 2786 4319 De
2823 4281 2984 4335 apere
3027 4268 3323 4322 monacho-

1742 4370 1882 4408 rum.
1920 4355 2115 4409 Sermo
2158 4346 2447 4426 Augustini
2495 4356 2562 4409 ad
2606 4357 2915 4410 monachos.
2968 4356 3211 4412 Piuulius
3247 4357 3324 4413 De

61 4436 167 4496 ﬁdei
192 4457 234 4497 ι.
270 4444 528 4515 Ejusdem
575 4444 654 4500 De
696 4444 935 4515 Spiritus
975 4444 1153 4499 sancti
1192 4442 1431 4512 potentia
1462 4443 1555 4498 lib.
1589 4459 1627 4497 1.
1662 4480 1709 4539 ο
1739 4445 2079 4501 institutione
2130 4447 2378 4501 monachi
2413 4448 2597 4502 decem
2630 4448 2892 4502 homeliae.
2928 4445 3169 4501 Homelia
3212 4448 3322 4502 Au-

56 4528 288 4598 EitJSdem
320 4535 399 4592 De
432 4538 664 4593 diversis
693 4537 1149 4608 appellationibus
1184 4538 1411 4592 Domino
1443 4547 1630 4593 nostro
1664 4528 1701 4539 ”
1735 4536 1934 4607 gustini
1968 4535 2044 4592 De
2080 4538 2458 4607 persecutione
2481 4538 2935 4593 Christianorum.
2970 4538 3318 4609 Ilildelphon-

56 4618 165 4677 Iesu
184 4623 402 4683 Christo
424 4628 896 4685 convenientibus.

1732 4647 1828 4688 sus
1861 4630 1937 4685 De.
1969 4631 2257 4698 Trinitale,
2291 4632 2366 4687 De
2392 4634 2712 4700 limresibus,
2741 4643 2795 4688 et
2822 4635 3041 4705 quidam
3073 4634 3162 4689 alii
3196 4633 3320 4689 libri

113 4726 147 4771 Γ
181 4717 451 4776 Ambrosii
504 4720 582 4776 De
629 4720 819 4777 olliciis
866 4722 962 4777 lib.
995 4736 1078 4776 111.
1125 4719 1364 4791 Epistola
1406 4720 1524 4791 ejus
1563 4720 1631 4776 ad
1731 4724 1784 4778 in
1816 4723 1919 4778 hoc
1950 4723 2246 4778 volumine.

55 4806 334 4867 Ecclesiam
368 4813 763 4871 Vercellensem
795 4830 835 4869 1.
885 4812 1140 4884 Ejusdem
1192 4815 1266 4870 De
1312 4814 1629 4886 poenitentia

54 4914 87 4953 ιι
115 4900 253 4959 libri.
276 4904 530 4974 Ejusdem
567 4908 639 4962 De
678 4907 869 4961 fratris
900 4920 1130 4961 excessu
1165 4905 1257 4960 lib.
1292 4922 1331 4960 1.
1368 4907 1440 4961 De
1469 4908 1628 4961 rebus

53 4996 202 5060 gestis
228 4998 279 5053 in
310 4999 554 5055 Ecclesia
583 4999 966 5056 Mediolanensi
997 4999 1088 5053 lib.
1121 5015 1160 5053 1.

111 5096 143 5141 Γ
181 5088 434 5157 Ejusdem
458 5091 534 5145 De
556 5091 832 5160 paradiso.

110 5190 148 5236 Τ
182 5182 497 5254 Catalogum
523 5184 644 5257 (sict
669 5194 985 5242 sanctorum
1010 5201 1050 5240 1.
1076 5184 1318 5242 Historia
1339 5172 1626 5243 illustrium

52 5269 277 5339 virorum
304 5293 345 5331 1.

112 5379 149 5424 Τ
186 5371 361 5441 Super
385 5372 694 5430 Matthznum
723 5372 954 5431 Joannis
980 5375 1377 5448 Chrysostomi.

1801 4826 1837 4871 Γ
1876 4815 2165 4886 Augustini
2193 4830 2355 4885 super
2378 4813 2651 4885 Epistolas
2677 4812 2850 4871 Pauli.

1802 4917 1839 4962 Γ
1876 4908 2129 4978 Epistulae
2157 4907 2379 4962 Senecze
2410 4907 2475 4961 ad
2504 4905 2792 4961 Lucilium.

1801 5012 1835 5056 Γ
1872 4999 2125 5067 Ejusdem
2157 4997 2232 5053 De
2260 4997 2448 5051 dandis
2470 5005 2522 5052 et
2554 4998 2887 5067 accipiendis
2912 4996 3187 5053 beneficiis
3213 5009 3311 5048 v11.

1731 5090 1894 5147 Liber
1920 5090 2159 5159 ejusdem
2205 5090 2269 5142 ad
2298 5087 2563 5144 Neronem
2596 5090 2660 5142 de
2687 5090 2975 5142 clementia
3021 5086 3113 5139 lib.
3151 5101 3206 5149 ιι,
3258 5093 3315 5139 et

1732 5202 1815 5240 111.
1846 5185 1950 5239 Alii
1978 5185 2137 5240 utiles
2162 5182 2286 5238 libri
2320 5182 2370 5235 in
2409 5184 2597 5237 eodem
2632 5181 2927 5237 volumine.

1798 5290 1838 5333 Τ
1879 5278 2132 5349 Ejusdem
2168 5274 2575 5347 tragmdiarum.
2876 5336 2877 5339 η
3176 5348 3179 5351 ν

1799 5384 1835 5428 Γ
1874 5371 2100 5428 Cronica
2132 5385 2295 5441 quam
2326 5367 2529 5438 Regina
2556 5367 2884 5423 Prumiensis
2908 5367 3075 5421 abbas
3097 5378 3318 5434 compo-

114 5473 151 5515 Τ
189 5462 350 5521 LXX.
400 5466 660 5523 Homcliae
725 5466 967 5536 ejusdem
1029 5467 1105 5524 De
1155 5468 1389 5535 diversis
1450 5467 1630 5524 causis
1731 5465 1861 5537 suit.
1891 5464 2053 5521 Liber
2082 5460 2399 5535 pontiﬁcum
2430 5463 2818 5517 Romanorum.

54 5550 251 5612 Veteris
279 5569 335 5613 et
367 5558 500 5614 Novi
541 5560 896 5618 Testamenti.
927 5559 1003 5616 De
1037 5561 1378 5632 reparatione
1421 5560 1553 5631 lapsi
1586 5576 1625 5617 1.

55 5643 123 5699 De
142 5651 554 5718 compunctione
579 5667 619 5707 1.

122 5747 152 5791 r
192 5717 465 5810 Expositio
510 5744 781 5800 Ambrosii
824 5759 989 5814 super
1036 5717 1306 5815 Epistolas
1352 5745 1499 5800 Pauli
1562 5745 1629 5799 ad

1800 5568 1836 5611 Γ
1876 5554 2153 5610 Paschasii
2186 5553 2258 5609 De
2288 5567 2515 5621 corpore
2545 5560 2598 5607 et
2634 5552 2894 5622 sanguine
2921 5550 3151 5605 Domini.
3188 5547 3319 5605 Um-

1734 5650 1874 5704 l:erti
1906 5645 2141 5717 episcopi
2172 5645 2247 5699 De
2273 5661 2498 5718 corpore
2535 5653 2588 5698 et
2612 5644 2875 5716 sanguine
2904 5641 3136 5696 Domini.

1785 5755 1838 5814 ,Γ
1882 5741 2007 5797 Duae
2052 5740 2301 5810 Epistulae
2355 5739 2638 5812 Augustini
2684 5739 2750 5794 ad
2793 5735 3045 5792 abbatem
3078 5732 3320 5790 Valenti-
