3836 6320
424 288 564 366 “Si

1554 290 1831 355 HENBICI
1860 292 2128 354 CLERICI
2160 294 2573 356 POMPOSIAM

3592 284 3709 363 ita

422 436 576 490 num,
624 435 748 479 cum
791 418 1002 478 duobus
1044 410 1401 490 sequentibus
1443 406 1599 472 libris
1644 413 1722 470 Dc
1752 411 1927 485 gratia
1961 421 2017 468 ct
2048 391 2092 447 Α
2118 412 2200 470 sic
2221 412 2449 484 incipit:
2483 413 2550 469 In
2580 412 2703 469 aliis
2744 408 2895 469 libris
2921 402 3055 471 satis
3082 413 3277 485 opinor
3301 415 3477 487 egisse
3503 433 3625 474 nos.
3646 420 3707 477 De

421 516 597 573 libero
618 515 868 571 arbitrio.
896 511 1009 570 Hoc
1038 526 1175 582 opus
1203 510 1282 566 sic
1312 508 1537 578 incipit:
1565 506 1787 577 Propter
1813 521 1900 561 eos
1924 505 2016 577 qui

419 607 649 662 hominis
680 605 904 662 liberum
947 605 1249 661 arbitrium.
1297 600 1598 659 Altercatio
1631 599 1915 671 Augustini
1957 607 2017 655 et

420 693 682 753 Feliciani
708 696 786 752 Ar
826 736 842 750 .
886 736 899 749 .
946 736 958 751 .
1004 734 1019 749 .
1063 734 1077 748 .
1119 733 1133 748 .
1174 731 1192 747 .
1233 691 1397 746 Liber
1425 689 1500 745 De
1534 689 2015 761 praedestinatione

420 795 477 842 et
505 787 682 860 gratia
723 825 738 842 .
782 828 797 841 .
839 825 855 841 .
902 825 917 842 .
959 826 976 841 .
1020 825 1034 840 .
1076 784 1242 840 Liber
1289 783 1431 839 beati
1468 780 1755 853 Augustini
1791 781 1865 836 De
1909 781 2016 837 utl-

422 870 577 934 litate
603 878 861 935 credendi
893 879 962 934 ad
988 874 1351 938 Honoratum,
1381 873 1470 928 ltic
1499 872 1638 928 liber
1670 870 1752 928 sic
1781 870 2008 942 incipit:

416 968 484 1025 Si
518 972 645 1027 mihi
670 969 969 1027 honorabit.
1016 1008 1032 1024 .
1076 1005 1093 1025 .
1133 1007 1149 1022 .
1194 1006 1210 1023 .
1250 960 1417 1022 Liber
1448 963 1595 1020 beati
1619 963 1909 1033 Augustini
1940 964 2017 1020 De

418 1064 594 1135 gratia
624 1061 759 1118 Novi
792 1061 1129 1119 Testamenti
1162 1060 1230 1116 ad
1253 1058 1611 1114 Honoratum.
1639 1055 1739 1113 liic
1766 1056 1907 1112 liber
1932 1057 2015 1112 sic

422 1153 617 1227 incipit
650 1174 663 1210 :
694 1155 831 1211 Mihi
870 1155 1190 1227 proposuisti
1231 1152 1635 1223 pertractandus
1676 1151 2013 1220 quwstiones.

416 1248 575 1304 Alius
605 1248 699 1304 lib.
726 1233 967 1319 ejusdem
996 1248 1305 1305 De‘nalura
1333 1246 1482 1303 boni.
1516 1244 1615 1301 llic
1638 1243 1774 1299 liber
1808 1244 1889 1299 sic
1934 1243 2017 1299 in.

416 1343 891 1414 cipit:Summum
912 1343 1101 1398 bonum
1122 1360 1224 1414 quo
1246 1342 1488 1414 superius
1530 1379 1545 1395 .
1583 1376 1602 1395 .
1644 1375 1660 1394 .
1705 1376 1721 1392 .
1765 1379 1780 1393 .
1824 1378 1840 1393 .
1880 1338 2013 1394 item

414 1433 656 1505 ejusdem
705 1435 782 1491 De
848 1444 972 1490 octo
1017 1434 1410 1505 quaestionibus
1459 1447 1526 1488 ex
1586 1429 1767 1487 Veteri
1816 1427 2011 1485 Testa;

420 1534 627 1582 mento.
687 1526 787 1583 ilic
835 1526 973 1583 liber
1016 1527 1097 1584 sic
1137 1526 1327 1597 incipit
1360 1523 1710 1580 :Ceneralem
1743 1520 2009 1591 justitiam

413 1634 519 1673 non
570 1618 726 1674 violat
770 1658 784 1674 .
827 1656 844 1673 .
888 1659 902 1674 .
945 1659 959 1673 .
1005 1656 1020 1672 .
1063 1658 1078 1673 .
1123 1656 1139 1674 .
1175 1617 1431 1689 Ejusdem
1462 1617 1570 1674 duo
1606 1617 1726 1673 libri
1768 1617 1845 1673 De
1882 1631 2009 1672 con-

410 1710 679 1768 nutatione
697 1721 1060 1768 mortuorum.
1085 1710 1201 1768 Hoc
1223 1725 1361 1784 opus
1382 1712 1462 1767 sic
1490 1710 1678 1781 incipit
1701 1724 1717 1765 :
1746 1710 1803 1765 ιιι
1830 1711 2004 1781 prims

407 1806 593 1864 libro:
627 1806 866 1863 Prwbete
917 1805 1206 1873 silentium,
1244 1806 1459 1877 fratres.
1502 1806 1657 1861 Alter
1685 1821 1816 1863 vero
1868 1806 2006 1863 liber

406 1900 491 1957 sic
524 1900 718 1971 incipit
750 1918 764 1955 :
800 1900 1077 1972 Superiori
1120 1900 1332 1971 quidem
1376 1897 1550 1954 libello
1576 1901 2001 1969 perstrinximus.

474 2003 513 2051 Γ
552 1976 746 2049 Sermo
780 1993 1012 2065 August.
1061 1992 1136 2047 De
1187 2007 1418 2063 corpore
1461 1999 1518 2046 et
1569 1992 1770 2057 anima,
1801 2004 1857 2050 et
1901 1994 2002 2051 mi-

403 2098 527 2141 sera
594 2086 735 2153 vita;
810 2093 866 2141 et
929 2085 1008 2140 sic
1059 2083 1287 2154 incipit!
1357 2083 1401 2139 0
1456 2085 1580 2148 vita,
1643 2101 1761 2154 qua:
1825 2096 2000 2142 tantos

405 2180 551 2249 desp.
594 2217 609 2233 .
654 2215 670 2235 .
715 2217 731 2233 .
775 2217 791 2231 .
836 2217 850 2232 .
893 2216 909 2234 .
953 2179 1146 2234 Sermo
1176 2177 1348 2233 sancti
1370 2176 2002 2236 JoannistCunstantino.

415 2268 643 2338 politani
707 2268 783 2325 De
837 2268 1258 2340 compunctione
1319 2268 1531 2333 cordis;
1597 2278 1653 2324 et
1713 2268 1794 2325 sic
1859 2270 1999 2326 inci-

405 2362 487 2431 pit
527 2403 541 2417 .
581 2399 598 2417 .
640 2400 656 2416 .
701 2402 717 2419 .
761 2401 776 2417 .
819 2402 834 2417 .
880 2401 895 2417 .
935 2401 952 2417 .
999 2401 1014 2416 .
1055 2360 1218 2417 Liber
1244 2361 1416 2417 sancti
1443 2362 1730 2436 Augustini
1757 2365 1823 2419 ad
1857 2361 1998 2417 pm...

403 2450 575 2508 linum
611 2455 946 2525 episcopum,
980 2455 1054 2511 De
1085 2453 1457 2513 consolatione
1497 2467 1860 2515 mortuurtuu.
1898 2454 1998 2510 llic

401 2542 540 2597 liber
565 2542 644 2599 sic
668 2544 859 2617 incipit
887 2564 902 2600 :
938 2547 1042 2602 Diu
1072 2551 1340 2606 sanctitati
1361 2560 1486 2616 tum,
1524 2546 1821 2605 venerande
1848 2542 1998 2599 Pau-

2121 508 2435 577 quantitate
2472 506 2670 562 animae
2696 504 2791 562 lib.
2825 520 2867 562 ι.
2893 503 2994 563 Hic
3026 506 3164 565 liber
3192 508 3278 566 sic
3322 508 3519 581 incipit
3540 528 3559 565 :
3586 509 3710 576 Que-

2121 600 2266 654 niam
2289 588 2437 655 video
2464 606 2527 654 te
2550 598 2825 654 abundare
2846 598 2975 656 otio.
3002 599 3085 655 De
3121 598 3300 657 libero
3318 601 3565 659 arbitrio
3606 603 3708 660 libri

2120 707 2207 747 Ill.
2240 690 2355 747 Hoc
2381 700 2521 762 opus
2544 691 2625 748 sic
2657 691 2888 763 incipit:
2914 691 3013 747 Die
3041 694 3195 760 mihi,
3220 708 3411 765 quas.
3444 702 3519 759 te,
3550 707 3704 751 utrum

2127 782 2270 838 Deus
2302 800 2407 838 non
2445 784 2513 838 sit
2544 793 2735 839 auctor
2774 784 2927 838 mali.
2975 783 3052 839 De
3077 783 3281 842 Genesi
3323 786 3597 843 adversus
3620 786 3705 842 Ιις

2120 878 2362 934 nichmos
2393 877 2488 935 lib.
2535 892 2598 933 tt.
2647 877 2763 936 Hoc
2795 892 2934 949 opus
2975 879 3058 935 sic
3109 878 3347 949 incipit:
3383 877 3449 935 Si
3488 880 3705 950 eligens

2125 968 2415 1025 Manichwi
2441 986 2575 1041 quos
2616 970 2958 1041 decepissent.
3011 971 3088 1027 De
3130 971 3405 1043 magistro
3438 971 3599 1028 ωλι.
3632 971 3707 1029 ilic

2119 1063 2261 1120 liber
2295 1065 2377 1120 sic
2424 1064 2663 1137 incipit:
2695 1056 2838 1133 Quid
2871 1064 2966 1120 tibi
2996 1063 3235 1123 videmur
3250 1065 3463 1136 eﬁcere
3486 1080 3607 1123 cut
3648 1070 3707 1124 ls-

2117 1154 2358 1228 quimur.

2190 1251 2264 1306 De
2294 1267 2423 1308 vera
2453 1250 2714 1325 religione
2743 1252 2835 1308 lib.
2861 1264 2901 1307 ι.
2928 1252 3028 1310 Hic
3052 1253 3189 1309 liber
3212 1252 3299 1311 sic
3326 1253 3523 1325 incipit
3556 1272 3571 1309 :
3598 1255 3707 1310 Cs-

2116 1346 2288 1399 omnis
2332 1346 2451 1400 vita:
2498 1345 2649 1399 bome
2702 1361 2765 1398 ac
2821 1345 2989 1399 beatte
3029 1345 3191 1400 viam.
3223 1338 3306 1401 De
3344 1344 3585 1403 utilitate
3606 1352 3708 1403 tte-

2114 1435 2275 1492 dendi
2299 1435 2441 1492 liber
2476 1451 2519 1491 1.
2559 1435 2661 1491 llic
2699 1434 2840 1493 liber
2877 1435 2957 1492 sic
2993 1437 3224 1507 incipit:
3259 1436 3321 1492 St
3344 1439 3503 1502 mihi.
3544 1437 3706 1495 liene-

2113 1539 2246 1594 rate,
2272 1531 2436 1583 unum
2464 1532 2627 1599 atque
2651 1528 2791 1583 idem
2821 1529 3026 1583 ridetur
3054 1544 3185 1584 esse.
3231 1530 3312 1586 De
3348 1531 3565 1589 duabus
3598 1534 3706 1587 ni-

2068 1643 2082 1658 κ
2112 1618 2303 1673 mabus
2333 1618 2469 1675 liber
2500 1618 2547 1674 ιζ
2573 1617 2671 1675 llic
2706 1618 2843 1675 liber
2883 1618 2966 1674 sic
3008 1620 3196 1690 incipit
3230 1638 3246 1676 :
3286 1620 3707 1691 Opimia-tend

2108 1709 2496 1764 misericordia.
2535 1710 2671 1765 Acta
2714 1719 2903 1765 contra
2950 1709 3311 1768 Fortunatam
3359 1713 3703 1771 leniebant

2112 1798 2250 1854 liber
2278 1813 2317 1853 ι.
2348 1797 2446 1855 llic
2470 1799 2622 1855 liber
2651 1798 2731 1855 sic
2769 1800 2963 1870 incipit
2994 1818 3007 1855 :
3041 1799 3311 1868 Quoniam
3339 1806 3597 1873 scriptun
3616 1819 3702 1862 est.

2110 1891 2187 1947 De
2216 1889 2413 1947 Genesi
2437 1890 2504 1947 ad
2535 1890 2774 1947 litteram
2816 1889 2956 1947 liber
2983 1904 3028 1957 ι,
3061 1892 3447 1962 imperfectas.
3484 1894 3589 1953 llic
3616 1900 3706 1967 igt-

2110 1990 2198 2038 tur
2226 1983 2307 2039 sic
2329 1982 2519 2054 incipit
2551 2000 2565 2037 :
2596 1981 2676 2039 De
2712 1984 2949 2039 obscuris
2992 1984 3322 2040 naturalium
3372 2002 3553 2041 rem
3598 1990 3705 2059 su

2107 2077 2448 2147 omnipotenti
2491 2076 2601 2132 Dco
2640 2076 2847 2147 artifice
2896 2077 3042 2147 facta
3086 2080 3370 2144 sentimus,
3419 2095 3529 2137 non
3574 2083 3705 2150 σενι

2106 2168 2304 2224 mando
2353 2169 2447 2223 sed
2495 2171 2781 2240 qurereudo
2820 2170 3159 2226 tractandum
3208 2182 3308 2227 est.
3352 2171 3429 2227 De
3456 2185 3703 2228 ses-nm

2106 2262 2319 2317 Domini
2350 2261 2403 2316 in
2435 2272 2618 2318 monte
2646 2262 2769 2317 libri
2794 2275 2856 2319 ιι.
2884 2262 2999 2319 lloc
3029 2278 3165 2335 opus
3205 2264 3287 2320 sic
3318 2264 3519 2338 incipit
3546 2282 3562 2320 :
3592 2265 3701 2323 Scr»

2103 2369 2307 2410 manem
2340 2369 2494 2424 quem
2523 2353 2726 2409 locutus
2755 2363 2830 2409 est
2855 2353 3134 2410 Domi-vus.

2171 2444 2441 2500 Psalmus.
2486 2483 2501 2500 .
2546 2484 2561 2499 .
2603 2478 2622 2500 .
2661 2483 2679 2500 .
2719 2483 2735 2500 .
2779 2485 2794 2499 .
2838 2484 2852 2501 .
2902 2456 3111 2517 partem
3150 2448 3345 2505 Donati
3383 2449 3575 2523 1ἰ1).ζι.
3606 2448 3701 2507 Ian

2099 2535 2338 2607 psalmus
2390 2535 2469 2591 sic
2522 2535 2712 2608 incipit
2745 2577 2758 2591 .
2795 2536 2989 2593 Oumcs
3038 2540 3127 2609 qui
3171 2540 3415 2611 gaudetis
3443 2547 3519 2596 de
3556 2560 3697 2613 post.

398 2633 525 2689 line.
601 2633 795 2691 Sermo
849 2641 1023 2696 sancti
1070 2642 1357 2714 Augustini
1407 2642 1474 2696 ad
1534 2639 1862 2702 Martinum,
1917 2635 1973 2690 οι

2097 2629 2314 2682 modum
2339 2629 2447 2683 veri
2467 2628 2731 2701 judicare,
2758 2630 2900 2700 quod
2928 2630 2979 2685 ei
2999 2629 3343 2701 hypOpsalma
3360 2642 3464 2687 est.
3499 2631 3697 2690 Contra

402 2725 635 2783 muliere
680 2727 823 2785 torte
872 2730 991 2803 (sic)
1049 2732 1179 2798 Quis
1230 2735 1492 2800 inveniet;
1541 2741 1594 2787 et
1633 2730 1713 2786 sic
1755 2727 1989 2798 incipit:
2097 2720 2387 2791 epistolam
2417 2720 2610 2775 Donati
2640 2720 2881 2777 hrcrclici
2921 2720 3014 2776 libo
3048 2736 3111 2776 II.
3153 2721 3252 2778 llic
3290 2722 3428 2779 liber
3458 2725 3547 2780 sic
3573 2726 3699 2781 ὶιιι-ἱι

398 2813 681 2873 Praestabit
706 2819 857 2875 nobis
886 2824 1028 2893 quod
1050 2824 1189 2879 diem
1218 2827 1374 2880 istum
1398 2826 1458 2879 it.
1502 2863 1517 2880 .
1566 2861 1582 2879 .
1626 2863 1639 2876 .
1685 2860 1699 2874 .
1742 2859 1758 2874 .
1798 2858 1813 2874 .
1856 2819 1973 2874 lten

2095 2811 2175 2883 pit
2203 2828 2216 2865 :
2243 2811 2347 2866 Abs
2374 2820 2422 2866 te
2442 2812 2555 2883 ipso
2582 2820 2839 2883 prwsente
2868 2813 3165 2868 audieram.
3200 2813 3401 2870 Cantra
3424 2816 3692 2872 Adiuu-

400 2922 584 2965 sermo
612 2913 791 2967 sancti
819 2912 1110 2985 Augustini
1149 2917 1202 2972 in
1242 2917 1586 2973 dedicatione
1614 2914 1907 2983 Ecclesiae;
1936 2930 1965 2971 c

2095 2911 2208 2958 tum
2225 2902 2503 2958 Matticltaei
2528 2901 2854 2973 discipulum
2880 2902 2977 2959 lib.
3002 2919 3043 2959 t.
3070 2902 3168 2959 llic
3187 2904 3327 2960 liber
3348 2904 3433 2961 sic
3462 2906 3693 2977 incipit:

399 2999 481 3054 sic
534 3000 723 3070 incipit
764 3019 776 3056 :
811 3000 1100 3062 Celebritas
1146 3006 1307 3079 hujus
1358 3008 1797 3079 congregationis.
1854 3008 1973 3064 lten‘

2091 2995 2172 3051 De
2202 3012 2264 3051 eo
2296 2995 2438 3068 quod
2464 2994 2721 3065 scriptum
2749 3005 2847 3050 est.
2879 2994 2947 3049 In
2974 2996 3231 3067 principio
3259 2996 3403 3053 Deus
3433 2999 3569 3067 fecit
3600 3012 3691 3054 ce.

395 3090 536 3146 alius
588 3092 657 3148 de
693 3094 883 3149 eadem
937 3112 1017 3162 re,
1059 3106 1115 3154 et
1162 3101 1243 3156 sic
1289 3100 1520 3172 incipit:
1552 3100 1820 3156 Admoneo
1873 3118 1973 3167 vos.

2093 3090 2200 3145 tum
2238 3098 2286 3144 et
2333 3100 2549 3145 terram.
2582 3089 2663 3143 Ex
2692 3087 2935 3159 Epistula
2972 3089 3334 3159 quarumdam
3362 3094 3691 3161 propositio-

393 3179 590 3250 fratres
615 3182 962 3241 dilectissimi.
1013 3182 1253 3248 Libellus
1293 3192 1370 3264 De
1398 3202 1631 3263 quatuor
1672 3195 1985 3263 virtutibus,

394 3274 710 3343 prudentia,
750 3275 1096 3351 fortitudine,
1143 3285 1526 3356 temperantia,
1551 3295 1606 3342 et
1641 3286 1879 3358 justitia,
1932 3298 1989 3345 et

391 3367 741 3436 particularis
763 3367 995 3429 formula
1026 3376 1269 3434 honestae
1304 3379 1429 3435 vita:
1455 3379 1601 3435 edita
1633 3379 1754 3454 (sic)
1786 3394 1816 3437 a
1851 3396 1989 3452 quoa

391 3459 519 3546 dam
562 3461 826 3536 Martyrio
866 3467 1123 3541 episcopo
1165 3470 1234 3525 ad
1296 3470 1554 3529 Mitunem
1602 3473 1722 3546 (sic)
1774 3487 1982 3545 regem.

391 3545 493 3607 ilic
532 3552 670 3610 liber
730 3557 810 3613 sic
851 3558 1043 3629 incipit
1072 3577 1087 3615 :
1121 3559 1515 3618 Gloriosissimo
1555 3578 1618 3618 ac
1653 3562 2009 3635 tranquillis-'

392 3643 548 3700 sima.
588 3647 828 3717 Epistula
875 3652 1088 3710 Paulini
1112 3662 1167 3710 et
1194 3654 1471 3713 Therasiae
1499 3658 1566 3714 ad
1592 3654 1980 3731 Augustinum,

390 3750 511 3806 quae
539 3738 620 3793 sic
660 3740 849 3811 incipit
879 3757 896 3798 :
926 3742 1154 3800 Domino
1191 3746 1350 3816 fratri
1391 3751 1641 3803 unanimo
1683 3758 1732 3803 et
1763 3767 1980 3806 eenera~

392 3826 487 3881 bili
516 3829 653 3901 Aug.
685 3830 820 3888 Item
847 3834 1009 3904 epist.
1037 3834 1095 3891 S.
1124 3837 1412 3909 Augustini
1448 3842 1515 3895 ad
1546 3838 1835 3897 Paulinum
1859 3858 1982 3913 qua:

389 3917 471 3975 sic
514 3918 706 3991 incipit
737 3937 751 3977 :
794 3921 1021 3981 Domino
1051 3943 1167 3983 uere
1193 3938 1375 3983 sancto
1419 3940 1468 3985 et
1514 3930 1822 3987 venerabili.
1852 3932 1983 4003 Epid»

386 4009 523 4066 stula
550 4008 782 4085 August.
814 4014 882 4070 ad
913 4015 1290 4089 Maximinum,
1334 4036 1455 4092 qua:
1488 4024 1570 4079 sic
1616 4024 1805 4096 incipit
1832 4036 1845 4078 ι
1878 4025 1983 4079 οο-

384 4100 531 4155 mino
570 4102 912 4164 dilectissimo
934 4120 984 4166 et
1009 4110 1309 4167 bonorabili
1337 4113 1498 4185 fratri
1538 4114 1836 4172 Maximino
1868 4117 1980 4171 Au-

383 4197 647 4264 gustinus.
683 4198 935 4281 Gregorii
986 4220 1139 4277 papa:
1187 4206 1417 4276 epistola
1463 4207 1773 4267 Secundino
1817 4226 1977 4268 servo

383 4285 479 4342 Dei
510 4289 740 4360 incluso,
763 4309 884 4364 quae
905 4295 986 4352 sic
1014 4296 1207 4368 incipit
1233 4316 1246 4353 :
1276 4298 1588 4357 Dilectionis
1613 4312 1718 4358 tua:
1745 4303 1972 4359 litteras.

382 4374 624 4468 Epistula
671 4386 847 4441 sancti
890 4384 1085 4444 lsidori
1135 4390 1376 4461 episcopi
1424 4392 1491 4448 ad
1546 4392 1968 4468 Mastonetn[al.

2094 3197 2243 3237 num.
2275 3182 2354 3238 Ex
2391 3181 2630 3253 Epistula
2656 3180 2807 3236 Pauli
2831 3181 2900 3237 ad
2935 3180 3208 3239 Romanus
3226 3181 3323 3238 lib.
3351 3199 3389 3238 I.
3428 3183 3543 3240 llic
3561 3185 3687 3241 iii-cr

2092 3274 2173 3329 sic
2206 3273 2396 3343 incipit
2426 3291 2439 3327 :
2469 3273 2672 3331 Sensus
2715 3272 2772 3327 hi
2802 3283 2926 3328 sunt
2953 3273 3008 3327 in
3044 3271 3277 3345 Epistula
3307 3275 3379 3329 ad
3420 3274 3684 3332 Βοαιιιοι

2090 3360 2256 3416 Pauli
2280 3361 2526 3433 apostoli.
2556 3360 2842 3432 Expositio
2870 3361 3126 3433 Epistnlzc
3167 3366 3236 3420 ad
3268 3363 3497 3421 Galatas
3526 3364 3621 3423 lib.
3644 3374 3681 3423 t.

2088 3450 2191 3508 Hic
2227 3451 2366 3508 liber
2412 3453 2494 3509 sic
2540 3453 2731 3524 incipit
2764 3467 2779 3504 :
2811 3450 2987 3508 Causa
3036 3464 3249 3525 propter
3286 3466 3453 3525 quam
3512 3460 3679 3513 scribit

2087 3546 2374 3617 Apostolus
2402 3548 2471 3601 ad
2498 3544 2741 3614 Galatas,
2764 3551 2876 3606 lucc
2896 3560 2992 3605 est.
3034 3548 3284 3619 Epistula:
3314 3551 3384 3605 ad
3407 3549 3679 3608 Romanos

2086 3639 2344 3695 inchoata
2369 3641 2643 3711 expositio
2670 3639 2809 3696 liber
2834 3655 2872 3693 ι.
2903 3638 3004 3695 ilic
3034 3640 3173 3697 liber
3204 3643 3284 3697 sic
3322 3641 3522 3712 incipit
3566 3661 3583 3696 :
3618 3641 3672 3695 is

2086 3731 2325 3802 Epistula
2350 3750 2507 3806 quam
2533 3733 2739 3793 Paulus
2760 3737 3034 3809 apostolus
3055 3737 3263 3807 scripsit
3288 3736 3364 3789 ad
3391 3733 3671 3789 Romae.

2083 3822 2159 3878 De
2186 3823 2415 3880 diversis
2440 3826 2830 3895 quaestionibus
2859 3828 3140 3900 octoginta
3174 3828 3351 3883 tribus
3377 3826 3478 3881 lib.
3504 3843 3543 3882 t.
3584 3826 3669 3880 llic

2085 3913 2223 3970 liber
2245 3915 2326 3972 sic
2351 3917 2575 3989 incipiq:
2601 3916 2794 3973 Utrum
2816 3920 2998 3974 anima
3025 3936 3057 3974 ιι
3093 3936 3149 3975 se
3182 3919 3300 3987 ipsa
3324 3922 3416 3975 sit.
3432 3920 3671 3987 Momms

2081 4008 2368 4065 mendacio
2394 4010 2616 4081 scripsit
2648 4010 2847 4067 librum
2880 4026 3070 4067 unum.
3109 4007 3207 4070 llic
3245 4013 3389 4070 liber
3413 4018 3503 4072 sic
3542 4020 3666 4074 inde

2080 4102 2161 4171 pit
2195 4120 2207 4156 :
2241 4102 2442 4174 Magna
2470 4103 2691 4174 quazstio
2716 4115 2792 4162 est
2820 4106 2887 4162 de
2908 4107 3206 4162 mendacio.
3243 4106 3453 4165 Contra
3478 4112 3667 4182 episto-

2078 4194 2186 4250 lam
2234 4194 2541 4263 Manichazi,
2585 4211 2747 4267 quam
2788 4208 2987 4254 vocant
3026 4198 3442 4258 fundamentum
3474 4204 3659 4262 libat.

2077 4283 2179 4341 Hic
2227 4285 2368 4343 liber
2418 4287 2500 4343 sic
2545 4287 2735 4359 incipit
2775 4305 2791 4343 :
2846 4286 3022 4344 Unum
3080 4279 3307 4345 Verbum
3360 4292 3555 4349 Dein.
3602 4296 3663 4353 De

2075 4392 2251 4446 agone
2286 4377 2603 4436 Christiano
2632 4379 2772 4437 liber
2801 4397 2841 4435 ι.
2876 4380 2980 4437 Hic
3020 4381 3161 4438 liber
3189 4383 3271 4440 sic
3312 4384 3511 4457 incipit
3533 4403 3551 4440 :
3574 4390 3663 4447 (ἐδ-

382 4464 710 4543 Massonem,
758 4476 1089 4550 Massanum,
1140 4481 1469 4559 Massenum]
1518 4464 1969 4557 episcopum—De
1998 4492 2207 4557 Drona
2238 4478 2487 4536 oictoriw.
2531 4480 2609 4537 De
2651 4480 2897 4538 doctrina
2935 4480 3249 4539 Christiana
3276 4482 3405 4540 libri
3438 4498 3521 4542 η.
3565 4486 3663 4543 Hoc

382 4562 674 4649 sacerdote
724 4565 876 4639 lapso
919 4585 1016 4641 per
1052 4573 1434 4642 pmnitentiam
1474 4590 1633 4647 posse
1678 4592 1966 4649 resurgere

381 4646 438 4740 in
472 4654 770 4722 gratiarum
823 4670 1025 4718 statum
1074 4664 1397 4736 pristinum;
1443 4668 1561 4724 hanc
1606 4670 1679 4724 ita
1726 4646 1964 4740 incipit:

393 4736 637 4802 Veniente
672 4750 741 4804 ad
767 4768 862 4807 nos
884 4754 1087 4823 famqu
1112 4768 1307 4813 vestro.
1354 4758 1516 4816 Liber
1545 4736 1967 4819 lletractatiunis

378 4831 644 4903 librorum
668 4840 807 4914 Aug.
850 4844 904 4899 iu
926 4846 1124 4916 quibus
1161 4849 1255 4920 qui
1290 4849 1415 4907 libri
1440 4862 1495 4908 et
1523 4852 1765 4923 epistolae
1791 4855 1966 4911 cunti-

381 4939 619 4987 neantur
649 4932 789 4991 infra
821 4937 1143 4997 scribemus.
1173 4941 1374 4999 Contra
1414 4946 1772 5003 Academicos
1796 4957 1852 5004 et
1899 4949 1966 5004 de

374 5019 713 5111 Academicis
743 5028 978 5098 primunt
1003 5032 1195 5104 scripsi
1225 5033 1413 5091 libros.
1462 5035 1579 5094 lluc
1616 5048 1797 5093 autem
1827 5056 1964 5111 opus

375 5110 454 5168 sic
520 5114 711 5188 incipit
746 5136 761 5175 :
891 5122 1129 5191 utinam,
1192 5124 1462 5195 Romane,
1529 5131 1793 5186 hominem
1863 5110 1961 5187 sibi

372 5204 592 5273 aptum!
625 5210 698 5267 De
736 5210 895 5269 beata
920 5215 1031 5271 vita
1070 5216 1208 5276 liber
1234 5236 1407 5276 unus.
1456 5220 1556 5278 llic
1592 5222 1729 5279 liber
1772 5225 1851 5282 sic
1878 5225 1963 5279 in»

372 5295 543 5368 cipit:
575 5297 633 5355 Si
676 5304 745 5356 ad
787 5305 1134 5379 philosophice
1164 5321 1395 5379 portum.
1436 5312 1513 5367 De
1538 5314 1729 5368 ordine
1777 5314 1869 5370 lib.
1900 5331 1958 5372 tt.

372 5382 487 5442 Hoc
518 5402 655 5461 upus
701 5393 783 5450 sic
823 5395 1016 5468 incipit
1044 5417 1057 5452 :
1088 5398 1167 5455 De
1205 5403 1390 5457 ordine
1419 5418 1594 5458 rerum
1618 5401 1837 5461 Zenobi.
1885 5406 1960 5463 De

370 5476 672 5551 soliloquiis
694 5482 789 5539 lib.
813 5499 875 5541 ιι.
898 5482 1013 5544 Hoc
1041 5503 1179 5561 opus
1201 5490 1279 5546 sic
1304 5492 1657 5564 incipit:Vol.
1700 5535 1713 5551 .
1759 5534 1775 5551 .
1818 5535 1833 5551 .
1881 5528 1895 5551 ι
1940 5535 1955 5551 .

369 5566 448 5660 De
485 5566 894 5633 immortalitate
945 5579 1082 5637 liber
1131 5597 1170 5636 ι.
1207 5579 1308 5640 llic
1357 5585 1495 5642 liber
1523 5586 1602 5644 sic
1635 5569 1957 5660 incipit:Si

370 5659 565 5719 alicubi
590 5677 665 5721 est
702 5669 1001 5739 disciplina.
1036 5673 1111 5730 De
1141 5678 1386 5735 muribus
1428 5679 1686 5737 Ecclesiae
1718 5659 1951 5739 catholi-

370 5766 471 5819 cae,
498 5764 551 5808 et
583 5756 655 5811 De
693 5760 935 5815 muribus
967 5763 1390 5825 Mattichmurum
1432 5770 1553 5828 libri
1588 5788 1647 5827 ιι.
1678 5772 1791 5829 lioc
1817 5789 1951 5845 opus

2071 4584 2206 4640 opus
2257 4571 2337 4627 sic
2380 4571 2568 4642 incipit
2607 4579 2624 4628 ἑ
2670 4571 2808 4629 Sunt
2854 4585 3116 4646 proci-cpta
3154 4577 3424 4646 quam.
3474 4579 3657 4636 Cossus

2069 4671 2281 4730 partem
2316 4663 2510 4719 Donati
2542 4663 2664 4720 libri
2698 4680 2761 4720 ιι.
2804 4663 2921 4721 Hoc
2959 4680 3094 4737 opus
3130 4668 3213 4727 sic
3246 4668 3445 4741 incipit
3475 4687 3493 4723 :
3526 4670 3655 4738 ρυ-

2071 4752 2213 4806 niam
2262 4752 2555 4809 Donatista:
2595 4755 2764 4809 nobis.
2809 4754 3231 4814 Coufessionum
3272 4759 3372 4815 lib.
3401 4776 3529 4818 nu.
3561 4762 3655 4818 ιικ

2068 4830 2205 4914 opus
2246 4846 2326 4902 sic
2366 4846 2557 4917 incipit
2591 4865 2604 4904 :
2637 4846 2868 4920 Magnus
2893 4866 2970 4917 es,
2999 4850 3246 4907 Domine.
3272 4851 3497 4910 Contra
3534 4855 3661 4911 Fu»

2070 4947 2213 4993 stum
2246 4938 2600 4995 Manicbaaum
2638 4939 2762 4997 libri
2786 4958 2985 4998 χχχιιι.
3015 4942 3135 5001 Hoc
3154 4958 3293 5015 opus
3316 4946 3401 5001 sic
3428 4946 3613 5020 ἰιιῴἰι
3637 4960 3651 5001 3

2071 5031 2306 5088 Faustus
2349 5034 2565 5105 quidam
2608 5035 2729 5106 fuit.
2770 5035 2971 5093 Contra
3016 5038 3254 5096 Felicem
3301 5039 3653 5099 Ioniam

2066 5124 2187 5181 libri
2238 5140 2298 5182 ιι.
2347 5126 2461 5184 Hoc
2510 5142 2646 5198 opus
2685 5129 2765 5186 sic
2816 5130 3060 5202 incipit:
3108 5130 3258 5203 Opus
3307 5145 3553 5190 unum
3587 5136 3649 5189 iu

2064 5217 2313 5286 scripturn
2341 5227 2438 5273 est.
2469 5217 2865 5276 Annotationes
2890 5221 2943 5280 in
2970 5220 3072 5278 Job
3093 5222 3194 5277 lib.
3220 5239 3256 5278 ι.
3292 5223 3395 5280 Hic
3422 5224 3649 5282 libetsi:

2065 5309 2256 5379 incipit
2290 5324 2303 5362 :
2339 5308 2514 5379 Opera
2548 5328 2741 5381 magna
2770 5323 2942 5369 erant.
2985 5313 3061 5371 De
3096 5316 3647 5374 catheclsinndisri-

2062 5402 2224 5458 dibus
2246 5403 2342 5460 lib.
2373 5420 2412 5460 ι.
2460 5404 2559 5462 Hic
2591 5405 2729 5463 liber
2766 5406 2847 5465 sic
2881 5408 3091 5480 incipit.
3131 5446 3148 5464 .
3184 5445 3203 5464 .
3246 5450 3261 5466 .
3308 5447 3327 5466 .
3369 5448 3386 5467 .
3430 5411 3515 5469 De
3542 5408 3647 5468 τῆ-

2061 5497 2232 5553 nitate
2269 5497 2364 5555 lib.
2398 5515 2486 5555 xv.
2519 5498 2634 5557 Hoc
2653 5514 2789 5572 opus
2816 5512 3043 5573 excepta
3070 5503 3327 5574 epistola,
3357 5520 3485 5576 qua
3512 5514 3645 5575 pad-

2060 5592 2281 5647 modum
2327 5594 2394 5648 ad
2439 5592 2557 5662 ejus
2603 5604 2765 5667 caput
2812 5595 3065 5666 adjuncta
3124 5609 3229 5662 est,
3282 5600 3365 5656 sic

2062 5683 2296 5741 Leeturis
2345 5686 2459 5741 luet:
2507 5703 2626 5756 qua:
2663 5688 2729 5744 de
2771 5686 3047 5745 Trinitate.
3080 5689 3452 5748 Deconsensn
3488 5704 3645 5747 ση-

2058 5777 2373 5847 gclistarum
2426 5779 2550 5835 libri
2596 5795 2671 5837 Iv.
2734 5780 2848 5839 Hoc
2893 5797 3031 5855 opus
3072 5785 3154 5841 sic
3207 5784 3391 5856 incipit
3424 5802 3441 5840 :
3476 5784 3641 5843 ιω
