  <div class='ocr_page' id='page_1' title='image "/cluster/home/n/w/nwhite01/storage/ocr_20150623/150/hvd.32044015473788/680.png"; bbox 0 0 3862 6312; ppageno 0'>
   <div class='ocr_carea' id='block_1_1' title="bbox 106 316 1659 395">
    <p class='ocr_par' dir='ltr' id='par_1_1' title="bbox 106 316 1659 395">
     <span class='ocr_line' id='line_1_1' title="bbox 106 316 1659 395; baseline -0.001 -11"><span class='ocrx_word' id='word_1_1' title='bbox 106 328 225 395; x_wconf 61' lang='grc' dir='ltr'><strong>ηδε</strong></span> <span class='ocrx_word' id='word_1_2' title='bbox 516 377 523 383; x_wconf 87' lang='grc'><strong>.</strong></span> <span class='ocrx_word' id='word_1_3' title='bbox 1150 317 1156 323; x_wconf 76' lang='grc'><strong>’</strong></span> <span class='ocrx_word' id='word_1_4' title='bbox 1251 316 1466 380; x_wconf 79' lang='lat' dir='ltr'><strong>EPIST.</strong></span> <span class='ocrx_word' id='word_1_5' title='bbox 1506 318 1599 379; x_wconf 74' lang='lat' dir='ltr'><strong>AD</strong></span> <span class='ocrx_word' id='word_1_6' title='bbox 1639 323 1659 382; x_wconf 83' lang='grc' dir='ltr'>ε</span> 
     </span>
    </p>
   </div>
   <div class='ocr_carea' id='block_1_2' title="bbox 1773 316 3325 395">
    <p class='ocr_par' dir='ltr' id='par_1_2' title="bbox 1777 320 3325 384">
     <span class='ocr_line' id='line_1_2' title="bbox 1777 320 3325 384; baseline 0.001 -3"><span class='ocrx_word' id='word_1_7' title='bbox 1777 320 2081 384; x_wconf 76' lang='lat' dir='ltr'><strong>PHANUM.</strong></span> <span class='ocrx_word' id='word_1_8' title='bbox 2148 321 2157 359; x_wconf 52' lang='grc' dir='ltr'><strong>τ</strong></span> <span class='ocrx_word' id='word_1_9' title='bbox 2772 332 2783 343; x_wconf 91' lang='lat'><strong>&#39;</strong></span> <span class='ocrx_word' id='word_1_10' title='bbox 3182 324 3325 383; x_wconf 65' lang='grc' dir='ltr'><strong>εδει</strong></span> 
     </span>
    </p>
   </div>
   <div class='ocr_carea' id='block_1_3' title="bbox 100 435 3331 518">
    <p class='ocr_par' dir='ltr' id='par_1_3' title="bbox 100 435 3331 518">
     <span class='ocr_line' id='line_1_3' title="bbox 100 435 3331 518; baseline 0.001 -20"><span class='ocrx_word' id='word_1_11' title='bbox 100 448 285 518; x_wconf 69' lang='lat' dir='ltr'><strong>quth</strong></span> <span class='ocrx_word' id='word_1_12' title='bbox 324 438 467 497; x_wconf 69' lang='lat' dir='ltr'><strong>diias&#39;</strong></span> <span class='ocrx_word' id='word_1_13' title='bbox 510 438 759 495; x_wconf 60' lang='lat' dir='ltr'><strong>aduersus</strong></span> <span class='ocrx_word' id='word_1_14' title='bbox 832 437 1159 491; x_wconf 84' lang='lat' dir='ltr'><strong>Donatistas.</strong></span> <span class='ocrx_word' id='word_1_15' title='bbox 1231 435 1307 489; x_wconf 86' lang='lat' dir='ltr'><strong>De</strong></span> <span class='ocrx_word' id='word_1_16' title='bbox 1376 436 1648 506; x_wconf 82' lang='lat' dir='ltr'><strong>baptismo</strong></span> <span class='ocrx_word' id='word_1_17' title='bbox 1674 443 1723 503; x_wconf 71' lang='grc' dir='ltr'><strong>Α</strong></span> <span class='ocrx_word' id='word_1_18' title='bbox 1751 439 2124 509; x_wconf 76' lang='lat' dir='ltr'><strong>presbyterum</strong></span> <span class='ocrx_word' id='word_1_19' title='bbox 2172 442 2363 497; x_wconf 84' lang='lat' dir='ltr'><strong>contra</strong></span> <span class='ocrx_word' id='word_1_20' title='bbox 2392 441 2832 500; x_wconf 82' lang='lat' dir='ltr'><strong>Prisciliianistas</strong></span> <span class='ocrx_word' id='word_1_21' title='bbox 2858 454 2921 500; x_wconf 84' lang='lat' dir='ltr'><strong>et</strong></span> <span class='ocrx_word' id='word_1_22' title='bbox 2965 443 3331 513; x_wconf 70' lang='lat' dir='ltr'><strong>Origcnistas,</strong></span> 
     </span>
    </p>
   </div>
   <div class='ocr_carea' id='block_1_4' title="bbox 100 526 3323 613">
    <p class='ocr_par' dir='ltr' id='par_1_4' title="bbox 100 526 3323 613">
     <span class='ocr_line' id='line_1_4' title="bbox 100 526 3323 613; baseline 0 -20"><span class='ocrx_word' id='word_1_23' title='bbox 100 537 209 593; x_wconf 82' lang='lat' dir='ltr'><strong>libri</strong></span> <span class='ocrx_word' id='word_1_24' title='bbox 238 548 323 589; x_wconf 73' lang='lat' dir='ltr'><strong>vn.</strong></span> <span class='ocrx_word' id='word_1_25' title='bbox 369 530 477 588; x_wconf 76' lang='lat' dir='ltr'><strong>Hoc</strong></span> <span class='ocrx_word' id='word_1_26' title='bbox 500 545 635 600; x_wconf 90' lang='lat' dir='ltr'><strong>opus</strong></span> <span class='ocrx_word' id='word_1_27' title='bbox 662 530 742 584; x_wconf 90' lang='lat' dir='ltr'><strong>sic</strong></span> <span class='ocrx_word' id='word_1_28' title='bbox 778 526 967 601; x_wconf 81' lang='lat' dir='ltr'><strong>incipit</strong></span> <span class='ocrx_word' id='word_1_29' title='bbox 999 546 1013 583; x_wconf 92' lang='lat'><strong>:</strong></span> <span class='ocrx_word' id='word_1_30' title='bbox 1056 527 1119 582; x_wconf 88' lang='lat' dir='ltr'><strong>In</strong></span> <span class='ocrx_word' id='word_1_31' title='bbox 1155 529 1230 583; x_wconf 88' lang='lat' dir='ltr'><strong>eis</strong></span> <span class='ocrx_word' id='word_1_32' title='bbox 1267 528 1355 582; x_wconf 74' lang='lat' dir='ltr'><strong>lili.</strong></span> <span class='ocrx_word' id='word_1_33' title='bbox 1390 544 1520 599; x_wconf 86' lang='lat' dir='ltr'><strong>quos</strong></span> <span class='ocrx_word' id='word_1_34' title='bbox 1546 529 1645 583; x_wconf 82' lang='lat' dir='ltr'><strong>ad-</strong></span> <span class='ocrx_word' id='word_1_35' title='bbox 1747 532 1887 588; x_wconf 89' lang='lat' dir='ltr'><strong>liber</strong></span> <span class='ocrx_word' id='word_1_36' title='bbox 1916 548 1955 591; x_wconf 83' lang='grc' dir='ltr'><strong>ι.</strong></span> <span class='ocrx_word' id='word_1_37' title='bbox 2003 531 2104 588; x_wconf 82' lang='lat' dir='ltr'><strong>llic</strong></span> <span class='ocrx_word' id='word_1_38' title='bbox 2162 526 2302 588; x_wconf 87' lang='lat' dir='ltr'><strong>liber</strong></span> <span class='ocrx_word' id='word_1_39' title='bbox 2339 536 2418 590; x_wconf 88' lang='lat' dir='ltr'><strong>sic</strong></span> <span class='ocrx_word' id='word_1_40' title='bbox 2460 537 2688 607; x_wconf 88' lang='lat' dir='ltr'><strong>incipit:</strong></span> <span class='ocrx_word' id='word_1_41' title='bbox 2722 537 3003 607; x_wconf 83' lang='lat' dir='ltr'><strong>Respondit</strong></span> <span class='ocrx_word' id='word_1_42' title='bbox 3045 538 3323 613; x_wconf 60' lang='lat' dir='ltr'><strong>querenti,</strong></span> 
     </span>
    </p>
   </div>
   <div class='ocr_carea' id='block_1_5' title="bbox 100 621 3325 702">
    <p class='ocr_par' dir='ltr' id='par_1_5' title="bbox 100 621 3325 702">
     <span class='ocr_line' id='line_1_5' title="bbox 100 621 3325 702; baseline 0.001 -19"><span class='ocrx_word' id='word_1_43' title='bbox 100 642 254 684; x_wconf 66' lang='lat' dir='ltr'><strong>unus</strong></span> <span class='ocrx_word' id='word_1_44' title='bbox 296 624 557 694; x_wconf 86' lang='lat' dir='ltr'><strong>epistolam</strong></span> <span class='ocrx_word' id='word_1_45' title='bbox 610 621 974 677; x_wconf 78' lang='lat' dir='ltr'><strong>Parmenioni.</strong></span> <span class='ocrx_word' id='word_1_46' title='bbox 1030 623 1231 679; x_wconf 87' lang='lat' dir='ltr'><strong>Contra</strong></span> <span class='ocrx_word' id='word_1_47' title='bbox 1274 621 1417 690; x_wconf 88' lang='lat' dir='ltr'><strong>quod</strong></span> <span class='ocrx_word' id='word_1_48' title='bbox 1462 622 1646 677; x_wconf 84' lang='lat' dir='ltr'><strong>attulit</strong></span> <span class='ocrx_word' id='word_1_49' title='bbox 1746 625 2086 679; x_wconf 74' lang='lat' dir='ltr'><strong>dilectissime</strong></span> <span class='ocrx_word' id='word_1_50' title='bbox 2102 625 2200 694; x_wconf 79' lang='lat' dir='ltr'><strong>ﬁli.</strong></span> <span class='ocrx_word' id='word_1_51' title='bbox 2218 624 2397 682; x_wconf 90' lang='lat' dir='ltr'><strong>Orosii</strong></span> <span class='ocrx_word' id='word_1_52' title='bbox 2421 627 2487 682; x_wconf 89' lang='lat' dir='ltr'><strong>ad</strong></span> <span class='ocrx_word' id='word_1_53' title='bbox 2515 628 2897 701; x_wconf 80' lang='lat' dir='ltr'><strong>Hieronymum</strong></span> <span class='ocrx_word' id='word_1_54' title='bbox 2925 631 3325 702; x_wconf 76' lang='lat' dir='ltr'><strong>presbyterum,</strong></span> 
     </span>
    </p>
   </div>
   <div class='ocr_carea' id='block_1_6' title="bbox 102 712 3328 787">
    <p class='ocr_par' dir='ltr' id='par_1_6' title="bbox 102 712 3328 787">
     <span class='ocr_line' id='line_1_6' title="bbox 102 712 3328 787; baseline 0 -10"><span class='ocrx_word' id='word_1_55' title='bbox 102 718 356 777; x_wconf 78' lang='lat' dir='ltr'><strong>Centurius</strong></span> <span class='ocrx_word' id='word_1_56' title='bbox 379 714 725 770; x_wconf 83' lang='lat' dir='ltr'><strong>aDonatistis</strong></span> <span class='ocrx_word' id='word_1_57' title='bbox 757 714 880 771; x_wconf 90' lang='lat' dir='ltr'><strong>libri</strong></span> <span class='ocrx_word' id='word_1_58' title='bbox 909 730 989 770; x_wconf 86' lang='lat' dir='ltr'><strong>Ill.</strong></span> <span class='ocrx_word' id='word_1_59' title='bbox 1018 715 1130 771; x_wconf 81' lang='lat' dir='ltr'><strong>li&#39;oc</strong></span> <span class='ocrx_word' id='word_1_60' title='bbox 1154 729 1290 785; x_wconf 80' lang='lat' dir='ltr'><strong>Opus</strong></span> <span class='ocrx_word' id='word_1_61' title='bbox 1309 715 1388 769; x_wconf 88' lang='lat' dir='ltr'><strong>sic</strong></span> <span class='ocrx_word' id='word_1_62' title='bbox 1416 713 1641 786; x_wconf 86' lang='lat' dir='ltr'><strong>incipit:</strong></span> <span class='ocrx_word' id='word_1_63' title='bbox 1748 715 1870 771; x_wconf 81' lang='lat' dir='ltr'><strong>libri</strong></span> <span class='ocrx_word' id='word_1_64' title='bbox 1903 714 1979 783; x_wconf 75' lang='lat' dir='ltr'><strong>ti;</strong></span> <span class='ocrx_word' id='word_1_65' title='bbox 2013 730 2152 772; x_wconf 84' lang='lat' dir='ltr'><strong>unus</strong></span> <span class='ocrx_word' id='word_1_66' title='bbox 2180 712 2247 772; x_wconf 81' lang='lat' dir='ltr'><strong>de</strong></span> <span class='ocrx_word' id='word_1_67' title='bbox 2293 717 2515 787; x_wconf 84' lang='lat' dir='ltr'><strong>Origine</strong></span> <span class='ocrx_word' id='word_1_68' title='bbox 2560 721 2777 787; x_wconf 66' lang='lat' dir='ltr'><strong>animae,</strong></span> <span class='ocrx_word' id='word_1_69' title='bbox 2815 731 2870 777; x_wconf 90' lang='lat' dir='ltr'><strong>et</strong></span> <span class='ocrx_word' id='word_1_70' title='bbox 2917 723 3056 777; x_wconf 88' lang='lat' dir='ltr'><strong>alius</strong></span> <span class='ocrx_word' id='word_1_71' title='bbox 3082 723 3159 779; x_wconf 88' lang='lat' dir='ltr'><strong>De</strong></span> <span class='ocrx_word' id='word_1_72' title='bbox 3196 732 3328 778; x_wconf 85' lang='lat' dir='ltr'><strong>sen-</strong></span> 
     </span>
    </p>
   </div>
   <div class='ocr_carea' id='block_1_7' title="bbox 104 805 3329 883">
    <p class='ocr_par' dir='ltr' id='par_1_7' title="bbox 104 805 3329 883">
     <span class='ocr_line' id='line_1_7' title="bbox 104 805 3329 883; baseline 0.001 -18"><span class='ocrx_word' id='word_1_73' title='bbox 104 811 224 867; x_wconf 82' lang='lat' dir='ltr'><strong>Dicis</strong></span> <span class='ocrx_word' id='word_1_74' title='bbox 256 823 313 863; x_wconf 80' lang='lat' dir='ltr'><strong>eo</strong></span> <span class='ocrx_word' id='word_1_75' title='bbox 347 806 483 877; x_wconf 82' lang='lat' dir='ltr'><strong>quod</strong></span> <span class='ocrx_word' id='word_1_76' title='bbox 512 805 760 874; x_wconf 80' lang='lat' dir='ltr'><strong>scriptum</strong></span> <span class='ocrx_word' id='word_1_77' title='bbox 801 816 880 860; x_wconf 80' lang='lat' dir='ltr'><strong>est</strong></span> <span class='ocrx_word' id='word_1_78' title='bbox 920 806 978 859; x_wconf 86' lang='lat' dir='ltr'><strong>in</strong></span> <span class='ocrx_word' id='word_1_79' title='bbox 1033 806 1355 862; x_wconf 85' lang='lat' dir='ltr'><strong>Salomone:</strong></span> <span class='ocrx_word' id='word_1_80' title='bbox 1393 806 1470 860; x_wconf 70' lang='lat' dir='ltr'><strong>Ali</strong></span> <span class='ocrx_word' id='word_1_81' title='bbox 1507 823 1646 877; x_wconf 83' lang='lat' dir='ltr'><strong>aqua</strong></span> <span class='ocrx_word' id='word_1_82' title='bbox 1750 810 1917 863; x_wconf 85' lang='lat' dir='ltr'><strong>tentia</strong></span> <span class='ocrx_word' id='word_1_83' title='bbox 1944 808 2151 865; x_wconf 84' lang='lat' dir='ltr'><strong>Jacobi.</strong></span> <span class='ocrx_word' id='word_1_84' title='bbox 2198 809 2311 865; x_wconf 85' lang='lat' dir='ltr'><strong>lloc</strong></span> <span class='ocrx_word' id='word_1_85' title='bbox 2356 827 2494 882; x_wconf 87' lang='lat' dir='ltr'><strong>opus</strong></span> <span class='ocrx_word' id='word_1_86' title='bbox 2522 813 2601 868; x_wconf 88' lang='lat' dir='ltr'><strong>sic</strong></span> <span class='ocrx_word' id='word_1_87' title='bbox 2631 813 2817 883; x_wconf 90' lang='lat' dir='ltr'><strong>incipit</strong></span> <span class='ocrx_word' id='word_1_88' title='bbox 2850 829 2865 869; x_wconf 92' lang='lat'><strong>:</strong></span> <span class='ocrx_word' id='word_1_89' title='bbox 2898 814 3063 870; x_wconf 88' lang='lat' dir='ltr'><strong>Deum</strong></span> <span class='ocrx_word' id='word_1_90' title='bbox 3091 817 3329 879; x_wconf 76' lang='lat' dir='ltr'><strong>nostrum</strong></span> 
     </span>
    </p>
   </div>
   <div class='ocr_carea' id='block_1_8' title="bbox 99 896 3332 976">
    <p class='ocr_par' dir='ltr' id='par_1_8' title="bbox 99 896 3332 976">
     <span class='ocr_line' id='line_1_8' title="bbox 99 896 3332 976; baseline 0.002 -20"><span class='ocrx_word' id='word_1_91' title='bbox 99 902 247 957; x_wconf 78' lang='lat' dir='ltr'><strong>elicita</strong></span> <span class='ocrx_word' id='word_1_92' title='bbox 276 897 472 952; x_wconf 84' lang='lat' dir='ltr'><strong>abstine</strong></span> <span class='ocrx_word' id='word_1_93' title='bbox 509 906 578 953; x_wconf 85' lang='lat' dir='ltr'><strong>te.</strong></span> <span class='ocrx_word' id='word_1_94' title='bbox 619 897 700 952; x_wconf 80' lang='lat' dir='ltr'><strong>Ad</strong></span> <span class='ocrx_word' id='word_1_95' title='bbox 734 898 1111 968; x_wconf 83' lang='lat' dir='ltr'><strong>inquisitiones</strong></span> <span class='ocrx_word' id='word_1_96' title='bbox 1145 896 1387 953; x_wconf 78' lang='lat' dir='ltr'><strong>Januarii</strong></span> <span class='ocrx_word' id='word_1_97' title='bbox 1431 899 1549 954; x_wconf 85' lang='lat' dir='ltr'><strong>libri</strong></span> <span class='ocrx_word' id='word_1_98' title='bbox 1581 914 1645 954; x_wconf 84' lang='grc' dir='ltr'><strong>ιι.</strong></span> <span class='ocrx_word' id='word_1_99' title='bbox 1678 896 1703 915; x_wconf 81' lang='grc'><strong>⁸</strong></span> <span class='ocrx_word' id='word_1_100' title='bbox 1746 901 1837 970; x_wconf 80' lang='lat' dir='ltr'><strong>qui</strong></span> <span class='ocrx_word' id='word_1_101' title='bbox 1865 917 1958 955; x_wconf 88' lang='lat' dir='ltr'><strong>nos</strong></span> <span class='ocrx_word' id='word_1_102' title='bbox 1987 902 2205 956; x_wconf 83' lang='lat' dir='ltr'><strong>vocavit.</strong></span> <span class='ocrx_word' id='word_1_103' title='bbox 2248 902 2328 957; x_wconf 81' lang='lat' dir='ltr'><strong>Ad</strong></span> <span class='ocrx_word' id='word_1_104' title='bbox 2351 901 2650 958; x_wconf 88' lang='lat' dir='ltr'><strong>Emeritum</strong></span> <span class='ocrx_word' id='word_1_105' title='bbox 2687 904 2994 976; x_wconf 85' lang='lat' dir='ltr'><strong>episcopum</strong></span> <span class='ocrx_word' id='word_1_106' title='bbox 3020 905 3332 961; x_wconf 84' lang='lat' dir='ltr'><strong>Donatista-</strong></span> 
     </span>
    </p>
   </div>
   <div class='ocr_carea' id='block_1_9' title="bbox 94 990 3327 1071">
    <p class='ocr_par' dir='ltr' id='par_1_9' title="bbox 94 990 3327 1071">
     <span class='ocr_line' id='line_1_9' title="bbox 94 990 3327 1071; baseline 0.001 -22"><span class='ocrx_word' id='word_1_107' title='bbox 94 994 196 1050; x_wconf 70' lang='lat' dir='ltr'><strong>‘lloc</strong></span> <span class='ocrx_word' id='word_1_108' title='bbox 227 1006 356 1062; x_wconf 78' lang='lat' dir='ltr'><strong>opus</strong></span> <span class='ocrx_word' id='word_1_109' title='bbox 398 990 480 1045; x_wconf 85' lang='lat' dir='ltr'><strong>sic</strong></span> <span class='ocrx_word' id='word_1_110' title='bbox 518 990 706 1062; x_wconf 84' lang='lat' dir='ltr'><strong>incipit</strong></span> <span class='ocrx_word' id='word_1_111' title='bbox 738 1008 752 1044; x_wconf 88' lang='lat'><strong>:</strong></span> <span class='ocrx_word' id='word_1_112' title='bbox 784 991 865 1045; x_wconf 81' lang='lat' dir='ltr'><strong>Ad</strong></span> <span class='ocrx_word' id='word_1_113' title='bbox 905 1009 967 1046; x_wconf 91' lang='lat' dir='ltr'><strong>ea</strong></span> <span class='ocrx_word' id='word_1_114' title='bbox 999 1008 1117 1062; x_wconf 73' lang='lat' dir='ltr'><strong>quae</strong></span> <span class='ocrx_word' id='word_1_115' title='bbox 1159 1007 1241 1046; x_wconf 89' lang='lat' dir='ltr'><strong>me</strong></span> <span class='ocrx_word' id='word_1_116' title='bbox 1287 990 1643 1063; x_wconf 66' lang='lat' dir='ltr'><strong>interrogasti.</strong></span> <span class='ocrx_word' id='word_1_117' title='bbox 1752 1008 1869 1047; x_wconf 88' lang='lat' dir='ltr'><strong>rum</strong></span> <span class='ocrx_word' id='word_1_118' title='bbox 1899 1004 2023 1063; x_wconf 87' lang='lat' dir='ltr'><strong>post</strong></span> <span class='ocrx_word' id='word_1_119' title='bbox 2051 993 2416 1063; x_wconf 80' lang='lat' dir='ltr'><strong>collationem,</strong></span> <span class='ocrx_word' id='word_1_120' title='bbox 2445 996 2584 1051; x_wconf 89' lang='lat' dir='ltr'><strong>iiber</strong></span> <span class='ocrx_word' id='word_1_121' title='bbox 2609 1012 2646 1051; x_wconf 95' lang='grc' dir='ltr'><strong>ι.</strong></span> <span class='ocrx_word' id='word_1_122' title='bbox 2677 996 2776 1052; x_wconf 88' lang='lat' dir='ltr'><strong>Hic</strong></span> <span class='ocrx_word' id='word_1_123' title='bbox 2820 997 2957 1053; x_wconf 89' lang='lat' dir='ltr'><strong>liber</strong></span> <span class='ocrx_word' id='word_1_124' title='bbox 2985 999 3064 1053; x_wconf 91' lang='lat' dir='ltr'><strong>sic</strong></span> <span class='ocrx_word' id='word_1_125' title='bbox 3091 999 3279 1071; x_wconf 88' lang='lat' dir='ltr'><strong>incipit</strong></span> <span class='ocrx_word' id='word_1_126' title='bbox 3308 1014 3327 1053; x_wconf 88' lang='lat'><strong>:</strong></span> 
     </span>
    </p>
   </div>
   <div class='ocr_carea' id='block_1_10' title="bbox 99 1082 3333 1158">
    <p class='ocr_par' dir='ltr' id='par_1_10' title="bbox 99 1082 3333 1158">
     <span class='ocr_line' id='line_1_10' title="bbox 99 1082 3333 1158; baseline -0 -16"><span class='ocrx_word' id='word_1_127' title='bbox 99 1087 164 1142; x_wconf 87' lang='lat' dir='ltr'><strong>De</strong></span> <span class='ocrx_word' id='word_1_128' title='bbox 193 1098 347 1156; x_wconf 85' lang='lat' dir='ltr'><strong>opere</strong></span> <span class='ocrx_word' id='word_1_129' title='bbox 375 1084 765 1140; x_wconf 76' lang='lat' dir='ltr'><strong>monachorum</strong></span> <span class='ocrx_word' id='word_1_130' title='bbox 798 1084 892 1140; x_wconf 87' lang='lat' dir='ltr'><strong>lib.</strong></span> <span class='ocrx_word' id='word_1_131' title='bbox 914 1101 956 1139; x_wconf 91' lang='grc' dir='ltr'><strong>ι.</strong></span> <span class='ocrx_word' id='word_1_132' title='bbox 1004 1085 1104 1140; x_wconf 92' lang='lat' dir='ltr'><strong>llic</strong></span> <span class='ocrx_word' id='word_1_133' title='bbox 1140 1085 1277 1140; x_wconf 88' lang='lat' dir='ltr'><strong>liber</strong></span> <span class='ocrx_word' id='word_1_134' title='bbox 1300 1085 1378 1141; x_wconf 87' lang='lat' dir='ltr'><strong>sic</strong></span> <span class='ocrx_word' id='word_1_135' title='bbox 1409 1086 1598 1155; x_wconf 89' lang='lat' dir='ltr'><strong>incipit</strong></span> <span class='ocrx_word' id='word_1_136' title='bbox 1629 1104 1644 1141; x_wconf 89' lang='lat'><strong>:</strong></span> <span class='ocrx_word' id='word_1_137' title='bbox 1752 1082 1815 1138; x_wconf 90' lang='lat' dir='ltr'><strong>Si</strong></span> <span class='ocrx_word' id='word_1_138' title='bbox 1840 1100 2000 1151; x_wconf 89' lang='lat' dir='ltr'><strong>nunc,</strong></span> <span class='ocrx_word' id='word_1_139' title='bbox 2030 1083 2109 1153; x_wconf 82' lang='lat' dir='ltr'><strong>fili</strong></span> <span class='ocrx_word' id='word_1_140' title='bbox 2140 1084 2387 1140; x_wconf 82' lang='lat' dir='ltr'><strong>Emerite.</strong></span> <span class='ocrx_word' id='word_1_141' title='bbox 2418 1086 2493 1141; x_wconf 88' lang='lat' dir='ltr'><strong>De</strong></span> <span class='ocrx_word' id='word_1_142' title='bbox 2534 1086 2700 1158; x_wconf 78' lang='lat' dir='ltr'><strong>gestis</strong></span> <span class='ocrx_word' id='word_1_143' title='bbox 2723 1087 2994 1158; x_wconf 73' lang='lat' dir='ltr'><strong>Pelagian.</strong></span> <span class='ocrx_word' id='word_1_144' title='bbox 3024 1088 3183 1144; x_wconf 89' lang='lat' dir='ltr'><strong>liber.</strong></span> <span class='ocrx_word' id='word_1_145' title='bbox 3229 1089 3333 1146; x_wconf 72' lang='lat' dir='ltr'><strong>Hie</strong></span> 
     </span>
    </p>
   </div>
   <div class='ocr_carea' id='block_1_11' title="bbox 96 1168 1648 1249">
    <p class='ocr_par' dir='ltr' id='par_1_11' title="bbox 96 1168 1648 1249">
     <span class='ocr_line' id='line_1_11' title="bbox 96 1168 1648 1249; baseline 0 -17"><span class='ocrx_word' id='word_1_146' title='bbox 96 1168 310 1233; x_wconf 76' lang='lat' dir='ltr'><strong>Jussioni</strong></span> <span class='ocrx_word' id='word_1_147' title='bbox 349 1184 453 1230; x_wconf 81' lang='lat' dir='ltr'><strong>tua:</strong></span> <span class='ocrx_word' id='word_1_148' title='bbox 493 1184 710 1241; x_wconf 71' lang='lat' dir='ltr'><strong>sanctis,</strong></span> <span class='ocrx_word' id='word_1_149' title='bbox 739 1174 904 1244; x_wconf 88' lang='lat' dir='ltr'><strong>frater</strong></span> <span class='ocrx_word' id='word_1_150' title='bbox 932 1176 1130 1231; x_wconf 80' lang='lat' dir='ltr'><strong>Aureli.</strong></span> <span class='ocrx_word' id='word_1_151' title='bbox 1186 1178 1261 1233; x_wconf 87' lang='lat' dir='ltr'><strong>De</strong></span> <span class='ocrx_word' id='word_1_152' title='bbox 1290 1178 1430 1232; x_wconf 91' lang='lat' dir='ltr'><strong>bono</strong></span> <span class='ocrx_word' id='word_1_153' title='bbox 1457 1178 1648 1249; x_wconf 64' lang='lat' dir='ltr'><strong>conju&#39;o</strong></span> 
     </span>
    </p>
   </div>
   <div class='ocr_carea' id='block_1_12' title="bbox 86 1268 1651 1342">
    <p class='ocr_par' dir='ltr' id='par_1_12' title="bbox 86 1268 1651 1342">
     <span class='ocr_line' id='line_1_12' title="bbox 86 1268 1651 1342; baseline 0.003 -20"><span class='ocrx_word' id='word_1_154' title='bbox 86 1271 190 1342; x_wconf 55' lang='lat' dir='ltr'><strong>pati</strong></span> <span class='ocrx_word' id='word_1_155' title='bbox 226 1269 358 1325; x_wconf 88' lang='lat' dir='ltr'><strong>liber</strong></span> <span class='ocrx_word' id='word_1_156' title='bbox 396 1285 433 1324; x_wconf 88' lang='grc' dir='ltr'><strong>ι.</strong></span> <span class='ocrx_word' id='word_1_157' title='bbox 474 1268 591 1325; x_wconf 79' lang='lat' dir='ltr'><strong>Hoc</strong></span> <span class='ocrx_word' id='word_1_158' title='bbox 630 1284 767 1339; x_wconf 86' lang='lat' dir='ltr'><strong>opus</strong></span> <span class='ocrx_word' id='word_1_159' title='bbox 806 1270 888 1325; x_wconf 83' lang='lat' dir='ltr'><strong>sic</strong></span> <span class='ocrx_word' id='word_1_160' title='bbox 922 1270 1152 1341; x_wconf 90' lang='lat' dir='ltr'><strong>incipit:</strong></span> <span class='ocrx_word' id='word_1_161' title='bbox 1183 1273 1445 1337; x_wconf 82' lang='lat' dir='ltr'><strong>Quoniam</strong></span> <span class='ocrx_word' id='word_1_162' title='bbox 1488 1289 1651 1327; x_wconf 86' lang='lat' dir='ltr'><strong>unus-</strong></span> 
     </span>
    </p>
   </div>
   <div class='ocr_carea' id='block_1_13' title="bbox 97 1361 1653 1433">
    <p class='ocr_par' dir='ltr' id='par_1_13' title="bbox 97 1361 1653 1433">
     <span class='ocr_line' id='line_1_13' title="bbox 97 1361 1653 1433; baseline 0.002 -17"><span class='ocrx_word' id='word_1_163' title='bbox 97 1364 293 1433; x_wconf 67' lang='lat' dir='ltr'><strong>quiscue</strong></span> <span class='ocrx_word' id='word_1_164' title='bbox 320 1361 729 1416; x_wconf 68' lang='lat' dir='ltr'><strong>homo‘lmmano</strong></span> <span class='ocrx_word' id='word_1_165' title='bbox 753 1362 927 1432; x_wconf 81' lang='lat' dir='ltr'><strong>generi</strong></span> <span class='ocrx_word' id='word_1_166' title='bbox 954 1380 1053 1433; x_wconf 87' lang='lat' dir='ltr'><strong>par</strong></span> <span class='ocrx_word' id='word_1_167' title='bbox 1078 1373 1176 1418; x_wconf 84' lang='lat' dir='ltr'><strong>est.</strong></span> <span class='ocrx_word' id='word_1_168' title='bbox 1210 1364 1285 1418; x_wconf 85' lang='lat' dir='ltr'><strong>De</strong></span> <span class='ocrx_word' id='word_1_169' title='bbox 1312 1375 1498 1419; x_wconf 84' lang='lat' dir='ltr'><strong>sancta</strong></span> <span class='ocrx_word' id='word_1_170' title='bbox 1538 1365 1653 1420; x_wconf 51' lang='lat' dir='ltr'><strong>Vir.</strong></span> 
     </span>
    </p>
   </div>
   <div class='ocr_carea' id='block_1_14' title="bbox 99 1451 1652 1526">
    <p class='ocr_par' dir='ltr' id='par_1_14' title="bbox 99 1451 1652 1526">
     <span class='ocr_line' id='line_1_14' title="bbox 99 1451 1652 1526; baseline 0.001 -18"><span class='ocrx_word' id='word_1_171' title='bbox 99 1455 319 1524; x_wconf 71' lang='lat' dir='ltr'><strong>ginitate,</strong></span> <span class='ocrx_word' id='word_1_172' title='bbox 342 1451 433 1507; x_wconf 85' lang='lat' dir='ltr'><strong>lib.</strong></span> <span class='ocrx_word' id='word_1_173' title='bbox 466 1467 507 1506; x_wconf 89' lang='grc' dir='ltr'><strong>ι.</strong></span> <span class='ocrx_word' id='word_1_174' title='bbox 538 1452 654 1507; x_wconf 79' lang='lat' dir='ltr'><strong>Hoc</strong></span> <span class='ocrx_word' id='word_1_175' title='bbox 681 1467 819 1523; x_wconf 89' lang='lat' dir='ltr'><strong>opus</strong></span> <span class='ocrx_word' id='word_1_176' title='bbox 845 1454 926 1509; x_wconf 80' lang='lat' dir='ltr'><strong>sic</strong></span> <span class='ocrx_word' id='word_1_177' title='bbox 948 1455 1136 1526; x_wconf 82' lang='lat' dir='ltr'><strong>incipit</strong></span> <span class='ocrx_word' id='word_1_178' title='bbox 1165 1473 1179 1509; x_wconf 91' lang='lat'><strong>:</strong></span> <span class='ocrx_word' id='word_1_179' title='bbox 1210 1455 1287 1511; x_wconf 81' lang='lat' dir='ltr'><strong>De</strong></span> <span class='ocrx_word' id='word_1_180' title='bbox 1310 1458 1443 1511; x_wconf 85' lang='lat' dir='ltr'><strong>bono</strong></span> <span class='ocrx_word' id='word_1_181' title='bbox 1464 1456 1652 1526; x_wconf 84' lang='lat' dir='ltr'><strong>conju-</strong></span> 
     </span>
    </p>
   </div>
   <div class='ocr_carea' id='block_1_15' title="bbox 96 1545 1652 1617">
    <p class='ocr_par' dir='ltr' id='par_1_15' title="bbox 96 1545 1652 1617">
     <span class='ocr_line' id='line_1_15' title="bbox 96 1545 1652 1617; baseline 0.002 -17"><span class='ocrx_word' id='word_1_182' title='bbox 96 1547 191 1617; x_wconf 71' lang='lat' dir='ltr'><strong>gsli</strong></span> <span class='ocrx_word' id='word_1_183' title='bbox 213 1560 369 1615; x_wconf 81' lang='lat' dir='ltr'><strong>nuper</strong></span> <span class='ocrx_word' id='word_1_184' title='bbox 403 1545 667 1600; x_wconf 81' lang='lat' dir='ltr'><strong>edidimus</strong></span> <span class='ocrx_word' id='word_1_185' title='bbox 699 1545 912 1600; x_wconf 80' lang='lat' dir='ltr'><strong>librum.</strong></span> <span class='ocrx_word' id='word_1_186' title='bbox 955 1546 1029 1602; x_wconf 90' lang='lat' dir='ltr'><strong>De</strong></span> <span class='ocrx_word' id='word_1_187' title='bbox 1066 1546 1264 1603; x_wconf 85' lang='lat' dir='ltr'><strong>Genesi</strong></span> <span class='ocrx_word' id='word_1_188' title='bbox 1317 1548 1383 1603; x_wconf 90' lang='lat' dir='ltr'><strong>ad</strong></span> <span class='ocrx_word' id='word_1_189' title='bbox 1416 1548 1652 1605; x_wconf 85' lang='lat' dir='ltr'><strong>litteram</strong></span> 
     </span>
    </p>
   </div>
   <div class='ocr_carea' id='block_1_16' title="bbox 96 1632 1657 1709">
    <p class='ocr_par' dir='ltr' id='par_1_16' title="bbox 96 1632 1657 1709">
     <span class='ocr_line' id='line_1_16' title="bbox 96 1632 1657 1709; baseline 0.001 -20"><span class='ocrx_word' id='word_1_190' title='bbox 96 1635 201 1690; x_wconf 84' lang='lat' dir='ltr'><strong>libri</strong></span> <span class='ocrx_word' id='word_1_191' title='bbox 228 1649 320 1688; x_wconf 77' lang='lat' dir='ltr'><strong>xu.</strong></span> <span class='ocrx_word' id='word_1_192' title='bbox 349 1632 460 1690; x_wconf 87' lang='lat' dir='ltr'><strong>Hoc</strong></span> <span class='ocrx_word' id='word_1_193' title='bbox 486 1649 625 1704; x_wconf 80' lang='lat' dir='ltr'><strong>opus</strong></span> <span class='ocrx_word' id='word_1_194' title='bbox 658 1636 738 1691; x_wconf 86' lang='lat' dir='ltr'><strong>sic</strong></span> <span class='ocrx_word' id='word_1_195' title='bbox 782 1636 1006 1707; x_wconf 88' lang='lat' dir='ltr'><strong>incipit:</strong></span> <span class='ocrx_word' id='word_1_196' title='bbox 1038 1635 1225 1691; x_wconf 86' lang='lat' dir='ltr'><strong>Omnis</strong></span> <span class='ocrx_word' id='word_1_197' title='bbox 1257 1639 1434 1693; x_wconf 82' lang='lat' dir='ltr'><strong>divina</strong></span> <span class='ocrx_word' id='word_1_198' title='bbox 1476 1637 1657 1709; x_wconf 85' lang='lat' dir='ltr'><strong>Scrip-</strong></span> 
     </span>
    </p>
   </div>
   <div class='ocr_carea' id='block_1_17' title="bbox 1751 1173 3332 1249">
    <p class='ocr_par' dir='ltr' id='par_1_17' title="bbox 1751 1173 3332 1249">
     <span class='ocr_line' id='line_1_17' title="bbox 1751 1173 3332 1249; baseline 0.006 -21"><span class='ocrx_word' id='word_1_199' title='bbox 1751 1173 1888 1230; x_wconf 86' lang='lat' dir='ltr'><strong>liber</strong></span> <span class='ocrx_word' id='word_1_200' title='bbox 1932 1177 2012 1232; x_wconf 86' lang='lat' dir='ltr'><strong>sic</strong></span> <span class='ocrx_word' id='word_1_201' title='bbox 2045 1175 2279 1248; x_wconf 90' lang='lat' dir='ltr'><strong>incipit:</strong></span> <span class='ocrx_word' id='word_1_202' title='bbox 2332 1178 2524 1233; x_wconf 80' lang='lat' dir='ltr'><strong>Postea</strong></span> <span class='ocrx_word' id='word_1_203' title='bbox 2552 1196 2710 1249; x_wconf 84' lang='lat' dir='ltr'><strong>quam</strong></span> <span class='ocrx_word' id='word_1_204' title='bbox 2761 1182 2820 1235; x_wconf 85' lang='lat' dir='ltr'><strong>in</strong></span> <span class='ocrx_word' id='word_1_205' title='bbox 2868 1196 3056 1234; x_wconf 80' lang='lat' dir='ltr'><strong>atauus</strong></span> <span class='ocrx_word' id='word_1_206' title='bbox 3103 1190 3332 1237; x_wconf 84' lang='lat' dir='ltr'><strong>nostras.</strong></span> 
     </span>
    </p>
   </div>
   <div class='ocr_carea' id='block_1_18' title="bbox 1754 1265 3337 1336">
    <p class='ocr_par' dir='ltr' id='par_1_18' title="bbox 1754 1265 3337 1336">
     <span class='ocr_line' id='line_1_18' title="bbox 1754 1265 3337 1336; baseline 0.005 -17"><span class='ocrx_word' id='word_1_207' title='bbox 1754 1265 1831 1322; x_wconf 85' lang='lat' dir='ltr'><strong>De</strong></span> <span class='ocrx_word' id='word_1_208' title='bbox 1858 1267 2669 1336; x_wconf 86' lang='lat' dir='ltr'><strong>correctioneDonatistarum,</strong></span> <span class='ocrx_word' id='word_1_209' title='bbox 2700 1270 2838 1326; x_wconf 89' lang='lat' dir='ltr'><strong>liber</strong></span> <span class='ocrx_word' id='word_1_210' title='bbox 2862 1288 2903 1326; x_wconf 92' lang='grc' dir='ltr'><strong>ι.</strong></span> <span class='ocrx_word' id='word_1_211' title='bbox 2948 1269 3048 1327; x_wconf 82' lang='lat' dir='ltr'><strong>llic</strong></span> <span class='ocrx_word' id='word_1_212' title='bbox 3075 1271 3213 1326; x_wconf 90' lang='lat' dir='ltr'><strong>liber</strong></span> <span class='ocrx_word' id='word_1_213' title='bbox 3253 1271 3337 1327; x_wconf 79' lang='lat' dir='ltr'><strong>sie</strong></span> 
     </span>
    </p>
   </div>
   <div class='ocr_carea' id='block_1_19' title="bbox 1754 1359 3338 1436">
    <p class='ocr_par' dir='ltr' id='par_1_19' title="bbox 1754 1359 3338 1436">
     <span class='ocr_line' id='line_1_19' title="bbox 1754 1359 3338 1436; baseline 0.004 -22"><span class='ocrx_word' id='word_1_214' title='bbox 1754 1359 1944 1429; x_wconf 84' lang='lat' dir='ltr'><strong>incipit</strong></span> <span class='ocrx_word' id='word_1_215' title='bbox 1972 1379 1985 1414; x_wconf 91' lang='lat'><strong>:</strong></span> <span class='ocrx_word' id='word_1_216' title='bbox 2023 1361 2224 1427; x_wconf 87' lang='lat' dir='ltr'><strong>Laudo,</strong></span> <span class='ocrx_word' id='word_1_217' title='bbox 2257 1373 2303 1417; x_wconf 89' lang='lat' dir='ltr'><strong>et</strong></span> <span class='ocrx_word' id='word_1_218' title='bbox 2330 1363 2571 1434; x_wconf 81' lang='lat' dir='ltr'><strong>gratulor</strong></span> <span class='ocrx_word' id='word_1_219' title='bbox 2613 1374 2661 1419; x_wconf 87' lang='lat' dir='ltr'><strong>et</strong></span> <span class='ocrx_word' id='word_1_220' title='bbox 2708 1365 2960 1421; x_wconf 83' lang='lat' dir='ltr'><strong>admiror.</strong></span> <span class='ocrx_word' id='word_1_221' title='bbox 2997 1364 3073 1422; x_wconf 88' lang='lat' dir='ltr'><strong>De</strong></span> <span class='ocrx_word' id='word_1_222' title='bbox 3104 1380 3338 1436; x_wconf 65' lang='lat' dir='ltr'><strong>praesen-</strong></span> 
     </span>
    </p>
   </div>
   <div class='ocr_carea' id='block_1_20' title="bbox 1756 1450 3334 1528">
    <p class='ocr_par' dir='ltr' id='par_1_20' title="bbox 1756 1450 3334 1528">
     <span class='ocr_line' id='line_1_20' title="bbox 1756 1450 3334 1528; baseline 0.006 -24"><span class='ocrx_word' id='word_1_223' title='bbox 1756 1450 1830 1504; x_wconf 84' lang='lat' dir='ltr'><strong>tia</strong></span> <span class='ocrx_word' id='word_1_224' title='bbox 1861 1450 1974 1516; x_wconf 87' lang='lat' dir='ltr'><strong>Dei,</strong></span> <span class='ocrx_word' id='word_1_225' title='bbox 2001 1451 2069 1506; x_wconf 90' lang='lat' dir='ltr'><strong>ad</strong></span> <span class='ocrx_word' id='word_1_226' title='bbox 2098 1452 2429 1518; x_wconf 84' lang='lat' dir='ltr'><strong>Dardanum,</strong></span> <span class='ocrx_word' id='word_1_227' title='bbox 2463 1453 2600 1509; x_wconf 89' lang='lat' dir='ltr'><strong>liber</strong></span> <span class='ocrx_word' id='word_1_228' title='bbox 2624 1455 2793 1515; x_wconf 46' lang='lat' dir='ltr'><strong>inllic</strong></span> <span class='ocrx_word' id='word_1_229' title='bbox 2820 1456 2959 1511; x_wconf 85' lang='lat' dir='ltr'><strong>liber</strong></span> <span class='ocrx_word' id='word_1_230' title='bbox 2986 1457 3067 1513; x_wconf 87' lang='lat' dir='ltr'><strong>sic</strong></span> <span class='ocrx_word' id='word_1_231' title='bbox 3096 1457 3286 1528; x_wconf 86' lang='lat' dir='ltr'><strong>incipit</strong></span> <span class='ocrx_word' id='word_1_232' title='bbox 3315 1474 3334 1512; x_wconf 92' lang='lat'><strong>:</strong></span> 
     </span>
    </p>
   </div>
   <div class='ocr_carea' id='block_1_21' title="bbox 1756 1538 2813 1611">
    <p class='ocr_par' dir='ltr' id='par_1_21' title="bbox 1756 1538 2813 1611">
     <span class='ocr_line' id='line_1_21' title="bbox 1756 1538 2813 1611; baseline 0.006 -17"><span class='ocrx_word' id='word_1_233' title='bbox 1756 1538 1971 1609; x_wconf 86' lang='lat' dir='ltr'><strong>Frater,</strong></span> <span class='ocrx_word' id='word_1_234' title='bbox 1998 1542 2166 1611; x_wconf 78' lang='lat' dir='ltr'><strong>frater</strong></span> <span class='ocrx_word' id='word_1_235' title='bbox 2187 1542 2521 1599; x_wconf 67' lang='lat' dir='ltr'><strong>dilectissime</strong></span> <span class='ocrx_word' id='word_1_236' title='bbox 2550 1545 2813 1601; x_wconf 87' lang='lat' dir='ltr'><strong>Dardane.</strong></span> 
     </span>
    </p>
   </div>
   <div class='ocr_carea' id='block_1_22' title="bbox 1826 1635 3336 1711">
    <p class='ocr_par' dir='ltr' id='par_1_22' title="bbox 1826 1635 3336 1711">
     <span class='ocr_line' id='line_1_22' title="bbox 1826 1635 3336 1711; baseline 0.003 -20"><span class='ocrx_word' id='word_1_237' title='bbox 1826 1635 2027 1691; x_wconf 84' lang='lat' dir='ltr'><strong>Contra</strong></span> <span class='ocrx_word' id='word_1_238' title='bbox 2058 1635 2334 1707; x_wconf 77' lang='lat' dir='ltr'><strong>Pelagium</strong></span> <span class='ocrx_word' id='word_1_239' title='bbox 2363 1647 2418 1692; x_wconf 90' lang='lat' dir='ltr'><strong>et</strong></span> <span class='ocrx_word' id='word_1_240' title='bbox 2439 1636 2778 1705; x_wconf 77' lang='lat' dir='ltr'><strong>Ctelestium,</strong></span> <span class='ocrx_word' id='word_1_241' title='bbox 2800 1639 2877 1695; x_wconf 86' lang='lat' dir='ltr'><strong>De</strong></span> <span class='ocrx_word' id='word_1_242' title='bbox 2907 1641 3079 1711; x_wconf 78' lang='lat' dir='ltr'><strong>gratia</strong></span> <span class='ocrx_word' id='word_1_243' title='bbox 3107 1640 3336 1705; x_wconf 83' lang='lat' dir='ltr'><strong>Christi,</strong></span> 
     </span>
    </p>
   </div>
   <div class='ocr_carea' id='block_1_23' title="bbox 97 1724 3342 1799">
    <p class='ocr_par' dir='ltr' id='par_1_23' title="bbox 97 1724 3342 1799">
     <span class='ocr_line' id='line_1_23' title="bbox 97 1724 3342 1799; baseline 0.002 -18"><span class='ocrx_word' id='word_1_244' title='bbox 97 1725 441 1781; x_wconf 74' lang='lat' dir='ltr'><strong>tura.Cmtra</strong></span> <span class='ocrx_word' id='word_1_245' title='bbox 469 1724 679 1781; x_wconf 72' lang='lat' dir='ltr'><strong>litteras</strong></span> <span class='ocrx_word' id='word_1_246' title='bbox 708 1724 956 1781; x_wconf 86' lang='lat' dir='ltr'><strong>Petiliani</strong></span> <span class='ocrx_word' id='word_1_247' title='bbox 997 1726 1118 1782; x_wconf 89' lang='lat' dir='ltr'><strong>libri</strong></span> <span class='ocrx_word' id='word_1_248' title='bbox 1160 1742 1243 1782; x_wconf 92' lang='grc' dir='ltr'>ιιι.</span> <span class='ocrx_word' id='word_1_249' title='bbox 1288 1726 1401 1782; x_wconf 80' lang='lat' dir='ltr'><strong>lloc</strong></span> <span class='ocrx_word' id='word_1_250' title='bbox 1428 1742 1564 1799; x_wconf 90' lang='lat' dir='ltr'><strong>opus</strong></span> <span class='ocrx_word' id='word_1_251' title='bbox 1601 1729 1652 1782; x_wconf 92' lang='lat' dir='ltr'><strong>in</strong></span> <span class='ocrx_word' id='word_1_252' title='bbox 1696 1798 1701 1799; x_wconf 14' lang='grc' dir='ltr'>ί</span> <span class='ocrx_word' id='word_1_253' title='bbox 1758 1737 1813 1783; x_wconf 87' lang='lat' dir='ltr'><strong>et</strong></span> <span class='ocrx_word' id='word_1_254' title='bbox 1842 1728 1918 1783; x_wconf 89' lang='lat' dir='ltr'><strong>De</strong></span> <span class='ocrx_word' id='word_1_255' title='bbox 1962 1735 2186 1798; x_wconf 85' lang='lat' dir='ltr'><strong>peccato</strong></span> <span class='ocrx_word' id='word_1_256' title='bbox 2213 1729 2466 1797; x_wconf 68' lang='lat' dir='ltr'><strong>originali</strong></span> <span class='ocrx_word' id='word_1_257' title='bbox 2519 1730 2587 1785; x_wconf 90' lang='lat' dir='ltr'><strong>ad</strong></span> <span class='ocrx_word' id='word_1_258' title='bbox 2640 1729 2914 1797; x_wconf 86' lang='lat' dir='ltr'><strong>Albinum,</strong></span> <span class='ocrx_word' id='word_1_259' title='bbox 2969 1732 3250 1795; x_wconf 89' lang='lat' dir='ltr'><strong>Pinianum</strong></span> <span class='ocrx_word' id='word_1_260' title='bbox 3282 1742 3342 1787; x_wconf 89' lang='lat' dir='ltr'><strong>et</strong></span> 
     </span>
    </p>
   </div>
   <div class='ocr_carea' id='block_1_24' title="bbox 97 1798 3341 1896">
    <p class='ocr_par' dir='ltr' id='par_1_24' title="bbox 97 1798 3341 1896">
     <span class='ocr_line' id='line_1_24' title="bbox 97 1798 3341 1896; baseline 0 -17"><span class='ocrx_word' id='word_1_261' title='bbox 97 1824 267 1880; x_wconf 78' lang='lat' dir='ltr'><strong>librat</strong></span> <span class='ocrx_word' id='word_1_262' title='bbox 292 1824 374 1879; x_wconf 77' lang='lat' dir='ltr'><strong>sic</strong></span> <span class='ocrx_word' id='word_1_263' title='bbox 407 1825 596 1896; x_wconf 88' lang='lat' dir='ltr'><strong>incipit</strong></span> <span class='ocrx_word' id='word_1_264' title='bbox 631 1842 645 1879; x_wconf 90' lang='lat'><strong>:</strong></span> <span class='ocrx_word' id='word_1_265' title='bbox 690 1825 873 1880; x_wconf 84' lang='lat' dir='ltr'><strong>Nostis</strong></span> <span class='ocrx_word' id='word_1_266' title='bbox 920 1843 1013 1880; x_wconf 87' lang='lat' dir='ltr'><strong>nos</strong></span> <span class='ocrx_word' id='word_1_267' title='bbox 1049 1826 1415 1896; x_wconf 79' lang='lat' dir='ltr'><strong>pra-valuisse;</strong></span> <span class='ocrx_word' id='word_1_268' title='bbox 1465 1798 1519 1882; x_wconf 88' lang='lat' dir='ltr'><strong>in</strong></span> <span class='ocrx_word' id='word_1_269' title='bbox 1569 1843 1656 1883; x_wconf 85' lang='lat' dir='ltr'><strong>se-</strong></span> <span class='ocrx_word' id='word_1_270' title='bbox 1690 1798 1733 1854; x_wconf 79' lang='grc' dir='ltr'><strong>Β</strong></span> <span class='ocrx_word' id='word_1_271' title='bbox 1760 1820 2066 1885; x_wconf 75' lang='lat' dir='ltr'><strong>Melanium,</strong></span> <span class='ocrx_word' id='word_1_272' title='bbox 2096 1818 2190 1874; x_wconf 91' lang='lat' dir='ltr'><strong>lib.</strong></span> <span class='ocrx_word' id='word_1_273' title='bbox 2221 1836 2282 1875; x_wconf 92' lang='grc' dir='ltr'><strong>ιι.</strong></span> <span class='ocrx_word' id='word_1_274' title='bbox 2314 1821 2425 1877; x_wconf 87' lang='lat' dir='ltr'><strong>Hoc</strong></span> <span class='ocrx_word' id='word_1_275' title='bbox 2453 1837 2590 1893; x_wconf 87' lang='lat' dir='ltr'><strong>opus</strong></span> <span class='ocrx_word' id='word_1_276' title='bbox 2612 1822 2690 1877; x_wconf 88' lang='lat' dir='ltr'><strong>sic</strong></span> <span class='ocrx_word' id='word_1_277' title='bbox 2716 1822 2908 1893; x_wconf 87' lang='lat' dir='ltr'><strong>incipit</strong></span> <span class='ocrx_word' id='word_1_278' title='bbox 2940 1841 2954 1876; x_wconf 72' lang='grc' dir='ltr'><strong>ε</strong></span> <span class='ocrx_word' id='word_1_279' title='bbox 2986 1823 3252 1891; x_wconf 76' lang='lat' dir='ltr'><strong>Quantum</strong></span> <span class='ocrx_word' id='word_1_280' title='bbox 3274 1826 3341 1879; x_wconf 89' lang='lat' dir='ltr'><strong>de</strong></span> 
     </span>
    </p>
   </div>
   <div class='ocr_carea' id='block_1_25' title="bbox 97 1917 1661 1991">
    <p class='ocr_par' dir='ltr' id='par_1_25' title="bbox 97 1917 1661 1991">
     <span class='ocr_line' id='line_1_25' title="bbox 97 1917 1661 1991; baseline 0.001 -18"><span class='ocrx_word' id='word_1_281' title='bbox 97 1917 255 1973; x_wconf 82' lang='lat' dir='ltr'><strong>cunde</strong></span> <span class='ocrx_word' id='word_1_282' title='bbox 290 1926 468 1973; x_wconf 84' lang='lat' dir='ltr'><strong>autem</strong></span> <span class='ocrx_word' id='word_1_283' title='bbox 514 1918 594 1974; x_wconf 87' lang='lat' dir='ltr'><strong>sic</strong></span> <span class='ocrx_word' id='word_1_284' title='bbox 647 1919 837 1989; x_wconf 85' lang='lat' dir='ltr'><strong>incipit</strong></span> <span class='ocrx_word' id='word_1_285' title='bbox 870 1938 883 1972; x_wconf 91' lang='lat'><strong>:</strong></span> <span class='ocrx_word' id='word_1_286' title='bbox 924 1918 1118 1973; x_wconf 76' lang='lat' dir='ltr'><strong>Primis</strong></span> <span class='ocrx_word' id='word_1_287' title='bbox 1151 1921 1387 1991; x_wconf 84' lang='lat' dir='ltr'><strong>partibus</strong></span> <span class='ocrx_word' id='word_1_288' title='bbox 1431 1921 1661 1991; x_wconf 76' lang='lat' dir='ltr'><strong>epistola:</strong></span> 
     </span>
    </p>
   </div>
   <div class='ocr_carea' id='block_1_26' title="bbox 100 2010 1661 2082">
    <p class='ocr_par' dir='ltr' id='par_1_26' title="bbox 100 2010 1661 2082">
     <span class='ocr_line' id='line_1_26' title="bbox 100 2010 1661 2082; baseline 0.002 -19"><span class='ocrx_word' id='word_1_289' title='bbox 100 2010 371 2076; x_wconf 77' lang='lat' dir='ltr'><strong>Petiliani;</strong></span> <span class='ocrx_word' id='word_1_290' title='bbox 406 2011 459 2066; x_wconf 91' lang='lat' dir='ltr'><strong>in</strong></span> <span class='ocrx_word' id='word_1_291' title='bbox 489 2012 650 2067; x_wconf 86' lang='lat' dir='ltr'><strong>tertio</strong></span> <span class='ocrx_word' id='word_1_292' title='bbox 672 2020 857 2067; x_wconf 84' lang='lat' dir='ltr'><strong>autem</strong></span> <span class='ocrx_word' id='word_1_293' title='bbox 887 2012 965 2067; x_wconf 88' lang='lat' dir='ltr'><strong>sic</strong></span> <span class='ocrx_word' id='word_1_294' title='bbox 996 2029 1010 2065; x_wconf 89' lang='lat'><strong>:</strong></span> <span class='ocrx_word' id='word_1_295' title='bbox 1038 2010 1188 2082; x_wconf 88' lang='lat' dir='ltr'><strong>Lege,</strong></span> <span class='ocrx_word' id='word_1_296' title='bbox 1224 2011 1498 2077; x_wconf 82' lang='lat' dir='ltr'><strong>Petiliane,</strong></span> <span class='ocrx_word' id='word_1_297' title='bbox 1519 2012 1661 2067; x_wconf 74' lang='lat' dir='ltr'><strong>litte-</strong></span> 
     </span>
    </p>
   </div>
   <div class='ocr_carea' id='block_1_27' title="bbox 97 2100 1665 2175">
    <p class='ocr_par' dir='ltr' id='par_1_27' title="bbox 97 2100 1665 2175">
     <span class='ocr_line' id='line_1_27' title="bbox 97 2100 1665 2175; baseline 0.004 -21"><span class='ocrx_word' id='word_1_298' title='bbox 97 2117 175 2156; x_wconf 88' lang='lat' dir='ltr'><strong>ras</strong></span> <span class='ocrx_word' id='word_1_299' title='bbox 209 2111 348 2156; x_wconf 84' lang='lat' dir='ltr'><strong>tuas.</strong></span> <span class='ocrx_word' id='word_1_300' title='bbox 401 2103 482 2158; x_wconf 74' lang='lat' dir='ltr'><strong>Ad</strong></span> <span class='ocrx_word' id='word_1_301' title='bbox 519 2100 869 2158; x_wconf 82' lang='lat' dir='ltr'><strong>Cresconium</strong></span> <span class='ocrx_word' id='word_1_302' title='bbox 894 2104 1308 2175; x_wconf 65' lang='lat' dir='ltr'><strong>grammaticum</strong></span> <span class='ocrx_word' id='word_1_303' title='bbox 1350 2104 1522 2174; x_wconf 86' lang='lat' dir='ltr'><strong>partis</strong></span> <span class='ocrx_word' id='word_1_304' title='bbox 1561 2106 1665 2160; x_wconf 74' lang='lat' dir='ltr'><strong>Do—</strong></span> 
     </span>
    </p>
   </div>
   <div class='ocr_carea' id='block_1_28' title="bbox 95 2197 1661 2270">
    <p class='ocr_par' dir='ltr' id='par_1_28' title="bbox 95 2197 1661 2270">
     <span class='ocr_line' id='line_1_28' title="bbox 95 2197 1661 2270; baseline 0.001 -18"><span class='ocrx_word' id='word_1_305' title='bbox 95 2199 190 2252; x_wconf 83' lang='lat' dir='ltr'><strong>nati</strong></span> <span class='ocrx_word' id='word_1_306' title='bbox 230 2197 357 2253; x_wconf 86' lang='lat' dir='ltr'><strong>libri</strong></span> <span class='ocrx_word' id='word_1_307' title='bbox 390 2213 478 2253; x_wconf 56' lang='lat' dir='ltr'><strong>IV.‘</strong></span> <span class='ocrx_word' id='word_1_308' title='bbox 502 2198 615 2254; x_wconf 85' lang='lat' dir='ltr'><strong>lloc</strong></span> <span class='ocrx_word' id='word_1_309' title='bbox 639 2213 774 2270; x_wconf 89' lang='lat' dir='ltr'><strong>opus</strong></span> <span class='ocrx_word' id='word_1_310' title='bbox 807 2200 885 2253; x_wconf 93' lang='lat' dir='ltr'><strong>sic</strong></span> <span class='ocrx_word' id='word_1_311' title='bbox 921 2199 1108 2269; x_wconf 91' lang='lat' dir='ltr'><strong>incipit</strong></span> <span class='ocrx_word' id='word_1_312' title='bbox 1147 2215 1161 2253; x_wconf 90' lang='lat'><strong>:</strong></span> <span class='ocrx_word' id='word_1_313' title='bbox 1193 2199 1454 2265; x_wconf 78' lang='lat' dir='ltr'><strong>Quoniam</strong></span> <span class='ocrx_word' id='word_1_314' title='bbox 1494 2200 1563 2253; x_wconf 88' lang='lat' dir='ltr'><strong>ad</strong></span> <span class='ocrx_word' id='word_1_315' title='bbox 1590 2209 1661 2267; x_wconf 89' lang='lat' dir='ltr'><strong>te,</strong></span> 
     </span>
    </p>
   </div>
   <div class='ocr_carea' id='block_1_29' title="bbox 94 2287 1665 2360">
    <p class='ocr_par' dir='ltr' id='par_1_29' title="bbox 94 2287 1665 2360">
     <span class='ocr_line' id='line_1_29' title="bbox 94 2287 1665 2360; baseline 0.002 -18"><span class='ocrx_word' id='word_1_316' title='bbox 94 2287 343 2354; x_wconf 70' lang='lat' dir='ltr'><strong>Cresconi,</strong></span> <span class='ocrx_word' id='word_1_317' title='bbox 392 2305 508 2343; x_wconf 87' lang='lat' dir='ltr'><strong>mea</strong></span> <span class='ocrx_word' id='word_1_318' title='bbox 555 2291 748 2357; x_wconf 85' lang='lat' dir='ltr'><strong>scripta</strong></span> <span class='ocrx_word' id='word_1_319' title='bbox 797 2292 1061 2357; x_wconf 81' lang='lat' dir='ltr'><strong>pervenire</strong></span> <span class='ocrx_word' id='word_1_320' title='bbox 1103 2300 1331 2360; x_wconf 78' lang='lat' dir='ltr'><strong>possent.</strong></span> <span class='ocrx_word' id='word_1_321' title='bbox 1382 2290 1665 2345; x_wconf 82' lang='lat' dir='ltr'><strong>Probalio-</strong></span> 
     </span>
    </p>
   </div>
   <div class='ocr_carea' id='block_1_30' title="bbox 92 2382 1660 2438">
    <p class='ocr_par' dir='ltr' id='par_1_30' title="bbox 92 2382 1660 2438">
     <span class='ocr_line' id='line_1_30' title="bbox 92 2382 1660 2438; baseline 0.001 -4"><span class='ocrx_word' id='word_1_322' title='bbox 92 2396 205 2434; x_wconf 85' lang='lat' dir='ltr'><strong>num</strong></span> <span class='ocrx_word' id='word_1_323' title='bbox 249 2392 304 2436; x_wconf 90' lang='lat' dir='ltr'><strong>ct</strong></span> <span class='ocrx_word' id='word_1_324' title='bbox 357 2382 794 2437; x_wconf 89' lang='lat' dir='ltr'><strong>testimoniorum</strong></span> <span class='ocrx_word' id='word_1_325' title='bbox 836 2392 1025 2436; x_wconf 88' lang='lat' dir='ltr'><strong>contra</strong></span> <span class='ocrx_word' id='word_1_326' title='bbox 1082 2382 1393 2437; x_wconf 90' lang='lat' dir='ltr'><strong>Donatistas</strong></span> <span class='ocrx_word' id='word_1_327' title='bbox 1439 2382 1576 2438; x_wconf 85' lang='lat' dir='ltr'><strong>liber</strong></span> <span class='ocrx_word' id='word_1_328' title='bbox 1619 2398 1660 2438; x_wconf 94' lang='grc' dir='ltr'><strong>ι.</strong></span> 
     </span>
    </p>
   </div>
   <div class='ocr_carea' id='block_1_31' title="bbox 92 2472 1661 2545">
    <p class='ocr_par' dir='ltr' id='par_1_31' title="bbox 92 2472 1661 2545">
     <span class='ocr_line' id='line_1_31' title="bbox 92 2472 1661 2545; baseline 0.002 -19"><span class='ocrx_word' id='word_1_329' title='bbox 92 2472 338 2530; x_wconf 70' lang='grc' dir='ltr'><strong>111ο11ὺθι·</strong></span> <span class='ocrx_word' id='word_1_330' title='bbox 358 2476 443 2529; x_wconf 84' lang='lat' dir='ltr'><strong>sic</strong></span> <span class='ocrx_word' id='word_1_331' title='bbox 467 2473 655 2545; x_wconf 87' lang='lat' dir='ltr'><strong>incipit</strong></span> <span class='ocrx_word' id='word_1_332' title='bbox 679 2491 694 2527; x_wconf 91' lang='lat'><strong>:</strong></span> <span class='ocrx_word' id='word_1_333' title='bbox 729 2473 992 2539; x_wconf 83' lang='lat' dir='ltr'><strong>Quoniam</strong></span> <span class='ocrx_word' id='word_1_334' title='bbox 1022 2476 1212 2529; x_wconf 88' lang='lat' dir='ltr'><strong>timetis</strong></span> <span class='ocrx_word' id='word_1_335' title='bbox 1234 2475 1524 2530; x_wconf 82' lang='lat' dir='ltr'><strong>consentire</strong></span> <span class='ocrx_word' id='word_1_336' title='bbox 1552 2472 1661 2529; x_wconf 82' lang='lat' dir='ltr'><strong>Ec-</strong></span> 
     </span>
    </p>
   </div>
   <div class='ocr_carea' id='block_1_32' title="bbox 88 2566 1660 2637">
    <p class='ocr_par' dir='ltr' id='par_1_32' title="bbox 88 2566 1660 2637">
     <span class='ocr_line' id='line_1_32' title="bbox 88 2566 1660 2637; baseline 0.002 -18"><span class='ocrx_word' id='word_1_337' title='bbox 88 2566 248 2622; x_wconf 75' lang='lat' dir='ltr'><strong>clesia:</strong></span> <span class='ocrx_word' id='word_1_338' title='bbox 268 2567 565 2622; x_wconf 69' lang='lat' dir='ltr'><strong>catholicae.</strong></span> <span class='ocrx_word' id='word_1_339' title='bbox 598 2568 800 2622; x_wconf 81' lang='lat' dir='ltr'><strong>Contra</strong></span> <span class='ocrx_word' id='word_1_340' title='bbox 832 2568 1013 2622; x_wconf 85' lang='lat' dir='ltr'><strong>nescio</strong></span> <span class='ocrx_word' id='word_1_341' title='bbox 1052 2583 1212 2637; x_wconf 83' lang='lat' dir='ltr'><strong>quem</strong></span> <span class='ocrx_word' id='word_1_342' title='bbox 1256 2567 1660 2623; x_wconf 86' lang='lat' dir='ltr'><strong>Donatistarum</strong></span> 
     </span>
    </p>
   </div>
   <div class='ocr_carea' id='block_1_33' title="bbox 88 2653 1661 2726">
    <p class='ocr_par' dir='ltr' id='par_1_33' title="bbox 88 2653 1661 2726">
     <span class='ocr_line' id='line_1_33' title="bbox 88 2653 1661 2726; baseline 0.001 -18"><span class='ocrx_word' id='word_1_343' title='bbox 88 2654 217 2710; x_wconf 81' lang='lat' dir='ltr'><strong>liber</strong></span> <span class='ocrx_word' id='word_1_344' title='bbox 244 2673 285 2711; x_wconf 91' lang='grc' dir='ltr'><strong>ι.</strong></span> <span class='ocrx_word' id='word_1_345' title='bbox 315 2655 418 2711; x_wconf 85' lang='lat' dir='ltr'><strong>Hic</strong></span> <span class='ocrx_word' id='word_1_346' title='bbox 444 2655 584 2710; x_wconf 86' lang='lat' dir='ltr'><strong>liber</strong></span> <span class='ocrx_word' id='word_1_347' title='bbox 611 2657 690 2711; x_wconf 90' lang='lat' dir='ltr'><strong>sic</strong></span> <span class='ocrx_word' id='word_1_348' title='bbox 720 2656 907 2726; x_wconf 85' lang='lat' dir='ltr'><strong>incipit</strong></span> <span class='ocrx_word' id='word_1_349' title='bbox 936 2668 955 2710; x_wconf 88' lang='lat'><strong>:</strong></span> <span class='ocrx_word' id='word_1_350' title='bbox 984 2653 1325 2710; x_wconf 83' lang='lat' dir='ltr'><strong>Probationes</strong></span> <span class='ocrx_word' id='word_1_351' title='bbox 1361 2672 1533 2710; x_wconf 87' lang='lat' dir='ltr'><strong>rerum</strong></span> <span class='ocrx_word' id='word_1_352' title='bbox 1570 2673 1661 2711; x_wconf 86' lang='lat' dir='ltr'><strong>ne—</strong></span> 
     </span>
    </p>
   </div>
   <div class='ocr_carea' id='block_1_34' title="bbox 84 2748 1635 2820">
    <p class='ocr_par' dir='ltr' id='par_1_34' title="bbox 84 2748 1635 2820">
     <span class='ocr_line' id='line_1_34' title="bbox 84 2748 1635 2820; baseline 0.001 -19"><span class='ocrx_word' id='word_1_353' title='bbox 84 2750 426 2803; x_wconf 73' lang='lat' dir='ltr'><strong>cessariarum</strong></span> <span class='ocrx_word' id='word_1_354' title='bbox 450 2748 677 2820; x_wconf 81' lang='lat' dir='ltr'><strong>quodam</strong></span> <span class='ocrx_word' id='word_1_355' title='bbox 700 2749 954 2803; x_wconf 80' lang='lat' dir='ltr'><strong>breviario</strong></span> <span class='ocrx_word' id='word_1_356' title='bbox 975 2748 1217 2802; x_wconf 80' lang='lat' dir='ltr'><strong>collectas</strong></span> <span class='ocrx_word' id='word_1_357' title='bbox 1239 2749 1589 2817; x_wconf 80' lang='lat' dir='ltr'><strong>permisimus.</strong></span> <span class='ocrx_word' id='word_1_358' title='bbox 1632 2760 1635 2763; x_wconf 75' lang='lat'><strong><em>&#39;</em></strong></span> 
     </span>
    </p>
   </div>
   <div class='ocr_carea' id='block_1_35' title="bbox 152 2837 1660 2897">
    <p class='ocr_par' dir='ltr' id='par_1_35' title="bbox 152 2837 1660 2897">
     <span class='ocr_line' id='line_1_35' title="bbox 152 2837 1660 2897; baseline 0.001 -5"><span class='ocrx_word' id='word_1_359' title='bbox 152 2838 468 2895; x_wconf 79' lang='lat' dir='ltr'><strong>Admonitio</strong></span> <span class='ocrx_word' id='word_1_360' title='bbox 496 2839 896 2897; x_wconf 85' lang='lat' dir='ltr'><strong>Donatistarum</strong></span> <span class='ocrx_word' id='word_1_361' title='bbox 925 2839 990 2895; x_wconf 86' lang='lat' dir='ltr'><strong>de</strong></span> <span class='ocrx_word' id='word_1_362' title='bbox 1022 2837 1438 2895; x_wconf 74' lang='lat' dir='ltr'><strong>Maximiauistis</strong></span> <span class='ocrx_word' id='word_1_363' title='bbox 1464 2839 1557 2894; x_wconf 91' lang='lat' dir='ltr'><strong>lib.</strong></span> <span class='ocrx_word' id='word_1_364' title='bbox 1597 2855 1660 2896; x_wconf 89' lang='grc' dir='ltr'><strong>ιι.</strong></span> 
     </span>
    </p>
   </div>
   <div class='ocr_carea' id='block_1_36' title="bbox 82 2933 1662 3007">
    <p class='ocr_par' dir='ltr' id='par_1_36' title="bbox 82 2933 1662 3007">
     <span class='ocr_line' id='line_1_36' title="bbox 82 2933 1662 3007; baseline -0.001 -18"><span class='ocrx_word' id='word_1_365' title='bbox 82 2934 173 2991; x_wconf 80' lang='lat' dir='ltr'><strong>llic</strong></span> <span class='ocrx_word' id='word_1_366' title='bbox 193 2936 332 2992; x_wconf 87' lang='lat' dir='ltr'><strong>liber</strong></span> <span class='ocrx_word' id='word_1_367' title='bbox 374 2935 459 2992; x_wconf 80' lang='lat' dir='ltr'><strong>sic</strong></span> <span class='ocrx_word' id='word_1_368' title='bbox 489 2936 682 3007; x_wconf 85' lang='lat' dir='ltr'><strong>incipit</strong></span> <span class='ocrx_word' id='word_1_369' title='bbox 707 2954 720 2990; x_wconf 91' lang='lat'><strong>:</strong></span> <span class='ocrx_word' id='word_1_370' title='bbox 755 2935 1065 3006; x_wconf 78' lang='lat' dir='ltr'><strong>Quicunque</strong></span> <span class='ocrx_word' id='word_1_371' title='bbox 1092 2933 1371 2988; x_wconf 84' lang='lat' dir='ltr'><strong>calumniis</strong></span> <span class='ocrx_word' id='word_1_372' title='bbox 1395 2934 1662 2988; x_wconf 79' lang='lat' dir='ltr'><strong>hominum</strong></span> 
     </span>
    </p>
   </div>
   <div class='ocr_carea' id='block_1_37' title="bbox 79 3026 1662 3084">
    <p class='ocr_par' dir='ltr' id='par_1_37' title="bbox 79 3026 1662 3084">
     <span class='ocr_line' id='line_1_37' title="bbox 79 3026 1662 3084; baseline -0.002 -2"><span class='ocrx_word' id='word_1_373' title='bbox 79 3039 122 3082; x_wconf 92' lang='lat' dir='ltr'><strong>et</strong></span> <span class='ocrx_word' id='word_1_374' title='bbox 145 3029 605 3084; x_wconf 73' lang='lat' dir='ltr'><strong>criminationibus</strong></span> <span class='ocrx_word' id='word_1_375' title='bbox 646 3027 943 3083; x_wconf 69' lang='lat' dir='ltr'><strong>moremini.</strong></span> <span class='ocrx_word' id='word_1_376' title='bbox 981 3026 1059 3082; x_wconf 77' lang='lat' dir='ltr'><strong>De</strong></span> <span class='ocrx_word' id='word_1_377' title='bbox 1103 3026 1433 3081; x_wconf 74' lang='lat' dir='ltr'><strong>divinatione</strong></span> <span class='ocrx_word' id='word_1_378' title='bbox 1459 3026 1662 3080; x_wconf 71' lang='lat' dir='ltr'><strong>daamo-</strong></span> 
     </span>
    </p>
   </div>
   <div class='ocr_carea' id='block_1_38' title="bbox 78 3117 1662 3189">
    <p class='ocr_par' dir='ltr' id='par_1_38' title="bbox 78 3117 1662 3189">
     <span class='ocr_line' id='line_1_38' title="bbox 78 3117 1662 3189; baseline -0.003 -15"><span class='ocrx_word' id='word_1_379' title='bbox 78 3134 197 3174; x_wconf 88' lang='lat' dir='ltr'><strong>num</strong></span> <span class='ocrx_word' id='word_1_380' title='bbox 231 3119 331 3177; x_wconf 92' lang='lat' dir='ltr'><strong>lib.</strong></span> <span class='ocrx_word' id='word_1_381' title='bbox 361 3137 406 3176; x_wconf 93' lang='grc' dir='ltr'><strong>ι.</strong></span> <span class='ocrx_word' id='word_1_382' title='bbox 454 3119 554 3176; x_wconf 86' lang='lat' dir='ltr'><strong>llic</strong></span> <span class='ocrx_word' id='word_1_383' title='bbox 600 3119 740 3176; x_wconf 83' lang='lat' dir='ltr'><strong>liber</strong></span> <span class='ocrx_word' id='word_1_384' title='bbox 764 3119 845 3175; x_wconf 89' lang='lat' dir='ltr'><strong>sic</strong></span> <span class='ocrx_word' id='word_1_385' title='bbox 872 3118 1078 3189; x_wconf 64' lang='lat' dir='ltr'><strong>incipit</strong></span> <span class='ocrx_word' id='word_1_386' title='bbox 1115 3134 1130 3173; x_wconf 95' lang='lat'><strong>:</strong></span> <span class='ocrx_word' id='word_1_387' title='bbox 1182 3117 1435 3183; x_wconf 85' lang='lat' dir='ltr'><strong>Quodam</strong></span> <span class='ocrx_word' id='word_1_388' title='bbox 1475 3117 1561 3171; x_wconf 90' lang='lat' dir='ltr'><strong>die</strong></span> <span class='ocrx_word' id='word_1_389' title='bbox 1609 3117 1662 3170; x_wconf 88' lang='lat' dir='ltr'><strong>in</strong></span> 
     </span>
    </p>
   </div>
   <div class='ocr_carea' id='block_1_39' title="bbox 76 3198 1661 3282">
    <p class='ocr_par' dir='ltr' id='par_1_39' title="bbox 76 3198 1661 3282">
     <span class='ocr_line' id='line_1_39' title="bbox 76 3198 1661 3282; baseline -0.006 -9"><span class='ocrx_word' id='word_1_390' title='bbox 76 3216 249 3273; x_wconf 72' lang='lat' dir='ltr'><strong>diebus</strong></span> <span class='ocrx_word' id='word_1_391' title='bbox 278 3217 486 3272; x_wconf 83' lang='lat' dir='ltr'><strong>sanctis</strong></span> <span class='ocrx_word' id='word_1_392' title='bbox 516 3225 843 3271; x_wconf 85' lang='lat' dir='ltr'><strong>octavarum.</strong></span> <span class='ocrx_word' id='word_1_393' title='bbox 881 3213 1217 3281; x_wconf 67' lang='lat' dir='ltr'><strong>Qumstioues</strong></span> <span class='ocrx_word' id='word_1_394' title='bbox 1248 3198 1507 3282; x_wconf 54' lang='lat' dir='ltr'><strong>exposite</strong></span> <span class='ocrx_word' id='word_1_395' title='bbox 1532 3225 1661 3267; x_wconf 90' lang='lat' dir='ltr'><strong>con-</strong></span> 
     </span>
    </p>
   </div>
   <div class='ocr_carea' id='block_1_40' title="bbox 75 3299 1660 3379">
    <p class='ocr_par' dir='ltr' id='par_1_40' title="bbox 75 3299 1660 3379">
     <span class='ocr_line' id='line_1_40' title="bbox 75 3299 1660 3379; baseline -0.004 -19"><span class='ocrx_word' id='word_1_396' title='bbox 75 3306 150 3361; x_wconf 81' lang='lat' dir='ltr'><strong>tra</strong></span> <span class='ocrx_word' id='word_1_397' title='bbox 178 3320 452 3378; x_wconf 78' lang='lat' dir='ltr'><strong>paganos,</strong></span> <span class='ocrx_word' id='word_1_398' title='bbox 489 3320 717 3361; x_wconf 89' lang='lat' dir='ltr'><strong>numero</strong></span> <span class='ocrx_word' id='word_1_399' title='bbox 746 3319 865 3360; x_wconf 81' lang='lat' dir='ltr'><strong>sex.</strong></span> <span class='ocrx_word' id='word_1_400' title='bbox 899 3302 997 3359; x_wconf 82' lang='lat' dir='ltr'><strong>Hic</strong></span> <span class='ocrx_word' id='word_1_401' title='bbox 1039 3303 1177 3379; x_wconf 85' lang='lat' dir='ltr'><strong>liber</strong></span> <span class='ocrx_word' id='word_1_402' title='bbox 1204 3310 1327 3373; x_wconf 92' lang='lat' dir='ltr'><strong>post</strong></span> <span class='ocrx_word' id='word_1_403' title='bbox 1355 3299 1660 3372; x_wconf 87' lang='lat' dir='ltr'><strong>epistolam,</strong></span> 
     </span>
    </p>
   </div>
   <div class='ocr_carea' id='block_1_41' title="bbox 74 3392 1661 3469">
    <p class='ocr_par' dir='ltr' id='par_1_41' title="bbox 74 3392 1661 3469">
     <span class='ocr_line' id='line_1_41' title="bbox 74 3392 1661 3469; baseline -0.004 -17"><span class='ocrx_word' id='word_1_404' title='bbox 74 3411 190 3468; x_wconf 65' lang='lat' dir='ltr'><strong>qua</strong></span> <span class='ocrx_word' id='word_1_405' title='bbox 213 3397 571 3469; x_wconf 86' lang='lat' dir='ltr'><strong>postmodum</strong></span> <span class='ocrx_word' id='word_1_406' title='bbox 605 3411 635 3451; x_wconf 83' lang='lat' dir='ltr'><strong>a</strong></span> <span class='ocrx_word' id='word_1_407' title='bbox 666 3396 844 3467; x_wconf 87' lang='lat' dir='ltr'><strong>capite</strong></span> <span class='ocrx_word' id='word_1_408' title='bbox 887 3395 1065 3450; x_wconf 83' lang='lat' dir='ltr'><strong>addita</strong></span> <span class='ocrx_word' id='word_1_409' title='bbox 1118 3402 1221 3456; x_wconf 84' lang='lat' dir='ltr'><strong>est,</strong></span> <span class='ocrx_word' id='word_1_410' title='bbox 1264 3393 1361 3449; x_wconf 79' lang='lat' dir='ltr'><strong>sic</strong></span> <span class='ocrx_word' id='word_1_411' title='bbox 1418 3392 1604 3463; x_wconf 83' lang='lat' dir='ltr'><strong>incipit</strong></span> <span class='ocrx_word' id='word_1_412' title='bbox 1648 3410 1661 3444; x_wconf 91' lang='lat'><strong>:</strong></span> 
     </span>
    </p>
   </div>
   <div class='ocr_carea' id='block_1_42' title="bbox 73 3484 1668 3561">
    <p class='ocr_par' dir='ltr' id='par_1_42' title="bbox 73 3484 1668 3561">
     <span class='ocr_line' id='line_1_42' title="bbox 73 3484 1668 3561; baseline -0.003 -16"><span class='ocrx_word' id='word_1_413' title='bbox 73 3487 240 3545; x_wconf 69' lang='lat' dir='ltr'><strong>Movit</strong></span> <span class='ocrx_word' id='word_1_414' title='bbox 288 3489 556 3561; x_wconf 78' lang='lat' dir='ltr'><strong>quosdam</strong></span> <span class='ocrx_word' id='word_1_415' title='bbox 601 3498 649 3544; x_wconf 82' lang='lat' dir='ltr'><strong>et</strong></span> <span class='ocrx_word' id='word_1_416' title='bbox 715 3488 1016 3560; x_wconf 69' lang='lat' dir='ltr'><strong>requiritur.</strong></span> <span class='ocrx_word' id='word_1_417' title='bbox 1081 3486 1360 3556; x_wconf 81' lang='lat' dir='ltr'><strong>Expositio</strong></span> <span class='ocrx_word' id='word_1_418' title='bbox 1411 3484 1668 3555; x_wconf 70' lang='lat' dir='ltr'><strong>Epistula:</strong></span> 
     </span>
    </p>
   </div>
   <div class='ocr_carea' id='block_1_43' title="bbox 67 3574 1666 3647">
    <p class='ocr_par' dir='ltr' id='par_1_43' title="bbox 67 3574 1666 3647">
     <span class='ocr_line' id='line_1_43' title="bbox 67 3574 1666 3647; baseline -0.004 -10"><span class='ocrx_word' id='word_1_419' title='bbox 67 3576 247 3637; x_wconf 78' lang='lat' dir='ltr'><strong>Jacobi</strong></span> <span class='ocrx_word' id='word_1_420' title='bbox 272 3582 346 3637; x_wconf 79' lang='lat' dir='ltr'><strong>ad</strong></span> <span class='ocrx_word' id='word_1_421' title='bbox 377 3596 461 3636; x_wconf 78' lang='lat' dir='ltr'><strong>xit</strong></span> <span class='ocrx_word' id='word_1_422' title='bbox 490 3580 680 3635; x_wconf 88' lang='lat' dir='ltr'><strong>tribus.</strong></span> <span class='ocrx_word' id='word_1_423' title='bbox 723 3579 819 3635; x_wconf 89' lang='lat' dir='ltr'><strong>Hic</strong></span> <span class='ocrx_word' id='word_1_424' title='bbox 851 3578 988 3633; x_wconf 80' lang='lat' dir='ltr'><strong>liber</strong></span> <span class='ocrx_word' id='word_1_425' title='bbox 1016 3579 1093 3633; x_wconf 90' lang='lat' dir='ltr'><strong>sic</strong></span> <span class='ocrx_word' id='word_1_426' title='bbox 1120 3576 1305 3647; x_wconf 81' lang='lat' dir='ltr'><strong>incipit</strong></span> <span class='ocrx_word' id='word_1_427' title='bbox 1337 3593 1350 3629; x_wconf 89' lang='lat'><strong>:</strong></span> <span class='ocrx_word' id='word_1_428' title='bbox 1387 3574 1519 3641; x_wconf 72' lang='lat' dir='ltr'><strong>Qum</strong></span> <span class='ocrx_word' id='word_1_429' title='bbox 1546 3584 1666 3630; x_wconf 85' lang='lat' dir='ltr'><strong>sunt</strong></span> 
     </span>
    </p>
   </div>
   <div class='ocr_carea' id='block_1_44' title="bbox 67 3669 1668 3745">
    <p class='ocr_par' dir='ltr' id='par_1_44' title="bbox 67 3669 1668 3745">
     <span class='ocr_line' id='line_1_44' title="bbox 67 3669 1668 3745; baseline -0.003 -16"><span class='ocrx_word' id='word_1_430' title='bbox 67 3672 121 3729; x_wconf 77' lang='lat' dir='ltr'><strong>in</strong></span> <span class='ocrx_word' id='word_1_431' title='bbox 156 3674 496 3745; x_wconf 83' lang='lat' dir='ltr'><strong>dispersione</strong></span> <span class='ocrx_word' id='word_1_432' title='bbox 544 3673 785 3727; x_wconf 83' lang='lat' dir='ltr'><strong>salutem.</strong></span> <span class='ocrx_word' id='word_1_433' title='bbox 838 3672 913 3726; x_wconf 87' lang='lat' dir='ltr'><strong>De</strong></span> <span class='ocrx_word' id='word_1_434' title='bbox 968 3681 1312 3741; x_wconf 83' lang='lat' dir='ltr'><strong>peccatorum</strong></span> <span class='ocrx_word' id='word_1_435' title='bbox 1358 3669 1566 3724; x_wconf 80' lang='lat' dir='ltr'><strong>meritis</strong></span> <span class='ocrx_word' id='word_1_436' title='bbox 1613 3677 1668 3724; x_wconf 86' lang='lat' dir='ltr'><strong>et</strong></span> 
     </span>
    </p>
   </div>
   <div class='ocr_carea' id='block_1_45' title="bbox 68 3760 1669 3834">
    <p class='ocr_par' dir='ltr' id='par_1_45' title="bbox 68 3760 1669 3834">
     <span class='ocr_line' id='line_1_45' title="bbox 68 3760 1669 3834; baseline -0.002 -15"><span class='ocrx_word' id='word_1_437' title='bbox 68 3766 428 3831; x_wconf 80' lang='lat' dir='ltr'><strong>remissione,</strong></span> <span class='ocrx_word' id='word_1_438' title='bbox 456 3766 603 3819; x_wconf 84' lang='lat' dir='ltr'><strong>etde</strong></span> <span class='ocrx_word' id='word_1_439' title='bbox 635 3763 900 3834; x_wconf 85' lang='lat' dir='ltr'><strong>baptismo</strong></span> <span class='ocrx_word' id='word_1_440' title='bbox 928 3762 1275 3832; x_wconf 81' lang='lat' dir='ltr'><strong>parvulorum</strong></span> <span class='ocrx_word' id='word_1_441' title='bbox 1305 3763 1370 3817; x_wconf 82' lang='lat' dir='ltr'><strong>ad</strong></span> <span class='ocrx_word' id='word_1_442' title='bbox 1404 3760 1669 3817; x_wconf 82' lang='lat' dir='ltr'><strong>Marcelli—</strong></span> 
     </span>
    </p>
   </div>
   <div class='ocr_carea' id='block_1_46' title="bbox 67 3852 1668 3925">
    <p class='ocr_par' dir='ltr' id='par_1_46' title="bbox 67 3852 1668 3925">
     <span class='ocr_line' id='line_1_46' title="bbox 67 3852 1668 3925; baseline -0.001 -16"><span class='ocrx_word' id='word_1_443' title='bbox 67 3871 194 3910; x_wconf 87' lang='lat' dir='ltr'><strong>num</strong></span> <span class='ocrx_word' id='word_1_444' title='bbox 224 3856 359 3911; x_wconf 85' lang='lat' dir='ltr'><strong>libri</strong></span> <span class='ocrx_word' id='word_1_445' title='bbox 392 3872 459 3911; x_wconf 90' lang='lat' dir='ltr'><strong>II.</strong></span> <span class='ocrx_word' id='word_1_446' title='bbox 493 3855 604 3910; x_wconf 83' lang='lat' dir='ltr'><strong>Hoc</strong></span> <span class='ocrx_word' id='word_1_447' title='bbox 644 3870 781 3925; x_wconf 88' lang='lat' dir='ltr'><strong>opus</strong></span> <span class='ocrx_word' id='word_1_448' title='bbox 818 3854 897 3909; x_wconf 89' lang='lat' dir='ltr'><strong>sic</strong></span> <span class='ocrx_word' id='word_1_449' title='bbox 930 3854 1117 3924; x_wconf 90' lang='lat' dir='ltr'><strong>incipit</strong></span> <span class='ocrx_word' id='word_1_450' title='bbox 1151 3871 1163 3906; x_wconf 88' lang='lat'><strong>:</strong></span> <span class='ocrx_word' id='word_1_451' title='bbox 1200 3852 1448 3919; x_wconf 74' lang='lat' dir='ltr'><strong>Quamvis</strong></span> <span class='ocrx_word' id='word_1_452' title='bbox 1475 3853 1528 3906; x_wconf 88' lang='lat' dir='ltr'><strong>in</strong></span> <span class='ocrx_word' id='word_1_453' title='bbox 1565 3868 1668 3907; x_wconf 81' lang='lat' dir='ltr'><strong>me-</strong></span> 
     </span>
    </p>
   </div>
   <div class='ocr_carea' id='block_1_47' title="bbox 62 3942 1669 4019">
    <p class='ocr_par' dir='ltr' id='par_1_47' title="bbox 62 3942 1669 4019">
     <span class='ocr_line' id='line_1_47' title="bbox 62 3942 1669 4019; baseline 0 -20"><span class='ocrx_word' id='word_1_454' title='bbox 62 3944 162 4001; x_wconf 84' lang='lat' dir='ltr'><strong>diis</strong></span> <span class='ocrx_word' id='word_1_455' title='bbox 183 3959 236 4003; x_wconf 87' lang='lat' dir='ltr'><strong>et</strong></span> <span class='ocrx_word' id='word_1_456' title='bbox 271 3942 780 4019; x_wconf 74' lang='lat' dir='ltr'><strong>magnis‘curarum</strong></span> <span class='ocrx_word' id='word_1_457' title='bbox 825 3944 1058 4001; x_wconf 73' lang='lat' dir='ltr'><strong>testibus.</strong></span> <span class='ocrx_word' id='word_1_458' title='bbox 1105 3946 1180 4000; x_wconf 91' lang='lat' dir='ltr'><strong>Dc</strong></span> <span class='ocrx_word' id='word_1_459' title='bbox 1212 3946 1369 4001; x_wconf 89' lang='lat' dir='ltr'><strong>unico</strong></span> <span class='ocrx_word' id='word_1_460' title='bbox 1401 3945 1669 4014; x_wconf 86' lang='lat' dir='ltr'><strong>baptismo</strong></span> 
     </span>
    </p>
   </div>
   <div class='ocr_carea' id='block_1_48' title="bbox 60 4035 1669 4100">
    <p class='ocr_par' dir='ltr' id='par_1_48' title="bbox 60 4035 1669 4100">
     <span class='ocr_line' id='line_1_48' title="bbox 60 4035 1669 4100; baseline -0.001 -7"><span class='ocrx_word' id='word_1_461' title='bbox 60 4047 255 4094; x_wconf 87' lang='lat' dir='ltr'><strong>contra</strong></span> <span class='ocrx_word' id='word_1_462' title='bbox 292 4037 631 4094; x_wconf 79' lang='lat' dir='ltr'><strong>Petilianum</strong></span> <span class='ocrx_word' id='word_1_463' title='bbox 665 4036 732 4092; x_wconf 88' lang='lat' dir='ltr'><strong>ad</strong></span> <span class='ocrx_word' id='word_1_464' title='bbox 761 4035 1194 4100; x_wconf 85' lang='lat' dir='ltr'><strong>Constantinum,</strong></span> <span class='ocrx_word' id='word_1_465' title='bbox 1221 4036 1359 4092; x_wconf 83' lang='lat' dir='ltr'><strong>liber</strong></span> <span class='ocrx_word' id='word_1_466' title='bbox 1381 4051 1538 4091; x_wconf 83' lang='lat' dir='ltr'><strong>unus.</strong></span> <span class='ocrx_word' id='word_1_467' title='bbox 1570 4035 1669 4091; x_wconf 84' lang='lat' dir='ltr'><strong>llic</strong></span> 
     </span>
    </p>
   </div>
   <div class='ocr_carea' id='block_1_49' title="bbox 61 4127 1667 4200">
    <p class='ocr_par' dir='ltr' id='par_1_49' title="bbox 61 4127 1667 4200">
     <span class='ocr_line' id='line_1_49' title="bbox 61 4127 1667 4200; baseline -0.001 -17"><span class='ocrx_word' id='word_1_468' title='bbox 61 4129 197 4186; x_wconf 87' lang='lat' dir='ltr'><strong>liber</strong></span> <span class='ocrx_word' id='word_1_469' title='bbox 232 4131 324 4185; x_wconf 85' lang='lat' dir='ltr'><strong>sic</strong></span> <span class='ocrx_word' id='word_1_470' title='bbox 388 4128 587 4200; x_wconf 83' lang='lat' dir='ltr'><strong>incipit</strong></span> <span class='ocrx_word' id='word_1_471' title='bbox 620 4143 636 4183; x_wconf 93' lang='lat'><strong>:</strong></span> <span class='ocrx_word' id='word_1_472' title='bbox 680 4127 1012 4198; x_wconf 82' lang='lat' dir='ltr'><strong>Respondere</strong></span> <span class='ocrx_word' id='word_1_473' title='bbox 1048 4128 1267 4182; x_wconf 78' lang='lat' dir='ltr'><strong>adversa</strong></span> <span class='ocrx_word' id='word_1_474' title='bbox 1308 4128 1667 4182; x_wconf 81' lang='lat' dir='ltr'><strong>sentientibus.</strong></span> 
     </span>
    </p>
   </div>
   <div class='ocr_carea' id='block_1_50' title="bbox 63 4216 1671 4283">
    <p class='ocr_par' dir='ltr' id='par_1_50' title="bbox 63 4216 1671 4283">
     <span class='ocr_line' id='line_1_50' title="bbox 63 4216 1671 4283; baseline -0.002 -8"><span class='ocrx_word' id='word_1_475' title='bbox 63 4220 136 4275; x_wconf 79' lang='lat' dir='ltr'><strong>De.</strong></span> <span class='ocrx_word' id='word_1_476' title='bbox 165 4219 615 4275; x_wconf 70' lang='lat' dir='ltr'><strong>Maximianistis</strong></span> <span class='ocrx_word' id='word_1_477' title='bbox 635 4228 691 4273; x_wconf 92' lang='lat' dir='ltr'><strong>et</strong></span> <span class='ocrx_word' id='word_1_478' title='bbox 718 4217 1032 4283; x_wconf 85' lang='lat' dir='ltr'><strong>Donatistis,</strong></span> <span class='ocrx_word' id='word_1_479' title='bbox 1059 4216 1198 4272; x_wconf 88' lang='lat' dir='ltr'><strong>liber</strong></span> <span class='ocrx_word' id='word_1_480' title='bbox 1219 4228 1375 4271; x_wconf 88' lang='lat' dir='ltr'><strong>unus.</strong></span> <span class='ocrx_word' id='word_1_481' title='bbox 1412 4216 1509 4271; x_wconf 84' lang='lat' dir='ltr'><strong>llic</strong></span> <span class='ocrx_word' id='word_1_482' title='bbox 1533 4216 1671 4271; x_wconf 82' lang='lat' dir='ltr'><strong>liber</strong></span> 
     </span>
    </p>
   </div>
   <div class='ocr_carea' id='block_1_51' title="bbox 54 4305 1669 4387">
    <p class='ocr_par' dir='ltr' id='par_1_51' title="bbox 54 4305 1669 4387">
     <span class='ocr_line' id='line_1_51' title="bbox 54 4305 1669 4387; baseline -0.003 -23"><span class='ocrx_word' id='word_1_483' title='bbox 54 4308 137 4364; x_wconf 86' lang='lat' dir='ltr'><strong>sic</strong></span> <span class='ocrx_word' id='word_1_484' title='bbox 172 4308 391 4380; x_wconf 66' lang='lat' dir='ltr'><strong>imipit</strong></span> <span class='ocrx_word' id='word_1_485' title='bbox 433 4323 447 4361; x_wconf 88' lang='lat'><strong>:</strong></span> <span class='ocrx_word' id='word_1_486' title='bbox 482 4305 657 4361; x_wconf 78' lang='lat' dir='ltr'><strong>llultn</strong></span> <span class='ocrx_word' id='word_1_487' title='bbox 680 4307 798 4387; x_wconf 70' lang='lat' dir='ltr'><strong>jam</strong></span> <span class='ocrx_word' id='word_1_488' title='bbox 838 4306 1090 4372; x_wconf 77' lang='lat' dir='ltr'><strong>diximus,</strong></span> <span class='ocrx_word' id='word_1_489' title='bbox 1116 4306 1282 4360; x_wconf 84' lang='lat' dir='ltr'><strong>multa</strong></span> <span class='ocrx_word' id='word_1_490' title='bbox 1302 4307 1420 4376; x_wconf 84' lang='lat' dir='ltr'><strong>jam</strong></span> <span class='ocrx_word' id='word_1_491' title='bbox 1456 4307 1669 4376; x_wconf 86' lang='lat' dir='ltr'><strong>scripsi-</strong></span> 
     </span>
    </p>
   </div>
   <div class='ocr_carea' id='block_1_52' title="bbox 56 4394 1670 4469">
    <p class='ocr_par' dir='ltr' id='par_1_52' title="bbox 56 4394 1670 4469">
     <span class='ocr_line' id='line_1_52' title="bbox 56 4394 1670 4469; baseline -0.001 -18"><span class='ocrx_word' id='word_1_492' title='bbox 56 4399 345 4455; x_wconf 52' lang='grc' dir='ltr'>ιιιιηπῡο</span> <span class='ocrx_word' id='word_1_493' title='bbox 391 4397 571 4469; x_wconf 73' lang='lat' dir='ltr'><strong>gratia</strong></span> <span class='ocrx_word' id='word_1_494' title='bbox 632 4395 766 4455; x_wconf 78' lang='lat' dir='ltr'><strong>Novi</strong></span> <span class='ocrx_word' id='word_1_495' title='bbox 812 4395 1163 4462; x_wconf 81' lang='lat' dir='ltr'><strong>Testamenti,</strong></span> <span class='ocrx_word' id='word_1_496' title='bbox 1193 4397 1260 4451; x_wconf 82' lang='lat' dir='ltr'><strong>ad</strong></span> <span class='ocrx_word' id='word_1_497' title='bbox 1304 4394 1670 4463; x_wconf 82' lang='lat' dir='ltr'><strong>Honoratum,</strong></span> 
     </span>
    </p>
   </div>
   <div class='ocr_carea' id='block_1_53' title="bbox 1762 1911 3342 1986">
    <p class='ocr_par' dir='ltr' id='par_1_53' title="bbox 1762 1911 3342 1986">
     <span class='ocr_line' id='line_1_53' title="bbox 1762 1911 3342 1986; baseline 0.004 -22"><span class='ocrx_word' id='word_1_498' title='bbox 1762 1920 1930 1966; x_wconf 74' lang='lat' dir='ltr'><strong>uestra</strong></span> <span class='ocrx_word' id='word_1_499' title='bbox 1954 1920 2003 1966; x_wconf 80' lang='lat' dir='ltr'><strong>et</strong></span> <span class='ocrx_word' id='word_1_500' title='bbox 2035 1911 2320 1980; x_wconf 78' lang='lat' dir='ltr'><strong>corporali,</strong></span> <span class='ocrx_word' id='word_1_501' title='bbox 2362 1922 2409 1966; x_wconf 90' lang='lat' dir='ltr'><strong>et</strong></span> <span class='ocrx_word' id='word_1_502' title='bbox 2434 1913 2664 1968; x_wconf 66' lang='lat' dir='ltr'><strong>maxime</strong></span> <span class='ocrx_word' id='word_1_503' title='bbox 2701 1912 2966 1983; x_wconf 74' lang='lat' dir='ltr'><strong>spirituals</strong></span> <span class='ocrx_word' id='word_1_504' title='bbox 3007 1914 3177 1970; x_wconf 82' lang='lat' dir='ltr'><strong>salute</strong></span> <span class='ocrx_word' id='word_1_505' title='bbox 3203 1932 3342 1986; x_wconf 76' lang='lat' dir='ltr'><strong>gau-</strong></span> 
     </span>
    </p>
   </div>
   <div class='ocr_carea' id='block_1_54' title="bbox 1759 2002 3342 2072">
    <p class='ocr_par' dir='ltr' id='par_1_54' title="bbox 1759 2002 3342 2072">
     <span class='ocr_line' id='line_1_54' title="bbox 1759 2002 3342 2072; baseline 0.005 -18"><span class='ocrx_word' id='word_1_506' title='bbox 1759 2002 1998 2057; x_wconf 83' lang='lat' dir='ltr'><strong>deamus.</strong></span> <span class='ocrx_word' id='word_1_507' title='bbox 2028 2002 2190 2059; x_wconf 83' lang='lat' dir='ltr'><strong>Gesta</strong></span> <span class='ocrx_word' id='word_1_508' title='bbox 2224 2019 2348 2059; x_wconf 89' lang='lat' dir='ltr'><strong>cum</strong></span> <span class='ocrx_word' id='word_1_509' title='bbox 2393 2004 2637 2060; x_wconf 81' lang='lat' dir='ltr'><strong>Emerita</strong></span> <span class='ocrx_word' id='word_1_510' title='bbox 2680 2005 2982 2072; x_wconf 83' lang='lat' dir='ltr'><strong>Donatista,</strong></span> <span class='ocrx_word' id='word_1_511' title='bbox 3011 2005 3148 2061; x_wconf 89' lang='lat' dir='ltr'><strong>liber</strong></span> <span class='ocrx_word' id='word_1_512' title='bbox 3170 2023 3208 2062; x_wconf 92' lang='grc' dir='ltr'><strong>ι.</strong></span> <span class='ocrx_word' id='word_1_513' title='bbox 3241 2006 3342 2063; x_wconf 80' lang='lat' dir='ltr'><strong>llic</strong></span> 
     </span>
    </p>
   </div>
   <div class='ocr_carea' id='block_1_55' title="bbox 1762 2088 3338 2167">
    <p class='ocr_par' dir='ltr' id='par_1_55' title="bbox 1762 2088 3338 2167">
     <span class='ocr_line' id='line_1_55' title="bbox 1762 2088 3338 2167; baseline 0.004 -23"><span class='ocrx_word' id='word_1_514' title='bbox 1762 2088 1900 2145; x_wconf 87' lang='lat' dir='ltr'><strong>liber</strong></span> <span class='ocrx_word' id='word_1_515' title='bbox 1924 2092 2005 2147; x_wconf 92' lang='lat' dir='ltr'><strong>sic</strong></span> <span class='ocrx_word' id='word_1_516' title='bbox 2024 2094 2211 2164; x_wconf 90' lang='lat' dir='ltr'><strong>incipit</strong></span> <span class='ocrx_word' id='word_1_517' title='bbox 2234 2112 2248 2148; x_wconf 87' lang='lat'><strong>:</strong></span> <span class='ocrx_word' id='word_1_518' title='bbox 2275 2092 2663 2148; x_wconf 80' lang='lat' dir='ltr'><strong>Cloriosissimo</strong></span> <span class='ocrx_word' id='word_1_519' title='bbox 2682 2093 2922 2150; x_wconf 82' lang='lat' dir='ltr'><strong>Honorio</strong></span> <span class='ocrx_word' id='word_1_520' title='bbox 2941 2095 3177 2167; x_wconf 78' lang='lat' dir='ltr'><strong>Augusto</strong></span> <span class='ocrx_word' id='word_1_521' title='bbox 3196 2095 3338 2165; x_wconf 75' lang='lat' dir='ltr'><strong>XII,</strong></span> 
     </span>
    </p>
   </div>
   <div class='ocr_carea' id='block_1_56' title="bbox 1762 2180 3343 2242">
    <p class='ocr_par' dir='ltr' id='par_1_56' title="bbox 1762 2180 3343 2242">
     <span class='ocr_line' id='line_1_56' title="bbox 1762 2180 3343 2242; baseline 0.003 -8"><span class='ocrx_word' id='word_1_522' title='bbox 1762 2192 1808 2236; x_wconf 90' lang='lat' dir='ltr'><strong>et</strong></span> <span class='ocrx_word' id='word_1_523' title='bbox 1850 2180 2175 2239; x_wconf 87' lang='lat' dir='ltr'><strong>Constantio.</strong></span> <span class='ocrx_word' id='word_1_524' title='bbox 2235 2182 2441 2239; x_wconf 77' lang='lat' dir='ltr'><strong>Contra</strong></span> <span class='ocrx_word' id='word_1_525' title='bbox 2488 2185 3188 2242; x_wconf 31' lang='lat' dir='ltr'><strong>serruOneniiAriauorum.</strong></span> <span class='ocrx_word' id='word_1_526' title='bbox 3240 2186 3343 2242; x_wconf 78' lang='lat' dir='ltr'><strong>llic</strong></span> 
     </span>
    </p>
   </div>
   <div class='ocr_carea' id='block_1_57' title="bbox 1763 2273 3343 2346">
    <p class='ocr_par' dir='ltr' id='par_1_57' title="bbox 1763 2273 3343 2346">
     <span class='ocr_line' id='line_1_57' title="bbox 1763 2273 3343 2346; baseline 0.004 -18"><span class='ocrx_word' id='word_1_527' title='bbox 1763 2273 1903 2330; x_wconf 86' lang='lat' dir='ltr'><strong>liber</strong></span> <span class='ocrx_word' id='word_1_528' title='bbox 1926 2274 2007 2331; x_wconf 88' lang='lat' dir='ltr'><strong>sic</strong></span> <span class='ocrx_word' id='word_1_529' title='bbox 2038 2275 2230 2346; x_wconf 88' lang='lat' dir='ltr'><strong>incipit</strong></span> <span class='ocrx_word' id='word_1_530' title='bbox 2258 2290 2273 2330; x_wconf 91' lang='lat'><strong>:</strong></span> <span class='ocrx_word' id='word_1_531' title='bbox 2314 2274 2515 2330; x_wconf 80' lang='lat' dir='ltr'><strong>Eorum</strong></span> <span class='ocrx_word' id='word_1_532' title='bbox 2539 2276 2849 2345; x_wconf 66' lang='lat' dir='ltr'><strong>praeedenti</strong></span> <span class='ocrx_word' id='word_1_533' title='bbox 2880 2277 3221 2346; x_wconf 65' lang='lat' dir='ltr'><strong>disputaticni</strong></span> <span class='ocrx_word' id='word_1_534' title='bbox 3241 2278 3343 2334; x_wconf 70' lang='lat' dir='ltr'><strong>liae</strong></span> 
     </span>
    </p>
   </div>
   <div class='ocr_carea' id='block_1_58' title="bbox 1761 2364 3342 2437">
    <p class='ocr_par' dir='ltr' id='par_1_58' title="bbox 1761 2364 3342 2437">
     <span class='ocr_line' id='line_1_58' title="bbox 1761 2364 3342 2437; baseline 0.001 -18"><span class='ocrx_word' id='word_1_535' title='bbox 1761 2364 2113 2435; x_wconf 77' lang='lat' dir='ltr'><strong>disputatione</strong></span> <span class='ocrx_word' id='word_1_536' title='bbox 2140 2365 2445 2437; x_wconf 84' lang='lat' dir='ltr'><strong>respondeo.</strong></span> <span class='ocrx_word' id='word_1_537' title='bbox 2475 2367 2547 2421; x_wconf 89' lang='lat' dir='ltr'><strong>De</strong></span> <span class='ocrx_word' id='word_1_538' title='bbox 2578 2365 2779 2436; x_wconf 88' lang='lat' dir='ltr'><strong>nuptiis</strong></span> <span class='ocrx_word' id='word_1_539' title='bbox 2797 2374 2854 2425; x_wconf 85' lang='lat' dir='ltr'><strong>et</strong></span> <span class='ocrx_word' id='word_1_540' title='bbox 2882 2367 3342 2437; x_wconf 80' lang='lat' dir='ltr'><strong>concupiscentia,</strong></span> 
     </span>
    </p>
   </div>
   <div class='ocr_carea' id='block_1_59' title="bbox 1762 2456 3345 2527">
    <p class='ocr_par' dir='ltr' id='par_1_59' title="bbox 1762 2456 3345 2527">
     <span class='ocr_line' id='line_1_59' title="bbox 1762 2456 3345 2527; baseline 0.002 -16"><span class='ocrx_word' id='word_1_541' title='bbox 1762 2457 1831 2511; x_wconf 81' lang='lat' dir='ltr'><strong>ad</strong></span> <span class='ocrx_word' id='word_1_542' title='bbox 1864 2456 2162 2522; x_wconf 80' lang='lat' dir='ltr'><strong>Valerium,</strong></span> <span class='ocrx_word' id='word_1_543' title='bbox 2196 2456 2317 2512; x_wconf 88' lang='lat' dir='ltr'><strong>libri</strong></span> <span class='ocrx_word' id='word_1_544' title='bbox 2363 2473 2426 2512; x_wconf 89' lang='grc' dir='ltr'><strong>ιι.</strong></span> <span class='ocrx_word' id='word_1_545' title='bbox 2468 2456 2683 2513; x_wconf 88' lang='lat' dir='ltr'><strong>Primus</strong></span> <span class='ocrx_word' id='word_1_546' title='bbox 2710 2458 2790 2514; x_wconf 88' lang='lat' dir='ltr'><strong>sic</strong></span> <span class='ocrx_word' id='word_1_547' title='bbox 2813 2458 3002 2527; x_wconf 85' lang='lat' dir='ltr'><strong>incipit</strong></span> <span class='ocrx_word' id='word_1_548' title='bbox 3040 2473 3056 2512; x_wconf 91' lang='lat'><strong>:</strong></span> <span class='ocrx_word' id='word_1_549' title='bbox 3091 2458 3345 2514; x_wconf 71' lang='lat' dir='ltr'><strong>Hieretici</strong></span> 
     </span>
    </p>
   </div>
   <div class='ocr_carea' id='block_1_60' title="bbox 1764 2546 3345 2617">
    <p class='ocr_par' dir='ltr' id='par_1_60' title="bbox 1764 2546 3345 2617">
     <span class='ocr_line' id='line_1_60' title="bbox 1764 2546 3345 2617; baseline 0.003 -17"><span class='ocrx_word' id='word_1_550' title='bbox 1764 2549 1904 2613; x_wconf 77' lang='lat' dir='ltr'><strong>nari,</strong></span> <span class='ocrx_word' id='word_1_551' title='bbox 1935 2546 2265 2603; x_wconf 75' lang='lat' dir='ltr'><strong>dilectissime</strong></span> <span class='ocrx_word' id='word_1_552' title='bbox 2291 2547 2373 2617; x_wconf 74' lang='lat' dir='ltr'><strong>ﬁli</strong></span> <span class='ocrx_word' id='word_1_553' title='bbox 2418 2546 2617 2603; x_wconf 82' lang='lat' dir='ltr'><strong>Valeri.</strong></span> <span class='ocrx_word' id='word_1_554' title='bbox 2653 2548 2936 2605; x_wconf 84' lang='lat' dir='ltr'><strong>Secundus</strong></span> <span class='ocrx_word' id='word_1_555' title='bbox 2966 2564 3097 2605; x_wconf 77' lang='lat' dir='ltr'><strong>vero</strong></span> <span class='ocrx_word' id='word_1_556' title='bbox 3130 2550 3209 2606; x_wconf 85' lang='lat' dir='ltr'><strong>sic</strong></span> <span class='ocrx_word' id='word_1_557' title='bbox 3253 2552 3345 2607; x_wconf 79' lang='lat' dir='ltr'><strong>in-</strong></span> 
     </span>
    </p>
   </div>
   <div class='ocr_carea' id='block_1_61' title="bbox 1764 2636 3341 2705">
    <p class='ocr_par' dir='ltr' id='par_1_61' title="bbox 1764 2636 3341 2705">
     <span class='ocr_line' id='line_1_61' title="bbox 1764 2636 3341 2705; baseline 0.003 -13"><span class='ocrx_word' id='word_1_558' title='bbox 1764 2636 1898 2705; x_wconf 88' lang='lat' dir='ltr'><strong>cipit</strong></span> <span class='ocrx_word' id='word_1_559' title='bbox 1923 2653 1937 2691; x_wconf 90' lang='lat'><strong>:</strong></span> <span class='ocrx_word' id='word_1_560' title='bbox 1968 2636 2106 2693; x_wconf 87' lang='lat' dir='ltr'><strong>Sunt</strong></span> <span class='ocrx_word' id='word_1_561' title='bbox 2131 2638 2334 2693; x_wconf 73' lang='lat' dir='ltr'><strong>militia:</strong></span> <span class='ocrx_word' id='word_1_562' title='bbox 2363 2648 2469 2694; x_wconf 77' lang='lat' dir='ltr'><strong>tua:</strong></span> <span class='ocrx_word' id='word_1_563' title='bbox 2517 2655 2668 2693; x_wconf 87' lang='lat' dir='ltr'><strong>cura.</strong></span> <span class='ocrx_word' id='word_1_564' title='bbox 2714 2638 3068 2696; x_wconf 82' lang='lat' dir='ltr'><strong>Locutionum</strong></span> <span class='ocrx_word' id='word_1_565' title='bbox 3091 2641 3213 2696; x_wconf 86' lang='lat' dir='ltr'><strong>libri</strong></span> <span class='ocrx_word' id='word_1_566' title='bbox 3243 2655 3341 2698; x_wconf 78' lang='lat' dir='ltr'><strong>vn.</strong></span> 
     </span>
    </p>
   </div>
   <div class='ocr_carea' id='block_1_62' title="bbox 1767 2726 3345 2805">
    <p class='ocr_par' dir='ltr' id='par_1_62' title="bbox 1767 2726 3345 2805">
     <span class='ocr_line' id='line_1_62' title="bbox 1767 2726 3345 2805; baseline 0.004 -23"><span class='ocrx_word' id='word_1_567' title='bbox 1767 2726 1882 2784; x_wconf 88' lang='lat' dir='ltr'><strong>lloc</strong></span> <span class='ocrx_word' id='word_1_568' title='bbox 1908 2744 2044 2799; x_wconf 83' lang='lat' dir='ltr'><strong>opus</strong></span> <span class='ocrx_word' id='word_1_569' title='bbox 2074 2730 2156 2786; x_wconf 86' lang='lat' dir='ltr'><strong>sic</strong></span> <span class='ocrx_word' id='word_1_570' title='bbox 2192 2729 2379 2801; x_wconf 86' lang='lat' dir='ltr'><strong>incipit</strong></span> <span class='ocrx_word' id='word_1_571' title='bbox 2412 2745 2427 2785; x_wconf 90' lang='lat'><strong>:</strong></span> <span class='ocrx_word' id='word_1_572' title='bbox 2459 2728 2592 2787; x_wconf 86' lang='lat' dir='ltr'><strong>Cum</strong></span> <span class='ocrx_word' id='word_1_573' title='bbox 2632 2730 2939 2802; x_wconf 80' lang='lat' dir='ltr'><strong>Scripturas</strong></span> <span class='ocrx_word' id='word_1_574' title='bbox 2979 2744 3188 2791; x_wconf 86' lang='lat' dir='ltr'><strong>sanctas</strong></span> <span class='ocrx_word' id='word_1_575' title='bbox 3211 2750 3345 2805; x_wconf 80' lang='lat' dir='ltr'><strong>quas</strong></span> 
     </span>
    </p>
   </div>
   <div class='ocr_carea' id='block_1_63' title="bbox 1764 2820 3343 2897">
    <p class='ocr_par' dir='ltr' id='par_1_63' title="bbox 1764 2820 3343 2897">
     <span class='ocr_line' id='line_1_63' title="bbox 1764 2820 3343 2897; baseline 0.004 -24"><span class='ocrx_word' id='word_1_576' title='bbox 1764 2820 2027 2890; x_wconf 76' lang='lat' dir='ltr'><strong>appellant</strong></span> <span class='ocrx_word' id='word_1_577' title='bbox 2057 2824 2355 2878; x_wconf 85' lang='lat' dir='ltr'><strong>canonicas.</strong></span> <span class='ocrx_word' id='word_1_578' title='bbox 2389 2821 2461 2878; x_wconf 89' lang='lat' dir='ltr'><strong>De</strong></span> <span class='ocrx_word' id='word_1_579' title='bbox 2482 2824 2663 2879; x_wconf 87' lang='lat' dir='ltr'><strong>anima</strong></span> <span class='ocrx_word' id='word_1_580' title='bbox 2688 2824 2880 2892; x_wconf 75' lang='lat' dir='ltr'><strong>eteius</strong></span> <span class='ocrx_word' id='word_1_581' title='bbox 2899 2823 3108 2897; x_wconf 73' lang='lat' dir='ltr'><strong>origine</strong></span> <span class='ocrx_word' id='word_1_582' title='bbox 3131 2824 3251 2880; x_wconf 85' lang='lat' dir='ltr'><strong>libri</strong></span> <span class='ocrx_word' id='word_1_583' title='bbox 3280 2838 3343 2879; x_wconf 90' lang='grc' dir='ltr'>ιι.</span> 
     </span>
    </p>
   </div>
   <div class='ocr_carea' id='block_1_64' title="bbox 1766 2910 3343 2983">
    <p class='ocr_par' dir='ltr' id='par_1_64' title="bbox 1766 2910 3343 2983">
     <span class='ocr_line' id='line_1_64' title="bbox 1766 2910 3343 2983; baseline 0.001 -14"><span class='ocrx_word' id='word_1_584' title='bbox 1766 2910 1881 2969; x_wconf 84' lang='lat' dir='ltr'><strong>lloc</strong></span> <span class='ocrx_word' id='word_1_585' title='bbox 1912 2927 2051 2983; x_wconf 84' lang='lat' dir='ltr'><strong>opus</strong></span> <span class='ocrx_word' id='word_1_586' title='bbox 2109 2913 2190 2969; x_wconf 87' lang='lat' dir='ltr'><strong>sic</strong></span> <span class='ocrx_word' id='word_1_587' title='bbox 2231 2913 2439 2983; x_wconf 87' lang='lat' dir='ltr'><strong>incipit,</strong></span> <span class='ocrx_word' id='word_1_588' title='bbox 2470 2913 2524 2969; x_wconf 90' lang='lat' dir='ltr'><strong>id</strong></span> <span class='ocrx_word' id='word_1_589' title='bbox 2575 2923 2680 2980; x_wconf 90' lang='lat' dir='ltr'><strong>est,</strong></span> <span class='ocrx_word' id='word_1_590' title='bbox 2716 2912 2857 2969; x_wconf 86' lang='lat' dir='ltr'><strong>liber</strong></span> <span class='ocrx_word' id='word_1_591' title='bbox 2907 2916 2974 2970; x_wconf 84' lang='lat' dir='ltr'><strong>ad</strong></span> <span class='ocrx_word' id='word_1_592' title='bbox 3031 2917 3294 2973; x_wconf 70' lang='lat' dir='ltr'><strong>[leuatum</strong></span> <span class='ocrx_word' id='word_1_593' title='bbox 3322 2928 3343 2970; x_wconf 84' lang='lat'><strong>:</strong></span> 
     </span>
    </p>
   </div>
   <div class='ocr_carea' id='block_1_65' title="bbox 1765 2984 3349 3073">
    <p class='ocr_par' dir='ltr' id='par_1_65' title="bbox 1765 2984 3349 3073">
     <span class='ocr_line' id='line_1_65' title="bbox 1765 2984 3349 3073; baseline 0.003 -15"><span class='ocrx_word' id='word_1_594' title='bbox 1765 3000 2131 3061; x_wconf 83' lang='lat' dir='ltr'><strong>Sinceritatem</strong></span> <span class='ocrx_word' id='word_1_595' title='bbox 2172 3013 2317 3069; x_wconf 79' lang='lat' dir='ltr'><strong>tuam</strong></span> <span class='ocrx_word' id='word_1_596' title='bbox 2341 3020 2465 3073; x_wconf 85' lang='lat' dir='ltr'><strong>erga</strong></span> <span class='ocrx_word' id='word_1_597' title='bbox 2516 3020 2632 3059; x_wconf 89' lang='lat' dir='ltr'><strong>nos.</strong></span> <span class='ocrx_word' id='word_1_598' title='bbox 2660 3005 2941 3060; x_wconf 79' lang='lat' dir='ltr'><strong>Secundus</strong></span> <span class='ocrx_word' id='word_1_599' title='bbox 2969 3020 3100 3060; x_wconf 83' lang='lat' dir='ltr'><strong>vero</strong></span> <span class='ocrx_word' id='word_1_600' title='bbox 3147 2984 3349 3062; x_wconf 48' lang='lat' dir='ltr'><strong>ad.Pe-</strong></span> 
     </span>
    </p>
   </div>
   <div class='ocr_carea' id='block_1_66' title="bbox 1769 3094 3345 3166">
    <p class='ocr_par' dir='ltr' id='par_1_66' title="bbox 1769 3094 3345 3166">
     <span class='ocr_line' id='line_1_66' title="bbox 1769 3094 3345 3166; baseline 0 -14"><span class='ocrx_word' id='word_1_601' title='bbox 1769 3104 1912 3157; x_wconf 83' lang='lat' dir='ltr'><strong>trum</strong></span> <span class='ocrx_word' id='word_1_602' title='bbox 1940 3094 2021 3153; x_wconf 87' lang='lat' dir='ltr'><strong>sic</strong></span> <span class='ocrx_word' id='word_1_603' title='bbox 2050 3094 2240 3164; x_wconf 90' lang='lat' dir='ltr'><strong>incipit</strong></span> <span class='ocrx_word' id='word_1_604' title='bbox 2270 3110 2288 3156; x_wconf 86' lang='lat'><strong>;</strong></span> <span class='ocrx_word' id='word_1_605' title='bbox 2318 3094 2546 3151; x_wconf 86' lang='lat' dir='ltr'><strong>Domino</strong></span> <span class='ocrx_word' id='word_1_606' title='bbox 2584 3095 2925 3151; x_wconf 85' lang='lat' dir='ltr'><strong>dilectissimo</strong></span> <span class='ocrx_word' id='word_1_607' title='bbox 2951 3096 3109 3166; x_wconf 88' lang='lat' dir='ltr'><strong>fratri</strong></span> <span class='ocrx_word' id='word_1_608' title='bbox 3135 3106 3185 3152; x_wconf 86' lang='lat' dir='ltr'><strong>et</strong></span> <span class='ocrx_word' id='word_1_609' title='bbox 3203 3113 3345 3152; x_wconf 80' lang='lat' dir='ltr'><strong>com-</strong></span> 
     </span>
    </p>
   </div>
   <div class='ocr_carea' id='block_1_67' title="bbox 1763 3183 3347 3256">
    <p class='ocr_par' dir='ltr' id='par_1_67' title="bbox 1763 3183 3347 3256">
     <span class='ocr_line' id='line_1_67' title="bbox 1763 3183 3347 3256; baseline 0 -13"><span class='ocrx_word' id='word_1_610' title='bbox 1763 3186 2062 3256; x_wconf 72' lang='lat' dir='ltr'><strong>presliytero</strong></span> <span class='ocrx_word' id='word_1_611' title='bbox 2114 3183 2294 3241; x_wconf 84' lang='lat' dir='ltr'><strong>Petro.</strong></span> <span class='ocrx_word' id='word_1_612' title='bbox 2353 3186 2586 3247; x_wconf 86' lang='lat' dir='ltr'><strong>Duorum</strong></span> <span class='ocrx_word' id='word_1_613' title='bbox 2640 3200 2771 3242; x_wconf 77' lang='lat' dir='ltr'><strong>vero</strong></span> <span class='ocrx_word' id='word_1_614' title='bbox 2824 3186 3239 3242; x_wconf 65' lang='lat' dir='ltr'><strong>nouissimorum</strong></span> <span class='ocrx_word' id='word_1_615' title='bbox 3276 3189 3347 3243; x_wconf 88' lang='lat' dir='ltr'><strong>ad</strong></span> 
     </span>
    </p>
   </div>
   <div class='ocr_carea' id='block_1_68' title="bbox 1768 3277 3347 3350">
    <p class='ocr_par' dir='ltr' id='par_1_68' title="bbox 1768 3277 3347 3350">
     <span class='ocr_line' id='line_1_68' title="bbox 1768 3277 3347 3350; baseline 0.002 -17"><span class='ocrx_word' id='word_1_616' title='bbox 1768 3277 2135 3346; x_wconf 82' lang='lat' dir='ltr'><strong>Vincentium,</strong></span> <span class='ocrx_word' id='word_1_617' title='bbox 2178 3279 2476 3335; x_wconf 82' lang='lat' dir='ltr'><strong>Victorem.</strong></span> <span class='ocrx_word' id='word_1_618' title='bbox 2508 3277 2724 3335; x_wconf 85' lang='lat' dir='ltr'><strong>Primus</strong></span> <span class='ocrx_word' id='word_1_619' title='bbox 2776 3279 2859 3335; x_wconf 83' lang='lat' dir='ltr'><strong>sic</strong></span> <span class='ocrx_word' id='word_1_620' title='bbox 2910 3278 3099 3350; x_wconf 87' lang='lat' dir='ltr'><strong>incipit</strong></span> <span class='ocrx_word' id='word_1_621' title='bbox 3138 3294 3156 3334; x_wconf 91' lang='lat'><strong>:</strong></span> <span class='ocrx_word' id='word_1_622' title='bbox 3190 3278 3347 3344; x_wconf 78' lang='lat' dir='ltr'><strong>Quod</strong></span> 
     </span>
    </p>
   </div>
   <div class='ocr_carea' id='block_1_69' title="bbox 1768 3370 2654 3440">
    <p class='ocr_par' dir='ltr' id='par_1_69' title="bbox 1768 3370 2654 3440">
     <span class='ocr_line' id='line_1_69' title="bbox 1768 3370 2654 3440; baseline 0 -16"><span class='ocrx_word' id='word_1_623' title='bbox 1768 3370 1895 3424; x_wconf 83' lang='lat' dir='ltr'><strong>mihi</strong></span> <span class='ocrx_word' id='word_1_624' title='bbox 1925 3370 1993 3431; x_wconf 85' lang='lat' dir='ltr'><strong>ad</strong></span> <span class='ocrx_word' id='word_1_625' title='bbox 2020 3381 2069 3429; x_wconf 89' lang='lat' dir='ltr'><strong>te</strong></span> <span class='ocrx_word' id='word_1_626' title='bbox 2097 3370 2425 3434; x_wconf 79' lang='lat' dir='ltr'><strong>scribendum</strong></span> <span class='ocrx_word' id='word_1_627' title='bbox 2454 3372 2654 3440; x_wconf 80' lang='lat' dir='ltr'><strong>putaui.</strong></span> 
     </span>
    </p>
   </div>
   <div class='ocr_carea' id='block_1_70' title="bbox 1837 3460 3349 3539">
    <p class='ocr_par' dir='ltr' id='par_1_70' title="bbox 1837 3460 3349 3539">
     <span class='ocr_line' id='line_1_70' title="bbox 1837 3460 3349 3539; baseline -0.001 -22"><span class='ocrx_word' id='word_1_628' title='bbox 1837 3462 1922 3518; x_wconf 83' lang='lat' dir='ltr'><strong>Ad</strong></span> <span class='ocrx_word' id='word_1_629' title='bbox 1944 3461 2268 3539; x_wconf 84' lang='lat' dir='ltr'><strong>Pullentinm</strong></span> <span class='ocrx_word' id='word_1_630' title='bbox 2293 3461 2414 3532; x_wconf 85' lang='lat' dir='ltr'><strong>(sic)</strong></span> <span class='ocrx_word' id='word_1_631' title='bbox 2446 3462 2519 3519; x_wconf 88' lang='lat' dir='ltr'><strong>De</strong></span> <span class='ocrx_word' id='word_1_632' title='bbox 2563 3460 2884 3516; x_wconf 80' lang='lat' dir='ltr'><strong>adulterinis</strong></span> <span class='ocrx_word' id='word_1_633' title='bbox 2907 3460 3194 3531; x_wconf 75' lang='lat' dir='ltr'><strong>conjugiis,</strong></span> <span class='ocrx_word' id='word_1_634' title='bbox 3221 3460 3349 3515; x_wconf 86' lang='lat' dir='ltr'><strong>libri</strong></span> 
     </span>
    </p>
   </div>
   <div class='ocr_carea' id='block_1_71' title="bbox 1770 3552 3347 3625">
    <p class='ocr_par' dir='ltr' id='par_1_71' title="bbox 1770 3552 3347 3625">
     <span class='ocr_line' id='line_1_71' title="bbox 1770 3552 3347 3625; baseline -0.003 -13"><span class='ocrx_word' id='word_1_635' title='bbox 1770 3572 1833 3613; x_wconf 91' lang='grc' dir='ltr'><strong>ιι.</strong></span> <span class='ocrx_word' id='word_1_636' title='bbox 1864 3556 2080 3615; x_wconf 77' lang='lat' dir='ltr'><strong>Primus</strong></span> <span class='ocrx_word' id='word_1_637' title='bbox 2128 3555 2320 3610; x_wconf 87' lang='lat' dir='ltr'><strong>borum</strong></span> <span class='ocrx_word' id='word_1_638' title='bbox 2360 3554 2440 3610; x_wconf 81' lang='lat' dir='ltr'><strong>sic</strong></span> <span class='ocrx_word' id='word_1_639' title='bbox 2472 3554 2659 3625; x_wconf 89' lang='lat' dir='ltr'><strong>incipit</strong></span> <span class='ocrx_word' id='word_1_640' title='bbox 2694 3568 2709 3607; x_wconf 93' lang='lat'><strong>:</strong></span> <span class='ocrx_word' id='word_1_641' title='bbox 2753 3552 2934 3611; x_wconf 84' lang='lat' dir='ltr'><strong>Prima</strong></span> <span class='ocrx_word' id='word_1_642' title='bbox 2976 3554 3196 3622; x_wconf 83' lang='lat' dir='ltr'><strong>qutcstio</strong></span> <span class='ocrx_word' id='word_1_643' title='bbox 3248 3564 3347 3621; x_wconf 85' lang='lat' dir='ltr'><strong>est,</strong></span> 
     </span>
    </p>
   </div>
   <div class='ocr_carea' id='block_1_72' title="bbox 1769 3645 3354 3719">
    <p class='ocr_par' dir='ltr' id='par_1_72' title="bbox 1769 3645 3354 3719">
     <span class='ocr_line' id='line_1_72' title="bbox 1769 3645 3354 3719; baseline -0.002 -15"><span class='ocrx_word' id='word_1_644' title='bbox 1769 3648 1936 3719; x_wconf 85' lang='lat' dir='ltr'><strong>frater</strong></span> <span class='ocrx_word' id='word_1_645' title='bbox 1961 3647 2298 3703; x_wconf 80' lang='lat' dir='ltr'><strong>dilectissime</strong></span> <span class='ocrx_word' id='word_1_646' title='bbox 2324 3645 2580 3700; x_wconf 82' lang='lat' dir='ltr'><strong>Pullenti.</strong></span> <span class='ocrx_word' id='word_1_647' title='bbox 2613 3645 2894 3707; x_wconf 84' lang='lat' dir='ltr'><strong>Secundus</strong></span> <span class='ocrx_word' id='word_1_648' title='bbox 2927 3655 3110 3710; x_wconf 83' lang='lat' dir='ltr'><strong>autem</strong></span> <span class='ocrx_word' id='word_1_649' title='bbox 3157 3645 3239 3700; x_wconf 87' lang='lat' dir='ltr'><strong>sic</strong></span> <span class='ocrx_word' id='word_1_650' title='bbox 3261 3645 3354 3701; x_wconf 76' lang='lat' dir='ltr'><strong>in-</strong></span> 
     </span>
    </p>
   </div>
   <div class='ocr_carea' id='block_1_73' title="bbox 1768 3738 3355 3811">
    <p class='ocr_par' dir='ltr' id='par_1_73' title="bbox 1768 3738 3355 3811">
     <span class='ocr_line' id='line_1_73' title="bbox 1768 3738 3355 3811; baseline -0.001 -15"><span class='ocrx_word' id='word_1_651' title='bbox 1768 3740 1946 3811; x_wconf 88' lang='lat' dir='ltr'><strong>cipit:</strong></span> <span class='ocrx_word' id='word_1_652' title='bbox 1977 3738 2059 3797; x_wconf 79' lang='lat' dir='ltr'><strong>Ad</strong></span> <span class='ocrx_word' id='word_1_653' title='bbox 2107 3756 2167 3795; x_wconf 87' lang='lat' dir='ltr'><strong>ea</strong></span> <span class='ocrx_word' id='word_1_654' title='bbox 2193 3754 2312 3808; x_wconf 82' lang='lat' dir='ltr'><strong>qute</strong></span> <span class='ocrx_word' id='word_1_655' title='bbox 2352 3739 2481 3799; x_wconf 79' lang='lat' dir='ltr'><strong>milii</strong></span> <span class='ocrx_word' id='word_1_656' title='bbox 2512 3739 2821 3809; x_wconf 79' lang='lat' dir='ltr'><strong>scripseras.</strong></span> <span class='ocrx_word' id='word_1_657' title='bbox 2853 3741 3051 3803; x_wconf 85' lang='lat' dir='ltr'><strong>Contra</strong></span> <span class='ocrx_word' id='word_1_658' title='bbox 3096 3742 3355 3797; x_wconf 74' lang='lat' dir='ltr'><strong>adversa-</strong></span> 
     </span>
    </p>
   </div>
   <div class='ocr_carea' id='block_1_74' title="bbox 1771 3832 3353 3904">
    <p class='ocr_par' dir='ltr' id='par_1_74' title="bbox 1771 3832 3353 3904">
     <span class='ocr_line' id='line_1_74' title="bbox 1771 3832 3353 3904; baseline -0.001 -13"><span class='ocrx_word' id='word_1_659' title='bbox 1771 3835 1911 3893; x_wconf 78' lang='lat' dir='ltr'><strong>riunt</strong></span> <span class='ocrx_word' id='word_1_660' title='bbox 1939 3833 2072 3904; x_wconf 72' lang='lat' dir='ltr'><strong>legis</strong></span> <span class='ocrx_word' id='word_1_661' title='bbox 2099 3832 2593 3902; x_wconf 80' lang='lat' dir='ltr'><strong>etpropbetarum,</strong></span> <span class='ocrx_word' id='word_1_662' title='bbox 2644 3832 2766 3891; x_wconf 90' lang='lat' dir='ltr'><strong>libri</strong></span> <span class='ocrx_word' id='word_1_663' title='bbox 2795 3832 2920 3889; x_wconf 87' lang='lat' dir='ltr'><strong>duo.</strong></span> <span class='ocrx_word' id='word_1_664' title='bbox 2964 3833 3075 3889; x_wconf 89' lang='lat' dir='ltr'><strong>lloc</strong></span> <span class='ocrx_word' id='word_1_665' title='bbox 3109 3849 3244 3902; x_wconf 88' lang='lat' dir='ltr'><strong>opus</strong></span> <span class='ocrx_word' id='word_1_666' title='bbox 3272 3834 3353 3889; x_wconf 89' lang='lat' dir='ltr'><strong>sic</strong></span> 
     </span>
    </p>
   </div>
   <div class='ocr_carea' id='block_1_75' title="bbox 1770 3924 3352 3996">
    <p class='ocr_par' dir='ltr' id='par_1_75' title="bbox 1770 3924 3352 3996">
     <span class='ocr_line' id='line_1_75' title="bbox 1770 3924 3352 3996; baseline -0.001 -15"><span class='ocrx_word' id='word_1_667' title='bbox 1770 3926 1964 3996; x_wconf 84' lang='lat' dir='ltr'><strong>incipit</strong></span> <span class='ocrx_word' id='word_1_668' title='bbox 2010 3944 2024 3979; x_wconf 85' lang='lat'><strong>:</strong></span> <span class='ocrx_word' id='word_1_669' title='bbox 2070 3924 2224 3980; x_wconf 84' lang='lat' dir='ltr'><strong>Libro</strong></span> <span class='ocrx_word' id='word_1_670' title='bbox 2276 3940 2426 3993; x_wconf 74' lang='lat' dir='ltr'><strong>quem</strong></span> <span class='ocrx_word' id='word_1_671' title='bbox 2476 3924 2718 3989; x_wconf 80' lang='lat' dir='ltr'><strong>misistis,</strong></span> <span class='ocrx_word' id='word_1_672' title='bbox 2770 3925 2961 3994; x_wconf 87' lang='lat' dir='ltr'><strong>fratres</strong></span> <span class='ocrx_word' id='word_1_673' title='bbox 3004 3926 3352 3981; x_wconf 81' lang='lat' dir='ltr'><strong>dilectissimi.</strong></span> 
     </span>
    </p>
   </div>
   <div class='ocr_carea' id='block_1_76' title="bbox 1770 4015 3350 4088">
    <p class='ocr_par' dir='ltr' id='par_1_76' title="bbox 1770 4015 3350 4088">
     <span class='ocr_line' id='line_1_76' title="bbox 1770 4015 3350 4088; baseline -0.002 -13"><span class='ocrx_word' id='word_1_674' title='bbox 1770 4018 1968 4075; x_wconf 84' lang='lat' dir='ltr'><strong>Contra</strong></span> <span class='ocrx_word' id='word_1_675' title='bbox 1992 4017 2338 4088; x_wconf 78' lang='lat' dir='ltr'><strong>gaudentium</strong></span> <span class='ocrx_word' id='word_1_676' title='bbox 2358 4015 2757 4072; x_wconf 87' lang='lat' dir='ltr'><strong>Donatistarum</strong></span> <span class='ocrx_word' id='word_1_677' title='bbox 2785 4018 3123 4086; x_wconf 83' lang='lat' dir='ltr'><strong>episc0pum,</strong></span> <span class='ocrx_word' id='word_1_678' title='bbox 3144 4018 3263 4073; x_wconf 89' lang='lat' dir='ltr'><strong>libri</strong></span> <span class='ocrx_word' id='word_1_679' title='bbox 3288 4033 3350 4073; x_wconf 91' lang='grc' dir='ltr'><strong>ιι.</strong></span> 
     </span>
    </p>
   </div>
   <div class='ocr_carea' id='block_1_77' title="bbox 1764 4107 3354 4184">
    <p class='ocr_par' dir='ltr' id='par_1_77' title="bbox 1764 4107 3354 4184">
     <span class='ocr_line' id='line_1_77' title="bbox 1764 4107 3354 4184; baseline -0.004 -14"><span class='ocrx_word' id='word_1_680' title='bbox 1764 4115 1889 4171; x_wconf 72' lang='grc'><strong>1100</strong></span> <span class='ocrx_word' id='word_1_681' title='bbox 1940 4129 2076 4184; x_wconf 84' lang='lat' dir='ltr'><strong>opus</strong></span> <span class='ocrx_word' id='word_1_682' title='bbox 2113 4114 2194 4169; x_wconf 84' lang='lat' dir='ltr'><strong>sic</strong></span> <span class='ocrx_word' id='word_1_683' title='bbox 2253 4111 2438 4180; x_wconf 84' lang='lat' dir='ltr'><strong>incipit</strong></span> <span class='ocrx_word' id='word_1_684' title='bbox 2490 4128 2504 4163; x_wconf 89' lang='lat'><strong>:</strong></span> <span class='ocrx_word' id='word_1_685' title='bbox 2563 4107 2888 4166; x_wconf 77' lang='lat' dir='ltr'><strong>Gaudentius</strong></span> <span class='ocrx_word' id='word_1_686' title='bbox 2952 4110 3354 4169; x_wconf 80' lang='lat' dir='ltr'><strong>Donatistarum</strong></span> 
     </span>
    </p>
   </div>
   <div class='ocr_carea' id='block_1_78' title="bbox 1778 4199 3356 4276">
    <p class='ocr_par' dir='ltr' id='par_1_78' title="bbox 1778 4199 3356 4276">
     <span class='ocr_line' id='line_1_78' title="bbox 1778 4199 3356 4276; baseline -0.003 -16"><span class='ocrx_word' id='word_1_687' title='bbox 1778 4204 2230 4276; x_wconf 82' lang='lat' dir='ltr'><strong>Tamugaudensis</strong></span> <span class='ocrx_word' id='word_1_688' title='bbox 2276 4201 2419 4274; x_wconf 83' lang='lat' dir='ltr'><strong>[Sic.</strong></span> <span class='ocrx_word' id='word_1_689' title='bbox 2442 4200 2497 4255; x_wconf 89' lang='lat' dir='ltr'><strong>lu</strong></span> <span class='ocrx_word' id='word_1_690' title='bbox 2528 4200 2691 4257; x_wconf 86' lang='lat' dir='ltr'><strong>editis</strong></span> <span class='ocrx_word' id='word_1_691' title='bbox 2739 4199 3213 4272; x_wconf 77' lang='lat' dir='ltr'><strong>Tltamugadensis]</strong></span> <span class='ocrx_word' id='word_1_692' title='bbox 3244 4205 3356 4272; x_wconf 89' lang='lat' dir='ltr'><strong>epi-</strong></span> 
     </span>
    </p>
   </div>
   <div class='ocr_carea' id='block_1_79' title="bbox 1773 4292 3357 4368">
    <p class='ocr_par' dir='ltr' id='par_1_79' title="bbox 1773 4292 3357 4368">
     <span class='ocr_line' id='line_1_79' title="bbox 1773 4292 3357 4368; baseline -0.003 -14"><span class='ocrx_word' id='word_1_693' title='bbox 1773 4316 1981 4368; x_wconf 85' lang='lat' dir='ltr'><strong>scopus.</strong></span> <span class='ocrx_word' id='word_1_694' title='bbox 2033 4296 2235 4353; x_wconf 87' lang='lat' dir='ltr'><strong>Contra</strong></span> <span class='ocrx_word' id='word_1_695' title='bbox 2304 4294 2644 4353; x_wconf 88' lang='lat' dir='ltr'><strong>mendacium</strong></span> <span class='ocrx_word' id='word_1_696' title='bbox 2694 4292 2831 4348; x_wconf 89' lang='lat' dir='ltr'><strong>liber</strong></span> <span class='ocrx_word' id='word_1_697' title='bbox 2875 4308 2913 4347; x_wconf 93' lang='grc' dir='ltr'><strong>ι.</strong></span> <span class='ocrx_word' id='word_1_698' title='bbox 2953 4293 3051 4348; x_wconf 86' lang='lat' dir='ltr'><strong>llic</strong></span> <span class='ocrx_word' id='word_1_699' title='bbox 3093 4293 3229 4349; x_wconf 82' lang='lat' dir='ltr'><strong>liber</strong></span> <span class='ocrx_word' id='word_1_700' title='bbox 3271 4296 3357 4350; x_wconf 88' lang='lat' dir='ltr'><strong>sic</strong></span> 
     </span>
    </p>
   </div>
   <div class='ocr_carea' id='block_1_80' title="bbox 1775 4383 3357 4459">
    <p class='ocr_par' dir='ltr' id='par_1_80' title="bbox 1775 4383 3357 4459">
     <span class='ocr_line' id='line_1_80' title="bbox 1775 4383 3357 4459; baseline -0.003 -14"><span class='ocrx_word' id='word_1_701' title='bbox 1775 4390 1966 4459; x_wconf 82' lang='lat' dir='ltr'><strong>incipit</strong></span> <span class='ocrx_word' id='word_1_702' title='bbox 2019 4404 2035 4442; x_wconf 89' lang='lat'><strong>:</strong></span> <span class='ocrx_word' id='word_1_703' title='bbox 2088 4386 2259 4442; x_wconf 77' lang='lat' dir='ltr'><strong>Multa</strong></span> <span class='ocrx_word' id='word_1_704' title='bbox 2309 4385 2440 4439; x_wconf 85' lang='lat' dir='ltr'><strong>mihi</strong></span> <span class='ocrx_word' id='word_1_705' title='bbox 2482 4383 2699 4454; x_wconf 78' lang='lat' dir='ltr'><strong>legenda</strong></span> <span class='ocrx_word' id='word_1_706' title='bbox 2740 4383 2949 4438; x_wconf 82' lang='lat' dir='ltr'><strong>misisti.</strong></span> <span class='ocrx_word' id='word_1_707' title='bbox 2986 4384 3187 4443; x_wconf 73' lang='lat' dir='ltr'><strong>Contra</strong></span> <span class='ocrx_word' id='word_1_708' title='bbox 3220 4384 3357 4445; x_wconf 80' lang='lat' dir='ltr'><strong>duas</strong></span> 
     </span>
    </p>
   </div>
   <div class='ocr_carea' id='block_1_81' title="bbox 54 4474 3355 4565">
    <p class='ocr_par' dir='ltr' id='par_1_81' title="bbox 54 4474 3355 4565">
     <span class='ocr_line' id='line_1_81' title="bbox 54 4474 3355 4565; baseline -0.004 -21"><span class='ocrx_word' id='word_1_709' title='bbox 54 4491 199 4547; x_wconf 70' lang='lat' dir='ltr'><strong>liber</strong></span> <span class='ocrx_word' id='word_1_710' title='bbox 220 4505 410 4555; x_wconf 50' lang='lat' dir='ltr'><strong>una;</strong></span> <span class='ocrx_word' id='word_1_711' title='bbox 453 4488 556 4545; x_wconf 72' lang='lat' dir='ltr'><strong>llic</strong></span> <span class='ocrx_word' id='word_1_712' title='bbox 580 4487 719 4544; x_wconf 74' lang='lat' dir='ltr'><strong>liber</strong></span> <span class='ocrx_word' id='word_1_713' title='bbox 737 4488 818 4543; x_wconf 85' lang='lat' dir='ltr'><strong>sic</strong></span> <span class='ocrx_word' id='word_1_714' title='bbox 850 4487 1041 4557; x_wconf 87' lang='lat' dir='ltr'><strong>incipit</strong></span> <span class='ocrx_word' id='word_1_715' title='bbox 1070 4506 1095 4541; x_wconf 90' lang='lat'><strong>.:</strong></span> <span class='ocrx_word' id='word_1_716' title='bbox 1130 4486 1370 4558; x_wconf 76' lang='lat' dir='ltr'><strong>Quinque</strong></span> <span class='ocrx_word' id='word_1_717' title='bbox 1391 4488 1518 4541; x_wconf 80' lang='lat' dir='ltr'><strong>mihi</strong></span> <span class='ocrx_word' id='word_1_718' title='bbox 1546 4503 1671 4557; x_wconf 86' lang='lat' dir='ltr'><strong>pro-</strong></span> <span class='ocrx_word' id='word_1_719' title='bbox 1710 4480 2039 4565; x_wconf 78' lang='lat' dir='ltr'><strong>Depistolas</strong></span> <span class='ocrx_word' id='word_1_720' title='bbox 2090 4478 2522 4550; x_wconf 72' lang='lat' dir='ltr'><strong>Pelagianorum,</strong></span> <span class='ocrx_word' id='word_1_721' title='bbox 2554 4476 2673 4531; x_wconf 89' lang='lat' dir='ltr'><strong>libri</strong></span> <span class='ocrx_word' id='word_1_722' title='bbox 2703 4492 2778 4531; x_wconf 84' lang='lat' dir='ltr'><strong>IV.</strong></span> <span class='ocrx_word' id='word_1_723' title='bbox 2809 4474 2923 4565; x_wconf 82' lang='lat' dir='ltr'><strong>Hoc</strong></span> <span class='ocrx_word' id='word_1_724' title='bbox 2947 4491 3085 4545; x_wconf 79' lang='lat' dir='ltr'><strong>opus</strong></span> <span class='ocrx_word' id='word_1_725' title='bbox 3106 4476 3187 4533; x_wconf 89' lang='lat' dir='ltr'><strong>sic</strong></span> <span class='ocrx_word' id='word_1_726' title='bbox 3215 4476 3355 4533; x_wconf 82' lang='lat' dir='ltr'><strong>inci-</strong></span> 
     </span>
    </p>
   </div>
   <div class='ocr_carea' id='block_1_82' title="bbox 53 4578 1673 4651">
    <p class='ocr_par' dir='ltr' id='par_1_82' title="bbox 53 4578 1673 4651">
     <span class='ocr_line' id='line_1_82' title="bbox 53 4578 1673 4651; baseline -0.002 -14"><span class='ocrx_word' id='word_1_727' title='bbox 53 4583 293 4649; x_wconf 75' lang='lat' dir='ltr'><strong>posuisti</strong></span> <span class='ocrx_word' id='word_1_728' title='bbox 316 4580 647 4637; x_wconf 64' lang='lat' dir='ltr'><strong>tractandas</strong></span> <span class='ocrx_word' id='word_1_729' title='bbox 668 4580 1009 4651; x_wconf 68' lang='lat' dir='ltr'><strong>qucuiones.</strong></span> <span class='ocrx_word' id='word_1_730' title='bbox 1052 4580 1127 4635; x_wconf 86' lang='lat' dir='ltr'><strong>De</strong></span> <span class='ocrx_word' id='word_1_731' title='bbox 1145 4579 1340 4650; x_wconf 88' lang='lat' dir='ltr'><strong>spiritu</strong></span> <span class='ocrx_word' id='word_1_732' title='bbox 1385 4588 1441 4634; x_wconf 91' lang='lat' dir='ltr'><strong>et</strong></span> <span class='ocrx_word' id='word_1_733' title='bbox 1469 4578 1673 4644; x_wconf 88' lang='lat' dir='ltr'><strong>littera,</strong></span> 
     </span>
    </p>
   </div>
   <div class='ocr_carea' id='block_1_83' title="bbox 50 4671 1673 4742">
    <p class='ocr_par' dir='ltr' id='par_1_83' title="bbox 50 4671 1673 4742">
     <span class='ocr_line' id='line_1_83' title="bbox 50 4671 1673 4742; baseline -0.004 -11"><span class='ocrx_word' id='word_1_734' title='bbox 50 4677 125 4733; x_wconf 86' lang='lat' dir='ltr'><strong>ad</strong></span> <span class='ocrx_word' id='word_1_735' title='bbox 151 4674 597 4740; x_wconf 68' lang='lat' dir='ltr'><strong>Marcellinum,</strong></span> <span class='ocrx_word' id='word_1_736' title='bbox 636 4672 774 4729; x_wconf 83' lang='lat' dir='ltr'><strong>liber</strong></span> <span class='ocrx_word' id='word_1_737' title='bbox 816 4688 978 4728; x_wconf 87' lang='lat' dir='ltr'><strong>unus.</strong></span> <span class='ocrx_word' id='word_1_738' title='bbox 1012 4671 1113 4728; x_wconf 85' lang='lat' dir='ltr'><strong>Hic</strong></span> <span class='ocrx_word' id='word_1_739' title='bbox 1152 4672 1288 4728; x_wconf 84' lang='lat' dir='ltr'><strong>liber</strong></span> <span class='ocrx_word' id='word_1_740' title='bbox 1316 4672 1396 4728; x_wconf 84' lang='lat' dir='ltr'><strong>sic</strong></span> <span class='ocrx_word' id='word_1_741' title='bbox 1446 4671 1673 4742; x_wconf 90' lang='lat' dir='ltr'><strong>incipit:</strong></span> 
     </span>
    </p>
   </div>
   <div class='ocr_carea' id='block_1_84' title="bbox 50 4763 1677 4840">
    <p class='ocr_par' dir='ltr' id='par_1_84' title="bbox 50 4763 1677 4840">
     <span class='ocr_line' id='line_1_84' title="bbox 50 4763 1677 4840; baseline -0.004 -17"><span class='ocrx_word' id='word_1_742' title='bbox 50 4768 233 4825; x_wconf 82' lang='lat' dir='ltr'><strong>Lectis</strong></span> <span class='ocrx_word' id='word_1_743' title='bbox 253 4765 545 4840; x_wconf 64' lang='lat' dir='ltr'><strong>annalis</strong></span> <span class='ocrx_word' id='word_1_744' title='bbox 590 4782 723 4837; x_wconf 73' lang='lat' dir='ltr'><strong>quia.</strong></span> <span class='ocrx_word' id='word_1_745' title='bbox 751 4766 822 4821; x_wconf 86' lang='lat' dir='ltr'><strong>ad</strong></span> <span class='ocrx_word' id='word_1_746' title='bbox 846 4774 896 4820; x_wconf 89' lang='lat' dir='ltr'><strong>te</strong></span> <span class='ocrx_word' id='word_1_747' title='bbox 940 4778 1108 4837; x_wconf 86' lang='lat' dir='ltr'><strong>nuper</strong></span> <span class='ocrx_word' id='word_1_748' title='bbox 1150 4764 1440 4823; x_wconf 70' lang='lat' dir='ltr'><strong>elaboravi.</strong></span> <span class='ocrx_word' id='word_1_749' title='bbox 1470 4763 1568 4831; x_wconf 78' lang='lat' dir='ltr'><strong>ﬁli.</strong></span> <span class='ocrx_word' id='word_1_750' title='bbox 1605 4765 1677 4818; x_wconf 84' lang='lat' dir='ltr'><strong>De</strong></span> 
     </span>
    </p>
   </div>
   <div class='ocr_carea' id='block_1_85' title="bbox 48 4856 1676 4934">
    <p class='ocr_par' dir='ltr' id='par_1_85' title="bbox 48 4856 1676 4934">
     <span class='ocr_line' id='line_1_85' title="bbox 48 4856 1676 4934; baseline -0.007 -12"><span class='ocrx_word' id='word_1_751' title='bbox 48 4865 159 4921; x_wconf 73' lang='lat' dir='ltr'><strong>(ide</strong></span> <span class='ocrx_word' id='word_1_752' title='bbox 186 4874 251 4921; x_wconf 84' lang='lat' dir='ltr'><strong>et</strong></span> <span class='ocrx_word' id='word_1_753' title='bbox 291 4861 593 4934; x_wconf 79' lang='lat' dir='ltr'><strong>operibus,</strong></span> <span class='ocrx_word' id='word_1_754' title='bbox 645 4860 785 4917; x_wconf 85' lang='lat' dir='ltr'><strong>liber</strong></span> <span class='ocrx_word' id='word_1_755' title='bbox 814 4873 976 4915; x_wconf 89' lang='lat' dir='ltr'><strong>unus.</strong></span> <span class='ocrx_word' id='word_1_756' title='bbox 1033 4858 1132 4915; x_wconf 83' lang='lat' dir='ltr'><strong>Hic</strong></span> <span class='ocrx_word' id='word_1_757' title='bbox 1181 4858 1319 4913; x_wconf 91' lang='lat' dir='ltr'><strong>liber</strong></span> <span class='ocrx_word' id='word_1_758' title='bbox 1355 4857 1437 4912; x_wconf 87' lang='lat' dir='ltr'><strong>sic</strong></span> <span class='ocrx_word' id='word_1_759' title='bbox 1464 4856 1676 4926; x_wconf 84' lang='lat' dir='ltr'><strong>incipit.</strong></span> 
     </span>
    </p>
   </div>
   <div class='ocr_carea' id='block_1_86' title="bbox 50 4946 1680 5021">
    <p class='ocr_par' dir='ltr' id='par_1_86' title="bbox 50 4946 1680 5021">
     <span class='ocr_line' id='line_1_86' title="bbox 50 4946 1680 5021; baseline -0.007 -10"><span class='ocrx_word' id='word_1_760' title='bbox 50 4956 427 5021; x_wconf 64' lang='lat' dir='ltr'><strong>Quibusdam</strong></span> <span class='ocrx_word' id='word_1_761' title='bbox 454 4952 678 5007; x_wconf 70' lang='lat' dir='ltr'><strong>videtur.</strong></span> <span class='ocrx_word' id='word_1_762' title='bbox 724 4948 1037 5006; x_wconf 79' lang='lat' dir='ltr'><strong>Breviculus</strong></span> <span class='ocrx_word' id='word_1_763' title='bbox 1059 4948 1365 5005; x_wconf 83' lang='lat' dir='ltr'><strong>collationis</strong></span> <span class='ocrx_word' id='word_1_764' title='bbox 1415 4963 1538 5003; x_wconf 84' lang='lat' dir='ltr'><strong>cum</strong></span> <span class='ocrx_word' id='word_1_765' title='bbox 1573 4946 1680 5000; x_wconf 86' lang='lat' dir='ltr'><strong>Do-</strong></span> 
     </span>
    </p>
   </div>
   <div class='ocr_carea' id='block_1_87' title="bbox 49 5039 1679 5111">
    <p class='ocr_par' dir='ltr' id='par_1_87' title="bbox 49 5039 1679 5111">
     <span class='ocr_line' id='line_1_87' title="bbox 49 5039 1679 5111; baseline -0.006 -8"><span class='ocrx_word' id='word_1_766' title='bbox 49 5047 313 5111; x_wconf 63' lang='lat' dir='ltr'><strong>natistis,</strong></span> <span class='ocrx_word' id='word_1_767' title='bbox 355 5043 490 5105; x_wconf 69' lang='lat' dir='ltr'><strong>libri</strong></span> <span class='ocrx_word' id='word_1_768' title='bbox 514 5058 598 5101; x_wconf 77' lang='lat' dir='ltr'><strong>ut.</strong></span> <span class='ocrx_word' id='word_1_769' title='bbox 626 5041 901 5111; x_wconf 79' lang='lat' dir='ltr'><strong>Hoc-opus</strong></span> <span class='ocrx_word' id='word_1_770' title='bbox 921 5040 1001 5096; x_wconf 80' lang='lat' dir='ltr'><strong>sic</strong></span> <span class='ocrx_word' id='word_1_771' title='bbox 1027 5039 1214 5108; x_wconf 83' lang='lat' dir='ltr'><strong>incipit</strong></span> <span class='ocrx_word' id='word_1_772' title='bbox 1236 5056 1254 5093; x_wconf 84' lang='lat'><strong>:</strong></span> <span class='ocrx_word' id='word_1_773' title='bbox 1276 5039 1408 5093; x_wconf 79' lang='lat' dir='ltr'><strong>Cum</strong></span> <span class='ocrx_word' id='word_1_774' title='bbox 1434 5039 1679 5094; x_wconf 80' lang='lat' dir='ltr'><strong>catholici</strong></span> 
     </span>
    </p>
   </div>
   <div class='ocr_carea' id='block_1_88' title="bbox 46 5129 1681 5208">
    <p class='ocr_par' dir='ltr' id='par_1_88' title="bbox 46 5129 1681 5208">
     <span class='ocr_line' id='line_1_88' title="bbox 46 5129 1681 5208; baseline -0.004 -16"><span class='ocrx_word' id='word_1_775' title='bbox 46 5137 309 5208; x_wconf 63' lang='lat' dir='ltr'><strong>episcopi</strong></span> <span class='ocrx_word' id='word_1_776' title='bbox 330 5143 393 5189; x_wconf 74' lang='lat' dir='ltr'><strong>et</strong></span> <span class='ocrx_word' id='word_1_777' title='bbox 423 5133 590 5203; x_wconf 79' lang='lat' dir='ltr'><strong>partis</strong></span> <span class='ocrx_word' id='word_1_778' title='bbox 622 5132 837 5193; x_wconf 77' lang='lat' dir='ltr'><strong>Donati.</strong></span> <span class='ocrx_word' id='word_1_779' title='bbox 870 5130 1001 5187; x_wconf 86' lang='lat' dir='ltr'><strong>Post</strong></span> <span class='ocrx_word' id='word_1_780' title='bbox 1023 5129 1547 5191; x_wconf 82' lang='lat' dir='ltr'><strong>collationescontra</strong></span> <span class='ocrx_word' id='word_1_781' title='bbox 1577 5130 1681 5185; x_wconf 88' lang='lat' dir='ltr'><strong>Dn-</strong></span> 
     </span>
    </p>
   </div>
   <div class='ocr_carea' id='block_1_89' title="bbox 46 5222 1680 5293">
    <p class='ocr_par' dir='ltr' id='par_1_89' title="bbox 46 5222 1680 5293">
     <span class='ocr_line' id='line_1_89' title="bbox 46 5222 1680 5293; baseline -0.005 -8"><span class='ocrx_word' id='word_1_782' title='bbox 46 5232 331 5293; x_wconf 70' lang='lat' dir='ltr'><strong>natistas.</strong></span> <span class='ocrx_word' id='word_1_783' title='bbox 389 5227 533 5285; x_wconf 81' lang='lat' dir='ltr'><strong>liber</strong></span> <span class='ocrx_word' id='word_1_784' title='bbox 579 5224 879 5281; x_wconf 78' lang='lat' dir='ltr'><strong>unus.llic</strong></span> <span class='ocrx_word' id='word_1_785' title='bbox 928 5224 1066 5280; x_wconf 88' lang='lat' dir='ltr'><strong>liber</strong></span> <span class='ocrx_word' id='word_1_786' title='bbox 1099 5224 1181 5281; x_wconf 87' lang='lat' dir='ltr'><strong>sic</strong></span> <span class='ocrx_word' id='word_1_787' title='bbox 1233 5223 1422 5293; x_wconf 86' lang='lat' dir='ltr'><strong>incipit</strong></span> <span class='ocrx_word' id='word_1_788' title='bbox 1471 5241 1486 5278; x_wconf 89' lang='lat'><strong>:</strong></span> <span class='ocrx_word' id='word_1_789' title='bbox 1538 5222 1680 5289; x_wconf 85' lang='lat' dir='ltr'><strong>Quid</strong></span> 
     </span>
    </p>
   </div>
   <div class='ocr_carea' id='block_1_90' title="bbox 44 5318 1679 5393">
    <p class='ocr_par' dir='ltr' id='par_1_90' title="bbox 44 5318 1679 5393">
     <span class='ocr_line' id='line_1_90' title="bbox 44 5318 1679 5393; baseline -0.006 -10"><span class='ocrx_word' id='word_1_790' title='bbox 44 5332 264 5393; x_wconf 70' lang='lat' dir='ltr'><strong>adnue,</strong></span> <span class='ocrx_word' id='word_1_791' title='bbox 326 5324 661 5388; x_wconf 60' lang='lat' dir='ltr'><strong>Donatista,</strong></span> <span class='ocrx_word' id='word_1_792' title='bbox 708 5322 1040 5378; x_wconf 82' lang='lat' dir='ltr'><strong>seducimini.</strong></span> <span class='ocrx_word' id='word_1_793' title='bbox 1099 5320 1175 5375; x_wconf 89' lang='lat' dir='ltr'><strong>De</strong></span> <span class='ocrx_word' id='word_1_794' title='bbox 1216 5318 1450 5374; x_wconf 78' lang='lat' dir='ltr'><strong>videndo</strong></span> <span class='ocrx_word' id='word_1_795' title='bbox 1488 5319 1679 5384; x_wconf 86' lang='lat' dir='ltr'><strong>Demn,</strong></span> 
     </span>
    </p>
   </div>
   <div class='ocr_carea' id='block_1_91' title="bbox 42 5409 1680 5482">
    <p class='ocr_par' dir='ltr' id='par_1_91' title="bbox 42 5409 1680 5482">
     <span class='ocr_line' id='line_1_91' title="bbox 42 5409 1680 5482; baseline -0.007 -7"><span class='ocrx_word' id='word_1_796' title='bbox 42 5420 196 5476; x_wconf 75' lang='lat' dir='ltr'><strong>liber</strong></span> <span class='ocrx_word' id='word_1_797' title='bbox 224 5431 422 5477; x_wconf 72' lang='grc' dir='ltr'>ωιιιε.</span> <span class='ocrx_word' id='word_1_798' title='bbox 454 5412 553 5471; x_wconf 79' lang='lat' dir='ltr'><strong>llic</strong></span> <span class='ocrx_word' id='word_1_799' title='bbox 575 5413 712 5469; x_wconf 85' lang='lat' dir='ltr'><strong>liber</strong></span> <span class='ocrx_word' id='word_1_800' title='bbox 735 5414 817 5468; x_wconf 87' lang='lat' dir='ltr'><strong>sic</strong></span> <span class='ocrx_word' id='word_1_801' title='bbox 842 5412 1034 5482; x_wconf 88' lang='lat' dir='ltr'><strong>incipit</strong></span> <span class='ocrx_word' id='word_1_802' title='bbox 1061 5425 1078 5466; x_wconf 87' lang='lat'><strong>:</strong></span> <span class='ocrx_word' id='word_1_803' title='bbox 1112 5410 1316 5464; x_wconf 82' lang='lat' dir='ltr'><strong>Memor</strong></span> <span class='ocrx_word' id='word_1_804' title='bbox 1343 5409 1524 5474; x_wconf 80' lang='lat' dir='ltr'><strong>debiti,</strong></span> <span class='ocrx_word' id='word_1_805' title='bbox 1546 5409 1680 5464; x_wconf 79' lang='lat' dir='ltr'><strong>illud</strong></span> 
     </span>
    </p>
   </div>
   <div class='ocr_carea' id='block_1_92' title="bbox 43 5499 1678 5573">
    <p class='ocr_par' dir='ltr' id='par_1_92' title="bbox 43 5499 1678 5573">
     <span class='ocr_line' id='line_1_92' title="bbox 43 5499 1678 5573; baseline -0.008 -9"><span class='ocrx_word' id='word_1_806' title='bbox 43 5521 240 5567; x_wconf 67' lang='lat' dir='ltr'><strong>autem</strong></span> <span class='ocrx_word' id='word_1_807' title='bbox 292 5506 390 5562; x_wconf 78' lang='lat' dir='ltr'><strong>sic</strong></span> <span class='ocrx_word' id='word_1_808' title='bbox 437 5502 646 5573; x_wconf 66' lang='lat' dir='ltr'><strong>rogaui,</strong></span> <span class='ocrx_word' id='word_1_809' title='bbox 674 5512 722 5556; x_wconf 85' lang='lat' dir='ltr'><strong>et</strong></span> <span class='ocrx_word' id='word_1_810' title='bbox 752 5517 891 5556; x_wconf 83' lang='lat' dir='ltr'><strong>nunc</strong></span> <span class='ocrx_word' id='word_1_811' title='bbox 934 5514 1259 5555; x_wconf 83' lang='lat' dir='ltr'><strong>commoneo.</strong></span> <span class='ocrx_word' id='word_1_812' title='bbox 1296 5499 1371 5552; x_wconf 86' lang='lat' dir='ltr'><strong>De</strong></span> <span class='ocrx_word' id='word_1_813' title='bbox 1400 5507 1590 5553; x_wconf 79' lang='lat' dir='ltr'><strong>natura</strong></span> <span class='ocrx_word' id='word_1_814' title='bbox 1625 5506 1678 5553; x_wconf 83' lang='lat' dir='ltr'><strong>et</strong></span> 
     </span>
    </p>
   </div>
   <div class='ocr_carea' id='block_1_93' title="bbox 42 5587 1682 5677">
    <p class='ocr_par' dir='ltr' id='par_1_93' title="bbox 42 5587 1682 5677">
     <span class='ocr_line' id='line_1_93' title="bbox 42 5587 1682 5677; baseline -0.01 -17"><span class='ocrx_word' id='word_1_815' title='bbox 42 5598 270 5677; x_wconf 58' lang='lat' dir='ltr'><strong>gratia,</strong></span> <span class='ocrx_word' id='word_1_816' title='bbox 325 5595 483 5653; x_wconf 80' lang='lat' dir='ltr'><strong>liber</strong></span> <span class='ocrx_word' id='word_1_817' title='bbox 513 5610 672 5651; x_wconf 86' lang='lat' dir='ltr'><strong>unus.</strong></span> <span class='ocrx_word' id='word_1_818' title='bbox 718 5592 821 5648; x_wconf 81' lang='lat' dir='ltr'><strong>llic</strong></span> <span class='ocrx_word' id='word_1_819' title='bbox 872 5592 1010 5647; x_wconf 86' lang='lat' dir='ltr'><strong>liber</strong></span> <span class='ocrx_word' id='word_1_820' title='bbox 1059 5591 1142 5647; x_wconf 90' lang='lat' dir='ltr'><strong>sic</strong></span> <span class='ocrx_word' id='word_1_821' title='bbox 1181 5590 1370 5660; x_wconf 88' lang='lat' dir='ltr'><strong>incipit</strong></span> <span class='ocrx_word' id='word_1_822' title='bbox 1409 5605 1425 5643; x_wconf 92' lang='lat'><strong>:</strong></span> <span class='ocrx_word' id='word_1_823' title='bbox 1464 5587 1682 5643; x_wconf 81' lang='lat' dir='ltr'><strong>Librum</strong></span> 
     </span>
    </p>
   </div>
   <div class='ocr_carea' id='block_1_94' title="bbox 39 5679 1683 5765">
    <p class='ocr_par' dir='ltr' id='par_1_94' title="bbox 39 5679 1683 5765">
     <span class='ocr_line' id='line_1_94' title="bbox 39 5679 1683 5765; baseline -0.009 -16"><span class='ocrx_word' id='word_1_824' title='bbox 39 5710 211 5765; x_wconf 71' lang='lat' dir='ltr'><strong>quem</strong></span> <span class='ocrx_word' id='word_1_825' title='bbox 245 5688 517 5747; x_wconf 79' lang='lat' dir='ltr'><strong>misistis.</strong></span> <span class='ocrx_word' id='word_1_826' title='bbox 568 5687 643 5741; x_wconf 84' lang='lat' dir='ltr'><strong>De</strong></span> <span class='ocrx_word' id='word_1_827' title='bbox 671 5685 888 5745; x_wconf 78' lang='lat' dir='ltr'><strong>civitate</strong></span> <span class='ocrx_word' id='word_1_828' title='bbox 926 5684 1042 5748; x_wconf 75' lang='lat' dir='ltr'><strong>Dei,</strong></span> <span class='ocrx_word' id='word_1_829' title='bbox 1072 5682 1194 5738; x_wconf 91' lang='lat' dir='ltr'><strong>libri</strong></span> <span class='ocrx_word' id='word_1_830' title='bbox 1239 5697 1373 5737; x_wconf 76' lang='lat' dir='ltr'><strong>xxii.</strong></span> <span class='ocrx_word' id='word_1_831' title='bbox 1411 5679 1524 5736; x_wconf 82' lang='lat' dir='ltr'><strong>Hoc</strong></span> <span class='ocrx_word' id='word_1_832' title='bbox 1546 5694 1683 5749; x_wconf 85' lang='lat' dir='ltr'><strong>opus</strong></span> 
     </span>
    </p>
   </div>
   <div class='ocr_carea' id='block_1_95' title="bbox 40 5771 1680 5857">
    <p class='ocr_par' dir='ltr' id='par_1_95' title="bbox 40 5771 1680 5857">
     <span class='ocr_line' id='line_1_95' title="bbox 40 5771 1680 5857; baseline -0.014 -8"><span class='ocrx_word' id='word_1_833' title='bbox 40 5789 129 5849; x_wconf 72' lang='lat' dir='ltr'><strong>sic</strong></span> <span class='ocrx_word' id='word_1_834' title='bbox 149 5784 376 5857; x_wconf 80' lang='lat' dir='ltr'><strong>incipit</strong></span> <span class='ocrx_word' id='word_1_835' title='bbox 411 5778 890 5836; x_wconf 66' lang='lat' dir='ltr'><strong>:ls&#39;loriosissintum</strong></span> <span class='ocrx_word' id='word_1_836' title='bbox 907 5777 1164 5839; x_wconf 70' lang='lat' dir='ltr'><strong>ciuitatem</strong></span> <span class='ocrx_word' id='word_1_837' title='bbox 1188 5776 1280 5832; x_wconf 83' lang='lat' dir='ltr'><strong>Dei</strong></span> <span class='ocrx_word' id='word_1_838' title='bbox 1320 5774 1400 5831; x_wconf 78' lang='lat' dir='ltr'><strong>Ad</strong></span> <span class='ocrx_word' id='word_1_839' title='bbox 1415 5771 1680 5833; x_wconf 83' lang='lat' dir='ltr'><strong>Orosium</strong></span> 
     </span>
    </p>
   </div>
   <div class='ocr_carea' id='block_1_96' title="bbox 542 5890 965 5965">
    <p class='ocr_par' dir='ltr' id='par_1_96' title="bbox 542 5890 965 5965">
     <span class='ocr_line' id='line_1_96' title="bbox 542 5890 965 5965; baseline 0.002 -13"><span class='ocrx_word' id='word_1_840' title='bbox 542 5893 813 5965; x_wconf 60' lang='lat' dir='ltr'><strong>Parcet.</strong></span> <span class='ocrx_word' id='word_1_841' title='bbox 846 5890 965 5953; x_wconf 82' lang='lat' dir='ltr'><strong>CL.</strong></span> 
     </span>
    </p>
   </div>
   <div class='ocr_carea' id='block_1_97' title="bbox 1778 4564 3358 4643">
    <p class='ocr_par' dir='ltr' id='par_1_97' title="bbox 1778 4564 3358 4643">
     <span class='ocr_line' id='line_1_97' title="bbox 1778 4564 3358 4643; baseline -0.003 -17"><span class='ocrx_word' id='word_1_842' title='bbox 1778 4572 1858 4643; x_wconf 92' lang='lat' dir='ltr'><strong>pit</strong></span> <span class='ocrx_word' id='word_1_843' title='bbox 1892 4586 1910 4627; x_wconf 89' lang='lat'><strong>:</strong></span> <span class='ocrx_word' id='word_1_844' title='bbox 1945 4568 2207 4625; x_wconf 74' lang='lat' dir='ltr'><strong>Noveram</strong></span> <span class='ocrx_word' id='word_1_845' title='bbox 2254 4577 2304 4623; x_wconf 91' lang='lat' dir='ltr'><strong>te</strong></span> <span class='ocrx_word' id='word_1_846' title='bbox 2341 4567 2573 4637; x_wconf 77' lang='lat' dir='ltr'><strong>quidem,</strong></span> <span class='ocrx_word' id='word_1_847' title='bbox 2602 4566 2745 4635; x_wconf 87' lang='lat' dir='ltr'><strong>fama</strong></span> <span class='ocrx_word' id='word_1_848' title='bbox 2773 4564 3106 4627; x_wconf 78' lang='lat' dir='ltr'><strong>celeberrima</strong></span> <span class='ocrx_word' id='word_1_849' title='bbox 3156 4567 3358 4634; x_wconf 77' lang='lat' dir='ltr'><strong>pra-di-</strong></span> 
     </span>
    </p>
   </div>
   <div class='ocr_carea' id='block_1_98' title="bbox 1779 4656 3360 4727">
    <p class='ocr_par' dir='ltr' id='par_1_98' title="bbox 1779 4656 3360 4727">
     <span class='ocr_line' id='line_1_98' title="bbox 1779 4656 3360 4727; baseline -0.006 -10"><span class='ocrx_word' id='word_1_850' title='bbox 1779 4670 1951 4719; x_wconf 88' lang='lat' dir='ltr'><strong>cante.</strong></span> <span class='ocrx_word' id='word_1_851' title='bbox 1976 4660 2176 4719; x_wconf 83' lang='lat' dir='ltr'><strong>Contra</strong></span> <span class='ocrx_word' id='word_1_852' title='bbox 2206 4658 2503 4722; x_wconf 74' lang='lat' dir='ltr'><strong>lulianum,</strong></span> <span class='ocrx_word' id='word_1_853' title='bbox 2548 4656 2671 4713; x_wconf 86' lang='lat' dir='ltr'><strong>libri</strong></span> <span class='ocrx_word' id='word_1_854' title='bbox 2701 4673 2776 4712; x_wconf 77' lang='lat' dir='ltr'><strong>vr.</strong></span> <span class='ocrx_word' id='word_1_855' title='bbox 2809 4656 2923 4712; x_wconf 88' lang='lat' dir='ltr'><strong>lloc</strong></span> <span class='ocrx_word' id='word_1_856' title='bbox 2938 4672 3083 4727; x_wconf 83' lang='lat' dir='ltr'><strong>opus</strong></span> <span class='ocrx_word' id='word_1_857' title='bbox 3108 4656 3190 4717; x_wconf 76' lang='lat' dir='ltr'><strong>sic</strong></span> <span class='ocrx_word' id='word_1_858' title='bbox 3218 4656 3360 4713; x_wconf 69' lang='lat' dir='ltr'><strong>inci.</strong></span> 
     </span>
    </p>
   </div>
   <div class='ocr_carea' id='block_1_99' title="bbox 1779 4747 3357 4823">
    <p class='ocr_par' dir='ltr' id='par_1_99' title="bbox 1779 4747 3357 4823">
     <span class='ocr_line' id='line_1_99' title="bbox 1779 4747 3357 4823; baseline -0.003 -16"><span class='ocrx_word' id='word_1_859' title='bbox 1779 4752 1858 4823; x_wconf 90' lang='lat' dir='ltr'><strong>pit</strong></span> <span class='ocrx_word' id='word_1_860' title='bbox 1895 4766 1912 4805; x_wconf 91' lang='lat'><strong>:</strong></span> <span class='ocrx_word' id='word_1_861' title='bbox 1964 4748 2320 4807; x_wconf 82' lang='lat' dir='ltr'><strong>Contumelias</strong></span> <span class='ocrx_word' id='word_1_862' title='bbox 2347 4758 2466 4805; x_wconf 88' lang='lat' dir='ltr'><strong>tuas</strong></span> <span class='ocrx_word' id='word_1_863' title='bbox 2494 4759 2540 4804; x_wconf 86' lang='lat' dir='ltr'><strong>et</strong></span> <span class='ocrx_word' id='word_1_864' title='bbox 2592 4748 2747 4804; x_wconf 80' lang='lat' dir='ltr'><strong>verba</strong></span> <span class='ocrx_word' id='word_1_865' title='bbox 2788 4749 3088 4813; x_wconf 84' lang='lat' dir='ltr'><strong>maledicto,</strong></span> <span class='ocrx_word' id='word_1_866' title='bbox 3118 4747 3357 4807; x_wconf 79' lang='lat' dir='ltr'><strong>Juliane.</strong></span> 
     </span>
    </p>
   </div>
   <div class='ocr_carea' id='block_1_100' title="bbox 1778 4839 3358 4911">
    <p class='ocr_par' dir='ltr' id='par_1_100' title="bbox 1778 4839 3358 4911">
     <span class='ocr_line' id='line_1_100' title="bbox 1778 4839 3358 4911; baseline -0.003 -10"><span class='ocrx_word' id='word_1_867' title='bbox 1778 4848 1857 4901; x_wconf 81' lang='lat' dir='ltr'><strong>Ad</strong></span> <span class='ocrx_word' id='word_1_868' title='bbox 1876 4844 2228 4901; x_wconf 84' lang='lat' dir='ltr'><strong>Laurentium</strong></span> <span class='ocrx_word' id='word_1_869' title='bbox 2252 4843 2339 4899; x_wconf 89' lang='lat' dir='ltr'><strong>De</strong></span> <span class='ocrx_word' id='word_1_870' title='bbox 2365 4841 2491 4909; x_wconf 88' lang='lat' dir='ltr'><strong>lide,</strong></span> <span class='ocrx_word' id='word_1_871' title='bbox 2517 4856 2613 4911; x_wconf 84' lang='lat' dir='ltr'><strong>spe</strong></span> <span class='ocrx_word' id='word_1_872' title='bbox 2636 4850 2691 4905; x_wconf 83' lang='lat' dir='ltr'><strong>et</strong></span> <span class='ocrx_word' id='word_1_873' title='bbox 2720 4841 3006 4906; x_wconf 78' lang='lat' dir='ltr'><strong>charitste,</strong></span> <span class='ocrx_word' id='word_1_874' title='bbox 3037 4840 3175 4897; x_wconf 85' lang='lat' dir='ltr'><strong>liber</strong></span> <span class='ocrx_word' id='word_1_875' title='bbox 3199 4855 3238 4896; x_wconf 89' lang='grc' dir='ltr'><strong>ι.</strong></span> <span class='ocrx_word' id='word_1_876' title='bbox 3257 4839 3358 4897; x_wconf 80' lang='lat' dir='ltr'><strong>Hic</strong></span> 
     </span>
    </p>
   </div>
   <div class='ocr_carea' id='block_1_101' title="bbox 1780 4929 3359 5006">
    <p class='ocr_par' dir='ltr' id='par_1_101' title="bbox 1780 4929 3359 5006">
     <span class='ocr_line' id='line_1_101' title="bbox 1780 4929 3359 5006; baseline -0.006 -12"><span class='ocrx_word' id='word_1_877' title='bbox 1780 4938 1916 4996; x_wconf 84' lang='lat' dir='ltr'><strong>liber</strong></span> <span class='ocrx_word' id='word_1_878' title='bbox 1959 4937 2039 4992; x_wconf 89' lang='lat' dir='ltr'><strong>sic</strong></span> <span class='ocrx_word' id='word_1_879' title='bbox 2081 4935 2316 5006; x_wconf 89' lang='lat' dir='ltr'><strong>incipit:</strong></span> <span class='ocrx_word' id='word_1_880' title='bbox 2349 4934 2465 4989; x_wconf 85' lang='lat' dir='ltr'><strong>Dici</strong></span> <span class='ocrx_word' id='word_1_881' title='bbox 2512 4949 2616 4989; x_wconf 87' lang='lat' dir='ltr'><strong>non</strong></span> <span class='ocrx_word' id='word_1_882' title='bbox 2663 4942 2849 5003; x_wconf 83' lang='lat' dir='ltr'><strong>potest,</strong></span> <span class='ocrx_word' id='word_1_883' title='bbox 2893 4931 3229 4991; x_wconf 59' lang='lat' dir='ltr'><strong>dilectissime</strong></span> <span class='ocrx_word' id='word_1_884' title='bbox 3279 4929 3359 5001; x_wconf 73' lang='lat' dir='ltr'><strong>ﬁli</strong></span> 
     </span>
    </p>
   </div>
   <div class='ocr_carea' id='block_1_102' title="bbox 1778 5024 3358 5099">
    <p class='ocr_par' dir='ltr' id='par_1_102' title="bbox 1778 5024 3358 5099">
     <span class='ocr_line' id='line_1_102' title="bbox 1778 5024 3358 5099; baseline -0.006 -13"><span class='ocrx_word' id='word_1_885' title='bbox 1778 5030 2328 5099; x_wconf 74' lang='lat' dir='ltr'><strong>Laurerui,quantum</strong></span> <span class='ocrx_word' id='word_1_886' title='bbox 2368 5036 2473 5085; x_wconf 17' lang='lat' dir='ltr'><strong>tua.</strong></span> <span class='ocrx_word' id='word_1_887' title='bbox 2504 5025 2800 5089; x_wconf 75' lang='lat' dir='ltr'><strong>eruditione</strong></span> <span class='ocrx_word' id='word_1_888' title='bbox 2836 5024 3079 5081; x_wconf 82' lang='lat' dir='ltr'><strong>delecter.</strong></span> <span class='ocrx_word' id='word_1_889' title='bbox 3107 5024 3184 5079; x_wconf 84' lang='lat' dir='ltr'><strong>De</strong></span> <span class='ocrx_word' id='word_1_890' title='bbox 3225 5038 3358 5083; x_wconf 74' lang='lat' dir='ltr'><strong>cura</strong></span> 
     </span>
    </p>
   </div>
   <div class='ocr_carea' id='block_1_103' title="bbox 1780 5108 3355 5193">
    <p class='ocr_par' dir='ltr' id='par_1_103' title="bbox 1780 5108 3355 5193">
     <span class='ocr_line' id='line_1_103' title="bbox 1780 5108 3355 5193; baseline -0.005 -18"><span class='ocrx_word' id='word_1_891' title='bbox 1780 5136 1880 5193; x_wconf 89' lang='lat' dir='ltr'><strong>pro</strong></span> <span class='ocrx_word' id='word_1_892' title='bbox 1906 5120 2137 5179; x_wconf 84' lang='lat' dir='ltr'><strong>mortuis</strong></span> <span class='ocrx_word' id='word_1_893' title='bbox 2157 5117 2392 5191; x_wconf 73' lang='lat' dir='ltr'><strong>gerenda</strong></span> <span class='ocrx_word' id='word_1_894' title='bbox 2414 5116 2480 5172; x_wconf 86' lang='lat' dir='ltr'><strong>ad</strong></span> <span class='ocrx_word' id='word_1_895' title='bbox 2502 5115 2786 5177; x_wconf 82' lang='lat' dir='ltr'><strong>Paulinum</strong></span> <span class='ocrx_word' id='word_1_896' title='bbox 2810 5108 3143 5187; x_wconf 79' lang='lat' dir='ltr'><strong>episcopum,</strong></span> <span class='ocrx_word' id='word_1_897' title='bbox 3161 5112 3297 5170; x_wconf 86' lang='lat' dir='ltr'><strong>liber</strong></span> <span class='ocrx_word' id='word_1_898' title='bbox 3318 5128 3355 5167; x_wconf 85' lang='grc' dir='ltr'><strong>ι.</strong></span> 
     </span>
    </p>
   </div>
   <div class='ocr_carea' id='block_1_104' title="bbox 1781 5207 3360 5282">
    <p class='ocr_par' dir='ltr' id='par_1_104' title="bbox 1781 5207 3360 5282">
     <span class='ocr_line' id='line_1_104' title="bbox 1781 5207 3360 5282; baseline -0.006 -12"><span class='ocrx_word' id='word_1_899' title='bbox 1781 5216 1880 5271; x_wconf 89' lang='lat' dir='ltr'><strong>llic</strong></span> <span class='ocrx_word' id='word_1_900' title='bbox 1910 5214 2048 5269; x_wconf 88' lang='lat' dir='ltr'><strong>liber</strong></span> <span class='ocrx_word' id='word_1_901' title='bbox 2069 5213 2151 5267; x_wconf 89' lang='lat' dir='ltr'><strong>sic</strong></span> <span class='ocrx_word' id='word_1_902' title='bbox 2178 5212 2369 5282; x_wconf 90' lang='lat' dir='ltr'><strong>incipit</strong></span> <span class='ocrx_word' id='word_1_903' title='bbox 2406 5227 2421 5266; x_wconf 85' lang='lat'><strong>;</strong></span> <span class='ocrx_word' id='word_1_904' title='bbox 2447 5210 2552 5264; x_wconf 87' lang='lat' dir='ltr'><strong>Diu</strong></span> <span class='ocrx_word' id='word_1_905' title='bbox 2601 5209 2870 5271; x_wconf 75' lang='lat' dir='ltr'><strong>sanctitati</strong></span> <span class='ocrx_word' id='word_1_906' title='bbox 2897 5220 3025 5274; x_wconf 77' lang='lat' dir='ltr'><strong>tute,</strong></span> <span class='ocrx_word' id='word_1_907' title='bbox 3061 5207 3360 5278; x_wconf 69' lang='lat' dir='ltr'><strong>coepiscopo</strong></span> 
     </span>
    </p>
   </div>
   <div class='ocr_carea' id='block_1_105' title="bbox 1778 5301 3193 5361">
    <p class='ocr_par' dir='ltr' id='par_1_105' title="bbox 1778 5301 3193 5361">
     <span class='ocr_line' id='line_1_105' title="bbox 1778 5301 3193 5361; baseline -0.018 0"><span class='ocrx_word' id='word_1_908' title='bbox 1778 5304 2068 5361; x_wconf 69' lang='lat' dir='ltr'><strong>uenerande</strong></span> <span class='ocrx_word' id='word_1_909' title='bbox 2093 5301 2340 5361; x_wconf 74' lang='lat' dir='ltr'><strong>Pauline.</strong></span> <span class='ocrx_word' id='word_1_910' title='bbox 2430 5334 2433 5339; x_wconf 93' lang='lat'><strong><em>-</em></strong></span> <span class='ocrx_word' id='word_1_911' title='bbox 3014 5342 3019 5349; x_wconf 68' lang='grc'><em>,</em></span> <span class='ocrx_word' id='word_1_912' title='bbox 3090 5318 3093 5319; x_wconf 51' lang='grc' dir='ltr'><em>ν</em></span> <span class='ocrx_word' id='word_1_913' title='bbox 3184 5314 3193 5335; x_wconf 76' lang='grc'>;</span> 
     </span>
    </p>
   </div>
   <div class='ocr_carea' id='block_1_106' title="bbox 1854 5375 3365 5463">
    <p class='ocr_par' dir='ltr' id='par_1_106' title="bbox 1854 5375 3365 5463">
     <span class='ocr_line' id='line_1_106' title="bbox 1854 5375 3365 5463; baseline -0.011 -5"><span class='ocrx_word' id='word_1_914' title='bbox 1854 5397 1930 5457; x_wconf 75' lang='lat' dir='ltr'><strong>De</strong></span> <span class='ocrx_word' id='word_1_915' title='bbox 1968 5375 2103 5457; x_wconf 18' lang='lat' dir='ltr'><strong>octo,</strong></span> <span class='ocrx_word' id='word_1_916' title='bbox 2131 5393 2343 5453; x_wconf 75' lang='lat' dir='ltr'><strong>Dulcitii</strong></span> <span class='ocrx_word' id='word_1_917' title='bbox 2372 5389 2796 5463; x_wconf 70' lang='lat' dir='ltr'><strong>quaestionibus,</strong></span> <span class='ocrx_word' id='word_1_918' title='bbox 2830 5388 2967 5451; x_wconf 81' lang='lat' dir='ltr'><strong>liber</strong></span> <span class='ocrx_word' id='word_1_919' title='bbox 3007 5404 3047 5451; x_wconf 85' lang='lat' dir='ltr'><strong>I.</strong></span> <span class='ocrx_word' id='word_1_920' title='bbox 3079 5387 3180 5451; x_wconf 71' lang='lat' dir='ltr'><strong>llic</strong></span> <span class='ocrx_word' id='word_1_921' title='bbox 3218 5386 3365 5444; x_wconf 74' lang='lat' dir='ltr'><strong>liber</strong></span> 
     </span>
    </p>
   </div>
   <div class='ocr_carea' id='block_1_107' title="bbox 1781 5478 3364 5558">
    <p class='ocr_par' dir='ltr' id='par_1_107' title="bbox 1781 5478 3364 5558">
     <span class='ocr_line' id='line_1_107' title="bbox 1781 5478 3364 5558; baseline -0.009 -11"><span class='ocrx_word' id='word_1_922' title='bbox 1781 5491 1859 5547; x_wconf 79' lang='lat' dir='ltr'><strong>sic</strong></span> <span class='ocrx_word' id='word_1_923' title='bbox 1907 5489 2097 5558; x_wconf 85' lang='lat' dir='ltr'><strong>incipit</strong></span> <span class='ocrx_word' id='word_1_924' title='bbox 2127 5504 2141 5542; x_wconf 89' lang='lat'><strong>:</strong></span> <span class='ocrx_word' id='word_1_925' title='bbox 2176 5486 2443 5552; x_wconf 80' lang='lat' dir='ltr'><strong>Quantum</strong></span> <span class='ocrx_word' id='word_1_926' title='bbox 2486 5484 2614 5537; x_wconf 80' lang='lat' dir='ltr'><strong>milii</strong></span> <span class='ocrx_word' id='word_1_927' title='bbox 2650 5482 2874 5546; x_wconf 74' lang='lat' dir='ltr'><strong>videtur,</strong></span> <span class='ocrx_word' id='word_1_928' title='bbox 2902 5480 3235 5535; x_wconf 72' lang='lat' dir='ltr'><strong>dilectissime</strong></span> <span class='ocrx_word' id='word_1_929' title='bbox 3280 5478 3364 5549; x_wconf 80' lang='lat' dir='ltr'><strong>fili</strong></span> 
     </span>
    </p>
   </div>
   <div class='ocr_carea' id='block_1_108' title="bbox 1782 5570 3364 5642">
    <p class='ocr_par' dir='ltr' id='par_1_108' title="bbox 1782 5570 3364 5642">
     <span class='ocr_line' id='line_1_108' title="bbox 1782 5570 3364 5642; baseline -0.006 -7"><span class='ocrx_word' id='word_1_930' title='bbox 1782 5581 2000 5635; x_wconf 84' lang='lat' dir='ltr'><strong>Dulciti.</strong></span> <span class='ocrx_word' id='word_1_931' title='bbox 2029 5579 2109 5634; x_wconf 84' lang='lat' dir='ltr'><strong>Ad</strong></span> <span class='ocrx_word' id='word_1_932' title='bbox 2151 5576 2492 5632; x_wconf 81' lang='lat' dir='ltr'><strong>Valentinum</strong></span> <span class='ocrx_word' id='word_1_933' title='bbox 2519 5585 2575 5629; x_wconf 86' lang='lat' dir='ltr'><strong>et</strong></span> <span class='ocrx_word' id='word_1_934' title='bbox 2598 5573 2663 5626; x_wconf 88' lang='lat' dir='ltr'><strong>ad</strong></span> <span class='ocrx_word' id='word_1_935' title='bbox 2691 5588 2785 5627; x_wconf 91' lang='lat' dir='ltr'><strong>eos</strong></span> <span class='ocrx_word' id='word_1_936' title='bbox 2814 5574 2904 5642; x_wconf 88' lang='lat' dir='ltr'><strong>qui</strong></span> <span class='ocrx_word' id='word_1_937' title='bbox 2951 5587 3072 5626; x_wconf 88' lang='lat' dir='ltr'><strong>cum</strong></span> <span class='ocrx_word' id='word_1_938' title='bbox 3118 5570 3209 5636; x_wconf 79' lang='lat' dir='ltr'><strong>illo</strong></span> <span class='ocrx_word' id='word_1_939' title='bbox 3235 5580 3364 5627; x_wconf 84' lang='lat' dir='ltr'><strong>sunt</strong></span> 
     </span>
    </p>
   </div>
   <div class='ocr_carea' id='block_1_109' title="bbox 1784 5660 3362 5737">
    <p class='ocr_par' dir='ltr' id='par_1_109' title="bbox 1784 5660 3362 5737">
     <span class='ocr_line' id='line_1_109' title="bbox 1784 5660 3362 5737; baseline -0.01 -9"><span class='ocrx_word' id='word_1_940' title='bbox 1784 5673 2107 5737; x_wconf 80' lang='lat' dir='ltr'><strong>monachos,</strong></span> <span class='ocrx_word' id='word_1_941' title='bbox 2136 5668 2417 5737; x_wconf 75' lang='lat' dir='ltr'><strong>Degratia</strong></span> <span class='ocrx_word' id='word_1_942' title='bbox 2461 5674 2529 5720; x_wconf 63' lang='grc' dir='ltr'><strong>ειν</strong></span> <span class='ocrx_word' id='word_1_943' title='bbox 2559 5665 2729 5720; x_wconf 82' lang='lat' dir='ltr'><strong>libero</strong></span> <span class='ocrx_word' id='word_1_944' title='bbox 2776 5662 3027 5726; x_wconf 82' lang='lat' dir='ltr'><strong>arbitrio,</strong></span> <span class='ocrx_word' id='word_1_945' title='bbox 3057 5661 3150 5716; x_wconf 88' lang='lat' dir='ltr'><strong>lib.</strong></span> <span class='ocrx_word' id='word_1_946' title='bbox 3188 5676 3225 5714; x_wconf 94' lang='grc' dir='ltr'><strong>ι.</strong></span> <span class='ocrx_word' id='word_1_947' title='bbox 3262 5660 3362 5713; x_wconf 89' lang='lat' dir='ltr'><strong>llic</strong></span> 
     </span>
    </p>
   </div>
   <div class='ocr_carea' id='block_1_110' title="bbox 1782 5748 3362 5830">
    <p class='ocr_par' dir='ltr' id='par_1_110' title="bbox 1782 5748 3362 5830">
     <span class='ocr_line' id='line_1_110' title="bbox 1782 5748 3362 5830; baseline -0.013 -8"><span class='ocrx_word' id='word_1_948' title='bbox 1782 5748 1920 5822; x_wconf 81' lang='lat' dir='ltr'><strong>liber</strong></span> <span class='ocrx_word' id='word_1_949' title='bbox 1950 5762 2029 5817; x_wconf 83' lang='lat' dir='ltr'><strong>sic</strong></span> <span class='ocrx_word' id='word_1_950' title='bbox 2077 5758 2306 5830; x_wconf 53' lang='lat' dir='ltr'><strong>incipit;</strong></span> <span class='ocrx_word' id='word_1_951' title='bbox 2345 5757 2564 5828; x_wconf 76' lang='lat' dir='ltr'><strong>Propter</strong></span> <span class='ocrx_word' id='word_1_952' title='bbox 2609 5772 2696 5811; x_wconf 79' lang='lat' dir='ltr'><strong>eos</strong></span> <span class='ocrx_word' id='word_1_953' title='bbox 2742 5754 2831 5824; x_wconf 83' lang='lat' dir='ltr'><strong>qui</strong></span> <span class='ocrx_word' id='word_1_954' title='bbox 2876 5754 3099 5807; x_wconf 79' lang='lat' dir='ltr'><strong>hominis</strong></span> <span class='ocrx_word' id='word_1_955' title='bbox 3139 5751 3362 5806; x_wconf 80' lang='lat' dir='ltr'><strong>liberum</strong></span> 
     </span>
    </p>
   </div>
   <div class='ocr_carea' id='block_1_111' title="bbox 2888 5865 2970 5969">
    <p class='ocr_par' dir='ltr' id='par_1_111' title="bbox 2888 5865 2970 5969">
     <span class='ocr_line' id='line_1_111' title="bbox 2888 5865 2970 5969; baseline 0.012 -46"><span class='ocrx_word' id='word_1_956' title='bbox 2888 5865 2970 5969; x_wconf 41' lang='lat' dir='ltr'><strong>lsi),</strong></span> 
     </span>
    </p>
   </div>
  </div>
