3862 6312
510 308 653 365 1355
1060 310 1079 327 ⁸
1682 300 1963 359 IIBNRICI
1986 298 2259 358 CLERICI
2284 296 2705 358 POMBOSIANI
3634 305 3742 365 tm

508 424 809 482 arbitrium.
844 423 1099 494 Ad‘quos
1150 434 1315 492 super
1347 419 1423 476 Ds
1452 419 1791 476 correctione
1830 427 1885 476 et
1910 419 2107 492 gratia,
2136 423 2185 484 Α
2214 418 2336 490 lngo
2384 418 2453 474 sd
2499 426 2665 487 caput
2687 415 2913 485 iuncto;
2953 430 3184 487 quorum
3212 418 3428 488 primus
3464 418 3543 475 sic
3566 417 3745 492 illeipit:
3842 408 3843 485 ξ

508 514 609 569 lib.
636 529 673 569 ι.
707 511 808 570 llic
855 512 997 569 liber
1041 513 1121 568 sic
1172 511 1399 583 incipit:
1432 509 1605 566 Lectis
1648 503 1837 564 litteris
1887 510 2102 576 vestris,
2208 509 2546 581 Apocalypsis
2578 508 2801 564 Joannis
2832 507 3031 563 Clu-isti
3070 508 3320 579 discipuli
3358 525 3514 580 quam
3550 512 3673 567 dedit
3688 516 3748 568 illi
3842 530 3843 541 ³

517 605 791 661 Valentino
815 604 982 675 frater
1007 603 1369 661 dilectissime.
2214 600 2355 656 Deus
2378 599 2554 670 palam
2586 600 2761 670 facere
2783 601 2949 657 seruis
2983 600 3117 667 suis,
3138 601 3380 670 fundata
3412 617 3510 670 per
3536 604 3747 672 apostolos

580 698 623 752 Τ
656 698 951 753 Clementis
977 696 1129 753 urbis
1165 697 1353 754 Roma
1397 692 1637 767 episcopi
1673 694 2105 765 rccognitionum
2211 691 2470 747 Ecclesia.
2500 690 2791 749 Secundus
2831 693 2912 750 sic
2959 692 3153 764 incipit
3185 709 3201 748 :
3243 693 3311 747 Et
3339 694 3448 749 ridi
3487 706 3750 764 septunce-

510 792 634 847 libri
671 808 725 860 ι,
748 800 974 863 excepta
1002 792 1230 863 epistola
1258 802 1313 847 et
1338 792 1560 863 prologo
1583 791 1649 847 ad
1674 800 1837 861 caput
1858 789 2100 859 junctis;
2207 782 2349 853 gelo:
2382 791 2579 837 stantes
2622 783 2678 837 in
2719 792 3001 854 conspectu
3046 783 3164 840 Dei.
3196 783 3419 841 Tertius
3452 784 3529 840 sic
3556 786 3745 857 incipit:
3842 770 3843 779 ‘

508 897 740 950 quorum
783 884 992 953 primus
1038 884 1119 938 sic
1160 884 1349 953 incipit
1386 902 1400 936 :
1452 882 1566 953 Ego
1605 881 1827 936 clemens
1869 882 1924 935 in
1982 883 2107 936 urbe
2140 880 2171 901 ⁹
2210 874 2278 929 Et
2304 875 2411 930 vidi
2441 874 2590 930 aliud
2618 876 2825 946 signum
2852 876 2907 930 in
2933 875 3061 932 celo
3080 891 3334 947 magnum
3360 886 3415 937 et
3440 878 3672 933 mirabile.

513 975 679 1029 Roma
707 986 862 1030 natus
884 990 949 1029 ea:
978 976 1153 1045 prima
1190 983 1343 1029 atate
1370 974 1641 1044 pudicitia:
1679 973 1914 1028 studium
1945 973 2102 1041 gessi.
2280 965 2475 1037 Incipit
2520 973 2785 1022 tractatus
2849 960 2928 1022 De
2986 965 3199 1037 psalmo
3259 968 3560 1022 centesimo
3596 979 3750 1024 ortam

508 1066 793 1123 Secundus
819 1076 1001 1123 autem
1050 1068 1128 1122 sic
1170 1066 1358 1138 incipit
1402 1080 1417 1120 :
1461 1064 1594 1121 Cum
1625 1075 1800 1119 autem
1839 1065 1952 1118 dies
1988 1079 2107 1135 qua:
2209 1056 2422 1113 decimo
2455 1058 2729 1114 Ambrosii
2760 1056 3178 1116 Mediolanensis
3202 1058 3471 1130 episcopi,
3501 1060 3749 1132 citiusm-

507 1164 577 1218 ad
605 1163 982 1234 disputandum
1003 1179 1241 1217 sermone
1267 1170 1465 1217 statuta
1496 1161 1692 1230 fuerat.
1724 1159 1944 1216 Tertius
1975 1172 2108 1214 vero
2210 1154 2365 1224 locus
2390 1153 2470 1210 sic
2513 1154 2705 1226 incipit
2737 1168 2753 1207 :
2784 1154 2929 1211 Licet
2972 1166 3193 1225 mystica
3236 1144 3613 1226 thque'veelut
3646 1158 3749 1211 tuba

507 1254 588 1312 sic
638 1255 867 1327 incipit:
902 1255 1111 1310 Interea
1133 1253 1350 1326 [Petrus
1391 1253 1654 1325 gallorum
1702 1252 1943 1307 cantibus
1988 1266 2106 1305 sur-
2209 1248 2525 1319 increpuerit
2546 1262 2698 1302 sono.
2725 1244 2886 1303 Liber
2909 1263 3039 1305 vero
3062 1248 3142 1304 sic
3166 1247 3396 1319 incipit:
3422 1246 3591 1315 Beati,
3606 1250 3748 1319 inquit,

508 1364 657 1418 gens.
692 1346 929 1416 Quartus
963 1347 1043 1402 sic
1089 1346 1320 1418 incipit:
1350 1346 1586 1417 Profecti
1628 1345 1873 1401 Ctesarea
1900 1354 1955 1399 ut
1989 1343 2109 1399 Tri-
2208 1338 2571 1406 immaculati,
2600 1349 2703 1395 etc.
2744 1338 2898 1395 Beati
2944 1342 3033 1411 qui
3078 1348 3423 1405 scrutantur,
3472 1350 3589 1407 etc.,
3622 1359 3748 1412 qm

506 1439 669 1509 patim
708 1455 1061 1510 pergeremus.
1090 1437 1323 1505 Quintus
1350 1438 1430 1495 sic
1466 1438 1657 1507 incipit
1686 1454 1699 1491 :
1729 1436 1978 1508 Sequenti
2010 1453 2109 1491 au-
2208 1430 2424 1501 pulcher
2446 1434 2598 1498 ordo,
2622 1446 2783 1502 quam
2810 1432 2996 1501 plenus
3016 1432 3299 1488 doctrinm.
3324 1432 3519 1503 Incipit
3541 1444 3751 1491 tractatus

508 1540 608 1584 tem
636 1531 722 1586 die
748 1530 909 1603 paulo
932 1532 1089 1585 citius
1111 1546 1268 1601 quam
1298 1529 1517 1585 solebat.
1548 1529 1746 1585 Sextus
1770 1530 1850 1586 sic
1876 1528 2064 1598 incipit
2090 1547 2103 1583 :
2209 1524 2383 1580 sancti
2417 1524 2691 1580 Ambrosii
2742 1523 3158 1582 Mediolanensis
3194 1525 3443 1597 episcopi
3484 1525 3539 1582 in
3576 1526 3747 1584 Cantia

509 1622 615 1678 tibi
638 1638 759 1678 vero
788 1622 1174 1678 rarescentibus
1201 1622 1443 1677 tenebris.
1472 1620 1746 1693 Septimus
1769 1622 1848 1677 sic
1877 1622 2063 1692 incipit
2090 1639 2103 1675 :
2210 1617 2571 1683 canticorum,
2617 1617 2740 1675 libri
2779 1634 2834 1687 ν,
2865 1629 3096 1691 excepto
3132 1619 3359 1692 prologo
3392 1622 3463 1676 ad
3494 1631 3645 1691 caput
3659 1623 3750 1690 jun-

507 1716 722 1787 Egressi
744 1715 954 1769 tandem
969 1716 1128 1769 etiam
1145 1712 1345 1784 Tripoli
1360 1713 1634 1769 Phoenices
1656 1714 1834 1769 urbem
1856 1715 2103 1784 primam.
2209 1720 2322 1778 cto,
2350 1724 2579 1782 quorum
2610 1711 2818 1782 primus
2843 1712 2926 1767 sic
2950 1712 3139 1784 incipit
3170 1729 3187 1768 :
3217 1712 3749 1768 Osculetursueoscuto

505 1807 747 1864 Octavus
786 1806 866 1863 sic
894 1805 1083 1877 incipit
1116 1822 1130 1859 :
1167 1804 1391 1861 Postera
1421 1815 1597 1861 autem
1634 1807 1719 1861 die
1746 1804 1957 1861 Petrus.
1989 1805 2099 1863 No-
2133 1800 2178 1861 Β
2205 1804 2314 1857 oris
2341 1803 2451 1870 sui,
2475 1803 2725 1872 quoniam
2747 1802 2944 1875 optima
2978 1803 3164 1858 ubera.
3193 1800 3489 1860 Secundus
3516 1810 3673 1859 autem
3695 1806 3751 1858 sic

505 1916 611 1977 nus
636 1908 818 1956 autem
856 1898 937 1955 sic
966 1898 1154 1970 incipit
1183 1916 1198 1953 :
1229 1897 1476 1969 Sequenti
1514 1899 1600 1953 die
1637 1898 1828 1954 Petrus
1862 1914 1968 1953 una
2002 1914 2095 1952 no-
2206 1895 2395 1964 iucipit
2431 1910 2443 1946 :
2493 1892 2608 1947 Vos:
2641 1894 2941 1951 consobrini
2969 1896 3102 1961 mei,
3130 1911 3251 1952 ecce
3282 1896 3376 1950 hic
3406 1895 3628 1950 aduenit.
3650 1895 3745 1952 Ter-

504 1992 727 2046 biscum.
770 1988 1030 2046 Decimus
1081 1998 1264 2045 autem
1306 1989 1387 2045 sic
1436 1988 1628 2060 incipit
1668 2004 1683 2043 :
1734 1986 1891 2042 Mane
1921 1997 2095 2041 autem

502 2094 706 2149 exorto,
728 2082 1007 2138 =Clemens.

564 2173 860 2245 Expositio
908 2173 961 2229 in
1007 2171 1371 2245 Apocalypsin
1402 2170 1627 2229 Joannis
1669 2169 1896 2240 apostoli
1921 2168 2095 2225 sancti

503 2265 1069 2338 AmbrosiiepiscOpi,
1105 2281 1226 2337 qum
1254 2266 1441 2321 decem
1477 2274 1533 2320 et
1571 2274 1693 2321 octo
1733 2262 1887 2318 libris
1919 2261 2097 2317 conti-

505 2366 689 2415 netur.
714 2358 956 2428 Quorum
989 2358 1199 2429 primus
1227 2358 1306 2413 sic
1334 2357 1526 2428 incipit
1552 2374 1566 2410 :
1604 2355 1673 2411 In
1702 2355 1922 2409 lectione
1952 2368 2097 2408 rere-

498 2450 717 2507 lationis
738 2451 969 2507 Joannis
989 2448 1235 2523 apostoli,
1258 2451 1449 2519 fratres
1465 2446 1789 2504 citarissinsi.
1815 2445 2099 2503 Secundus

498 2540 589 2597 sic
636 2540 829 2612 incipit
861 2555 891 2596 *:
930 2538 1515 2604 Fratres-charissim,
1556 2541 1611 2594 in
1648 2537 1997 2603 candelabro,
2033 2538 2098 2592 de

503 2649 634 2703 quo,
664 2650 784 2688 cum
822 2633 1168 2705 Apocalypsis
1192 2633 1472 2705 legeretur,
1494 2634 1738 2688 audistis.
1771 2630 1988 2687 Tertius
2015 2631 2097 2687 sic

504 2726 739 2796 incipit:
770 2724 950 2792 Modo,
992 2726 1186 2797 fratres
1228 2725 1558 2790 charissimi,
1600 2724 1850 2779 audimus
1888 2723 2097 2778 beatum

503 2818 787 2875 Joannem;
811 2818 1050 2887 Quartus
1069 2819 1151 2875 sic
1173 2819 1395 2890 incipit:
1422 2818 1488 2873 Et
1508 2818 1614 2872 vidi
1639 2834 1801 2885 supra
1824 2818 2096 2871 dexteram

504 2911 732 2966 sedentis
759 2912 816 2965 in
853 2910 1039 2965 throno
1067 2911 1281 2965 librum.
1305 2908 1538 2977 Quintus
1565 2909 1647 2965 sic
1662 2909 1863 2980 «incipit
1887 2924 1912 2963 π
1946 2909 2098 2965 Sicut

502 3004 660 3058 modo
701 3020 818 3058 cum
848 3004 1001 3058 lectio
1033 3004 1211 3058 divina
1239 3002 1496 3072 legeretur
1524 3003 1768 3057 audistis.
1794 3001 1994 3058 Sextus
2017 3002 2096 3058 sic

503 3094 695 3162 incipit
722 3111 736 3147 :
772 3093 839 3147 Et
883 3094 992 3147 uidi
1020 3093 1184 3147 alium
1212 3091 1457 3162 angelum
1488 3093 1852 3147 ascendentem
1879 3093 1944 3147 ab
1973 3102 2092 3146 ortu

2203 1985 2309 2041 tius
2365 1985 2445 2040 sic
2502 1984 2693 2055 incipit
2744 2002 2760 2042 :
2810 1985 2896 2040 En
2934 1985 3183 2041 lectulum
3228 1984 3750 2041 Salomonistunn'a

2200 2076 2363 2147 fortes
2386 2076 2647 2132 ambiunt.
2671 2077 2911 2145 Quartus
2936 2078 3015 2134 sic
3045 2078 3236 2148 incipit
3261 2095 3277 2133 :
3302 2077 3571 2147 Exsurge,
3592 2079 3749 2149 equile,

2198 2180 2246 2224 et
2295 2170 2433 2235 veni,
2479 2177 2676 2223 auster.
2723 2169 2957 2236 Quintus
3000 2172 3083 2227 sic
3128 2171 3387 2243 incipit:
3438 2169 3657 2229 Pulchra
3690 2188 3749 2234 es,

2196 2264 2368 2319 amica
2395 2281 2534 2329 mea,
2560 2265 2743 2321 suavis
2778 2274 2825 2319 et
2859 2266 3070 2320 decora.
3113 2264 3309 2335 Incipit
3342 2272 3605 2322 tractatus
3622 2266 3749 2318 sancti

2198 2356 2471 2412 Ambrosii
2520 2358 2596 2413 De
2644 2356 2853 2429 psalmo
2900 2373 3013 2421 ut,
3067 2356 3120 2413 in
3168 2373 3280 2428 quo
3327 2358 3684 2414 inﬁdelitatem
3713 2368 3752 2412 et

2198 2446 2530 2519 impietatem
2564 2448 2783 2505 Maximi
2828 2449 3039 2521 tyranni
3080 2448 3327 2520 graviter
3359 2449 3748 2519 redarguit,qu

2197 2554 2366 2596 ausus
2391 2550 2476 2596 est
2504 2540 2783 2596 dominum
2833 2556 2993 2599 suum
3038 2539 3373 2596 Gratianum
3424 2542 3751 2611 imperatorem

2199 2631 2390 2689 fraude
2421 2643 2479 2688 et
2505 2634 2630 2689 dolo
2653 2634 2951 2706 perimere,
2980 2649 3142 2706 quem
3176 2634 3571 2705 imperatorem
3598 2634 3646 2688 in
3681 2634 3753 2689 Ilo-

2200 2724 2331 2781 mini
2384 2724 2735 2781 tabernacqu
2776 2725 3055 2793 habitare,
3101 2735 3158 2782 et
3214 2726 3269 2781 in
3322 2735 3514 2783 metite
3555 2725 3756 2795 ejusm-

2199 2817 2478 2887 quiescere
2528 2817 2689 2883 dicit;
2739 2816 2828 2872 hic
2857 2815 2996 2873 liber
3022 2816 3109 2887 sic
3155 2816 3394 2885 incipit:
3429 2817 3667 2875 Omnium
3688 2832 3755 2869 to.

2197 2921 2367 2963 strum
2401 2907 2622 2962 indubia
2654 2909 2977 2963 consuetudo
3012 2918 3111 2964 est.
3150 2908 3457 2980 Episcopus
3486 2910 3755 2964 Ambrosias

2199 3000 2620 3057 Mediolanensis
2669 3002 2846 3058 sorori
2901 3017 3014 3058 suae
3059 3002 3396 3060 Marcellinus
3455 3003 3531 3058 De
3580 3002 3753 3065 baculo,

2199 3093 2340 3150 libcr
2361 3110 2417 3159 t;
2447 3093 2537 3149 hic
2572 3093 2709 3148 liber
2734 3092 2815 3149 sic
2850 3093 3041 3165 incipit
3076 3111 3091 3147 :
3124 3093 3431 3149 Sollicitam
3471 3095 3754 3149 sanctitatem

503 3186 654 3241 solis.
682 3184 958 3257 Septimus
987 3185 1066 3241 sic
1086 3186 1276 3256 incipit
1301 3203 1315 3240 :
1346 3183 1525 3249 Modo,
1552 3184 1745 3253 fratres
1770 3184 2090 3251 charissimi,
2122 3170 2166 3231 C
2197 3195 2366 3242 tuam.
2390 3185 2617 3258 Legatio
2648 3183 3008 3257 Aquileiensis
3048 3186 3271 3242 concilii
3316 3188 3387 3243 ad
3421 3187 3754 3257 imperatores.

502 3289 626 3332 cum
676 3276 1016 3348 Apocalypsis
1062 3276 1322 3348 legeretur
1360 3277 1676 3332 audivimus.
1723 3275 1961 3331 Octavus
2013 3274 2094 3331 sic

500 3369 693 3451 incipit
717 3387 731 3425 :
771 3369 888 3425 Vos:
913 3370 979 3424 de
997 3368 1128 3424 calo
1151 3370 1429 3440 imperium
1448 3379 1523 3424 est
1558 3368 1654 3424 Dei
1677 3369 1768 3442 qui
1792 3384 1884 3422 cor
1902 3369 2094 3439 tangit.

501 3462 689 3518 Nonus
714 3460 793 3519 sic
820 3462 1060 3535 incipit:
1092 3461 1248 3529 Quod
1287 3461 1621 3526 audivimus,
1668 3460 1861 3531 fratres
1891 3461 2096 3514 charis-

2184 3278 2517 3337 ,Gratianum
2544 3320 2560 3344 ,
2616 3277 3056 3334 Valentinianum
3082 3317 3099 3342 ,
3149 3286 3205 3332 et
3250 3277 3653 3342 Theodosium;
3688 3278 3757 3331 hic

2195 3370 2337 3427 liber
2382 3372 2461 3427 sic
2511 3370 2700 3443 incipit
2750 3390 2763 3425 :
2814 3370 3232 3440 lmperatoribus
3269 3373 3681 3427 clementissimis
3716 3382 3755 3426 et

2196 3464 2668 3520 christianissimis.
2701 3463 2833 3520 Item
2856 3464 3130 3521 Ambrosii
3162 3467 3231 3520 ad
3257 3467 3486 3522 eosdem
3518 3484 3535 3520 :
3561 3466 3757 3536 lmpers-
3842 3530 3843 3539 χ

495 3554 643 3619 simi,
673 3555 729 3609 in
757 3552 977 3611 lectione
1012 3570 1133 3625 qua:
1160 3554 1379 3608 recitata
1409 3564 1505 3608 est.
1539 3553 1793 3609 Decimus
1832 3552 1913 3608 sic
1959 3551 2097 3607 inci-
2195 3557 2396 3612 toribus
2463 3557 2879 3613 clementissimis
2944 3568 2994 3612 et
3060 3559 3397 3628 principibus
3456 3560 3754 3615 Christianis.
3842 3600 3843 3609 χ

500 3648 581 3717 pit
618 3664 632 3702 :
665 3646 827 3702 Modo
855 3656 1034 3702 autem
1061 3646 1385 3715 audivimus,
1416 3646 1608 3717 fratres
1636 3645 1953 3700 charissimi.
1984 3644 2096 3701 Un-
2188 3648 2326 3704 Item
2357 3650 2463 3705 alia
2494 3647 2733 3718 ejusdem
2756 3648 2971 3705 concilii
3000 3664 3015 3703 :
3040 3647 3470 3719 Imperatoribus
3502 3650 3758 3706 clementi»
3842 3634 3843 3639 ‘

493 3737 744 3794 decimus
770 3739 851 3794 sic
893 3737 1128 3808 incipit:
1162 3737 1229 3792 In
1272 3737 1490 3792 lectione
1528 3752 1649 3808 qua:
1680 3736 1844 3792 modo
1873 3738 2091 3793 recitata
2192 3739 2361 3794 simis.
2411 3740 2542 3797 Item
2588 3740 2695 3796 alia
2737 3741 2805 3794 ad
2851 3740 3110 3797 eosdem:
3138 3740 3209 3796 Et
3249 3742 3354 3796 hoc
3392 3743 3579 3813 glorise
3610 3750 3761 3798 castra

499 3840 611 3896 est,
652 3830 843 3899 fratres
880 3830 1196 3885 charissimi.
1247 3829 1611 3885 Duodecimus
1635 3830 1716 3885 sic
1758 3828 1945 3898 incipit
1979 3846 1994 3882 :
2024 3826 2092 3883 In
2193 3831 2627 3887 clementissimus
2650 3834 2908 3903 princeps.

494 3922 724 3977 lectione
754 3921 966 3977 Domini
1002 3938 1121 3993 qua:
1168 3922 1385 3977 recitata
1422 3931 1521 3987 est,
1551 3920 1743 3990 fratres
1770 3919 2090 3985 cltarissimi,
2266 3924 2491 3996 Legatio
2512 3926 2788 3982 Ambrosii
2808 3927 3047 3997 episcopi
3099 3927 3171 3982 ad
3202 3925 3642 3984 Valeatiuianum
3670 3926 3759 3980 ἱπ-
3842 3980 3843 3993 χ

494 4015 634 4069 dixit
664 4012 726 4069 S.
759 4014 1017 4070 Joannes.
1048 4014 1265 4069 Tertius
1293 4014 1539 4070 decimus
1578 4014 1658 4069 sic
1684 4012 1875 4083 incipit
1906 4029 1921 4066 :
1949 4010 2092 4067 San-
2190 4028 2500 4090 peratorem
2528 4036 2541 4072 :
2570 4017 2877 4074 Ambrosius
2914 4017 3287 4075 Valentiniano
3312 4022 3635 4092 imperatori.
3649 4021 3759 4076 Item

498 4114 613 4159 ctus
643 4102 901 4169 Joannes,
941 4104 1134 4175 fratres
1168 4105 1500 4173 charissimi,
1529 4105 1656 4159 dum
1682 4106 1747 4161 de
1774 4120 1847 4160 vn
1876 4105 2092 4175 angelo—
2194 4110 2300 4165 alia
2356 4111 2423 4165 ad
2475 4112 2749 4177 eumdem,
2790 4112 2866 4168 De
2914 4114 3321 4171 contemnendo
3372 4116 3759 4173 simulacrorum
3842 4152 3843 4169 η

498 4210 618 4249 rum
645 4195 840 4265 pltialis
875 4204 924 4249 et
971 4196 1162 4267 plagis.
1207 4197 1457 4252 Decimus
1486 4205 1713 4268 quartus
1747 4198 1827 4253 sic
1855 4197 2040 4269 incipit
2070 4212 2088 4252 :
2191 4202 2461 4258 culturam
2487 4221 2502 4256 :
2524 4202 2658 4258 Cum
2688 4220 2866 4258 omnes
2890 4204 3127 4260 homines
3156 4206 3248 4277 qui
3289 4207 3391 4261 sub
3432 4208 3624 4263 ditioris
3672 4205 3761 4259 Ro-
3842 4202 3843 4243 ί

499 4280 663 4339 Modo
695 4302 816 4341 cum
843 4286 1022 4341 divina
1049 4287 1202 4342 lectio
1237 4288 1518 4359 legeretur,
1547 4288 1738 4358 fratres
1767 4290 2085 4352 charissimi.
2192 4310 2354 4349 mana
2389 4304 2664 4365 reguntur.
2694 4293 2827 4352 item
2861 4296 2930 4351 ad
2954 4297 3206 4353 eumdem
3240 4296 3643 4369 imperatorem,
3690 4312 3761 4351 re-

490 4379 798 4434 ‘audiointus
818 4378 1026 4434 beatum
1045 4379 1329 4435 Joannem.
1362 4380 1613 4437 Decimus
1635 4382 1857 4453 quintus
1882 4383 1965 4439 sic
2006 4384 2089 4438 in-
2193 4382 2324 4438 latio
2355 4382 2671 4453 Symmachi
2695 4383 2937 4454 praifecti
2964 4384 3151 4453 Urbis,
3177 4395 3239 4442 ut
3267 4402 3429 4444 aram
3475 4387 3761 4444 simulacris
3842 4388 3843 4431 ι

497 4469 669 4541 cipit:
696 4468 767 4524 ln
794 4468 1011 4526 lectione
1028 4486 1146 4541 quce
1175 4468 1395 4525 recitata
1422 4482 1521 4538 est,
1549 4472 1740 4542 fratres
1765 4473 2084 4540 charissimi,
2118 4538 2161 4552 __
2192 4475 2474 4545 permittat
2496 4475 2731 4531 restitui.
2752 4474 2857 4530 Ubi
2887 4478 3091 4547 primus
3138 4489 3362 4535 senatu
3410 4481 3758 4552 amplissimus.
3842 4488 3843 4545 Τ

498 4538 643 4632 reges
669 4561 808 4618 illos.
846 4538 1103 4619 Decimus
1126 4571 1317 4617 sextus
1350 4562 1431 4618 sic
1471 4538 1660 4634 incipit
1694 4581 1708 4619 :
1738 4563 1956 4631 Quoties
1976 4538 2086 4621 Ba-
2117 4538 2167 4599 θ
2191 4538 2323 4625 Item
2353 4568 2630 4625 Ambrosii
2670 4571 2740 4626 ad
2794 4538 3241 4629 Valentinianum
3288 4538 3693 4644 imperatorem,
3715 4582 3761 4626 et

486 4652 760 4724 'bgloniam
785 4656 1073 4721 nominavi,
1102 4654 1361 4722 audistis,
1394 4656 1587 4725 fratres
1622 4658 1953 4724 cbarissimi,
1986 4675 2084 4713 no-
2190 4663 2580 4735 Symmachum
2631 4665 2943 4735 praelectum
2975 4666 3160 4723 Urbis.
3202 4666 3526 4725 Beatissimo
3558 4668 3763 4738 principi
3842 4688 3843 4738 ξ

494 4742 587 4797 lite
602 4744 866 4799 ciuitatem
892 4746 958 4800 de
984 4745 1248 4814 lapidibus
1276 4746 1471 4816 factam
1494 4746 1800 4818 intelligere.
1830 4748 2085 4804 Decimus
2186 4764 2237 4810 et
2257 4756 2698 4813 cbristianissimo
2743 4760 3054 4829 imperatori
3110 4758 3483 4817 Valentiniano
3522 4763 3759 4833 Augusto.
3842 4784 3843 4805 δ

494 4837 758 4907 septimus
805 4839 886 4893 sic
923 4838 1112 4908 incipit
1155 4855 1171 4893 :
1220 4838 1288 4894 In
1315 4840 1536 4895 lectione
1561 4856 1681 4910 quae
1723 4841 1939 4896 recitata
1983 4852 2082 4908 est,
2187 4848 2494 4905 Ambrosius
2516 4852 2809 4922 episcopus.
2864 4854 3107 4924 Epistola
3135 4854 3417 4912 Ambrosii
3462 4865 3519 4912 et
3550 4857 3759 4913 aliorul

492 4930 688 5000 fratres
716 4931 1034 4998 charissimi,
1061 4932 1241 4986 beatus
1274 4931 1507 4988 Joannes
1534 4933 1852 5003 evangelista
1878 4935 1956 4988 sic
1983 4936 2077 4988 ait.
2185 4941 2563 5012 episcoporum
2624 4942 2792 4999 Italia:
2851 4948 2916 5000 ad
2971 4945 3759 5019 Theodosium-imperatorem.

491 5021 874 5080 Octodecimus
923 5023 1001 5079 sic
1052 5022 1245 5093 incipit
1294 5037 1309 5077 :
1361 5022 1507 5077 Sicut
1542 5024 1713 5078 ‘nroa‘o
1762 5025 2079 5088 audisfmus,

2197 5032 2501 5091 Beatissimo
2529 5038 2837 5107 imperatori
2860 5049 2908 5093 et
2951 5038 3352 5096 clementissimo
3652 5043 3765 5095 Am

492 5114 685 5182 fratres
737 5115 1062 5182 charissitni,
1115 5114 1330 5185 angelus
1381 5114 1593 5170 Domini
1627 5114 1835 5171 locutus
1883 5128 1961 5171 est
2008 5118 2080 5172 ad
2189 5125 2414 5193 brosius,
2442 5136 2546 5185 etc.
2578 5129 2710 5186 Item
2736 5131 2841 5185 alia
2868 5133 2936 5186 ab
2956 5133 3163 5188 eisdem
3203 5135 3483 5206 episcopis
3513 5137 3581 5193 ad
3620 5134 3763 5191 an.

480 5206 697 5298 beatum
731 5206 992 5262 Joannem
1014 5206 1240 5298 dicenss
2185 5220 2308 5274 dem
2339 5222 2744 5292 imperatorem.
2776 5224 3090 5281 Beatissimo
3114 5229 3428 5298 imperatori
3470 5240 3523 5285 et
3553 5230 3760 5285 clemen-

556 5306 597 5354 r
643 5297 838 5367 Incipit
862 5295 1336 5388 commentarium
1402 5298 1575 5353 sancti
1633 5297 1947 5370 Hieronymi
2002 5300 2077 5357 De
2186 5312 2388 5367 tissime
2414 5315 2641 5384 principi
2677 5315 2968 5372 Theodosio
3018 5295 3352 5388 Ambrosius,
3384 5334 3435 5376 et
3473 5320 3763 5387 ἐφωτίσρὸ

489 5388 811 5484 Apocalypsi
848 5386 1388 5484 Joannis—apostoli;
1424 5390 1516 5445 hic
1560 5389 1699 5484 libet
1730 5391 1811 5448 sic
1840 5392 2074 5463 incipit:
2185 5403 2552 5473 seopiltaliw.
2602 5408 2676 5461 De
2721 5408 3065 5466 humanitate
3117 5422 3176 5466 ot
3224 5386 3495 5484 religione
3538 5411 3763 5469 Valenti-

486 5476 744 5576 Jonnnu,
767 5482 859 5551 qui
880 5480 1054 5551 gratia
1082 5479 1178 5536 Dei
1200 5480 1598 5551 interpretatur,
1623 5483 1852 5553 ﬁguram
1879 5484 2078 5541 Christi
2184 5494 2328 5548 niani
2354 5494 2616 5553 Junioris.
2660 5500 2986 5558 Ambrosius
3040 5476 3357 5561 Theodosio
3402 5507 3719 5576 imperawli
3746 5521 3757 5557 ε

486 5572 675 5667 tenuit;
742 5666 747 5667 γ
1619 5585 1622 5588 ’
1892 5602 1895 5603 '
2173 5585 2463 5643 Silentium
2497 5606 2669 5645 meum
2693 5595 2853 5663 rupit.
2884 5595 2982 5650 Ubi
3015 5610 3075 5650 se
3098 5604 3328 5652 excusat
3375 5572 3505 5667 jure
3554 5598 3759 5654 laximi

553 5675 592 5719 r
646 5665 835 5736 Incipit
884 5668 1165 5740 Expositio
1211 5669 1371 5725 Beda:
1417 5667 1620 5726 Christi
1671 5669 1856 5727 famuli
1908 5689 2072 5746 super
2179 5682 2395 5751 tyranni
2418 5683 2728 5741 declinasse
2777 5689 3122 5756 praesentiam
3144 5696 3167 5743 ‘:
3206 5665 3515 5745 Ambrosius
3542 5676 3761 5746 Theodo-

504 5757 806 5831 ‘uocalypsi
836 5760 1058 5818 Joannis
1094 5762 1353 5833 apostoli,
1387 5762 1508 5819 libri
1553 5778 1645 5834 tn,
1677 5778 1902 5840 excepto
1932 5785 2064 5841 pro-
2173 5774 2251 5826 sio
2274 5775 2600 5845 imperatori.
2634 5778 2763 5834 Item
2824 5780 3097 5837 Ambrosii
3130 5784 3369 5854 episcopi
3410 5786 3479 5839 ad
3528 5784 3761 5842 Theode-
