3862 6312
111 345 224 412 1357

1345 330 1351 336 ’
1387 327 1608 384 EPIST.
1639 328 1730 384 AD
1762 328 2180 387 STEPIIANUM

3174 339 3196 392 ἰ
3204 335 3310 395 558

107 471 217 524 tium
253 476 265 510 :
306 445 586 508 Ambrosius
639 442 932 498 Theodosio
1004 437 1327 508 imperatori.
1389 439 1625 508 Epistola
1657 445 1700 500 A
1732 441 1999 497 Chronica
2032 442 2206 496 sancti
2252 442 2442 501 Isidori
2485 444 2768 518 Spalensis
2808 443 3072 517 episcopi,
3104 446 3313 508 descri'

103 547 332 616 Ambrosii
375 544 437 600 ad
492 537 791 608 Eugenium
844 535 1273 606 imperatorem:
1322 531 1626 586 Clementis-

103 652 208 704 timo
231 633 504 708 imperatori
537 628 800 701 Eugenio,
831 626 1140 681 Ambrosius
1187 624 1478 694 episcopus.
1537 623 1622 677 ln-

102 739 207 807 cipit
232 734 353 788 liber
382 722 545 782 sancti
584 720 858 776 Ambrosii
888 721 964 775 De
1014 719 1163 774 obitu
1192 715 1481 772 Theodosii
1518 717 1620 772 itu-

104 824 369 903 pcratoris:
424 815 536 872 Hoc
577 814 725 868 nobis
753 823 928 868 motus
957 812 1150 882 grai-is.
1206 810 1402 880 Incipit
1449 810 1622 865 sancti

98 901 324 978 Aiitbrosii
345 907 572 983 episcopi
608 906 681 962 De
729 920 957 962 excessu
1008 903 1194 958 fratris
1234 901 1356 958 libri
1407 917 1468 965 ιι,
1492 916 1623 971 quo-

100 1030 190 1070 rum
208 1009 394 1081 primus
429 1002 505 1058 sic
533 999 723 1071 incipit
753 1017 765 1052 :
799 997 1151 1062 Deduximus,
1177 996 1372 1066 fratres
1396 993 1623 1049 dilectis-

95 1103 208 1167 simi,
227 1097 430 1154 ltostiam
452 1107 639 1148 nteant.
673 1089 866 1160 Incipit
907 1088 1180 1144 secundus
1213 1086 1280 1142 de
1307 1087 1494 1141 eadem
1520 1101 1577 1140 rc
1605 1100 1620 1139 :

95 1197 148 1251 In
175 1194 246 1247 die
289 1197 459 1244 octauo
507 1183 774 1254 superiore
826 1180 1001 1236 libello
1059 1179 1261 1250 aliquid
1304 1179 1622 1234 indulsimus

92 1280 329 1340 desiderio.
355 1274 667 1332 Ambrosius
688 1273 972 1343 episcOpus
1018 1270 1233 1326 clericis
1260 1288 1272 1324 :
1309 1267 1623 1340 Plerumque

93 1371 295 1428 humanis
351 1366 571 1434 obrepsit
626 1362 905 1418 mentibus.
967 1361 1287 1417 Ambrosius
1337 1361 1624 1432 episcopus

90 1465 254 1520 Irenaeo
303 1475 316 1513 :
363 1456 568 1524 Quaeris
608 1472 642 1509 a
682 1471 764 1509 nte
809 1471 906 1510 cur
951 1453 1206 1508 Dontinus
1250 1451 1390 1508 Deus
1426 1467 1623 1507 manna

86 1554 257 1625 pluert't.

142 1645 176 1700 'l'
196 1642 288 1699 Sex
320 1638 436 1695 libri
465 1638 754 1710 Augustini
788 1636 1024 1708 episcopi
1058 1635 1308 1692 catholici
1352 1635 1405 1691 in
1453 1635 1622 1690 libros

83 1737 247 1792 Juliant
274 1732 504 1789 haeretici
536 1731 843 1803 Pelagianae
869 1731 1114 1796 haeresis,
1138 1739 1362 1802 excepta
1394 1729 1618 1799 epistola

86 1829 135 1882 ad
159 1834 302 1897 caput
326 1823 596 1896 adjuncta.
632 1799 744 1880 Hoc
773 1839 910 1894 opus
961 1823 1041 1879 sic
1071 1799 1306 1892 incipite
1337 1824 1619 1877 Contume-
1652 1799 1696 1858 Β

85 1921 163 1973 luis
186 1929 292 1972 tuas
319 1927 365 1973 et
387 1918 540 1972 verba
564 1917 848 1982 maledica,
884 1916 1121 1970 Juliane.

138 2021 167 2065 ι’
199 2009 465 2079 Augustini
495 2009 761 2064 adversus
785 2008 952 2064 libros
1000 2007 1351 2063 Parmenioni
1401 2007 1620 2062 Donati-

80 2115 170 2167 stas,
198 2103 305 2158 libri
327 2117 408 2156 ιιι.
443 2100 559 2157 lIoc
589 2116 727 2172 opus
757 2101 836 2156 sic
869 2101 1096 2171 incipit:
1129 2101 1302 2156 Multa
1338 2100 1545 2172 quidem
1573 2108 1622 2152 et

81 2200 190 2251 alias
205 2197 442 2252 adversus
467 2195 802 2251 Donatistae.
831 2197 964 2252 Item
1009 2196 1348 2269 Augustinus
1377 2197 1450 2252 De
1481 2196 1622 2252 bono

78 2288 322 2360 coniugali.
351 2288 447 2344 llic
471 2289 613 2344 liber
639 2290 717 2345 sic
741 2290 931 2360 incipit
965 2308 978 2344 :
1026 2289 1094 2344 In
1131 2288 1401 2360 conjugali
1433 2290 1622 2359 quippe

79 2381 376 2444 t-inrulo,ltoc
422 2382 486 2435 de
516 2381 654 2436 libro
687 2381 1161 2437 Retractationum.
1210 2381 1285 2436 De
1333 2381 1531 2452 spiritu
1566 2389 1620 2435 et

75 2471 244 2536 littera,
271 2473 335 2526 ad
363 2469 740 2538 Marcelinum,
783 2471 958 2528 sancti
1007 2471 1293 2543 Augustini
1344 2471 1615 2543 prologus,

77 2561 128 2614 ad
166 2575 309 2630 quem
335 2563 635 2633 scripserat
676 2572 786 2620 tres
818 2565 1008 2620 libros.
1042 2563 1206 2620 Liber
1235 2563 1411 2620 sancti
1439 2563 1624 2634 Augu~

73 2657 175 2710 stini
199 2658 259 2714 ad
279 2656 654 2712 Marcellinum
688 2657 766 2712 De
804 2656 1000 2727 spiritu
1031 2666 1090 2713 et
1117 2655 1336 2711 littera:
1367 2655 1455 2710 hic
1484 2655 1622 2710 liber

74 2751 134 2803 sic
157 2750 370 2821 incipit:
418 2749 597 2804 Lectis
643 2745 908 2821 opusculis
959 2766 1078 2821 quae
1127 2765 1291 2819 nuper
1335 2745 1618 2804 elaboravi.

74 2840 238 2897 Sermo
262 2841 435 2898 sancti
488 2841 780 2912 Augustini
812 2841 887 2896 De
917 2839 1206 2911 priesentia
1239 2839 1356 2905 Dei,
1387 2838 1454 2893 ad
1486 2838 1619 2893 Dar-

69 2933 232 2988 danum
264 2950 279 3001 ;
327 2934 415 2989 hic
437 2933 583 2990 liber
603 2934 682 2990 sic
728 2932 916 3005 incipit
951 2949 966 2988 :
1014 2930 1216 2987 Fateor
1241 2943 1342 2998 me,
1373 2931 1452 2999 ﬁli
1479 2929 1621 2984 Dar-

66 3026 190 3078 dune.
223 3024 347 3081 Item
379 3042 570 3084 sermo
613 3026 792 3082 sancti
826 3025 1115 3097 Augustini
1156 3023 1232 3079 De
1259 3021 1570 3091 virginitate
1598 3038 1615 3088 ;

68 3115 134 3168 hic
159 3113 281 3170 liber
306 3117 383 3172 sic
415 3116 649 3189 incipit:
681 3117 949 3184 Quantam
980 3117 1036 3170 in
1072 3114 1366 3170 calestibus
1389 3113 1617 3168 beatitu-

65 3208 207 3262 dinem
236 3210 507 3281 rirginitas
539 3220 725 3264 sancta
774 3209 1057 3281 possideat.
1090 3207 1288 3278 Incipit
1333 3205 1470 3261 liber
1509 3205 1618 3259 Au-

64 3301 230 3368 gttstini
255 3301 328 3356 De
349 3317 479 3357 vera
509 3300 774 3372 religione
799 3318 814 3367 ;
850 3301 939 3357 hic
960 3301 1098 3357 liber
1126 3300 1206 3356 sic
1236 3297 1458 3368 incipit:
1485 3296 1619 3353 Cum

62 3393 200 3444 omnis
220 3391 332 3445 vitm
361 3392 512 3446 bona:
547 3408 610 3445 ac
637 3391 821 3446 beatae.

116 3491 146 3534 ι’
180 3481 320 3538 Libri
375 3499 441 3539 ιιι
473 3489 658 3539 sancti
685 3482 974 3554 Augustini
1018 3481 1095 3538 De
1125 3481 1292 3537 verbo
1321 3478 1536 3536 Domini
1565 3479 1618 3534 in

60 3573 386 3644 evangelistas
437 3584 578 3642 tres,
625 3573 680 3629 id
715 3583 800 3630 est
839 3573 1143 3637 Mattbaeus,
1174 3572 1350 3629 Lucas
1377 3581 1431 3627 et
1459 3569 1622 3626 Joan-
1705 3575 1707 3580 '

57 3683 166 3733 nes;
200 3666 341 3736 quod
383 3683 526 3738 opus
573 3667 627 3722 in
678 3665 888 3722 duobus
937 3664 1300 3720 voluminibus
1353 3663 1617 3733 scriptum

63 3762 312 3819 habemus.
368 3763 491 3818 Non
529 3761 656 3816 dico
686 3759 828 3831 quod
854 3760 920 3815 de
953 3775 1061 3814 uno
1088 3759 1226 3816 libro
1251 3757 1448 3812 divisio
1477 3755 1620 3810 facta

62 3849 146 3906 luit
172 3853 221 3907 in
243 3853 350 3910 duo
375 3851 663 3908 volumina
695 3869 714 3917 ',
768 3849 860 3904 sed
904 3849 1031 3920 quia
1059 3849 1310 3903 eumdem
1356 3847 1440 3902 bis
1484 3844 1623 3902 seri-

53 3950 180 4009 ptum
209 3941 493 3998 habemus.
521 3940 932 4011 Scripseramus
969 3939 1188 4011 quidem
1224 3954 1348 3994 eum
1387 3937 1619 4008 pridem,

51 4031 128 4086 sed
154 4048 251 4088 non
279 4043 392 4089 tam
444 4033 754 4090 luculenter
782 4041 838 4084 ιιι
879 4039 1066 4101 postea
1091 4046 1108 4097 ;
1158 4044 1389 4100 quorum
1417 4029 1623 4098 primus

53 4121 115 4176 sic
143 4122 360 4194 incipit:
395 4123 796 4194 Evangelistan;
826 4121 1148 4189 audivimus,
1182 4132 1229 4199 et
1259 4121 1315 4175 in
1353 4137 1410 4174 eo
1438 4120 1624 4174 Domi-

49 4226 154 4264 mtm
185 4229 268 4268 eos
295 4225 637 4284 arguentem.

31 4345 36 4348 .
102 4315 133 4358 Γ
171 4305 239 4360 De
261 4322 545 4362 consensu
567 4304 1052 4375 Evangelistarum,
1087 4305 1208 4361 libri
1237 4320 1289 4358 tv
1318 4321 1334 4368 ;
1365 4303 1466 4358 hoc
1487 4317 1623 4373 opus

44 4396 108 4450 sic
150 4398 336 4470 incipit
375 4415 392 4454 :
445 4399 605 4454 Inter
655 4415 831 4454 omnes
877 4400 1084 4454 divinas
1133 4399 1474 4454 auctoritates
1503 4413 1623 4467 qua:

44 4490 186 4543 sacris
214 4489 407 4546 litteris
433 4490 797 4546 continentur.

101 4577 139 4633 Τ
183 4580 349 4640 Liber
377 4581 879 4655 ,Etymologiarum
935 4581 1124 4638 Isidori
1173 4579 1453 4652 Spalensis
1497 4580 1620 4651 (sic)

39 4673 274 4744 episcopi.

95 4777 126 4820 Γ
158 4765 308 4824 Libri
347 4786 378 4824 ι
411 4767 560 4823 Livii
584 4765 703 4836 (sic)
733 4769 798 4824 ab
841 4765 992 4824 Urbe
1047 4766 1291 4834 condita,
1321 4767 1418 4825 sed
1444 4766 1622 4840 capita

36 4871 110 4921 ιι..
133 4861 307 4916 adhuc
339 4861 555 4917 desunt
581 4859 944 4930 Pomposiano
971 4858 1182 4925 abbati,
1209 4874 1331 4930 quae
1378 4859 1624 4931 reperire

31 4951 166 5005 avide
189 4952 441 5008 anhelat.

92 5052 124 5096 Γ
162 5045 328 5101 Liber
382 5045 768 5118 praemiorum
824 5044 899 5100 De
939 5043 1092 5100 libris
1139 5043 1276 5099 Novi
1303 5053 1358 5100 et
1408 5043 1621 5099 Veteris

31 5134 376 5195 l‘estantenti.
404 5139 549 5194 Item
601 5137 741 5193 liber
788 5137 961 5192 sancti
985 5136 1176 5192 Isidori
1227 5136 1304 5192 De
1333 5139 1466 5203 vita,
1494 5148 1618 5192 ortu

28 5237 70 5279 et
92 5231 237 5286 obitu
281 5239 619 5288 sanctorum
673 5229 918 5297 Patrum,
968 5229 1063 5301 qui
1103 5230 1156 5286 in
1207 5228 1615 5301 Scripturarum

28 5317 259 5378 laudibus
309 5322 649 5378 referuntur
687 5338 704 5388 ;
740 5321 830 5377 hic
874 5321 1012 5377 liber
1065 5321 1146 5377 sic
1187 5321 1424 5391 incipit:
1473 5321 1620 5376 Inci-

28 5414 156 5474 piunt
205 5417 465 5470 nornina.
498 5453 515 5468 .
540 5453 554 5468 .
678 5452 724 5468 ..
746 5452 762 5468 .
783 5454 797 5469 .
819 5452 836 5469 .
869 5414 1196 5470 Sanctorum
1245 5411 1466 5468 Patrum
1517 5412 1619 5468 Ve-

28 5505 139 5560 teris
184 5506 550 5563 Testamenti
605 5505 834 5578 mystice
858 5506 1102 5576 exposita
1131 5519 1161 5560 a
1191 5515 1380 5560 sancto
1411 5505 1616 5560 Isidoro

28 5595 251 5664 Spaleusi
286 5600 588 5670 episcopo.
616 5598 717 5654 Hic
754 5597 893 5654 liber
941 5598 1020 5653 sic
1050 5597 1241 5667 incipit
1274 5615 1285 5650 :
1329 5597 1500 5652 Adam
1544 5597 1615 5666 ﬁ-

28 5702 188 5751 turant
217 5689 430 5746 Christi
460 5693 711 5761 gestavit.
760 5690 892 5746 Item
943 5691 1160 5746 nomina
1192 5700 1504 5746 sanctorum
1535 5691 1611 5748 De

28 5783 147 5839 εονο
178 5785 559 5841 Testamento
588 5803 602 5852 ;
644 5787 744 5842 hoc
770 5800 904 5857 opus
934 5785 1014 5842 sic
1063 5784 1246 5854 incipit
1275 5804 1287 5839 :
1342 5785 1605 5851 Quatuor.

1729 531 1866 589 bcns
1912 529 2278 591 Ilistoriarum
2325 536 2657 594 breviarium
2708 539 2777 594 ab
2817 542 3042 597 exordio
3090 541 3312 607 mundi.

1729 638 1900 694 usque
1929 625 1998 680 ad
2031 623 2267 680 Ileraclii
2297 633 2532 696 tempus,
2561 628 2720 684 liber.
2768 630 2932 686 Liber
2966 631 3312 687 Dill'erentia-

1729 729 1848 768 rum
1880 713 2071 771 Isidori
2102 713 2380 786 Spalensis
2423 717 2706 788 episcopi:
2753 721 2844 778 hic
2891 721 3028 777 liber
3057 723 3136 778 sic
3175 721 3315 777 inci-

1727 806 1823 878 pit.
1843 843 1858 860 .
1874 845 1890 862 .
1911 845 1925 861 .
1946 846 1959 860 .
1981 847 1995 859 .
2015 847 2028 861 .
2053 807 2184 863 Item
2245 809 2323 865 De
2363 809 2808 866 distinctionibus
2863 822 3099 882 quatuor
3151 813 3314 866 vitio-

1685 909 1708 927 °
1732 913 1851 952 rum
1882 915 1898 964 ;
1924 897 2012 953 hic
2038 898 2178 956 liber
2207 899 2288 954 sic
2311 899 2502 971 incipit
2533 916 2547 953 :
2581 899 2778 954 Contra
2807 901 3041 955 [tractam
3067 916 3120 954 tv
3149 902 3313 955 virtu-

1726 1004 1835 1043 tum
1866 1007 2079 1062 genera.
2109 991 2241 1047 Item
2295 992 2588 1056 secundus,
2632 992 2709 1047 De
2756 991 3074 1048 dill‘erentiis
3119 993 3311 1048 verbo.

1729 1096 1846 1140 rum
1871 1095 1888 1147 ;
1924 1079 2012 1136 hic
2031 1080 2170 1138 liber
2198 1080 2278 1136 sic
2302 1081 2492 1151 incipit
2523 1099 2537 1135 :
2566 1080 2810 1135 Isidorus
2837 1081 3037 1148 lectori,
3066 1081 3310 1135 salutem.

1728 1174 1976 1246 Plerique
2021 1184 2250 1234 ueterum
2297 1193 2593 1234 sermonum
2621 1178 2946 1248 differentias
2996 1178 3314 1247 distinguere

1725 1269 2064 1327 studuerunt.
2129 1267 2326 1324 Sermo
2385 1268 2575 1325 Isidori
2627 1278 2814 1325 contra
2868 1269 3101 1324 Arianos
3145 1283 3162 1333 ;
3220 1269 3316 1338 qui

1726 1363 1806 1418 sic
1833 1354 2067 1433 incipit:
2119 1359 2270 1430 Veni,
2314 1359 2536 1418 Domine
2583 1362 2712 1419 Jesu
2748 1361 2973 1428 Christe,
3022 1362 3317 1432 redemptor

1729 1464 1924 1510 1108181⁸.

1799 1547 1990 1603 Sermo
2020 1547 2191 1604 sancti
2236 1539 2459 1605 Joannis
2494 1549 2566 1605 0s
2595 1550 2762 1616 aurei,
2798 1549 2874 1607 De
2921 1550 3129 1619 psalmo
3176 1561 3230 1613 ι,
3259 1556 3319 1604 et

1727 1641 2050 1711 pcenitentia
2076 1639 2267 1707 David,
2303 1644 2395 1711 qui
2423 1641 2502 1697 sic
2545 1641 2771 1710 incipit:
2820 1643 2900 1697 Ad
2929 1659 3086 1698 ciente
3114 1661 3200 1703 vos
3229 1661 3317 1701 re-

1728 1734 1917 1803 liquias
1942 1750 2205 1789 vocamus.
2261 1729 2504 1805 Epistula
2562 1733 2803 1804 ejusdem
2834 1736 2902 1791 ad
2949 1752 3046 1793 eos
3095 1739 3190 1808 qui
3233 1738 3318 1794 di-

1724 1834 1875 1891 cunt,
1902 1825 2082 1892 Quare
2112 1839 2216 1880 non
2267 1827 2333 1882 de
2366 1827 2544 1881 medio
2589 1827 2836 1884 sublatus
2887 1837 2971 1885 est
3018 1829 3310 1894 diabolus;

1725 1918 1812 1973 hic
1837 1918 1977 1973 liber
2003 1919 2083 1974 sic
2132 1918 2322 1989 incipit
2352 1942 2366 1973 .-
2401 1919 2636 1974 Rursum
2697 1921 2836 1976 vobis
2892 1937 3125 1976 mensam
3151 1937 3314 1993 quant

1723 2008 1924 2078 pridem
1952 2008 2194 2077 promisi.
2219 2008 2277 2063 In
2304 2010 2524 2064 nomine
2551 2019 2756 2066 sancta:
2779 2019 2832 2065 et
2856 2011 3146 2067 individua:
3191 2010 3317 2066 Tri-

1723 2100 1934 2166 uitatis,
1970 2099 2239 2170 incipiunt
2269 2109 2390 2156 acta
2415 2102 2590 2157 sancti
2616 2101 2875 2157 Methodii
2930 2102 3170 2174 episcopi
3209 2103 3316 2157 Pa-

1724 2193 1977 2260 terensis,
2012 2192 2086 2247 De
2113 2193 2298 2263 regnis
2347 2209 2534 2265 regum
2567 2195 2831 2266 gentium,
2865 2206 2922 2251 et
2974 2195 3051 2250 De
3079 2196 3315 2254 novissi-

1724 2287 1830 2343 mis
1861 2283 2197 2358 temporibus
2235 2298 2384 2344 certa
2411 2288 2803 2346 demonstratio
2833 2289 3168 2346 Christiana.

1791 2377 1907 2434 Duo
1934 2379 2055 2433 libri
2079 2380 2217 2450 Aug.
2254 2379 2330 2436 De
2351 2379 2546 2437 Genesi
2577 2391 2765 2437 contra
2803 2381 3160 2439 Manichteos:
3197 2383 3307 2439 hoc

1719 2489 1855 2543 opus
1888 2473 1969 2527 sic
1994 2472 2185 2543 incipit
2221 2490 2235 2527 :
2263 2472 2322 2528 Si
2353 2473 2598 2544 eligerent
2628 2473 2911 2529 Maniclttei
2935 2491 3063 2546 quos
3105 2475 3314 2543 decipe-

1721 2579 1853 2622 rent.
1887 2570 2030 2624 ldem
2060 2569 2165 2624 duo
2202 2568 2325 2624 libri
2367 2570 2542 2624 sancti
2577 2569 2864 2640 Augustini
2911 2572 2978 2624 ad
3001 2569 3316 2640 Simplicia-

1721 2675 1889 2725 num;
1946 2661 2048 2714 hoc
2095 2675 2231 2730 Opus
2277 2659 2355 2714 sic
2399 2659 2632 2731 incipit:
2667 2657 3113 2715 Gratiosissimam
3158 2661 3317 2732 plane

1726 2761 1882 2821 atque
1912 2751 2279 2806 suat-issimam
2305 2752 2768 2822 interrogationum
2805 2762 3015 2806 tuarum
3045 2753 3314 2823 dignatio-

1721 2860 1857 2896 nem.
1887 2844 2016 2898 ltem
2039 2845 2373 2915 Augustinus
2397 2845 2461 2900 ad
2486 2845 2796 2912 Dulcitium,
2821 2847 2886 2900 de
2910 2855 3034 2901 octo
3059 2845 3319 2916 quaestio-

1721 2936 1879 2990 nibus
1906 2953 1918 2988 :
1945 2936 2047 2990 hoc
2073 2951 2209 3006 Opus
2235 2937 2314 2992 sic
2356 2937 2544 3008 incipit
2575 2953 2590 2990 :
2630 2936 2900 3002 Quantum
2931 2938 3059 2992 mihi
3089 2938 3315 3002 videtur,

1718 3026 1798 3094 ﬁli
1826 3026 2160 3081 dilectissime
2188 3025 2405 3080 Dulciti.

1791 3122 1985 3192 Incipit
2026 3123 2305 3191 Expositio
2355 3137 2517 3190 super
2564 3121 2787 3175 Cantica
2843 3120 3178 3175 canticorum
3209 3121 3319 3190 Ap-

1726 3217 1908 3288 ponii;
1967 3217 2055 3270 hic
2105 3215 2245 3270 liber
2293 3215 2373 3270 sic
2420 3214 2611 3285 incipit
2645 3229 2658 3267 :
2691 3212 3090 3267 Admirantibus
3144 3229 3320 3268 vocem

1722 3309 1956 3378 Spiritus
1979 3308 2169 3363 sancti.
2267 3337 2269 3339 ι

1793 3399 1837 3454 Τ
1879 3400 2102 3455 Decreta
2134 3397 2544 3470 pontiﬁcum...
2575 3398 2733 3470 primi
2758 3395 3054 3454 Clementis
3078 3411 3229 3468 papa:
3247 3395 3316 3451 ad

1721 3492 2033 3548 Damasum.
2110 3558 2112 3560 _

1795 3586 1836 3640 T
1873 3585 2006 3640 Item
2043 3583 2326 3656 Augustini
2363 3583 2486 3638 libri
2548 3599 2616 3637 xv
2672 3583 2744 3639 De
2785 3583 3004 3638 civitate
3042 3582 3159 3646 Dei,
3194 3598 3224 3637 ι
3259 3581 3315 3638 in

1721 3677 1995 3733 volumine
2025 3690 2156 3740 uno,
2193 3682 2252 3732 et
2283 3691 2313 3727 v
2345 3675 2397 3728 in
2430 3674 2555 3728 alio.

1794 3767 1836 3822 Τ
1876 3766 2237 3823 ιὶέιοτίιιι-ιιιη
2272 3766 2620 3837 antiquarum
2661 3783 2783 3821 xttv
2833 3767 2925 3822 lib.
2959 3765 3120 3838 Trogi
3153 3763 3317 3821 Pom-

1707 3861 1852 3933 peii.

1797 3956 1839 4011 Τ
1874 3953 2153 4024 Expositio
2190 3954 2241 4008 in
2287 3951 2637 4022 Evangelium
2673 3950 2909 4007 Matthtei
2951 3951 3096 4006 edita
3128 3950 3316 4007 nescio

1725 4063 1756 4103 a
1785 4061 1892 4117 quo
1920 4055 2164 4110 auctore,
2203 4058 2329 4098 cum
2362 4043 2586 4114 prologo
2640 4043 2706 4096 ad
2758 4050 2920 4112 caput
2955 4042 3173 4111 juncto;
3226 4041 3316 4096 hic

1725 4137 1859 4192 liber
1886 4136 1964 4191 sic
1993 4135 2182 4205 incipit
2218 4131 2390 4189 :Cum
2423 4132 2660 4202 diligenti
2690 4133 2885 4198 studio,
2921 4148 2983 4185 ac
3014 4146 3132 4184 rum
3160 4128 3314 4184 solli-

1707 4232 1828 4284 ‘cita
1861 4229 2078 4284 diuersis
2107 4227 2420 4281 testimoniis
2447 4226 2837 4294 prophetarum,
2869 4224 3312 4295 evangelistarum

1726 4337 1999 4374 numerum
2030 4319 2266 4374 volumus
2293 4317 2602 4388 approbare.
2631 4315 2746 4372 Hoc
2771 4326 2950 4371 autem
2977 4331 3113 4384 opus
3140 4314 3316 4372 tendit

1727 4425 1898 4481 usque
1942 4411 2010 4465 ad
2037 4409 2408 4480 Evangelium,
2438 4422 2546 4478 quo
2575 4407 2650 4462 ait
2695 4426 2712 4462 :
2749 4407 2894 4462 Tunc
2925 4407 3087 4462 oblati
3117 4417 3242 4461 sunt
3263 4407 3314 4461 ei

1651 4541 1700 4600 Β
1722 4501 1928 4570 parvuli
1959 4511 2013 4554 ut
2055 4516 2242 4555 manus
2270 4502 2346 4554 eis
2371 4501 2656 4571 imponeret
2693 4509 2742 4554 et
2777 4509 2994 4565 oraret;
3037 4507 3095 4554 et
3119 4498 3316 4554 dividi-

1728 4601 1815 4648 tur
1842 4591 2110 4663 cxpositio
2140 4592 2262 4647 libri
2301 4593 2354 4647 in
2384 4609 2547 4648 Lxxvt
2577 4590 2831 4663 capitula.

1793 4682 2082 4750 Memento,
2110 4684 2346 4754 prudens
2384 4683 2573 4751 lector,
2601 4683 2727 4754 quia
2779 4682 2966 4738 solerti
3009 4696 3141 4738 cura
3193 4678 3314 4752 (sic)

1721 4776 2088 4833 strenuissimi
2128 4774 2343 4839 abbatis
2373 4775 2686 4846 Hieronymi
2727 4773 2977 4844 superius
3015 4772 3172 4837 dicti,
3195 4787 3316 4827 om-

1721 4883 1818 4925 nes
1859 4884 1995 4939 pene
2030 4884 2193 4939 supra
2232 4859 2693 4924 coinmemoratos
2721 4866 2890 4924 libros
2917 4867 3160 4938 diligenti
3205 4867 3314 4925 sibi

1720 4962 1985 5018 exercitio
2018 4963 2132 5032 jam
2161 4961 2401 5018 scribere
2428 4959 2574 5016 fecit.
2620 4960 2745 5016 Ideo
2773 4959 2917 5015 enim
2961 4959 3095 5024 dixi,
3149 4972 3312 5028 pene,

1720 5057 1848 5127 quia
1886 5056 2149 5125 quosdam
2191 5067 2328 5124 quos
2351 5064 2572 5110 sanctus
2600 5053 2932 5124 Augustinus
2961 5051 3015 5106 in
3044 5050 3182 5104 libro
3205 5047 3316 5104 Re-

1722 5147 2104 5202 Iractationum
2145 5154 2556 5208 commemorat,
2587 5143 2707 5213 ejus
2734 5142 2906 5197 avida:
2943 5154 3139 5206 inaltus
3169 5154 3312 5201 nun-

1720 5239 1846 5294 dum
1878 5237 1997 5308 (sic)
2030 5238 2298 5309 attingere
2319 5237 2623 5292 valuerunt.
2660 5234 2810 5290 Unde
2837 5248 3002 5303 sagax
3035 5231 3313 5302 ingenium

1723 5331 1868 5387 illius
1923 5347 2199 5403 nunquam
2247 5331 2477 5401 quiescit
2517 5326 2702 5382 sedulo
2752 5323 3032 5395 rogitando
3083 5337 3316 5392 percun-

1721 5421 1920 5478 ctando
1945 5421 2033 5476 ubi
2059 5421 2268 5476 habiles
2290 5430 2601 5475 sanctorum
2633 5416 2755 5472 libri
2779 5416 3013 5478 latitent,
3042 5422 3310 5483 quatenus

1721 5516 1788 5570 ad
1812 5529 2000 5570 eorum
2035 5515 2342 5585 indaginem
2398 5511 2697 5582 pervenire,
2735 5517 2790 5562 et
2817 5521 2915 5562 suo
2946 5505 3188 5560 armario
3215 5503 3313 5558 ad-

1721 5607 1850 5662 dere
1882 5607 2079 5669 valeat,
2127 5614 2187 5659 ut
2222 5606 2362 5658 inter
2395 5602 2612 5658 Italicas
2644 5596 3006 5668 Pomposiana
3035 5595 3174 5652 mire
3203 5593 3308 5648 lul-

1722 5712 1846 5771 geat
1893 5699 2158 5756 Ecclesia.
2190 5697 2382 5754 Omnia
2407 5694 2500 5753 Dei
2523 5694 2808 5752 clementia
2840 5693 2982 5748 circa
3011 5705 3159 5758 sues,
3185 5705 3308 5760 qua:

1722 5791 1799 5846 sic
1837 5791 1996 5852 [idem
2027 5788 2254 5860 ﬂagrare
2284 5788 2435 5855 facit,
2473 5797 2529 5841 ut
2572 5788 2724 5857 quasi
2756 5787 3004 5842 esuriens
3055 5782 3309 5839 comedat
