3836 6320
94 285 198 344 tan
247 271 254 276 ’
1249 281 1607 340 COMMENT.

1802 287 2026 344 ANTlC.
2058 290 2312 360 CANTIC.
3174 299 3317 362 1362

92 417 190 458 esse
221 397 484 470 prologum
517 399 781 454 dictorum
805 399 1329 455 Commentariorum
1359 402 1410 456 in
1442 401 1636 473 Operi-
1665 404 1711 460 A
1741 413 1882 458 trum
1917 403 2226 475 inscripsit,
2258 406 2483 462 Parisiis
2520 406 2666 474 in-8,
2709 423 2852 474 anno
2896 409 3062 479 1684,
3093 411 3315 472 editum.

92 495 172 548 bus
195 491 351 546 sancti
381 490 647 562 Gregorii,
681 490 842 544 alium
888 491 938 544 in
981 490 1276 555 Analectis,
1313 491 1495 548 instet.
1524 492 1626 561 Qui
1735 494 2002 564 Deceptus
2063 495 2150 550 ille
2205 511 2271 551 ex
2325 495 2505 551 littera
2561 497 2673 554 sola
2726 499 2962 554 nominis
3010 499 3201 556 initiali
3251 491 3318 568 Β,

90 586 207 637 cnim
237 583 282 635 in
309 581 566 652 Operibus
608 583 671 637 ι).
701 583 947 654 Gregorii
992 592 1094 650 est,
1123 582 1273 654 juxta
1319 583 1539 640 Petrum
1563 587 1630 642 de
1733 599 1893 652 quam
1933 585 2136 641 invenit
2186 587 2238 641 in
2279 601 2381 643 ms.
2420 588 2609 644 codice
2644 574 2950 646 Navarricae
2998 591 3321 648 Parisiensis

90 675 408 738 Gussanville,
443 691 561 745 pag.
597 674 725 740 458,
760 675 810 728 in
840 675 1223 745 manuscriptis
1254 676 1436 732 multis
1457 679 1628 743 deest,
1733 675 2092 742 bibliothecae,
2147 688 2206 732 ut
2255 694 2379 751 pag.
2411 679 2519 734 275
2571 679 2791 744 fatetur.
2822 697 3150 756 anonymum
3177 685 3322 740 hunc

91 770 132 820 in
153 765 258 820 aliis
285 765 570 834 discrepat,
609 765 658 818 in
693 766 814 822 aliis
857 767 1078 821 brevior
1107 767 1188 822 vel
1219 767 1480 838 prolixior
1500 767 1632 841 legi-
1733 783 1800 824 ex
1853 769 2182 838 coniecturis
2245 763 2712 826 Commentarium
2771 769 2967 827 sancto
3044 772 3321 845 Radulpho

90 868 175 923 tur,
204 872 298 934 pro
326 869 484 927 captu
519 859 712 913 scriba:
741 858 1131 930 cujuscunque.
1161 858 1280 929 lpso
1311 859 1471 931 hujus
1499 876 1631 931 ope-
1735 857 2139 916 Fontanellensi
2169 863 2367 931 abbati,
2398 863 2740 934 phantastica
2774 879 2996 935 prorsus
3016 865 3322 921 sanctitatis

89 953 148 1006 ris
187 958 235 1004 et
281 950 514 1004 auctoris
561 967 690 1005 vero
739 951 960 1020 prologo
1013 952 1066 1005 in
1121 951 1399 1006 Analemis
1451 950 1634 1006 citatis
1738 961 1902 1022 atque
1935 953 2420 1010 commentationis
2468 953 2646 1020 laude,
2679 956 2968 1011 concessit.
2996 955 3165 1023 Quem
3196 947 3340 1028 pro-‘l

91 1044 337 1122 existente,
368 1057 430 1096 ex
477 1057 579 1097 ms.
628 1042 818 1099 codice
845 1042 1183 1109 Balernensi,
1230 1059 1354 1098 cum
1394 1042 1634 1098 auctoris
1735 1047 1889 1117 logus
1925 1047 2136 1117 integer
2171 1056 2300 1102 tom.
2359 1045 2378 1100 Ι
2407 1045 2792 1102 Analectorum
2817 1045 3044 1102 Joannis
3068 1046 3319 1102 Mabillun

89 1133 293 1197 nomine,
315 1142 472 1201 atque
502 1133 554 1186 in
574 1131 745 1188 altero
773 1132 830 1188 S.
864 1133 1098 1189 Victoris
1126 1132 1471 1199 Parisiensis,
1493 1134 1634 1188 unde
1736 1155 1861 1209 pag.
1889 1138 1995 1194 125
2026 1139 2226 1194 diserte
2275 1137 2497 1194 Roberto
2546 1138 2735 1194 Sancti
2777 1139 2991 1210 Vigoris
3017 1137 3323 1206 Baiocensis

87 1224 240 1280 eduxit
264 1222 494 1278 Iacobus
535 1223 816 1296 llommey,
862 1224 928 1280 de
957 1241 1064 1294 quo
1098 1224 1257 1280 infra.
1286 1224 1390 1280 Alii
1423 1240 1636 1296 quoque
1737 1230 1921 1286 abbati
1959 1231 2208 1291 attribuit
2242 1247 2254 1283 :
2301 1231 2462 1302 idque
2511 1238 2634 1302 post
2684 1229 3002 1287 0rdcricum
3061 1229 3321 1296 Vi‘talem',

89 1318 176 1370 duo
217 1329 337 1369 mss.
388 1315 606 1370 codices
645 1315 786 1370 inter
839 1332 966 1371 mss.
1032 1317 1247 1371 codices
1279 1316 1636 1372 ecclesiarum
1737 1331 2253 1392 contemporanenm
2285 1335 2352 1378 ac
2405 1323 2678 1378 oculatum
2725 1333 2939 1388 testem,
2969 1321 3211 1392 ejusdem
3240 1317 3326 1376 re;

95 1407 264 1480 Anglia:
292 1409 684 1485 cathedralium
737 1417 793 1464 et
843 1408 1076 1463 aliarum
1117 1409 1408 1480 insignium
1440 1407 1640 1465 biblio-
1737 1413 1932 1486 gionis,
1960 1413 2216 1485 temporis
2256 1421 2312 1478 et
2355 1413 2564 1478 ordinis
2595 1412 2895 1467 alumnum.
2925 1405 3034 1468 Nec
3088 1400 3324 1466 validum

88 1504 352 1569 thecarmn,
382 1505 434 1558 in
471 1517 604 1558 mss.
637 1497 916 1558 codicibus
944 1501 1187 1557 ecclesia:
1216 1501 1547 1558 cathedralis
1581 1510 1638 1558 et
1736 1503 2030 1574 quidquam
2076 1505 2336 1560 adversus
2387 1513 2592 1559 tantam
2629 1504 3008 1559 auctoritatem
3061 1502 3251 1575 reponi
3293 1515 3325 1558 τι

85 1593 452 1663 metropolitica:
505 1591 563 1649 S.
613 1593 759 1648 Petri
803 1592 945 1664 apud
985 1593 1292 1649 Eboracum
1342 1594 1531 1651 codice
1563 1595 1631 1663 9,
1739 1609 2007 1665 quoquam
2036 1593 2562 1664 potest.Ansfridus,
2586 1593 2675 1649 cui
2701 1591 2972 1648 Robertus
2999 1607 3138 1662 opus
3167 1601 3325 1646 suum

89 1699 210 1736 num.
235 1683 266 1736 2
304 1702 317 1737 :
353 1681 547 1738 Frater
595 1682 848 1737 liobertus
901 1685 955 1737 in
995 1683 1236 1739 Cantica.
1269 1682 1632 1754 Principium:
1738 1695 2035 1754 nuncupat,
2058 1685 2274 1740 videtur
2300 1699 2422 1740 esse
2437 1682 2732 1740 Ansfridus
2758 1675 3112 1738 Pratellensis
3132 1683 3326 1749 abbas,

85 1773 212 1828 Servo
241 1776 328 1832 Dei
351 1779 625 1847 Ansfrido.
655 1777 719 1832 Et
749 1778 935 1833 codice
957 1776 1120 1841 8666,
1160 1775 1215 1832 in
1263 1793 1392 1833 mss.
1425 1779 1633 1834 codici-
1671 1795 1716 1854 Β
1743 1778 2002 1848 Aufridas
2045 1777 2168 1833 aliis
2200 1776 2412 1844 dictus,
2463 1775 2616 1844 cujus
2649 1776 2985 1848 epitaphium
3035 1774 3327 1831 Orrlericu's

84 1867 163 1921 bus
189 1869 514 1926 bibliothecae
536 1869 801 1926 Iacobum
847 1870 1037 1926 codice
1071 1869 1198 1927 9M.
1233 1869 1444 1926 Roberti
1475 1871 1632 1927 Com-
1739 1871 1906 1926 refert
1942 1869 2062 1926 loco
2090 1871 2294 1937 citato;
2325 1870 2416 1926 vel'
2445 1879 2594 1926 certe
2618 1868 2908 1940 Ausfridns
2935 1869 3104 1925 abbas
3135 1869 3329 1924 tertius

83 1961 328 2014 nteltlttrius
381 1963 434 2016 in
488 1961 708 2016 Cantica
761 1963 1108 2028 canticorum,
1139 1964 1372 2019 habetur
1401 1981 1633 2020 excuses
1746 1964 2065 2018 monasterii
2094 1963 2280 2019 Sancti
2326 1963 2625 2018 Salvatorls
2652 1960 3171 2018 Constantiniensis.
3211 1960 3328 2028 Quo

84 2049 196 2104 inter
222 2049 385 2122 Opera
431 2052 682 2124 Gregorii
742 2052 939 2125 Magni.
1001 2055 1078 2110 Ita
1115 2056 1167 2110 in
1203 2057 1450 2128 catalogo
1499 2073 1632 2113 mss.
1738 2057 1804 2112 de
1832 2055 2085 2112 Ansl‘rido
2117 2055 2430 2110 Pratell‘ensi
2461 2053 2616 2125 plura
2646 2053 2816 2109 videri
2841 2062 3065 2125 possunt
3089 2053 3144 2108 in
3167 2053 3330 2107 c‘hro-

84 2143 298 2199 codicum
339 2146 568 2200 istarum
618 2145 1090 2202 bibliothecarum.
1143 2146 1357 2217 Adjicio
1405 2147 1638 2218 denique
1739 2149 1861 2204 nico
1890 2148 2112 2206 Roberti
2154 2148 2222 2202 de
2273 2156 2478 2212 monte,
2519 2145 2659 2217 apud
2707 2143 3013 2200 Neuatriam
3061 2144 3204 2214 pium
3231 2135 3332 2198 ar.

81 2234 321 2306 prologum
377 2237 478 2309 qui
517 2238 570 2292 in
613 2237 852 2317 editione
903 2237 1140 2314 Operum
1185 2237 1243 2294 S.
1283 2237 1530 2311 Gregorii
1564 2239 1636 2296 le-
1743 2239 1850 2294 turi
1889 2238 1959 2293 du
2000 2237 2253 2302 Mentior,
2286 2246 2343 2292 et
2374 2237 2830 2292 Sammarthanos
2858 2225 3054 2288 fratres
3087 2242 3222 2288 tom.
3253 2227 3322 2286 IV

81 2323 217 2392 gitur,
257 2327 321 2383 ab
361 2330 699 2401 exscriptore
746 2330 930 2399 aliquo
956 2369 970 2394 ,
1020 2331 1106 2384 cui
1159 2331 1212 2385 id
1264 2329 1488 2396 placuit,
1517 2345 1639 2386 esse
1738 2328 1926 2386 Gallia:
1970 2328 2291 2384 Christiana:
2336 2327 2386 2382 in
2415 2326 2672 2397 Catalogo
2699 2324 3112 2381 Pr’atellensium
3142 2324 3314 2378 abba-

82 2418 332 2474 cunlietum
357 2461 372 2487 ,
417 2431 581 2493 atque
627 2431 943 2494 excerptum
1001 2437 1066 2478 ex
1105 2423 1329 2496 prologo
1379 2423 1638 2480 Richardi
1743 2431 1877 2478 tum.
1905 2419 2040 2490 Quis
2081 2437 2212 2476 vero
2249 2421 2321 2476 sit
2357 2420 2676 2476 Anastasius
2725 2419 2840 2486 ille,
2871 2417 3026 2488 cujus
3057 2425 3245 2488 rogatu
3277 2413 3330 2471 id

83 2505 308 2563 Victorini
351 2509 403 2564 in
437 2514 640 2568 eadem
677 2512 937 2579 Cantica,
989 2528 1110 2584 pag.
1144 2512 1248 2568 489
1281 2513 1640 2568 Richardino-
1749 2511 2020 2570 RohertUs
2050 2522 2326 2581 'agressus
2378 2513 2491 2578 sit,
2559 2511 2798 2566 nomium
2849 2525 2973 2566 cum
3021 2503 3332 2564 Mabillonio

84 2598 424 2670 rumOperum
457 2615 476 2655 :
507 2617 668 2674 quem
715 2619 1020 2675 anonymns
1066 2603 1263 2674 aliquis
1301 2604 1497 2673 partim
1535 2604 1640 2658 im”
1744 2616 1888 2661 toruo
1917 2606 1932 2659 Ι
1961 2605 2362 2671 Analectornm,
2403 2617 2527 2674 pag.
2583 2601 2717 2671 1'52,
2767 2611 3105 2672 compertum
3135 2597 3332 2656 habeo.

85 2692 312 2757 mutavit,
358 2695 558 2764 partim
613 2709 711 2766 per
749 2693 1126 2767 compendium
1171 2710 1272 2765 pro
1320 2695 1472 2751 libitu
1500 2711 1640 2765 _con-
1743 2699 1951 2754 Claruit
1981 2698 2162 2768 itaque
2191 2698 2457 2752 Bobertns
2483 2697 2652 2752 abbas
2680 2695 2739 2752 S.
2775 2694 3037 2775 'Vigoris,
3081 2709 3111 2748 a
3155 2692 3334 2748 medio

83 2779 289 2836 strinxit.
322 2781 567 2857 Denique
610 2788 1077 2845 Commentarinm
1129 2790 1271 2844 hunc
1328 2790 1643 2859 nuperrime
1721 2792 1962 2847 'circiler
1987 2791 2051 2845 ad
2076 2790 2322 2845 undecim
2349 2787 2527 2845 saeculi
2563 2787 2844 2855 finem,vel
2868 2787 3105 2844 circiter.
3123 2787 3197 2840 De
3226 2801 3336 2855 quo

85 2874 168 2932 sub
191 2878 396 2935 nomine
421 2879 485 2936 S.
521 2881 791 2953 Radulplu'
825 2881 1243 2937 Fontanellcnsis
1269 2883 1494 2948 abbatis,
1525 2883 1643 2937 edi-
1746 2883 1861 2953 ipse
1887 2897 1988 2953 ego
2030 2881 2083 2936 in
2113 2880 2500 2954 Supplemento
2525 2879 2834 2935 Bellarmini
2875 2878 2942 2934 de
2971 2877 3330 2948 scriptoribus

84 2963 149 3017 dit
207 2967 430 3027 .lacobus
510 2973 814 3045 llommcy,
894 2972 1320 3043 Augustinianns
1377 2973 1643 3039 eremita,
1747 2974 2156 3035 ecclesiasticis,
2367 2970 2502 3039 548;
2540 2972 2780 3028 Joannes
2828 2971 3085 3028 Mabillon
3136 2981 3268 3026 tom.
3293 2969 3322 3022 ει

85 3071 189 3128 pag.
217 3060 334 3117 9.76.
367 3064 566 3137 Operis
595 3067 739 3137 quod
783 3065 1055 3121 immerito
1083 3066 1517 3136 supplementum
1545 3067 1645 3122 Pa-
1748 3067 2131 3124 Analectorum
2163 3065 2472 3131 citatorum,
2498 3079 2621 3136 pag.
2658 3063 2760 3118 125
2780 3071 2836 3119 et
2860 3079 3016 3135 seqq.

92 3216 1544 3248 Μ*-

505 3349 1332 3503 nonnum
1387 3385 1630 3497 me
1705 3359 2879 3498 unaunam-nun

1354 3593 1412 3647 S.
1452 3593 1728 3649 VIGORIS
1758 3593 2048 3647 ABBATIS

325 3779 1416 3980 COMMENTARIORUM
1516 3783 1648 3935 IN
1709 3778 2232 3934 nunt
2340 3775 3088 3936 CANTICORUM

1293 4077 1669 4190 LIBRI
1735 4073 2091 4192 .DUO.

1242 4297 1433 4370 (Ouum
1468 4267 1664 4365 Script.
1692 4293 1906 4362 ardea,
1930 4293 1993 4362 ll,
2013 4292 2162 4365 773.)

138 4592 457 4650 EPlSTOLA
498 4589 626 4645 SEU
669 4586 1038 4644 PREFATIO
1081 4583 1426 4641 AUCTOlilS
1482 4584 1576 4652 AD

1823 4537 2177 4628 amplurimos
2199 4555 2315 4610 dies
2338 4566 2500 4623 super
2519 4551 2740 4608 Cantica
2765 4551 3103 4608 canticorum
3127 4553 3337 4625 scripsi,

453 4644 854 4716 ANSFRIDUM
908 4657 1252 4714 ABBATEM.
1571 4646 1576 4652 ’
1753 4651 1990 4706 mittam.
2028 4648 2127 4702 Vix
2166 4647 2330 4719 igitur
2371 4660 2512 4700 nunc
2557 4644 2735 4708 mitto,
2768 4658 2929 4714 quem
2959 4659 2988 4698 a
3016 4644 3233 4700 nomine
3263 4645 3344 4699 vi—

141 4755 304 4810 Servo
359 4756 453 4810 Dei
498 4754 708 4808 incluso
760 4751 1112 4808 dilectissimo
1164 4765 1299 4814 suo,
1352 4742 1650 4810 Ansrmoo,
1755 4741 2120 4807 derivellcm,
2164 4739 2210 4795 si
2245 4737 2500 4794 omnibus
2535 4736 2869 4792 abscondere
2905 4731 3140 4807 possem.
3170 4735 3342 4822 Quem

79 4846 328 4913 ιιιωιιώιιιι
360 4847 473 4901 lilio
515 4852 571 4899 et
608 4844 810 4910 amico,
841 4843 1022 4906 modo,
1077 4838 1256 4895 divina
1307 4838 1521 4892 favente
1566 4837 1654 4890 cui
1757 4837 1902 4892 enim
1935 4833 2088 4890 rudis
2117 4844 2173 4889 et
2199 4831 2474 4903 impolitus
2506 4829 2701 4886 artifex
2736 4829 2926 4884 fecerit
2956 4828 3235 4916 annulum,
3272 4828 3343 4918 ab

82 4939 292 4994 voluerit
345 4938 558 5011 gratia,
601 4937 751 4992 Patri
798 4944 856 4992 et
918 4935 1156 5000 domino,
1201 4931 1372 4987 frater
1439 4930 1654 4986 Ronan-
1761 4929 1884 4984 aliis
1910 4926 2080 4983 videri
2123 4925 2408 4990 formidat;
2446 4941 2546 4982 suo
2589 4924 2814 5010 mlnime
2858 4919 3054 5011 credit,
3083 4918 3234 5011 etde
3267 4916 3344 5011 al:

83 5047 168 5084 ws
199 5031 217 5101 (
243 5032 263 5086 l
289 5037 330 5102 ),
352 5007 661 5086 ‘hominnm
712 5027 996 5092 minimus,
1058 5027 1250 5092 vitam,
1295 5023 1550 5095 gaudium
1597 5031 1655 5076 et
1761 5021 1931 5076 terius
1953 5019 2161 5091 judicio
2190 5034 2295 5074 non
2330 5018 2558 5073 confidit
2587 5036 2602 5072 :
2638 5008 2768 5071 dum
2791 5012 2878 5102 id,
2911 5010 3054 5102 quod
3100 5007 3207 5102 sibi
3243 5008 3342 5102 soli

81 5099 464 5190 gloriamque:
490 5135 618 5174 vere
644 5118 814 5189 gloria
842 5125 944 5172 est.
1761 5123 1888 5169 ante
1917 5128 2145 5169 examen
2175 5110 2412 5182 perfecte
2441 5126 2545 5165 non
2576 5109 2773 5180 placet,
2791 5099 2853 5160 in
2881 5101 3132 5158 examine
3157 5099 3347 5190 displi-

143 5212 315 5268 Mnltis
345 5188 460 5282 jam
496 5188 703 5267 nuntiis
732 5210 983 5268 inertiam
1023 5223 1198 5264 meam
1229 5208 1410 5263 fervor
1439 5214 1564 5261 tuus
1595 5203 1650 5257 in
1759 5220 1884 5260 cere
1914 5204 2162 5278 pluribus
2187 5202 2361 5257 timet.
2391 5199 2484 5256 Sic
2521 5195 2854 5254 ostendentis
2879 5202 2935 5249 et
2961 5192 3058 5292 sic.
3077 5188 3342 5292 paventis,

83 5280 358 5366 Dominum
392 5304 666 5369 sollicitat,
693 5312 754 5360 ut
792 5302 888 5359 tibi
933 5302 1156 5369 librum,
1184 5316 1346 5371 quem
1389 5308 1516 5355 ante
1553 5297 1652 5352 hos
1757 5299 1942 5368 accipe
1969 5293 2288 5366 opusculqu
2336 5292 2506 5348 amici.
2536 5290 2633 5345 tui.
2659 5287 2848 5344 Judica
2884 5284 3012 5356 quid
3048 5280 3338 5372 placuerit,

151 5479 223 5551 (1)
262 5479 536 5536 Robertns.
592 5463 669 5534 lla
721 5492 914 5552 nomen
945 5477 1238 5552 integuntur
1284 5474 1361 5552 iIL
1392 5488 1496 5552 m_s._
1544 5470 1649 5552 Ba-
1758 5489 1858 5526 nus
1881 5465 2626 5552 eremita,itLSuppletpento

82 5535 301 5605 lerneusi
327 5592 342 5615 ,
393 5568 516 5605 cum
568 5567 668 5604 ms.
721 5550 888 5603 codex
942 5547 998 5600 S.
1037 5535 1272 5600 Victoris
1329 5542 1654 5617 Parisiensis
1756 5559 1892 5617 opus
1925 5542 2156 5596 Badulfo
2189 5535 2593 5617 Fontanellensi
2625 5535 2828 5617 abbati,
2859 5535 3111 5617 scriptori
3144 5535 3341 5617 inungi-

86 5603 304 5674 litteram
330 5603 547 5675 lantu‘tn
593 5620 856 5676 initialem
887 5618 928 5672 Β
962 5619 1159 5671 habeat
1193 5634 1203 5668 :
1241 5616 1380 5668 nmle
1409 5614 1652 5666 occasio-
1755 5603 1930 5676 nario,
1967 5622 2160 5665 saneto
2197 5609 2320 5663 novi
2363 5605 2694 5673 Kalendarii,
2725 5605 2928 5676 absque
2959 5603 3098 5659 duce
3129 5611 3185 5659 et
3213 5614 3336 5658 con-

80 5703 186 5746 nem
226 5692 445 5748 errandi
491 5691 680 5748 habuit
716 5689 950 5750 Jacolxus
995 5688 1274 5756 Hornmey,
1305 5684 1650 5755 Angustinia-
1756 5684 1899 5749 snlc,
1924 5683 2222 5738 ascribcns.
