3862 6312
516 312 657 404 i363

1689 346 1992 406 ROBERTI
2016 348 2307 405 ABBATIS
2341 349 2402 407 S.
2430 345 2699 405 VIGORIS

3624 333 3729 388 1366

520 469 579 516 et
617 460 865 516 rescribe
893 458 1038 529 quod
1064 457 1415 528 judicaveris.
1449 456 1649 515 Videor
1693 458 1922 515 forsitan
1953 457 2120 532 pluri-
2148 484 2194 539 Α
2225 468 2332 525 tur,
2364 460 2589 522 scribas,
2618 459 2712 513 sed
2754 454 3067 510 continuum
3124 451 3177 506 in
3218 446 3451 520 paginis,
3491 444 3611 501 sicut
3647 449 3733 505 alia:

515 550 639 616 bus,
678 552 823 623 quod
868 561 925 606 et
963 551 1058 617 tibi
1104 551 1275 607 videri
1321 551 1503 618 timeo,
1531 552 1636 607 hoc
1676 567 1812 623 opus
1852 568 2113 623 praesum-

513 645 695 714 ptione
724 644 979 714 ccepisse,
1018 644 1440 715 prtcsumptione
1475 644 1770 715 perfecisse
1805 662 1822 716 τι
1850 643 1895 700 si
1934 653 2111 713 tamen

516 732 823 815 perfectum
853 745 936 793 est
969 738 1280 804 dicendum,
1311 735 1456 808 quod
1488 751 1517 791 a
1552 736 1884 792 doctioribus
1921 735 2110 792 melio-

514 827 779 909 ribusque
820 828 953 884 viris
1001 837 1086 885 est
1128 829 1305 885 adhuc
1355 827 1801 893 examinandum,
1832 836 1886 882 et
1928 827 2114 901 utique

513 918 921 997 corrigendum.
956 918 1086 975 Mihi
1116 921 1335 993 quippe,
1359 917 1554 991 fateor,
1582 934 1707 987 cum
1738 934 1932 992 magna
1969 918 2113 989 indi-

451 1062 461 1087 λ
514 998 779 1095 gnatione
811 1009 927 1075 fieri
952 1010 1191 1079 videtur,
1222 1020 1283 1065 ut
1308 1024 1408 1079 ego
1434 1017 1541 1065 tam
1575 1009 1726 1081 rudis
1759 1008 1959 1073 studio,
2001 1018 2109 1061 tam

459 1098 467 1108 ’
518 1086 750 1160 stolidus
776 1103 1017 1177 ingenio,
1050 1113 1161 1160 tam
1190 1102 1438 1160 sordidus
1462 1111 1684 1172 peccato
1711 1119 1724 1155 :
1758 1101 1809 1156 in
1840 1110 1948 1156 tam
1977 1101 2113 1161 anti-

518 1208 717 1263 quum,
752 1203 861 1249 tam
898 1194 1141 1260 doctum,
1166 1202 1275 1257 tam
1310 1192 1537 1258 nitidum
1566 1206 1703 1261 opus
1727 1189 2067 1275 proruperint
2096 1207 2109 1243 :

520 1292 585 1339 ut
631 1283 941 1341 Salomonis
984 1284 1150 1339 verba
1192 1296 1545 1354 exponerem,
1574 1282 1666 1352 qui
1711 1282 1777 1337 de
1821 1281 2112 1336 Salomone

520 1375 660 1433 nihil
713 1378 906 1443 habeo,
960 1376 1063 1431 nisi
1116 1375 1342 1445 forsitan
1371 1375 1516 1447 quod
1543 1375 1613 1431 do
1639 1374 1729 1430 illo
1755 1373 2116 1429 abominabile

522 1469 647 1542 lego
673 1488 685 1523 :
714 1468 943 1535 scilicet,
975 1484 1098 1529 eum
1123 1483 1289 1541 senex
1311 1466 1489 1537 factus
1515 1468 1698 1534 fuerit,
1733 1483 1875 1537 nunc
1897 1467 2115 1543 sapiens

523 1578 649 1619 esse
686 1562 979 1618 destiterit.
1016 1561 1145 1617 Mihi
1187 1571 1368 1619 tamen
1408 1563 1584 1618 amico
1619 1570 1714 1623 tuo
1751 1560 1935 1629 crede,
1971 1560 2115 1631 quod

523 1658 672 1713 hunc
698 1672 860 1728 quem
893 1655 988 1710 tibi
1023 1654 1179 1710 mitto
1230 1654 1468 1710 libellum
1498 1664 1717 1726 rogatus
1749 1652 1916 1725 ccepi,
1973 1651 2115 1707 nud-

525 1749 691 1804 toties
761 1745 1075 1813 admonitus
1148 1744 1375 1815 perfeci.
1434 1743 1665 1816 Rogavit
1718 1758 1804 1799 me
1864 1742 2116 1807 dominus

2218 550 2585 619 expositiones
2622 547 2783 607 scribi
2822 545 3020 605 solent.
3060 541 3186 597 llzcc
3219 542 3350 596 vero
3379 538 3602 610 epistola,
3647 542 3735 597 volo

2216 650 2276 696 ut
2300 652 2533 713 ponatur
2566 642 2618 696 in
2650 640 2846 708 capite.

2626 728 2991 787 PROLOGUS
3026 724 3398 785 AUCTORIS.

2288 820 2486 877 Tribus
2511 821 2821 876 nominibus
2848 830 3072 875 vocatus
3095 829 3177 873 est
3206 814 3496 873 Salomon:
3520 813 3737 885 Salomon,

2218 914 2268 968 id
2297 924 2377 969 est
2406 914 2688 983 paciﬁcus;
2727 912 2915 980 Edida,
2950 912 3001 967 id
3030 921 3113 966 est
3140 910 3401 976 dilectus;
3432 908 3738 981 Ecdrsiastrs,

2217 1005 2360 1079 quod
2395 1015 2478 1061 est
2506 990 2712 1071 Coelet,
2744 1005 2795 1059 id
2835 1014 2919 1061 est
2958 1004 3322 1070 roncionator,
3357 1003 3496 1073 quod
3531 1002 3739 1061 Ecclesias

2217 1109 2528 1171 congreget.
2560 1098 2609 1153 ls
2633 1098 2787 1168 juxta
2832 1112 3117 1152 numerum
3167 1094 3547 1152 vocabulomm
3575 1111 3739 1151 suorum

2219 1192 2321 1249 tria
2353 1190 2625 1246 volumina
2669 1190 2854 1255 edidit,
2891 1187 3209 1254 Proverbia,
3241 1187 3295 1243 id
3338 1196 3423 1242 est
3460 1186 3642 1251 Maslot,
3671 1188 3740 1242 Ec-

2216 1285 2549 1357 clesiastem,
2589 1283 2812 1339 Cantica
2851 1282 3215 1338 canticorum.
3251 1280 3309 1336 In
3355 1277 3635 1334 Proverbiis
3658 1296 3743 1349 par-

2217 1376 2397 1433 vulam
2431 1376 2650 1445 docens,
2681 1384 2736 1429 et
2761 1373 2914 1454 quasi
2955 1374 3020 1429 de
3057 1370 3250 1428 ciliciis
3291 1372 3627 1442 praesentibus
3655 1389 3742 1426 eru-

2218 1470 2393 1526 diens.
2415 1468 2470 1535 in
2490 1468 2841 1529 Ecclesiaste,
2866 1479 3071 1521 natura:
3092 1465 3269 1521 :etatis
3290 1466 3465 1520 virum
3492 1465 3743 1519 instituens:

2219 1579 2287 1619 ne
2317 1564 2613 1635 quidquam
2642 1562 2695 1616 in
2729 1559 2914 1615 mundi
2947 1558 3107 1615 rebus
3144 1566 3300 1630 putet
3322 1571 3447 1614 esse
3472 1566 3743 1626 perpetuam,

2219 1654 2317 1710 sed
2349 1656 2553 1710 caduca
2595 1662 2650 1709 et
2688 1652 2875 1708 brevia
2912 1651 3092 1706 omnia
3129 1666 3252 1720 qua:
3292 1647 3578 1704 cernimus.
3605 1646 3667 1699 Ad
3688 1665 3749 1701 et-

2222 1758 2479 1815 tremum,
2502 1748 2614 1821 jam
2654 1755 3088 1804 consummatum
3132 1746 3334 1807 virum,
3368 1752 3424 1797 et
3468 1740 3651 1796 calcato
3682 1754 3750 1794 sa-

522 1838 876 1906 Anastasius,
920 1836 1310 1904 dilectissimus
1347 1820 1605 1903 frater'et
1642 1835 1895 1899 dominus
1938 1848 2112 1900 meus,
2152 1830 2192 1886 Β
2219 1845 2340 1914 culo
2387 1853 2785 1916 ρτωρίιςίιιιιιη,
2835 1843 2889 1897 in
2940 1840 3168 1901 Cantica
3211 1837 3549 1895 canticorum
3606 1834 3750 1904 smmi

526 1928 926 1984 admonuerunt
960 1942 1091 1982 vero
1121 1942 1243 1982 cum
1281 1925 1373 1981 illo
1408 1934 1458 1982 et
1502 1924 1592 1980 alii
1638 1923 1814 1991 multi,
1850 1940 1956 1978 non
2003 1931 2120 1994 tan-

528 2031 645 2075 tum
692 2026 987 2089 pensantes
1025 2018 1158 2091 mihi
1205 2018 1450 2093 innatam
1496 2016 1817 2080 stultitiam;
1858 2022 2118 2089 quantum

528 2121 776 2166 amantes
810 2120 919 2173 tam
959 2117 1298 2179 secretorum
1345 2106 1633 2163 verborum
1682 2104 2120 2176 qualemcunque

524 2204 633 2267 sibi
689 2204 901 2259 clarere
947 2200 1221 2281 peritiam.
1267 2199 1530 2268 Quamvis
1586 2197 1833 2271 nonnulli
1890 2196 2025 2277 alii,
2068 2206 2122 2251 et

527 2296 769 2352 maxime
816 2295 1069 2350 dominus
1106 2292 1250 2348 Beda
1283 2291 1337 2347 in
1375 2291 1480 2365 hoc
1512 2292 1699 2369 eodem
1730 2287 2119 2359 laboraverint,

510 2397 744 2465 (secreta
778 2386 1155 2463 patefecerint,
1180 2385 1521 2467 posterisque
1567 2385 1852 2440 lectionem
1900 2381 2124 2438 utilissi-

508 2496 679 2553 mam
726 2479 1066 2553 reliquerint.
1114 2478 1157 2533 Τ
1165 2494 1198 2534 ιι
1244 2493 1407 2549 ergo,
1459 2492 1616 2541 serve
1667 2475 1792 2544 Dei,
1848 2474 2125 2537 humiliter

529 2573 651 2646 lege
688 2589 808 2644 qua:
853 2573 1160 2642 inveneris;
1212 2582 1267 2630 et
1329 2573 1374 2635 si
1426 2570 1768 2651 placuerint,
1821 2568 2123 2644 transcribe

531 2683 654 2738 quae
685 2667 899 2740 legeris.

606 2762 759 2836 Rogo
785 2779 917 2823 vero
952 2773 1011 2820 ut
1052 2765 1105 2820 in
1149 2764 1257 2820 duo
1293 2762 1559 2835 principia
1596 2760 1699 2817 hoe
1729 2774 1866 2830 opus
1891 2758 2123 2833 dividas,

532 2859 663 2929 quia
691 2858 963 2925 dictamcn
1014 2857 1145 2914 illud
1198 2858 1326 2913 dum
1373 2872 1404 2911 a
1456 2856 1636 2927 seipso
1670 2853 1935 2919 variatur,
1967 2860 2126 2920 turpe

531 2961 619 3006 est
662 2951 707 3007 si
762 2950 863 3007 sub
901 2966 1010 3018 uno
1056 2950 1325 3022 principio
1374 2948 1687 3020 universum
1747 2945 2123 3003 concludatur.

535 3044 676 3098 Dum
718 3044 867 3112 enim
908 3058 1016 3115 ego
1053 3042 1109 3097 in
1162 3041 1300 3105 cella
1350 3039 1593 3114 solitaria
1643 3040 1853 3111 positus
1898 3037 2125 3111 Cantica

536 3133 872 3187 canticorum
899 3146 1251 3203 exponerem,
1277 3131 1500 3203 contigit
1523 3140 1582 3186 ut
1609 3146 1695 3185 me
1715 3130 1935 3202 quidam
1964 3129 2122 3185 amici

534 3223 644 3280 mei
700 3222 1145 3293 supervenientes
1196 3229 1560 3293 exponentem
1591 3220 1898 3278 invenirent
1928 3237 1943 3274 :
1976 3234 2125 3274 eum-

532 3329 643 3384 que
680 3329 744 3369 ea
802 3328 922 3383 quae
956 3312 1071 3383 jam
1111 3327 1465 3386 exposueram
1495 3327 1593 3383 per
1636 3320 1819 3385 partes
1858 3310 2122 3380 legerent,

536 3402 897 3459 laudaverunt
939 3404 1156 3488 quidem
1194 3388 1376 3483 ‘opus;
1427 3390 1523 3460 sed
1556 3402 1698 3488 quod
1739 3386 2124 3477 canonicorum

537 3494 802 3550 librorum
827 3494 1074 3566 exempla
1100 3510 1205 3550 non
1232 3495 1589 3560 inserueratn,
1614 3496 1811 3565 quibus
1836 3511 1955 3566 qum
1980 3494 2127 3549 diec-

539 3602 656 3642 rem
688 3586 1068 3657 probarentur,
1096 3587 1199 3644 hoc
1227 3588 1385 3643 unius
1413 3587 1591 3642 inesse
1620 3587 1895 3646 dixerunt.
1929 3585 2002 3643 Ex
2037 3586 2128 3642 illo

534 3686 665 3735 ’mox
715 3692 958 3751 tempore
999 3696 1119 3752 quae
1172 3682 1451 3739 memorize
1495 3689 1883 3747 occurrerunt,
1925 3696 2023 3751 pro
2071 3695 2128 3736 re

538 3786 702 3842 quam
740 3775 989 3847 agebam,
1019 3774 1267 3846 exempla
1309 3776 1556 3849 apposui,
1594 3777 1843 3847 quamvis
1880 3790 1997 3835 non
2038 3788 2127 3847 ne-

540 3866 779 3922 cessaria
819 3865 959 3923 mihi
994 3882 1115 3926 esse
1153 3867 1491 3924 videbantur.
1526 3868 1757 3926 Maxime
1794 3868 1939 3923 enim
1981 3881 2132 3924 com-

537 3958 821 4028 punetioni
871 3960 926 4028 in
976 3958 1315 4031 expositione
1353 3959 1659 4029 intendens,
1692 3976 1795 4015 non
1829 3959 2127 4030 probanda,

538 4050 639 4106 sed
672 4052 902 4108 interius
948 4052 1151 4124 inserta
1182 4053 1457 4120 dixeram;
1494 4054 1636 4109 unde
1659 4064 1845 4129 postca
1880 4052 2128 4128 exempla

540 4140 799 4211 colligens
829 4145 955 4198 dum
976 4143 1227 4201 brevitati
1250 4145 1466 4212 studeo,
1490 4145 1737 4201 strictius
1758 4145 2004 4216 exposita
2034 4145 2131 4199 mi-

542 4248 649 4291 nus
677 4234 867 4289 suavia
915 4234 1118 4311 legenti
1144 4235 1417 4299 videntur.
1459 4235 1781 4302 Dictaminis
1828 4236 2011 4306 itaque
2038 4250 2132 4290 va-

541 4326 734 4392 rietas,
766 4343 888 4399 qua:
918 4327 1292 4398 exemplorum
1325 4329 1623 4385 insertioue
1665 4329 1747 4395 fit,
1781 4330 1857 4384 ibi
1886 4337 2129 4402 notatur,

541 4416 636 4472 ubi
657 4417 855 4471 dicitur
884 4435 895 4470 :
938 4415 1137 4473 Vadam
1167 4418 1238 4472 ad
1268 4430 1499 4483 montem
1523 4419 1749 4490 myrrha:
1774 4430 1821 4475 et
1849 4420 1918 4474 ad
1948 4418 2133 4474 collem

2213 1937 2394 2010 jungit
2445 1936 2783 2008 amplexibus
2837 1953 2849 1988 :

2904 1935 3030 2005 quia
3082 1932 3184 1993 nisi
3246 1930 3402 2003 prius
3454 1926 3753 1996 relinquamus

2222 2029 2376 2093 vitia,
2406 2036 2464 2094 et
2491 2026 2701 2097 pompis
2742 2024 2927 2103 stcculi.
2961 2023 3361 2097 renuntieums,
3396 2035 3501 2087 non
3531 2033 3752 2088 possumus

2221 2122 2405 2177 dicere
2436 2138 2450 2174 :
2477 2118 2757 2175 Osculetur
2784 2135 2865 2185 tne.
2905 2118 3081 2187 osculo
3110 2116 3217 2171 oris
3251 2113 3358 2168 sui.
3400 2110 3511 2167 lloc
3544 2111 3697 2166 ordine
3718 2122 3754 2164 et

2224 2212 2536 2284 philosophi
2578 2219 2885 2267 sectatores
2917 2209 3196 2273 erudiunt,
3230 2213 3290 2260 ut
3314 2204 3549 2277 primum
3580 2202 3754 2283 ethicam

2222 2306 2477 2371 doceant,
2506 2304 2699 2359 deinde
2726 2303 3005 2376 physicam
3036 2321 3057 2381 ι,
3076 2311 3133 2357 et
3156 2284 3757 2379 quemin‘h‘rs‘profecisse

2223 2398 2636 2476 perspexerit”,
2686 2413 2784 2469 per
2839 2397 3104 2469 theoriam
3154 2393 3221 2454 ad
3276 2390 3597 2472 theologiam
3636 2404 3757 2460 usque

2223 2492 2553 2563 perducant.
2584 2490 2696 2547 lloc
2727 2488 3025 2544 notandum
3056 2495 3159 2543 est.
3187 2484 3405 2557 Titulus
3428 2483 3568 2555 enim
3598 2481 3644 2536 in
3667 2481 3757 2536 Pro-

2222 2586 2430 2653 verbiis
2461 2586 2789 2646 adnotatur:
2824 2581 3111 2645 Prouerbia
3150 2578 3485 2649 Salomonis,
3505 2576 3604 2653 ﬂii
3622 2575 3758 2639 Darid,

2225 2680 2360 2751 regis
2389 2677 2581 2745 Israel.
2612 2675 2668 2731 ln
2701 2674 3027 2730 Ecclesiaste
3054 2688 3185 2727 vero
3210 2690 3223 2725 :
3262 2668 3437 2741 Verba
3465 2668 3760 2738 Ecclegiartia,

2223 2771 2325 2841 ﬁlii
2356 2770 2545 2835 David,
2574 2768 2708 2839 regis
2738 2766 3092 2838 Hierusalem.
3125 2765 3181 2821 ln
3212 2763 3441 2820 Cantica
3465 2762 3761 2825 eattticorum,

2227 2875 2329 2921 nec
2377 2859 2519 2915 filius
2562 2859 2763 2923 David,
2804 2872 2904 2925 nec
2950 2872 3041 2912 rex
3090 2855 3288 2919 Israel,
3325 2856 3446 2909 sive
3492 2850 3764 2923 llientsaletn

2226 2953 2619 3025 praescribitur,
2649 2953 2776 3022 quia
2805 2952 2872 3005 ad
2904 2950 3228 3022 incipientes
3255 2956 3313 3003 et
3341 2956 3561 3018 patenta
3589 2946 3766 3016 dignitas

2228 3055 2284 3115 et
2326 3046 2477 3118 regni
2526 3045 2803 3117 proprium
2853 3059 3051 3106 nomen
3098 3041 3292 3113 subicit
3330 3059 3345 3096 :
3378 3050 3434 3113 et
3458 3040 3662 3110 aequalis
3686 3055 3766 3099 tnta-

2228 3138 2397 3208 gister
2437 3144 2619 3199 est,et
2667 3136 2842 3190 nescit
2883 3150 2943 3189 se
2997 3148 3120 3188 esse
3172 3147 3378 3201 regem.
3426 3129 3668 3185 Pacificas
3701 3128 3765 3181 Dei
3834 3136 3835 3139 ‘

2231 3228 2411 3283 Patris
2439 3236 2493 3281 et
2520 3226 2881 3282 Ecclesiastes
2912 3233 3100 3279 noster
3121 3223 3377 3277 Christus
3402 3230 3505 3285 est,
3530 3221 3614 3291 qui
3637 3218 3767 3273 medio

2228 3321 2441 3400 pariete
2479 3319 2760 3397 destructo
2787 3328 2841 3373 et
2870 3316 3189 3372 inimicitias
3229 3314 3282 3369 in
3327 3329 3498 3371 carne
3536 3325 3769 3372 evacuatus,

2234 3410 2356 3489 fecit
2386 3420 2607 3489 utraque
2633 3425 2796 3485 unum
2828 3407 3045 3479 (Ep/tes.
3087 3422 3147 3483 tt,
3181 3405 3291 3484 ﬂ);
3319 3404 3516 3460 Pacem
3552 3417 3694 3457 meum
3723 3401 3770 3453 do

2229 3503 2373 3558 vobis
2405 3499 2588 3576 (Joan.
2629 3516 2741 3565 xiv,
2782 3499 2895 3569 ‘27).
2936 3498 3010 3553 De
3059 3513 3169 3569 quo
3202 3497 3371 3551 Pater
3409 3496 3475 3550 ad
3494 3491 3766 3563 discipulos:
3834 3520 3835 3567 ᾗ

2233 3590 2337 3648 llic
2364 3601 2438 3647 est
2473 3589 2649 3646 Filius
2672 3607 2816 3645 meus
2842 3589 3084 3656 dilectus,
3115 3588 3171 3642 in
3199 3604 3301 3659 quo
3330 3586 3463 3640 mihi
3489 3582 3769 3654 corripienti;
3834 3600 3835 3647 ;

2231 3687 2403 3756 ipsum
2452 3685 2631 3740 audite
2676 3682 2895 3759 (Matth.
2936 3698 3020 3749 nt,
3059 3681 3171 3759 l7),
3215 3680 3344 3757 quia
3391 3688 3477 3755 est
3521 3684 3664 3748 caput
3702 3673 3773 3728 Ec.
3834 3676 3835 3727 ξ

2233 3780 2432 3851 etesiae.

2752 3867 2983 3927 eaeor
3022 3864 3323 3941 PRIMUM.

2410 3966 2561 4040 (CAP.
2590 3965 2630 4021 l.
2660 3964 2913 4021 Osculum
2944 3964 3071 4031 oris,
3098 3962 3378 4034 inspiratio
3413 3958 3635 4032 Sponsi.)
3834 3976 3835 4039 ξ

2306 4058 2363 4114 ι.
2386 4057 2525 4123 Vers
2557 4057 2606 4111 l.
2637 4054 2916 4110 Osculctur
2942 4071 3023 4110 me
3052 4053 3230 4108 osculo
3259 4054 3367 4107 oris
3396 4051 3497 4106 sui.
3528 4048 3595 4106 Os
3616 4044 3774 4117 spoasi,
3834 4058 3835 4125 ξ

2236 4150 2525 4221 lnspiratio
2555 4148 2781 4205 Christi.
2809 4146 3064 4203 Osculum
3095 4144 3231 4213 oris,
3267 4143 3444 4201 dulcis
3478 4156 3621 4198 amor
3649 4139 3776 4206 inspi-
3834 4148 3835 4221 γ

2237 4244 2484 4298 rationis.
2531 4240 2671 4297 Dicit
2700 4256 2829 4311 ergo
2864 4256 3063 4312 sponsa
3098 4238 3378 4295 desiderio
3412 4247 3648 4300 aestuans,
3669 4245 3716 4288 et
3740 4233 3775 4286 in

2238 4332 2545 4409 amplexum
2597 4330 2780 4402 sponsi
2829 4328 2910 4384 sui
2961 4328 3319 4397 inardescens
3367 4341 3384 4381 :
3431 4325 3685 4381 Osculelttr
3721 4338 3778 4377 at
3834 4360 3835 4367 η

2238 4424 2416 4479 osculo
2448 4424 2553 4479 oris
2582 4423 2688 4479 sui.
2719 4423 2798 4478 Ac
2835 4422 2878 4477 si
2916 4421 3129 4476 diceret
3162 4439 3177 4475 :
3210 4420 3301 4475 ille
3326 4436 3491 4492 quem
3526 4432 3667 4489 super
3690 4432 3774 4471 oat-

542 4496 713 4565 tlmris
745 4509 924 4583 (Cant.
957 4527 1033 4582 tv,
1072 4511 1150 4582 6),.
1190 4511 1304 4577 Hoc
1346 4514 1492 4579 dicto
1526 4522 1581 4569 et
1615 4513 1882 4588 exposito,
1914 4512 2133 4591 finiatur
2162 4529 2211 4590 ι)
2240 4517 2351 4581 nia,
2380 4517 2489 4571 imo
2518 4516 2691 4571 solum
2722 4514 2912 4585 diligo,
2952 4513 3153 4580 veniat,
3188 4513 3281 4583 qui
3311 4512 3589 4568 dulcedine
3607 4524 3700 4565 sua:
3721 4507 3777 4571 ine
3834 4496 3835 4507 “

538 4596 681 4655 liber
703 4599 934 4671 primus,
960 4602 1289 4675 incipiatque
1318 4606 1611 4673 secundus,
1641 4605 1721 4659 sic
1745 4605 1929 4661 oriens
1956 4623 1968 4658 :
1999 4602 2132 4679 Tata

540 4691 762 4763 pulchra
784 4709 857 4755 es,
884 4696 1052 4747 amica
1081 4686 1219 4759 mea,
1249 4704 1296 4748 et
1324 4695 1533 4769 macula
1558 4712 1661 4751 non
1686 4706 1759 4769 est
1798 4696 1851 4750 in
1883 4706 1931 4771 te
1951 4692 2130 4767 (Cant.

542 4798 619 4848 ιν,
645 4781 719 4853 7).
769 4782 1161 4854 Pergamenum
1199 4767 1407 4853 autem,
1432 4786 1476 4841 si
1506 4785 1603 4841 tibi
1631 4767 1887 4853 defuerit,
1917 4767 2132 4840 mittam

542 4883 803 4950 quantum
830 4873 1078 4933 sufﬁciet.

551 4956 557 4966 ’
614 4965 759 5037 Lege
813 4966 998 5037 igitur,
1060 4966 1230 5023 frater
1291 4972 1697 5047 amantissime,
1753 4970 2132 5047 sapientissimi

542 5057 709 5112 verba
741 5057 1049 5116 Salomonis
1085 5061 1309 5117 Cantica
1344 5062 1701 5124 canticorum,
1739 5077 1858 5130 qua:
1886 5063 1955 5117 ob
1984 5078 2137 5118 reve-

544 5150 777 5204 rentiam
824 5151 1180 5207 sacratissimi
1237 5168 1454 5221 sensus,
1494 5152 1564 5207 ob
1608 5152 1985 5209 excellentiam
2035 5170 2135 5209 nu-

538 5241 725 5314 ptialis
773 5244 996 5309 amoris,
1029 5244 1100 5298 ob
1136 5241 1333 5312 Sponsi
1378 5252 1434 5300 et
1482 5242 1703 5315 Sponsae
1754 5248 2132 5302 suavissimam

502 5322 505 5329 ’
543 5333 1084 5403 conglutinationem,
1137 5349 1244 5390 non
1282 5333 1457 5391 solum
1493 5334 1743 5401 Cantica,
1775 5336 1869 5391 sed
1906 5320 2133 5389 Cantica

543 5428 885 5483 canticorum
918 5438 1203 5485 vocantur.
1244 5430 1301 5486 In
1328 5431 1521 5486 horum
1552 5431 1892 5501 expositione
1928 5431 1972 5485 si
2003 5432 2132 5503 quid

545 5518 639 5573 tibi
681 5518 1043 5589 displicuerit,
1083 5535 1178 5577 ora
1222 5538 1320 5593 pro
1366 5522 1668 5594 ignorantia
1717 5536 1866 5587 mea;
1915 5522 1960 5578 si
2004 5522 2133 5594 quid

544 5611 641 5665 tibi
673 5613 963 5682 placuerit,
995 5629 1094 5670 ora
1134 5630 1232 5685 pro
1275 5614 1515 5684 peccatis
1545 5616 1700 5679 meis,
1731 5613 1824 5683 qui
1876 5616 2010 5669 bene
2051 5614 2130 5667 lo-

544 5718 684 5771 quor
708 5713 763 5758 et
797 5704 935 5760 male
960 5721 1179 5776 operor.
1204 5704 1357 5771 Quod
1380 5707 1423 5760 si
1454 5706 1653 5759 librum
1688 5706 1847 5759 istum
1877 5705 1969 5759 tibi
2000 5705 2132 5760 scri-

546 5796 676 5852 here
710 5795 948 5865 libuerit,
981 5813 1086 5853 non
1111 5797 1185 5852 ita
1210 5796 1263 5852 in
1302 5797 1635 5870 marginibus
1674 5796 1811 5851 sicut
1850 5796 1934 5850 hic
1966 5797 2130 5854 habe-

2240 4608 2555 4679 spirationis
2596 4623 2682 4685 me
2729 4615 2939 4687 tangat,
2970 4605 3101 4681 quia.
3126 4619 3254 4683 cum
3293 4605 3414 4675 ejus
3442 4602 3774 4659 osculumsea-
3834 4622 3835 4655 1

2239 4701 2342 4774 tio,
2372 4699 2548 4774 subita
2592 4698 2895 4771 mutatione
2928 4692 3014 4751 me
3044 4696 3386 4766 derelinquo,
3414 4702 3469 4750 et
3511 4695 3563 4749 in
3600 4691 3699 4761 ejus
3730 4691 3777 4743 si.
3834 4694 3835 4735 1

2238 4771 2599 4845 militudinem
2652 4787 2794 4843 illico
2834 4785 3131 4857 liquefacta
3178 4784 3561 4840 transformor.
3596 4779 3777 4835 Fastidit
3834 4786 3835 4795 ‘

2237 4882 2436 4959 quippe
2482 4890 2673 4935 sancta
2717 4860 2869 4941 mens
2918 4878 3102 4959 omnia
3134 4862 3255 4957 qum
3291 4894 3389 4959 per
3423 4891 3609 4947 corpus
3633 4874 3775 4936 sentitl
3834 4882 3835 4919 ὲ

2236 4958 2290 5027 et
2334 4960 2391 5028 in,
2434 4973 2525 5049 illa
2564 4971 2831 5049 spiritalia
2868 4956 3777 5049 tota'transinutari‘concupiscit,et

2237 5066 2363 5121 dum
2395 5047 2497 5120 ista
2529 5048 2873 5134 obstrepunt,
2906 5047 2957 5141 in
2994 5048 3084 5140 illa
3119 5060 3277 5141 fugit,
3305 5075 3477 5132 seque
3506 5057 3777 5116 abscondere

2236 5172 2305 5234 ne
2352 5156 2467 5233 haec
2523 5155 2749 5234 sentiat,
2785 5139 3015 5226 appetit.
3069 5139 3304 5224 Ideoque
3357 5152 3597 5208 oSeulum
3639 5146 3773 5222 sponsi

2237 5248 2474 5327 prmerit,
2519 5247 2647 5327 quia
2681 5228 2851 5302 si‘ille
2880 5245 3180 5327 gratissimi
3217 5238 3425 5300 amoris
3451 5242 3652 5321 vinculo
3676 5241 3773 5294 haec

2237 5330 2341 5395 non
2369 5324 2558 5406 trahit,
2590 5340 2703 5395 haec
2742 5341 2791 5394 vi
2836 5355 2948 5395 sua:
2981 5324 3691 5411 molestissimaagravedinis
3711 5333 3774 5388 de

2239 5441 2409 5511 tenta,
2444 5432 2718 5503 quomodo
2754 5446 2813 5495 se
2862 5432 2928 5487 ad
2971 5430 3125 5507 illum
3170 5432 3445 5511 conferat,
3474 5429 3675 5500 omnino
3701 5439 3771 5479 non

2235 5508 2466 5580 invenit.
2492 5521 2598 5580 Sed
2632 5525 2754 5596 pius
2792 5538 3025 5594 sponsus
3053 5507 3386 5578 anxietatem
3426 5520 3547 5591 ejus
3571 5517 3772 5577 sentiens,

2233 5630 2477 5672 amorem
2510 5616 2763 5687 diligens,
2788 5625 2973 5672 votum
3017 5616 3346 5679 exaudiens,
3375 5614 3617 5671 osculum
3648 5608 3771 5681 μοιτί·

2234 5709 2333 5777 git,
2358 5717 2413 5764 et
2440 5724 2506 5765 ne
2534 5707 2805 5764 desiderio
2852 5709 3135 5771 lassescat,
3178 5716 3339 5777 gustu
3386 5722 3505 5762 sua:
3549 5699 3769 5761 suavitatis

2235 5801 2389 5871 lenit,
2429 5810 2483 5859 et
2530 5801 2656 5858 dum
2708 5818 2873 5859 suam
2910 5800 3255 5872 praesentiam
3295 5800 3557 5872 exhibet,
3599 5813 3694 5855 eam
3723 5795 3765 5848 ad
