3836 6320
171 264 199 318 1
210 262 321 318 565

1300 257 1653 316 (ΞΟΜΜΕΝΤ.
1690 254 1756 313 IN
1795 254 2064 313 CANTIC.
2103 254 2374 312 CANTIC.

3309 245 3448 333 isse

172 394 363 449 unus
390 376 692 434 dilectionis
729 376 968 432 osculum
1000 374 1263 433 accendit.
1293 376 1446 434 Unde
1475 378 1589 432 haec
1616 375 1764 430 illum
1796 380 1842 437 Α
1876 373 1986 430 Deo
2007 374 2319 430 coniiciunt.
2355 370 2454 439 Qui
2497 366 2761 439 ejusmodi
2809 376 2914 431 est,
2940 364 3208 423 desiderio
3235 374 3448 429 restant,

169 474 448 536 sentiens,
474 471 542 526 ad
565 462 779 526 cumse
811 470 1108 539 convertit;
1148 480 1204 526 et
1244 486 1405 541 quem
1445 478 1764 539 praesentem

170 563 378 627 habet,
427 576 550 617 mox
586 562 849 632 gaudens,
899 578 1033 618 voce
1082 572 1320 631 mutata,
1371 562 1663 634 alloquitur
1712 570 1770 618 et

168 654 312 711 dicit
344 673 359 713 :

394 745 591 817 (Ubera
616 746 814 816 sponsi,
847 748 1056 803 dilectio
1083 748 1181 803 Dei
1206 757 1252 803 et
1282 749 1552 819 proximi.)

243 842 304 895 ‘2.
350 840 486 906 Quia
532 840 905 895 meliora-sunt
957 841 1115 909 ubera
1159 850 1251 896 tua
1294 843 1435 907 vino,
1473 841 1769 911 fragrantia

169 933 460 1001 unguentis
518 933 748 1009 optimis.
793 931 965 989 Ubera
1024 935 1245 1005 sponsi,
1304 934 1521 989 dilectio
1567 933 1661 987 Dei
1716 941 1770 989 et

168 1026 433 1095 proximi.
467 1024 546 1081 Ex
571 1026 656 1079 his
688 1024 946 1081 uberibus
971 1041 1224 1097 sponsam
1257 1041 1408 1081 suam
1436 1025 1574 1081 lacte
1601 1026 1771 1096 pieta-

171 1124 249 1177 tis
289 1122 462 1177 nutrit
494 1130 548 1177 et
581 1122 724 1177 inter
745 1121 1105 1179 tentationum
1137 1122 1403 1187 turbines,
1433 1121 1519 1177 his
1543 1136 1663 1177 eam
1689 1123 1769 1179 fo-

169 1222 287 1282 vet,
315 1226 389 1280 et,
417 1223 475 1269 ut
512 1216 791 1285 persistat,
815 1215 1016 1270 reﬁcit.
1049 1214 1188 1282 Quid
1222 1224 1401 1269 autem
1432 1229 1529 1286 per
1555 1214 1765 1279 vinum,

169 1307 281 1361 nisi
312 1321 441 1361 cura
473 1306 785 1377 temporalis
814 1305 1180 1378 exprimitur?
1208 1306 1253 1360 A
1282 1321 1389 1376 qua
1416 1321 1570 1361 mens
1598 1321 1768 1361 samu-

167 1397 313 1454 laris
344 1398 635 1467 cujuslibet
666 1398 990 1467 inebriatur,
1022 1406 1083 1453 ut
1125 1397 1191 1452 ad
1236 1397 1531 1453 invisibilia
1567 1414 1768 1470 cogno-

163 1494 398 1556 scenda,
428 1503 522 1547 aut
553 1508 617 1547 ex
653 1501 787 1558 toto,
823 1501 918 1547 aut
944 1506 1084 1562 pene
1124 1491 1456 1547 insensibilis
1488 1491 1765 1551 reddatur.

165 1581 282 1637 Sed
323 1582 486 1638 ubera
527 1582 710 1652 sponsi
756 1583 881 1637 vino
930 1583 1155 1638 meliora
1184 1582 1445 1646 existunt,
1479 1582 1605 1652 quia
1639 1582 1767 1637 illud

165 1684 355 1738 necat,
388 1675 501 1729 inec
524 1675 809 1740 nutriunt;
843 1674 971 1729 illud
999 1674 1185 1731 oculos
1212 1676 1406 1729 mentis
1430 1676 1630 1738 turbat,
1655 1674 1769 1730 lucc

1870 476 1925 520 ct
1955 466 2109 536 quasi
2158 464 2291 527 nihil
2338 462 2556 526 habeat,
2607 474 2822 529 semper
2867 458 3071 529 majora
3103 463 3343 527 exoptat.
3386 456 3450 510 Et

1866 559 1995 629 quia
2020 558 2122 615 sibi
2157 559 2328 613 virtus
2357 572 2462 613 non
2486 556 2741 628 suppetit,
2774 554 2828 610 in
2855 554 3019 611 Deum
3050 553 3284 618 inhians,
3310 549 3448 606 trahi

1870 667 1931 708 se
1958 652 2194 721 postulat
2218 652 2401 708 dicens
2429 664 2444 704 :

1903 741 2077 813 (Odor
2096 722 2497 813 unguentorum:
2520 740 2690 811 gratia
2716 738 3082 811 divina,quam
3106 739 3415 808 sequimur.)

1939 834 1995 889 5.
2037 834 2193 890 Vers.
2233 834 2285 893 5.
2328 835 2503 889 Trahe
2536 849 2618 889 me
2671 841 2785 903 post
2838 842 2907 899 te,
2949 847 3219 886 curramus
3249 831 3302 884 in
3325 830 3454 883 odo-

1871 942 1981 981 rem
2006 935 2390 996 uuguentorum
2430 935 2661 980 tuorum.
2694 924 2809 980 Non
2848 925 3042 993 currit,
3090 926 3178 994 qni
3215 937 3319 978 non
3351 931 3456 976 tra-

1872 1017 2041 1081 ltitur,
2093 1018 2222 1087 quia
2253 1032 2415 1088 quem
2460 1017 2635 1087 gratia
2667 1016 2846 1074 divina
2880 1033 2986 1073 non
3013 1016 3253 1085 adjuvat,
3288 1014 3454 1070 mole-

1870 1109 1972 1162 stia
1995 1122 2109 1163 suae
2132 1107 2506 1176 corruptionis
2536 1115 2823 1179 gravatur.
2875 1106 3061 1163 Gratia
3090 1107 3287 1178 quippe
3315 1107 3456 1162 divi-

1872 1211 1940 1249 na
1967 1211 2067 1251 nos
2116 1197 2399 1267 praevenit,
2450 1206 2506 1251 et
2537 1197 2874 1255 internorum
2933 1198 3270 1255 dulcedinem
3302 1199 3459 1255 nobis

1872 1288 2192 1354 ostendens,
2217 1289 2284 1344 de
2307 1288 2680 1346 exterioribus
2709 1306 2811 1347 nos
2848 1291 3193 1362 compungit,
3222 1306 3457 1361 moxque

1872 1381 1924 1436 iu
1952 1380 2040 1435 illa
2075 1380 2343 1436 transiens
2400 1381 2615 1438 animus
2644 1398 2754 1453 prae
2785 1371 2976 1440 eorum
3006 1382 3295 1442 dilectione
3321 1392 3456 1455 tem.

1871 1475 2075 1545 poralia
2123 1475 2424 1547 vilipendit.
2478 1475 2587 1533 lste
2634 1494 2763 1550 ergo
2809 1480 2898 1550 qui
2947 1479 3206 1546 trahitur,
3261 1478 3455 1544 currit,

1872 1568 1999 1638 quia
2056 1567 2330 1624 vinculum
2358 1570 2560 1625 amoris
2591 1570 2822 1626 libenter
2854 1586 3110 1643 sequens,
3158 1572 3344 1643 gratia!
3370 1586 3458 1626 ro-

1875 1659 2099 1713 boratus
2159 1674 2368 1725 amore,
2441 1659 2558 1735 sine
2610 1661 2902 1731 gravedine
2945 1662 3221 1717 obstacula
3272 1661 3456 1716 omnia

163 1777 406 1830 acuum;
437 1765 566 1821 in“
597 1762 909 1837 3905mm“,
952 1767 1084 1823 facit
1128 1769 1402 1838 sapientes
1433 1767 1623 1838 (Ecca.
1650 1784 1762 1833 nx,
1803 1743 1845 1797 Β
1876 1748 2089 1803 tit-ausit.
2116 1747 2229 1805 Nec
2276 1752 2495 1818 mirum,
2531 1768 2653 1807 cunt
2696 1763 3095 1825 unguentorum
3121 1756 3342 1810 odorem
3370 1770 3457 1808 se-

164 1857 253 1925 2),
287 1858 403 1912 hate
430 1858 576 1928 ipsos
603 1859 803 1914 idiotas
844 1858 1031 1929 utique
1078 1859 1510 1929 sapientissimos
1537 1858 1764 1924 faciunt,

164 1966 295 2019 quae
335 1958 467 2020 quot
503 1951 710 2006 vicibus
753 1966 951 2022 sponsa
994 1967 1121 2007 cum
1170 1950 1479 2007 dilectionis
1516 1951 1766 2007 ubertate

161 2043 338 2112 sngit,
369 2051 447 2097 tot
474 2044 776 2099 sententias
815 2043 1095 2114 sapientiae
1133 2044 1235 2099 sibi
1279 2044 1331 2098 in
1362 2054 1613 2097 ventrem
1655 2058 1767 2099 me-

164 2136 359 2190 moriae
387 2137 575 2192 trahit.
599 2136 862 2199 Charitas
899 2138 1044 2194 enim
1079 2153 1175 2194 cor
1211 2139 1486 2211 paeilicat,
1528 2149 1765 2196 mentem

164 2229 225 2282 in
268 2230 659 2285 tentationibus
704 2232 946 2299 roborat,
977 2241 1033 2289 et
1071 2241 1130 2287 ut
1172 2233 1329 2288 sedes
1376 2233 1658 2303 sapientia:
1696 2233 1768 2288 sit

165 2321 354 2379 anima
372 2319 526 2390 justi,
551 2320 789 2392 quietem
815 2323 1029 2391 tribuit,
1052 2334 1105 2380 et
1127 2324 1303 2379 locum
1326 2332 1614 2396 prcharat.
1641 2322 1769 2381 Haec

166 2413 554 2493 itaqneubera
586 2416 876 2483 unguentis
920 2417 1141 2487 optimis
1180 2417 1445 2489 fragrant,
1475 2417 1600 2487 quia
1632 2415 1764 2472 odo-

166 2521 290 2559 rem
345 2506 629 2564 suavitatis
680 2525 777 2581 per
823 2510 1107 2579 sapientiae
1152 2510 1315 2565 verba
1361 2517 1415 2565 et
1460 2509 1766 2565 sanctitatis

165 2594 417 2665 exempla
461 2613 646 2654 secum
696 2608 935 2670 portant.
991 2601 1318 2671 Quicunque
1374 2602 1520 2657 enim
1576 2612 1765 2656 saneta

165 2688 441 2744 charitate
466 2689 562 2746 Dei
591 2707 651 2747 se
688 2692 886 2759 reficit,
930 2693 976 2748 is
1016 2693 1383 2763 spiritualium
1423 2692 1687 2748 donorum
1710 2705 1768 2748 et

165 2779 399 2835 odorem
451 2784 509 2836 et
557 2783 885 2839 suavitatem
947 2785 1134 2839 sentit.
1196 2784 1437 2852 Quorum
1501 2782 1765 2839 bonorum

166 2870 424 2927 ubertate
472 2874 751 2951 proximos
795 2890 1040 2946 quosque
1083 2875 1151 2932 ad
1203 2875 1464 2931 interiora
1502 2877 1767 2947 gustanda

166 2975 357 3015 secum
385 2963 573 3029 trahit,
590 2975 727 3021 etut
753 2966 806 3022 in
830 2981 1069 3023 amorem
1094 2966 1334 3022 divinum
1361 2967 1763 3037 convalescant,

163 3053 295 3112 istis
319 3057 573 3114 uberibus
597 3060 786 3115 nutrit.

439 3150 647 3223 (Oteum
669 3154 896 3223 eﬁusum
930 3152 1126 3209 Christi
1162 3172 1347 3211 nomen
1376 3156 1500 3229 est.)

236 3240 295 3294 3.
345 3240 503 3297 Vers.
535 3244 589 3297 2.
636 3242 823 3298 Oleum
847 3244 1097 3314 effusum,
1130 3263 1319 3301 nomen
1348 3257 1519 3302 tuum.
1555 3246 1759 3304 Nomen

161 3329 371 3400 sponsi,
396 3330 645 3389 Christus
672 3344 773 3390 cst.
805 3334 908 3390 Sed
934 3352 1129 3392 nomen
1155 3338 1338 3407 sponsi
1385 3339 1540 3407 quasi
1581 3339 1759 3394 oleum

162 3423 501 3491 cﬂ‘nnditur,
553 3427 680 3496 quia
728 3429 1039 3499 quicunque
1086 3431 1304 3486 nomine
1355 3429 1664 3486 Christiano
1702 3433 1759 3486 in

162 3515 399 3571 veritate
454 3526 775 3585 censentur,
818 3519 1081 3574 charitate
1123 3528 1309 3575 sancta
1359 3518 1615 3585 allluunt,
1653 3534 1760 3588 qua

162 3608 517 3675 molliuntur,
561 3618 616 3664 et
661 3619 723 3665 ut
772 3610 1019 3683 ﬂammas
1057 3612 1429 3683 exemplorum
1470 3612 1759 3678 emittant,

163 3714 230 3762 ea
240 3698 359 3763 dem
384 3700 647 3765 charitate
664 3712 926 3779 perpetuo
942 3702 1343 3759 suﬂ‘unduntur.
1360 3703 1471 3759 Hac
1491 3705 1759 3761 cltaritate

165 3791 223 3845 in
257 3806 497 3847 amorem
529 3794 699 3866 ipsius
729 3796 929 3852 Christi
957 3797 1756 3865 vehementiusaccenduntur,

160 3888 223 3941 et
263 3880 330 3934 ab
368 3880 480 3952 ipso
535 3870 839 3955 accipiunt,
898 3902 1004 3957 quo
1060 3886 1110 3941 ei
1154 3887 1385 3958 amplius
1432 3888 1754 3955 inluereant,

161 3988 278 4042 quo
304 3972 723 4043 perfunduntur.
763 3976 897 4032 llinc
926 3988 1013 4032 est
1038 3979 1181 4048 quod
1215 3979 1498 4049 sequitur:

487 4066 950 4136 (Adolescenfulm,
977 4079 1173 4126 sancta
1201 4072 1437 4141 animm.)

236 4157 292 4221 4.
333 4157 460 4217 Ideo
496 4160 900 4217 adolescentulo:
955 4162 1247 4219 dilexerunt
1302 4175 1371 4219 te.
1413 4166 1552 4232 Quid
1608 4169 1752 4223 enim

159 4266 265 4325 per
294 4252 743 4318 adulescentulas,
789 4253 890 4309 nisi
918 4264 1119 4311 sancta:
1159 4254 1353 4310 anima:
1380 4256 1773 4329 designantur,

155 4360 281 4412 qure
310 4344 649 4414 baptismatis
690 4361 827 4417 aqua
863 4362 961 4419 per
994 4347 1254 4418 Spiritum
1310 4357 1559 4405 sanctum
1606 4367 1760 4422 rege-

1790 3104 1843 3165 Ὠ

1871 1851 2106 1911 quatur,
2163 1842 2291 1913 quia
2344 1858 2469 1898 cum
2521 1844 2843 1914 spiritalimn
2887 1845 3152 1900 donorum
3213 1845 3459 1901 suavitas

1870 1933 2123 2000 sentitur,
2172 1934 2305 2004 quid
2360 1945 2449 1991 est
2471 1935 2524 1990 in
2556 1936 2660 1990 hac
2686 1936 3101 2008 temporalitate,
3133 1937 3288 2008 cujus
3314 1937 3457 1992 desi-

1870 2024 2022 2085 derio
2042 2025 2227 2084 omnia
2259 2037 2449 2083 sancta
2472 2044 2677 2099 sponsa
2714 2028 2938 2097 Christi,
2972 2045 3040 2085 ne
3062 2030 3115 2085 in
3139 2030 3229 2085 illa
3261 2045 3455 2101 propc-

1872 2128 1974 2186 rct,
2006 2121 2299 2175 teneatur?
2332 2121 2407 2176 lbi
2432 2123 2629 2194 quippe
2654 2122 2879 2181 lenitate
2900 2134 3295 2197 unguentorum
3324 2141 3455 2195 gauo

1869 2212 1985 2278 det,
2029 2220 2088 2268 et
2138 2212 2269 2268 dum
2323 2214 2547 2270 naribus
2595 2216 2943 2273 discretionis
2986 2218 3180 2288 spirat,
3211 2218 3459 2276 charitas

1870 2304 1969 2359 sibi
2000 2303 2241 2359 suaviter
2264 2304 2391 2359 olet.
2420 2306 2556 2361 llinc
2578 2316 2662 2362 est
2690 2307 2834 2380 quod
2865 2322 2895 2363 a
2932 2308 3191 2381 singulari
3225 2323 3457 2365 numero

1870 2397 1939 2451 ad
1967 2396 2231 2466 pluralem
2271 2398 2483 2465 transit,
2516 2401 2640 2471 quia
2676 2401 2730 2456 in
2783 2401 3074 2458 dilectione
3122 2402 3239 2469 Dei,
3289 2404 3456 2459 etiam

1870 2503 2224 2564 praeceptum,
2255 2492 2400 2563 quod
2419 2494 2489 2549 de
2510 2495 3065 2567 proximidilectione
3113 2512 3211 2553 nos
3258 2496 3452 2553 admo-

1872 2598 1984 2655 net,
2040 2590 2288 2655 invenit;
2350 2607 2457 2662 quo
2498 2592 2786 2657 instructa,
2834 2599 3045 2646 eructat
3086 2591 3245 2648 nobis
3286 2590 3450 2652 foras.

1869 2680 2011 2751 quod
2032 2682 2267 2752 gustavit
2294 2683 2533 2738 suaviter
2560 2684 2729 2749 intus,
2760 2682 2946 2738 dicens
2977 2699 2992 2737 :
3106 2680 3107 2683 “

2013 2778 2286 2852 (Cellaria,
2313 2791 2510 2835 δαιτί-ιιι»
2540 2780 2993 2852 contemplationis
3015 2782 3309 2854 mysteria.)

1942 2870 1996 2926 6.
2041 2869 2345 2927 Introduxit
2369 2890 2449 2928 me
2473 2889 2564 2928 rex
2595 2873 2649 2928 in
2671 2875 2885 2928 cellaria
2910 2891 3029 2928 sua.
3058 2874 3199 2942 Quid
3228 2890 3329 2946 per
3350 2876 3454 2930 ltu-

1864 2960 1953 3032 jns
1995 2964 2200 3033 sponsi,
2260 2966 2350 3035 qui
2408 2981 2501 3021 rex
2534 2974 2639 3030 est,
2673 2965 2903 3021 cellaria
2944 2966 3317 3038 intelligimus,
3347 2967 3456 3023 nisi

1869 3063 2075 3109 sancta
2106 3054 2398 3125 Scriptum:
2426 3072 2643 3121 arcana,
2670 3071 2789 3128 qua:
2816 3058 3100 3123 rimamnr,
3132 3060 3234 3114 nisi
3256 3068 3460 3115 sancta:

1868 3147 2340 3217 contemplationis
2370 3151 2649 3222 mysteria,
2680 3164 2914 3220 quorum
2944 3151 3172 3219 deliciis,
3199 3152 3243 3207 si
3272 3152 3459 3208 reﬁci-

1867 3255 2009 3305 tnur,
2060 3257 2185 3295 mox
2236 3243 2669 3298 convalescimus
2710 3243 2738 3296 ?
2778 3242 2836 3298 ln
2887 3242 2978 3298 ilia
3027 3243 3219 3314 praeut
3267 3243 3452 3311 dubio,

1864 3333 2109 3402 quisquis
2128 3333 2506 3400 introducitur,
2531 3334 2713 3388 omnia
2735 3334 3050 3405 temporalia
3066 3349 3189 3389 mox
3213 3343 3457 3391 contetn-
3537 3362 3543 3368 —

1867 3429 1965 3493 nit,
1993 3427 2118 3497 quia
2141 3428 2360 3481 aeternis
2387 3429 2610 3481 ditatur.
2644 3428 2768 3482 Ideo
2804 3424 3049 3497 sequitur
3076 3441 3094 3481 :

2155 3514 2499 3591 (Exsultatio,
2532 3521 2583 3575 in
2610 3519 2854 3574 uberibus
2881 3518 3176 3589 Ecclesiw.)

1934 3611 1991 3665 7.
2037 3610 2435 3666 Exsultabimus
2479 3623 2525 3667 et
2547 3611 2847 3667 twtabimur
2866 3612 2921 3667 in
2954 3621 3023 3679 te,
3053 3627 3308 3667 memores
3331 3611 3454 3667 ube-

1868 3719 1985 3757 rum
2008 3712 2215 3758 tuorum
2238 3720 2395 3773 super
2419 3704 2614 3758 riuum.
2647 3703 2845 3759 Sancta
2871 3703 3051 3759 anima
3076 3718 3270 3774 sponsa
3300 3703 3457 3761 (31πὶ-

1863 3795 1931 3851 sti
1982 3795 2034 3849 in
2075 3794 2255 3866 sponsi
2297 3794 2379 3850 sui
2430 3794 2640 3850 dciiciis
2687 3794 2947 3860 exsultat,
2982 3794 3111 3852 dum
3147 3781 3454 3866 corporalia

1866 3886 2092 3956 respuit,
2136 3895 2192 3940 et
2240 3885 2293 3939 in
2334 3885 2670 3957 spiritalibus
2697 3901 2755 3941 se
2794 3884 3051 3941 occultat.
3083 3886 3456 3957 Eutndemque

1861 3964 2119 4046 sponsum
2153 3975 2377 4031 delicias
2399 3991 2525 4031 snas
2552 3976 2704 4040 l'acit,
2730 3976 2784 4030 in
2816 3974 2972 4045 cujus
3019 3987 3268 4048 respectu
3297 3992 3456 4032 mun-

1862 4071 2001 4126 dana
2029 4071 2212 4125 omnia
2251 4087 2357 4125 non
2389 4077 2565 4125 curat.
2589 4068 2695 4126 Sed
2718 4071 2835 4125 haec
2855 4070 2909 4126 in
2933 4070 3194 4127 memoria
3222 4070 3452 4126 uberum

1863 4163 1994 4233 agit,
2037 4155 2356 4232 quia,‘dum
2416 4161 2826 4233 recolitquanta
2882 4162 3150 4218 charitate
3203 4162 3459 4218 Christus

1861 4270 1982 4309 eam
2036 4254 2305 4320 dilexerit,
2359 4255 2449 4326 qni
2500 4255 2765 4326 sanguine
2806 4268 2909 4311 suo
2960 4269 3084 4324 eam
3129 4254 3369 4310 moriens
3394 4255 3451 4309 in

1863 4361 2025 4425 cruce
2074 4346 2326 4412 redemit,
2372 4354 2427 4401 et
2463 4346 2703 4416 quotidie
2743 4360 2864 4402 eam
2919 4346 2974 4402 in
3033 4346 3154 4402 sinu
3194 4345 3454 4403 Ecclesia!

155 4449 439 4501 iterantur,
471 4446 527 4492 et
558 4439 610 4493 in
638 4455 834 4495 novam
892 4441 1054 4495 vitam
1081 4457 1178 4513 per
1202 4440 1409 4496 Novum
1440 4442 1760 4499 Testamen-
1794 4458 1838 4510 ι)
1867 4435 2059 4492 matris
2080 4435 2345 4505 ejusdem,
2369 4436 2650 4508 sanguinis
2673 4436 2813 4493 lacte
2834 4435 3031 4500 nutrit,
3070 4436 3261 4508 procul
3288 4438 3452 4493 dubio

156 4540 276 4590 tum
310 4530 811 4588 transformamur?
850 4532 979 4601 Quae
1004 4543 1224 4604 propter
1269 4533 1373 4589 olei
1420 4533 1745 4595 inlusionem

155 4620 436 4681 Christum
469 4621 728 4692 diligunt,
765 4625 891 4694 quia
941 4626 1005 4679 ad
1044 4626 1274 4697 gratiam
1312 4636 1546 4694 vocatae,
1581 4626 1634 4682 in
1684 4643 1761 4684 eo

151 4715 485 4773 suavitatem
522 4715 646 4769 vitae
671 4724 945 4788 perpetuae
969 4718 1267 4785 inveniunt,
1314 4736 1413 4791 pro
1440 4719 1596 4791 cujus
1622 4737 1751 4777 sua-

154 4808 346 4862 vitatis
391 4807 677 4864 diiectione
704 4850 720 4873 ,
754 4824 943 4865 omnes
987 4811 1169 4866 mundi
1214 4812 1387 4868 fastus
1430 4824 1486 4869 et
1531 4814 1748 4870 divitias

156 4912 442 4970 respuunt.
477 4900 615 4957 Sunt
645 4903 788 4958 enim
822 4904 1063 4958 nonnulli
1086 4905 1177 4974 qui
1207 4906 1279 4960 ita
1325 4906 1493 4961 Deum
1517 4906 1750 4980 diligunt

150 5004 227 5059 ut,
251 5009 310 5051 se
346 4995 491 5066 ipsos
519 5003 897 5061 contemnant,
951 4995 1002 5049 in
1038 4996 1298 5053 interiora
1326 5013 1384 5054 se
1441 5000 1747 5071 rapiuntut

112 5089 335 5144 ’Deum
388 5089 687 5146 inveniant.
741 5089 807 5144 Et
842 5090 967 5160 quia
1016 5089 1157 5145 Deus
1202 5091 1255 5145 in
1305 5091 1589 5161 superficie
1639 5107 1748 5147 non

144 5179 328 5249 jacet,
356 5174 796 5235 meditationibus
840 5179 1108 5244 laborant,
1154 5181 1505 5237 subtilissime
1545 5182 1749 5253 cogita-

157 5272 341 5328 tiones
370 5288 498 5328 suas
543 5272 890 5337 examinant,
920 5272 1241 5328 lectionibus
1289 5285 1519 5341 vacant;
1548 5284 1603 5329 et
1640 5289 1752 5343 quo

156 5364 326 5420 modo
355 5363 499 5421 Deus
545 5364 888 5428 inveniatur,
930 5364 1180 5418 omnibus
1228 5364 1403 5420 modis
1433 5366 1753 5437 perquirere

154 5469 273 5511 non
304 5462 545 5510 cessant.
586 5454 649 5509 Hi
678 5455 924 5525 profecto
954 5457 1176 5510 odorem
1207 5442 1603 5523 unguentorum
1629 5472 1761 5515 sen-.

150 5549 305 5607 tinnt
326 5556 382 5602 et
408 5547 511 5602 olei
546 5545 814 5602 iufusione
836 5563 895 5602 se
917 5548 1206 5619 inungunt,
1229 5548 1352 5615 quia
1378 5549 1503 5604 dum
1532 5565 1750 5608 omnem

147 5641 502 5715 putredinem
536 5639 791 5695 vitiorum
823 5637 1103 5709 abjiciunt,
1128 5638 1288 5694 llores
1308 5640 1407 5695 sibi
1446 5642 1748 5711 inveniunt,

110 5722 111 5725 “
158 5748 400 5806 quorum
422 5730 813 5803 compositione
836 5730 1205 5789 suaveolentia
1230 5742 1502 5806 unguenta
1518 5732 1751 5793 faciente

1866 4529 2039 4600 magis
2071 4529 2351 4600 magisque
2370 4528 2488 4599 ejus
2507 4528 2857 4586 dilectionem
2885 4531 3141 4587 intendit.
3173 4531 3327 4600 Quod
3371 4533 3455 4589 lae

1853 4620 1992 4675 bene
2022 4635 2188 4691 super
2218 4621 2403 4675 vinum
2425 4619 2583 4675 dulce
2604 4634 2728 4676 esse
2756 4621 2979 4686 dicitur,
3020 4622 3147 4692 quia
3181 4637 3278 4693 per
3326 4638 3453 4677 san-

1856 4712 2076 4784 guinem
2125 4710 2330 4767 Cbristi
2375 4713 2810 4770 misericorditer
2860 4714 3182 4779 educamur,
3236 4714 3327 4785 qui
3357 4730 3453 4785 per

1856 4804 1991 4876 legis
2045 4802 2281 4858 litteram
2337 4819 2527 4860 severe
2583 4808 2735 4875 prius
2775 4809 3306 4878 constringebamur.
3347 4807 3453 4863 Per

1853 4913 2014 4971 quam
2044 4896 2385 4954 dilectionem
2418 4898 2913 4972 adimpleturquod
2939 4901 3141 4958 dicitur
3167 4919 3181 4955 :

2373 4990 2559 5064 (Ret-ti,
2592 4992 2929 5061 Christiani.)

1924 5083 1984 5139 8.
2026 5082 2177 5139 Recti
2203 5083 2427 5155 diligunt
2451 5095 2517 5140 te.
2546 5072 2660 5141 εὸιί
2698 5086 2883 5156 utique
2907 5084 3038 5139 recti
3064 5083 3344 5140 Christum
3364 5086 3448 5139 at.

1851 5175 2047 5243 ﬁgunt,
2076 5177 2202 5249 quia
2225 5179 2533 5249 quicunque
2572 5176 2747 5232 adlnte
2778 5176 3131 5247 per‘distorta
3164 5178 3447 5243 vitiorum,

1852 5284 1921 5324 ex
1972 5270 2243 5326 desiderio
2296 5280 2546 5335 currunt,
2606 5273 2732 5326 dum
2780 5270 2840 5326 in
2866 5270 3209 5327 rectitudinis
3250 5271 3447 5326 lineam

1852 5376 2072 5430 semper
2100 5360 2401 5429 oliendunt,
2425 5362 2598 5432 ipsum
2625 5360 2851 5431 justitize
2874 5371 3150 5418 auctorem
3166 5362 3446 5420 Christum

1851 5459 2078 5513 omnino
2125 5457 2351 5527 diligere
2400 5472 2507 5511 non
2550 5467 2796 5527 possunt.
2821 5456 2974 5514 Tunc
3013 5473 3142 5514 vero
3165 5459 3326 5513 homo
3351 5472 3448 5528 per

1853 5550 1997 5605 viam
2041 5548 2284 5605 veritatis
2315 5549 2536 5616 incedit,
2574 5565 2696 5604 cum
2734 5556 2976 5620 et~opera
3004 5549 3261 5605 virtutum
3292 5563 3447 5604 exse-

1853 5645 2074 5715 quitur,
2122 5651 2178 5697 et
2224 5651 2404 5697 tamen
2456 5653 2680 5707 peccata
2737 5659 2842 5716 sua
2901 5657 3114 5714 semper
3174 5638 3440 5715 aguOscit.

1854 5739 2084 5810 Ideoque
2118 5744 2171 5795 et
2198 5737 2328 5794 dicit
2358 5752 2371 5791 :
3142 5732 3145 5735 ’
