3862 6312
518 314 658 381 "567

598 436 861 511 (Nigrch
884 442 934 491 et
957 434 1127 504 [anno
1158 447 1381 502 spoustr,
1406 446 1497 499 per
1520 424 2017 496 mortiﬁcationem.)

584 530 640 584 9.
685 525 837 581 Vera.
860 524 915 579 4.
951 520 1120 592 Nigra
1149 537 1265 575 sum
1294 520 1385 575 sed
1415 520 1669 588 formosa,
1690 518 1815 587 ﬁlia:
1841 516 2099 571 Hierusa-

514 622 635 685 lem,
665 622 799 674 sicut
826 613 1166 673 tabernacula
1202 612 1403 678 Cedar,
1430 613 1562 666 sicut
1591 611 1750 680 pelles
1777 609 2095 677 Salomonis.

514 711 734 780 Nigram
781 708 982 779 quippe
1023 716 1080 761 et
1129 704 1422 759 formosam
1452 710 1641 779 sancta
1671 701 1852 757 anima
1877 714 1937 767 se
1961 700 2101 763 bene

513 804 665 867 dicit,
691 802 816 872 quia
842 814 1058 870 semper
1086 805 1141 853 et
1168 795 1559 867 turpitudinem
1588 801 1932 864 peccatorum
1973 807 2100 849 suo-

512 909 631 946 rum
664 890 945 962 perspicit,
968 897 1023 944 et
1054 898 1234 942 tamen
1261 886 1405 940 illius
1430 883 1840 955 justitizequam
1889 883 1945 937 in
1971 882 2098 938 inti-

511 983 616 1038 mis
672 985 847 1049 videt,
898 984 953 1038 in
1020 980 1382 1038 exterioribus
1431 977 1531 1033 sibi
1580 975 1812 1031 solerter
1863 974 2097 1031 formam

509 1074 667 1145 gerit.
698 1074 829 1143 Quae
857 1076 995 1132 bene
1018 1076 1153 1130 sicut
1182 1070 1523 1128 tabernacula
1556 1070 1732 1125 Cedar
1756 1070 1929 1143 nigra,
1959 1070 2096 1131 sicut

507 1166 667 1233 pelles
695 1165 999 1221 Salomonis
1047 1165 1278 1234 formosa
1327 1162 1547 1226 dicitur,
1578 1162 1706 1230 quia
1756 1158 1808 1213 in
1833 1168 2095 1231 quantum

510 1254 766 1308 tenebras
793 1253 1139 1308 mortalitatis
1171 1260 1367 1323 portat,
1422 1250 1698 1322 nigredine
1726 1248 2094 1318 corruptionis

508 1345 842 1399 sordidatur.
875 1344 1050 1410 Cedat
1075 1344 1217 1399 enim
1245 1342 1468 1397 tenebrae
1493 1345 1913 1413 interpretatur;
1940 1340 2095 1398 Salo-

511 1451 636 1491 mon
662 1451 816 1501 vero,
846 1438 937 1507 qui
962 1434 1241 1491 Christum
1266 1436 1557 1508 significat,
1585 1436 1839 1506 paciﬁcus
1874 1435 2092 1490 dicitur.

509 1529 826 1584 Formosam
866 1544 995 1598 ergo
1022 1544 1081 1584 se
1100 1529 1241 1584 sicut
1270 1529 1435 1601 pelles
1453 1528 1757 1584 Salomonis
1785 1528 1939 1592 dicit,
1968 1529 2093 1598 quia

507 1625 637 1676 dum
670 1631 889 1678 sanctos
914 1636 1160 1692 quosque
1190 1622 1281 1692 qui
1318 1621 1384 1675 ad
1418 1620 1773 1677 imitationem
1801 1621 2003 1675 Christi
2037 1635 2095 1674 se

508 1715 865 1781 ntorlilicant,
891 1714 1091 1770 imitari
1125 1732 1231 1770 non
1265 1715 1509 1787 negligit,
1533 1730 1720 1772 eorum
1748 1714 1937 1785 utique
1978 1714 2094 1783 pul-

508 1806 803 1861 chritudini
835 1823 931 1878 per
968 1784 1378 1862 similitudinem
1411 1823 1470 1864 se
1494 1807 1691 1877 jungit.
1713 1807 1789 1863 Ne
1818 1784 1947 1862 vero
1974 1824 2096 1878 pro-
2128 1784 2169 1842 Β

507 1898 639 1953 ximi
673 1897 791 1967 ejus
840 1899 1176 1971 nigredincm
1227 1901 1592 1967 intendentes,
1633 1901 1815 1975 minus
1849 1900 2094 1974 exempla

505 1990 772 2048 honorum
801 1993 918 2064 ejus
942 1996 1008 2048 ad
1039 1994 1395 2050 imitationem
1447 1994 1695 2065 diligant,
1744 1993 2096 2063 turpitudinis

503 2098 723 2138 causam
772 2083 1116 2141 satisfaciens
1159 2086 1417 2152 ostendit,
1467 2086 1594 2141 dum
1638 2086 1704 2141 ab
1733 2085 2096 2142 admiratione

502 2186 601 2227 sua
632 2174 770 2230 tilias
796 2174 1130 2232 lliemsalem
1169 2177 1398 2247 repellit,
1436 2178 1665 2233 dicens:
1986 2164 1989 2165 ν

540 2265 751 2337 (Omnis
803 2270 981 2324 anima
1029 2280 1234 2383 sanctor,
1287 2272 1343 2325 in
1381 2271 1786 2408 )comparatione
1837 2269 2055 2352 Christi,

1225 2358 1364 2395 usca.

1225 2358 1364 2395 usca.

575 2430 665 2486 10.
704 2429 862 2489 Vers.
899 2433 953 2488 5.
996 2432 1176 2489 Nolite
1204 2450 1285 2488 me
1337 2433 1690 2501 considerare,
1740 2436 1882 2506 quod
1942 2435 2093 2506 fusca

501 2523 626 2588 sim,
687 2524 808 2595 quia
853 2523 1169 2599 decolor-urit
1217 2541 1297 2580 me
1334 2524 1433 2579 sol.
1480 2524 1586 2580 Per
1626 2523 1796 2580 solent
1845 2524 2094 2581 Christus

502 2613 861 2686 significatur.
895 2616 985 2672 Sol
1016 2631 1145 2689 ergo
1198 2633 1320 2673 eam
1369 2618 1727 2692 decoloravit,
1766 2618 1897 2689 quia
1921 2634 2095 2688 quan-

507 2706 753 2762 tumlibet
802 2708 1003 2779 fulgeat
1043 2712 1248 2776 anima,
1301 2712 1353 2766 in
1403 2712 1816 2781 comparatione
1864 2710 2088 2778 Christi,

503 2799 770 2871 fulgorem
797 2801 1014 2863 amittit.
1049 2801 1186 2859 Sunt
1212 2803 1411 2873 quippe
1457 2803 1721 2870 nonnulli,
1765 2802 1857 2874 qui
1903 2802 1956 2858 in
1990 2804 2091 2860 hac

504 2902 666 2946 nocte
696 2894 877 2948 nmndi
915 2894 1059 2973 velut
1086 2896 1255 2957 stellae
1304 2880 1610 2952 hominibus
1659 2896 1886 2969 fulgent,
1926 2896 2089 2959 lumi-

500 2984 656 3037 naria
687 2986 950 3055 proximis
978 2997 1275 3066 apparent;
1304 2988 1398 3043 sed
1427 3003 1550 3064 mox
1581 2996 1639 3042 ut
1677 2988 1910 3065 justitize
1932 2988 2091 3043 Chri-

500 3074 571 3128 sti
599 3087 658 3129 se
686 3086 1026 3148 comparant,
1056 3080 1213 3148 quasi
1243 3070 1361 3133 sine
1392 3078 1510 3134 luce
1537 3087 1685 3145 sunt,
1712 3079 1803 3149 qui
1846 3079 1984 3134 bene
2010 3066 2091 3133 in-

501 3171 946 3239 comparabiliter
990 3172 1141 3251 prius
1183 3173 1491 3233 hominibus
1544 3172 1814 3227 Iacebant.
1848 3172 2090 3239 Qualiter

502 3276 633 3317 vero
677 3263 743 3317 ad
787 3264 890 3321 hoc
935 3266 1264 3335 pervenerit,
1306 3275 1366 3323 ut
1416 3264 1809 3335 aliquantulum
1857 3265 2086 3331 luceret,

498 3355 740 3411 ostendit
761 3372 883 3411 cum
912 3356 1190 3427 subjungit
1214 3376 1227 3411 :

498 3444 701 3514 (Mater
730 3463 957 3517 sponsaz,
986 3458 1169 3503 sancta
1197 3446 1457 3513 Ecclesia,
1502 3449 1655 3520 cujus
1692 3449 1791 3518 ﬁlii
1814 3448 2085 3519 apostoli.)

572 3540 657 3593 ll.
684 3538 815 3594 Filii
838 3524 1024 3615 matris
1042 3557 1169 3603 mete
1197 3553 1556 3613 pugnaverunt
1577 3552 1760 3597 contra
1784 3559 1883 3607 me,
1900 3558 2086 3608 posue-
2144 3612 2147 3615 _

446 3666 451 3673 ς
497 3641 621 3685 runt
651 3648 733 3686 me
767 3632 1033 3687 custodem
1092 3633 1147 3687 iu
1195 3632 1376 3688 uitreis.
1429 3634 1601 3699 Mater
1639 3624 2084 3705 sponszc,5ancta

496 3721 784 3787 Ecclesia;
838 3723 931 3778 filii
979 3723 1196 3791 matris,
1225 3724 1398 3779 sancti
1452 3724 1680 3794 apostoli
1735 3726 2081 3795 exstiterunt.

495 3813 640 3867 Ante
666 3814 1032 3889 apostolorum
1061 3798 1259 3887 quippe
1289 3816 1747 3889 prtedicationem,
1775 3832 1912 3895 pene
1942 3825 2085 3871 totus

488 3905 734 3960 Jnnndus
768 3906 985 3963 rebellis
1031 3909 1262 3973 exstitit,
1314 3910 1491 3967 omnis
1521 3924 1657 3979 pene
1708 3909 1887 3964 anima
1923 3909 2084 3965 idolo-

497 4011 617 4049 rum
655 4012 713 4052 se
740 3998 974 4055 cultibus
1003 4001 1322 4066 sordidavit,
1354 4009 1408 4057 et
1435 4001 1761 4071 cupiditates
1791 4000 2083 4057 sceleratas

495 4086 877 4143 accmnulavit.
905 4089 1287 4171 Apostolorum
1338 4074 1470 4147 vero
1495 4079 1805 4161 praedicatio
1829 4107 2082 4167 superve-

494 4179 669 4246 niens,
720 4194 907 4239 contra
956 4174 1146 4241 amnes
1185 4186 1355 4242 verbo
1403 4186 1681 4257 pugnavit,
1710 4185 1763 4239 in
1802 4176 1984 4241 multis
2003 4201 2083 4241 re-

491 4287 655 4341 guunt
687 4275 994 4331 daemonum
1018 4278 1369 4347 expugnavit,
1396 4286 1451 4335 et
1483 4292 1706 4346 regnum
1758 4277 1987 4346 Christi,
2028 4279 2079 4334 id

489 4374 576 4420 est
601 4378 846 4423 sanctam
869 4368 1503 4442 Ecclesiam,ampliavit.
1520 4370 1770 4425 Vinctam
1782 4386 1911 4441 ergo
1922 4372 2078 4441 Chri-

488 4468 596 4523 sto,
625 4469 676 4514 et
707 4461 1103 4537 sanctiﬁcatam
1123 4463 1613 4541 congregationem,
1644 4464 1871 4533 apostoli
1896 4474 2076 4521 custo—
2105 4490 2155 4550 ι)

487 4561 609 4603 «rem
648 4552 700 4603 tn
742 4552 911 4607 vineis
955 4562 1275 4621 posuerunt,
1300 4553 1447 4624 quia
1476 4554 1680 4623 primos
1709 4556 1994 4612 credentes
2022 4557 2074 4612 in

486 4639 761 4695 Ecclesias
790 4656 889 4709 per
931 4644 1216 4708 mundum,
1266 4651 1324 4698 ut
1365 4658 1458 4699 eas
1487 4653 1542 4699 et
1584 4655 1982 4716 congregarent
2021 4655 2077 4701 et

484 4731 841 4797 custodirent,
874 4734 1267 4804 disperserunt.
1297 4733 1463 4803 Cujus
1481 4735 1833 4807 dispersionis
1852 4720 2073 4793 causam

483 4824 716 4879 ostendit
732 4865 746 4889 ,
778 4827 964 4884 dicens
990 4840 1007 4880 :
1581 4830 1585 4835 ’
1762 4813 1767 4819 ’

1041 4919 1256 4988 (Vinea,
1286 4920 1527 4990 Iudaea.)

555 5005 643 5059 i2.
690 5004 908 5061 Vincunt
935 5024 1103 5064 meam
1129 5025 1232 5063 nou
1250 5010 1527 5065 custodiri.
1552 5010 1688 5079 Quid
1723 5026 1819 5079 per
1855 5012 2069 5067 vineam

483 5096 853 5166 singulariter,
897 5098 1002 5154 nisi
1031 5097 1215 5155 Judaea
1248 5099 1604 5167 designatur?
1631 5100 1761 5173 Qua:
1792 5116 1831 5173 ap
1852 5116 1911 5156 se
1936 5102 2070 5171 tide-

481 5187 559 5244 les
586 5190 815 5259 expulit,
868 5192 994 5262 quia
1037 5192 1298 5247 custodiri
1343 5192 1752 5261 aspernabatur.
1803 5193 2069 5250 Praedica-

483 5286 627 5339 tione
657 5287 854 5357 quippe
874 5268 1203 5357 expugnata,
1230 5293 1285 5340 et
1314 5299 1511 5357 sponsa
1541 5284 1738 5343 Christi
1766 5287 1907 5344 facta
1949 5290 2068 5343 ani-

480 5390 592 5441 ma,
641 5359 931 5434 dilectione
980 5378 1166 5443 ardet,
1217 5388 1273 5434 et
1323 5379 1643 5449 inquirendo
1688 5395 1846 5447 eum,
1905 5398 2064 5451 quem

478 5467 674 5537 diligit,
706 5472 758 5526 in
792 5470 998 5528 intimis
1014 5485 1077 5526 se
1112 5483 1354 5538 exercet,
1383 5472 1569 5529 dicens
1598 5491 1611 5527 :

585 5566 741 5635 (Qua:
770 5566 824 5619 in
870 5566 1085 5619 meridie
1125 5564 1392 5620 Christum
1432 5568 1749 5636 requiescere
1782 5564 1956 5635 facit.)

548 5657 637 5712 125.
680 5658 837 5714 Vcrs.
899 5659 952 5713 6.
992 5658 1178 5713 Indica
1232 5660 1387 5725 mihi,
1436 5676 1587 5727 quem
1646 5661 1814 5727 diligit
1886 5662 2060 5712 (Utinm

481 5764 615 5827 mea,
654 5750 739 5821 ubi
769 5767 973 5819 pascas,
1008 5751 1091 5804 ubi
1119 5750 1269 5803 cubes
1322 5752 1373 5803 iu
1416 5752 1648 5815 meridie,
1685 5767 1744 5805 ne
1774 5754 1951 5822 vagari
1984 5753 2061 5803 in-

1672 308 1955 368 tOBERTl
1976 304 2267 362 ABBATIS
2295 304 2353 360 S.
2385 303 2675 361 VIGOIHS.

2125 420 2177 487 Α
2206 420 2395 491 ciu-am
2444 429 2560 490 μου
2608 435 2785 490 greges
2831 418 3095 481 sodalium
3161 428 3394 473 tuorum.
3454 417 3508 477 In
3556 428 3730 489 meridie

3628 301 3729 363 1368

2202 511 2476 568 Christum
2498 512 2600 569 sub
2631 513 2820 567 umbra
2852 512 3045 582 pascit,
3069 523 3123 568 et
3146 514 3332 581 cubat,
3358 516 3450 585 qui
3476 516 3525 571 in
3557 520 3730 591 refrige.

2201 602 2413 659 ratione
2449 603 2682 675 Spiritus
2706 604 2899 667 sancti,
2918 603 3019 658 sibi
3049 604 3200 674 quasi
3226 606 3467 676 requiem
3493 617 3543 662 et
3563 624 3727 678 pastum

2199 704 2374 765 parat.
2412 694 2513 751 Per
2544 695 2823 750 meridiem
2873 696 3073 766 quippe
3114 697 3277 751 ardor
3320 696 3567 753 vitiorum
3596 707 3729 773 expri-

2198 787 2398 853 mitur;
2446 802 2550 858 ‘per
2597 788 2841 843 umbram
2895 803 3024 842 vero
3074 788 3338 858 spiritalis
3395 791 3576 861 gratia:
3613 793 3730 855 ﬂatus

2196 880 2533 952 designatur.
2582 879 2806 936 Meridie
2832 896 2963 953 ergo
2994 881 3260 948 fervente,
3311 882 3366 937 in
3400 884 3583 940 umbra
3615 887 3729 944 Chri-

2196 981 2313 1028 Stns
2341 971 2793 1044 requiescit,quia
2823 972 2949 1028 dum
2984 973 3035 1028 in
3066 973 3310 1044 reprobis
3338 984 3505 1032 testas
3530 976 3728 1041 vitiorum

2197 1064 2413 1143 ﬂagrat,
2443 1066 2556 1138 ipse
2577 1082 2788 1137 sponsae
2810 1082 2920 1123 sua:
2958 1066 3299 1135 refrigerium
3327 1060 3533 1134 tribuit,
3555 1073 3664 1128 etin
3688 1091 3729 1130 ea

2197 1158 2298 1212 sibi
2329 1158 2699 1219 delectabilem
2748 1158 2925 1213 locum
2956 1160 3157 1229 quietis
3193 1159 3383 1215 ellicit.
3416 1160 3522 1215 Sed
3550 1164 3637 1221 hoc
3658 1167 3731 1223 sibi

2196 1264 2393 1317 sponsa
2427 1250 2655 1304 indicari
2678 1251 2939 1320 deposcit,
2969 1250 3110 1321 quod
3141 1250 3272 1307 nulli
3311 1267 3547 1323 unquam
3596 1255 3731 1314 decla-

2198 1349 2370 1404 ratur.
2399 1343 2501 1397 nisi
2530 1344 2578 1399 ei
2605 1344 2697 1416 qui
2724 1344 2864 1399 idem
2902 1344 3343 1401 sanctificatricis
3381 1348 3566 1417 gratia:
3586 1365 3731 1409 manus

2197 1436 2445 1506 percipit.
2500 1436 2679 1504 Quare
2725 1452 2857 1492 vero
2902 1438 2972 1492 ad
3030 1438 3144 1492 haec
3190 1438 3538 1510 percipienda
3572 1450 3728 1509 amet,

2197 1528 2581 1585 manifestatur
2601 1545 2722 1583 cum
2754 1529 2956 1583 dicitur
2985 1546 3002 1583 ι

2437 1618 2545 1691 (Ne
2589 1637 2725 1690 vaga
2752 1621 2818 1675 sit
2846 1632 2961 1689 post
2987 1637 3166 1691 greges
3194 1621 3548 1692 passionum.)

2268 1707 2351 1763 M.
2395 1708 2478 1764 Ne
2504 1712 2686 1781 vagari
2714 1712 2962 1780 incipiam
2988 1721 3106 1782 post
3134 1697 3345 1782 greges.
3366 1712 3619 1766 sodalium
3655 1725 3732 1767 tuo-

2199 1818 2338 1855 rum.
2395 1801 2557 1866 Vere,
2603 1803 2657 1856 in
2714 1817 2821 1871 quo
2868 1802 3120 1859 Christus
3164 1821 3271 1859 non
3326 1803 3509 1869 cubat,
3540 1817 3731 1875 vagatur,

2197 1896 2324 1966 quia
2357 1912 2531 1961 mens,
2564 1912 2727 1971 quam
2760 1897 2847 1953 ille
2894 1898 3079 1953 suavis
3123 1909 3179 1954 et
3218 1900 3557 1971 ponderosas
3582 1903 3731 1959 Christi

2199 1989 2436 2060 Spiritus
2468 2005 2574 2045 non
2605 1990 2815 2060 implet,
2847 1991 3032 2047 multis
3060 1992 3485 2061 cogitationibus
3529 1995 3733 2063 dissoluta

2196 2080 2599 2139 circumfertur.
2669 2081 2777 2139 Sed
2817 2085 2906 2155 qui
2968 2094 3096 2161 sunt
3148 2082 3368 2158 sodales
3416 2085 3733 2157 Chii-.ti,per

2195 2190 2429 2247 quorum
2455 2190 2647 2247 greges
2672 2192 2870 2248 sponsa
2904 2178 3091 2251 vagari
3116 2178 3481 2247 pertimescit,
3514 2180 3605 2234 nisi
3644 2179 3732 2237 talsi

2194 2268 2396 2337 quique
2424 2267 2759 2323 Christiani?
2796 2267 2898 2336 Qui
2951 2279 3045 2323 aut
3086 2268 3158 2324 ob
3198 2267 3441 2324 nominis
3479 2271 3649 2333 solius,
3667 2281 3736 2326 aut

2194 2362 2360 2425 etiam
2386 2371 2855 2417 sacramentorum
2883 2361 3348 2428 communionem,
3404 2360 3593 2417 fratres
3616 2362 3735 2419 Chri-

2193 2454 2262 2511 sti
2293 2461 2581 2519 vocantur,
2617 2452 2744 2523 quia
2778 2452 2966 2531 electis
3004 2468 3141 2523 quos
3172 2453 3288 2523 ipse
3318 2451 3521 2529 fratres
3549 2458 3735 2524 vocavit,

2194 2545 2247 2617 in
2278 2546 2515 2615 Ecclesia
2553 2530 2938 2611 cohabitando,
2980 2544 3279 2610 sociantur.
3318 2544 3557 2612 Quorum
3604 2548 3735 2603 audti-

2194 2641 2410 2699 tudines
2438 2642 2575 2699 bene
2627 2657 2725 2713 per
2760 2642 3235 2711 exprobrationem
3275 2655 3472 2713 greges
3519 2644 3735 2713 appellan-

2194 2739 2306 2798 tttr,
2331 2732 2481 2803 quia,
2521 2732 2648 2788 dum
2699 2732 2854 2803 quasi
2915 2732 3310 2786 irrationabilia
3359 2734 3606 2803 animalia
3646 2736 3734 2791 sine

2190 2823 2383 2899 ordine
2404 2824 2612 2895 vivunt,
2641 2802 3027 2895 seductor-ibus
3064 2810 3350 2894 spiritibus
3375 2810 3380 2815 ’
3401 2825 3468 2876 ad
3517 2802 3735 2887 devoran-

2191 2915 2321 2971 dum
2390 2914 2697 2970 traduntur.
2761 2913 2865 2969 Per
2916 2912 3226 2981 huiusmodi
3292 2928 3487 2986 greges
3556 2926 3735 2983 Vagatut’

2192 3007 2444 3078 quisquis
2472 3006 2540 3062 ab
2567 3006 2758 3061 intinto
2812 3005 3082 3060 desiderio
3117 3006 3399 3075 expulsus,
3431 3008 3733 3078 reproborum

2194 3081 2477 3157 stultitiam
2542 3098 2845 3169 persimiles
2922 3098 3248 3168 cupiditates
3326 3098 3581 3155 imitatur.
3649 3099 3735 3157 llos

2193 3194 2391 3265 quippe
2433 3192 2592 3249 electi
2646 3208 2769 3248 cum
2830 3191 3059 3248 moleste
3104 3192 3405 3263 patiantur,
3446 3209 3539 3263 per
3584 3209 3737 3269 COI'lImI

2190 3285 2595 3357 persecutiones
2636 3282 2885 3354 probati,
2934 3283 3250 3338 mundiores
3276 3284 3344 3337 ad
3386 3294 3583 3338 aeterna
3624 3285 3734 3341 bona

2190 3377 2577 3447 perducuntur.
2614 3370 2764 3430 Unde
2791 3379 3114 3429 admonetur
3148 3389 3367 3445 sponsa.
3402 3390 3521 3429 cum
3555 3389 3637 3446 per
3673 3375 3735 3428 in-

2189 3464 2559 3535 crepationem
2589 3464 2829 3519 dicitur:

2423 3552 2801 3627 (Pugnaudum
2828 3564 2901 3608 est
2929 3564 3109 3607 contra
3140 3556 3509 3626 tentationes.)

2260 3649 2348 3717 15.
2389 3648 2545 3711 Vers.
2587 3648 2640 3702 7.
2681 3646 2739 3701 Si
2770 3648 2981 3717 ignoras
3019 3657 3086 3712 lc,
3128 3664 3157 3701 ο
3207 3648 3436 3716 pulchra
3485 3652 3609 3704 inter
3645 3667 3735 3703 atu-

2185 3740 2361 3806 liercs,
2419 3739 2682 3810 egredere,
2738 3747 2785 3792 et
2839 3737 2925 3791 ubi
2973 3749 3089 3807 post
3149 3741 3367 3809 vestigia
3418 3758 3634 3811 gregum.
3687 3741 3732 3796 Si

2188 3833 2398 3905 ignorat
2428 3847 2488 3887 se
2510 3844 2726 3901 sponsa,
2757 3830 3070 3899 egrediatur
3095 3840 3147 3885 ct
3166 3830 3346 3897 abeat,
3372 3834 3500 3903 quia
3525 3834 3734 3905 quisquis

2186 3923 2356 3978 nescit
2390 3936 2450 3983 se
2478 3922 2529 3975 in
2566 3921 2668 3981 hoc
2716 3921 2976 3991 positum,
3024 3929 3080 3973 ut
3121 3922 3454 3977 tentationes
3495 3938 3582 3993 per
3603 3921 3731 3978 suile

2186 4013 2416 4083 rentiam
2449 4011 2650 4078 vincat,
2678 4026 2705 4063 a
2740 4000 3106 4063 familiaritate
3134 4010 3342 4065 Chriin
3393 4012 3604 4077 recedit,
3628 4012 3731 4082 quia

2184 4101 2236 4155 in
2267 4101 2405 4165 bello
2441 4103 2671 4171 positus,
2699 4116 2820 4155 cum
2860 4100 3087 4171 Domino
3116 4115 3215 4154 suo
3240 4116 3484 4171 pugnare
3532 4086 3728 4158 recusat.

2184 4174 2475 4244 Sciendum
2496 4198 2579 4244 est
2608 4189 2752 4245 enim
2782 4188 3033 4243 omnibus
3056 4189 3198 4259 quod
3224 4205 3347 4245 cum
3390 4190 3444 4244 in
3474 4192 3731 4247 tentatione

2181 4296 2370 4337 sumus
2397 4292 2589 4338 contra
2620 4298 2776 4337 aeras
2805 4292 3103 4352 potestates
3124 4297 3370 4354 pugnare
3400 4285 3727 4356 praecipimur,

2180 4376 2305 4454 quia
2334 4376 2454 4430 sine
2485 4374 2715 4429 victoria
2758 4376 3006 4429 coronari
3053 4390 3159 4429 non
3188 4390 3498 4445 possumus.
3523 4377 3624 4432 Etsi
3646 4378 3728 4429 ad-

2182 4467 2458 4521 versarius
2488 4466 2679 4533 deest,
2727 4482 2827 4521 nec
2868 4474 2950 4521 est
2995 4480 3155 4535 quem
3186 4466 3499 4537 vincamus;
3535 4468 3731 4537 ideoque

2178 4577 2383 4637 corona
2433 4559 2638 4625 deerit,
2688 4574 2849 4628 quam
2908 4559 3121 4613 nonnisi
3156 4558 3437 4616 vincentes
3464 4562 3724 4631 capiemus.

2174 4657 2289 4713 lloc
2321 4656 2413 4727 qui
2440 4656 2651 4727 ignorat
2678 4655 2731 4708 in
2774 4640 2915 4708 bello
2952 4640 3037 4707 est
3074 4662 3131 4707 et
3158 4655 3314 4723 quasi
3345 4654 3399 4709 in
3428 4670 3553 4730 pace
3576 4660 3725 4710 exsut-

2175 4757 2275 4817 tat,
2304 4757 2359 4805 et
2382 4764 2447 4805 eo
2474 4746 2814 4817 frequentius
2851 4744 3187 4811 vulneratur,
3222 4761 3329 4815 quo
3356 4729 3588 4801 securior
3623 4729 3695 4800 esi
3714 4764 3725 4799 :

2175 4844 2302 4917 quia
2326 4842 2499 4898 nescit
2530 4840 2715 4896 videre
2737 4852 2899 4919 quem
2923 4845 3133 4909 caveat.
3167 4837 3333 4909 Digne
3359 4853 3485 4907 ergo
3504 4854 3532 4891 a
3551 4852 3726 4907 pugna-

2175 4938 2382 4992 toribus
2437 4934 2776 5005 secernitur,
2834 4940 2893 4986 ut
2932 4930 3154 5001 vestigia
3204 4947 3424 5003 gregum
3464 4940 3725 5001 sequatur,

2171 5030 2297 5100 quia
2348 5030 2474 5083 dum
2527 5012 2822 5094 prudentes
2876 5016 3122 5096 quosque
3171 5016 3371 5077 imitari
3402 5023 3723 5093 negligit,uc-

2171 5123 2410 5181 cessario
2435 5122 2698 5193 reprobos
2732 5119 3001 5199 sequitur,
3033 5133 3170 5188 quos
3193 5117 3421 5174 stultitia
3445 5115 3603 5171 brutis
3620 5113 3723 5167 ani-

2171 5218 2403 5273 malibus
2429 5215 2635 5271 similes
2662 5212 2827 5269 fecit.
3068 5218 3072 5222 ’
3106 5202 3110 5206 ’

2171 5311 2376 5382 (llrcdi,
2404 5309 2691 5364 immunda:
2716 5304 3056 5382 cogitationes
3072 5321 3097 5382 ;_
3113 5304 3449 5382 tabernacula
3465 5314 3719 5376 pastorum,

2594 5376 2875 5433 conventus
2915 5376 3327 5453 hwreticorum.)
3392 5388 3395 5389 '

2240 5476 2331 5529 16.
2370 5472 2436 5527 Ει
2462 5489 2615 5543 pasce
2636 5472 2819 5528 Ita'dos
2849 5483 2966 5527 tuos
3021 5459 3187 5539 iuxta.
3224 5470 3599 5524 tabernaculum
3632 5478 3719 5534 ρο-

2167 5577 2386 5621 storum.
2426 5565 2530 5620 Per
2576 5565 2798 5630 laedes,
2863 5564 3155 5620 immundae
3207 5562 3567 5633 cogitationes-
3595 5555 3719 5611 desi-

2166 5667 2437 5730 gnantur;
2478 5674 2573 5728 per
2624 5657 2969 5713 tabernacula
3018 5664 3332 5725 pastorum,
3378 5648 3715 5708 conventicula

2166 5756 2543 5813 ba‘t'cticorntn
2578 5755 2974 5825 exprimuntur.
3005 5750 3105 5818 Qui
3130 5768 3260 5822 ergo
3288 5765 3523 5821 pugnare
3546 5746 3711 5808 nescit,
