3862 6312
518 323 648 380 1571

1637 327 1943 386 ιιοιιειιτι
1970 330 2266 387 ABBATB
2295 330 2354 386 S.
2387 332 2660 390 VlGOltlS

3645 338 3746 394 l3?!

516 443 644 497 fecit
679 441 847 511 (δίῳ.
876 457 952 508 xt,
978 442 1087 514 25)
1114 484 1129 509 ,
1174 442 1425 514 quoniam
1462 442 1571 496 vult
1612 458 1803 499 omnes
1857 445 2104 500 homines
2133 441 2184 502 Α
2211 447 2453 502 surrexit
2488 452 2734 517 planctus
2771 444 3110 501 miserabiles
3138 446 3422 509 emittens,
3448 461 3652 516 nosque,
3680 468 3741 519 qui

517 535 701 590 salvos
728 535 866 601 fieri,
897 546 950 592 et
977 539 1042 592 ad
1071 540 1398 613 agnitionem
1430 539 1672 593 veritatis
1695 540 1880 595 venire
1912 540 2041 611 ('I'it.
2065 559 2103 606 ι,

515 624 592 695 1),
628 627 717 694 qui
750 644 850 682 nos
880 629 1043 684 etiam
1074 640 1470 702 contemptores
1509 647 1614 684 non
1660 634 1980 699 contemnit,
2011 635 2105 688 sed

518 719 775 774 adversos
808 722 1094 788 convertit,
1126 739 1415 780 conversos
1443 725 1637 796 diligit,
1675 725 2009 797 dilectosque
2040 729 2107 783 ad

515 811 697 866 vultus
726 813 809 866 sui
836 813 1222 870 hilarissimam
1250 817 1726 886 beatissimamque
1750 817 2013 873 visionem
2053 819 2104 874 in

515 904 854 960 mirabilibus
871 921 980 961 sua:
1003 910 1286 976 potestatis
1302 908 1589 980 singularis
1601 911 1870 979 provehit.
1893 911 1992 966 Hic
2026 921 2109 967 est

514 995 657 1051 Deus
683 1007 889 1063 noster,
909 999 1056 1054 solus
1081 1001 1369 1064 timendus,
1397 1001 1546 1055 solus
1573 1002 1855 1066 amandus,
1885 1003 1974 1072 qui
1999 1018 2106 1057 non

515 1089 739 1158 respicit
762 1090 996 1145 hominis
1020 1090 1083 1162 [Γ.
1113 1091 1403 1164 homines],
1432 1091 1524 1146 sed
1543 1091 1795 1162 perditea
1809 1108 1931 1163 qua:
1959 1103 2104 1160 sunt,

513 1190 573 1232 ut
601 1196 663 1234 ea
697 1197 816 1250 qua:
843 1198 949 1236 non
979 1192 1103 1237 sunt
1137 1185 1384 1247 instruat,
1429 1185 1521 1253 qui
1573 1186 1714 1255 apud
1763 1200 1860 1240 nos
1891 1201 2108 1257 quoque

514 1273 734 1329 ultimos
763 1290 950 1330 servos
991 1291 1115 1330 suos
1149 1277 1393 1332 timorem
1428 1293 1583 1332 suum
1607 1289 1917 1334 etamorem
1950 1296 2107 1336 reve-

515 1363 666 1431 lavit,
716 1368 1024 1435 percutiens
1052 1369 1332 1437 superbos,
1367 1378 1418 1424 et
1446 1384 1647 1424 sanans
1685 1371 1936 1427 humiles.
1970 1373 2104 1427 Rem

516 1456 669 1508 vobis
702 1457 890 1526 loquar
935 1458 1152 1528 dignam
1200 1461 1484 1524 memoria,
1532 1463 1732 1518 nostris
1772 1464 2108 1533 temporibus

516 1548 836 1614 inauditam,
879 1565 998 1620 quae
1042 1567 1164 1606 cum
1221 1553 1461 1607 omnium
1517 1570 1676 1611 aures
1740 1558 2108 1628 magnitudine

517 1648 911 1717 singularitatis
944 1666 1054 1704 sua:
1080 1652 1258 1706 valeat
1287 1653 1596 1720 exuirbare,
1624 1671 1718 1711 vos
1752 1666 1930 1714 tamen
1957 1675 2108 1714 mon-

516 1745 672 1793 tanos
713 1740 906 1796 fratres
954 1744 1186 1799 maxime
1225 1745 1532 1814 percutitet
1566 1749 1839 1815 sollicitat,
1867 1753 1995 1821 quia
2040 1754 2104 1808 de

515 1833 668 1888 vobis
692 1845 772 1889 est
799 1843 850 1888 et
879 1837 1028 1890 vobis
1057 1838 1306 1893 mittitur.
1351 1839 1503 1912 llugo
1527 1849 1749 1897 vocatus
1781 1843 1948 1899 frater
1978 1847 2103 1916 qui-

515 1923 638 1976 dam
670 1927 808 1994 apud
841 1943 939 1981 nos
969 1929 1184 2000 degens,
1217 1945 1383 2000 nepos
1405 1933 1667 1988 Lonensis
1694 1933 1906 1990 abbatis
1944 1953 2102 2007 quem

513 2019 836 2087 vosoptime
859 2022 1051 2086 nostis,
1087 2024 1210 2090 quia
1244 2025 1383 2093 apud
1427 2040 1520 2079 vos
1557 2026 1608 2079 in
1640 2028 1840 2082 scholis
1871 2031 2106 2086 nutritus

513 2120 592 2163 est
633 2125 787 2180 puer,
831 2113 931 2168 iste
972 2132 1132 2185 quem
1168 2117 1362 2189 loquor
1388 2137 1501 2177 rem
1538 2122 1769 2178 incurrit
1805 2141 1925 2195 qua:
1955 2128 2107 2182 vobis

512 2213 738 2256 necesse
760 2212 843 2257 est
871 2214 927 2258 nt
969 2217 1092 2259 nota
1124 2207 1236 2262 liat.
1268 2209 1323 2263 In
1348 2211 1516 2265 choro
1546 2214 1778 2281 quadam
1804 2215 1908 2278 die,
1947 2219 2103 2271 tertia

511 2291 668 2358 feria,
702 2295 828 2349 dum
859 2296 1055 2353 fratres
1095 2303 1264 2356 nostri
1311 2304 1530 2359 missam
1564 2308 1935 2362 matutinalem
1964 2310 2098 2365 cele-

512 2385 754 2452 brarent,
782 2399 900 2443 erat
935 2400 989 2444 et
1025 2392 1138 2460 ipse
1191 2409 1312 2447 cum
1345 2398 1578 2462 cancris,
1609 2409 1667 2454 ut
1696 2401 1850 2455 nobis
1879 2401 2102 2458 videba-

512 2487 623 2544 tur,
674 2495 839 2535 sanus
889 2492 941 2536 et
991 2485 1201 2551 hilaris,
1253 2489 1343 2559 qui
1401 2491 1754 2559 pauxillulum
1795 2493 1999 2549 doloris
2050 2497 2102 2550 in

511 2573 686 2640 capite
724 2576 963 2630 sentiens
1001 2577 1195 2632 lectum
1229 2581 1381 2646 adiit,
1420 2593 1476 2638 ut
1540 2600 1600 2639 se
1649 2594 2022 2654 prosterneret
2050 2600 2104 2645 et

511 2662 848 2731 quiesceret,
893 2667 981 2720 ubi
1020 2685 1168 2733 eum,
1217 2673 1373 2725 nobis
1417 2675 1668 2729 omnibus
1706 2677 2101 2744 ignorantibus.

505 2749 734 2819 iaceret,
775 2757 954 2812 subito
990 2759 1078 2813 illa
1119 2760 1366 2817 molestia
1403 2765 1665 2834 arripitur
1703 2783 1866 2837 quam
1909 2771 2101 2826 medici

507 2843 823 2912 cpilepsiam
851 2849 1111 2904 vocabulo
1136 2849 1329 2907 Graeco
1371 2854 1576 2919 dicunt,
1613 2857 1694 2912 vel
1720 2873 1935 2913 sacrum
1963 2878 2104 2916 mor-

511 2934 662 2999 bum,
703 2952 767 2992 eo
795 2941 936 3007 quod
967 2957 1154 2998 sacras
1179 2946 1413 3000 hominis
1441 2957 1640 3016 partes,
1674 2961 1732 3004 ut
1756 2962 1840 3005 est
1862 2963 2023 3022 caput
2050 2963 2104 3008 et

509 3040 770 3097 mentem,
805 3045 1051 3104 occupet.
1098 3037 1203 3093 Nos
1245 3053 1370 3092 vero
1415 3041 1707 3110 vulgariter
1745 3055 1951 3114 guttam
2008 3063 2100 3100 ca-

509 3123 727 3189 ducam,
766 3141 831 3180 ex
877 3143 942 3183 eo
1000 3132 1142 3197 quod
1186 3137 1383 3186 cadere
1428 3135 1612 3202 faciat,
1659 3153 1934 3194 vocamus.
1985 3141 2096 3196 llac
2124 3166 2170 3227 ρ

510 3211 675 3280 igitur
699 3227 949 3286 arreptus
979 3229 1090 3284 est;
1119 3220 1407 3275 confestim
1437 3236 1670 3280 mentem
1696 3229 1950 3296 perdidit,
1976 3247 2022 3284 o;
2045 3250 2098 3285 u-

509 3305 589 3361 los
629 3309 840 3375 clausit,
870 3327 1005 3380 quos
1031 3315 1195 3368 etiam
1231 3319 1479 3374 manibus
1506 3322 1743 3392 stringit.
1776 3339 1946 3394 genua
1977 3341 2100 3381 cur--

507 3402 676 3465 vavil,
723 3401 1024 3458 caleitrans
1053 3415 1109 3459 et
1154 3407 1374 3462 volvens
1417 3426 1474 3464 se
1522 3412 1574 3464 in
1623 3413 1780 3467 lecto.
1822 3415 1936 3484 Ego
1972 3433 2099 3472 vero

507 3507 632 3546 cum
681 3493 905 3548 fortuito
945 3513 1073 3552 casu
1129 3500 1180 3553 in
1231 3501 1468 3557 claustro
1526 3506 1718 3559 sedens
1778 3511 2093 3576 scriberem,

507 3587 749 3640 Cucurrit
787 3587 956 3643 frater
997 3593 1216 3661 quidam
1259 3598 1599 3667 exturbatus,
1623 3613 1678 3656 et
1713 3604 1896 3658 dicens
1921 3603 2100 3674 Hugoa

507 3689 630 3727 nem
680 3679 836 3731 mori.
882 3681 960 3733 Ad
1010 3681 1148 3737 hanc
1196 3700 1383 3740 vocem
1437 3704 1560 3744 eum
1602 3707 1703 3761 ego
1750 3695 2099 3750 tremefactus

507 3781 808 3838 surgerent,
843 3787 1232 3846 curreremqne
1262 3788 1383 3848 post
1416 3798 1563 3847 etmt,
1585 3784 1697 3852 jam
1731 3785 1879 3839 finita
1912 3788 2094 3851 missa,

509 3859 709 3914 fratres
754 3877 943 3918 omnes
981 3869 1272 3921 currebant
1315 3882 1593 3940 portantes
1631 3890 1846 3930 crucem
1875 3893 2092 3947 aquam-

511 3965 615 4018 que
645 3951 1008 4008 benedictam.
1030 3955 1320 4013 Venientes
1354 3961 1534 4032 igitur.
1564 3964 1681 4019 sine
1710 3966 2094 4035 menlcjacen-

507 4051 616 4096 tem
685 4046 1005 4115 invenimus,
1062 4052 1416 4121 stringentem
1467 4057 1716 4112 manibus
1768 4060 1974 4127 oculos,
2043 4072 2098 4116 et

507 4135 734 4202 genibus
777 4138 1167 4195 calcitrantcm.
1221 4143 1595 4213 Expergefacti
1637 4150 1837 4218 itaque,
1890 4162 2095 4222 septem

506 4227 742 4294 psalmos
777 4233 1178 4300 pmnitcntiales
1219 4236 1570 4307 iucmpimus;
1615 4244 1806 4298 videns
1830 4261 1956 4299 vero
1986 4263 2098 4302 ma-

507 4335 608 4374 nus
641 4321 781 4376 illius
816 4325 1004 4380 oculos
1035 4327 1173 4380 ultra
1227 4346 1386 4398 quam
1418 4334 1672 4402 expedire
1707 4337 1981 4391 videretur
2003 4355 2099 4409 0p-

505 4413 823 4480 primentes,
858 4418 1056 4471 attraxi
1093 4434 1186 4473 eas
1218 4437 1245 4473 a
1296 4421 1434 4487 loco,
1477 4427 1707 4495 dedique
1755 4427 2014 4485 fratribus
2041 4439 2094 4484 ut

2210 557 2334 598 eum
2363 540 2912 606 circumdederamus,
2947 541 3137 596 dolore
3177 541 3348 595 nimio
3385 550 3442 596 et
3479 541 3741 600 intolerabili

2210 631 2548 686 concutiens.
2603 630 2827 687 Surrexi
2865 645 2991 687 tunc
3024 650 3053 687 e
3093 631 3210 686 solo
3246 632 3472 686 veniens
3516 633 3578 686 ad
3615 635 3740 698 illum,

2211 723 2305 776 ubi
2335 723 2387 778 in
2419 721 2672 778 manibus
2701 722 2931 778 fratrum
2954 723 3471 794 jacucrat,jamque
3495 737 3742 780 surrexerat

2212 824 2418 868 tantum
2447 823 2508 868 ut
2532 819 2760 870 sederet.
2788 815 3158 884 Aspicientem
3190 829 3324 868 vero
3344 830 3470 869 eum
3505 822 3555 869 et
3588 817 3658 870 vis
3682 835 3742 873 me

2209 915 2590 978 agnoscentem
2621 909 2806 978 rogavi
2841 908 3094 978 laerymis
3126 908 3364 968 infusus,
3393 915 3452 960 ut
3473 907 3612 960 nobis
3642 923 3737 978 quc-

2210 999 2370 1053 modo
2401 1014 2530 1068 erga
2574 1015 2632 1053 se
2667 1008 2812 1053 esset
2847 997 3116 1062 ediceret;
3155 997 3491 1067 quitandem
3522 999 3737 1056 nimis.....

2208 1099 2264 1146 et
2287 1090 2554 1146 submisse
2599 1090 2825 1160 loquens
2877 1091 2954 1145 ait
2997 1104 3056 1145 se
3093 1089 3482 1145 miserabiliter
3515 1099 3676 1144 tortum
3705 1105 3741 1148 et

2209 1185 2567 1240 confractum.
2611 1184 2845 1254 Praecepi
2885 1184 3047 1255 igitur
3085 1193 3142 1238 ut
3185 1184 3238 1238 in
3293 1181 3548 1252 quodam,
3586 1185 3660 1253 qui
3690 1186 3739 1238 ibi

2209 1276 2421 1339 aderat,
2459 1276 2598 1331 lecto
2634 1285 2926 1346 poneretur
2953 1275 3366 1345 utquieseeret.
3400 1275 3515 1340 Quo
3538 1275 3604 1329 sic
3625 1275 3740 1341 facto,

2211 1367 2393 1437 rogavi
2424 1367 2619 1423 fratres
2649 1377 2705 1423 ut
2742 1384 2894 1423 more
2925 1383 3024 1424 suo
3057 1369 3111 1422 in
3140 1366 3443 1438 capitulum
3482 1367 3625 1433 irent,
3651 1373 3739 1438 quia

2207 1477 2310 1533 ego
2356 1479 2385 1516 a
2432 1463 2618 1528 fratre,
2647 1462 2871 1517 omnino
2905 1463 3090 1518 dolore
3131 1479 3218 1518 me
3246 1463 3510 1533 agitante,
3542 1465 3740 1520 νοθεύει-ι

2209 1571 2316 1610 non
2345 1555 2591 1610 valebam
2616 1572 2630 1620 ;
2662 1557 2774 1611 sedi
2804 1571 2934 1611 vero
2962 1571 3147 1611 coram
3174 1571 3242 1610 eo
3269 1571 3508 1612 maerens
3535 1566 3580 1610 et
3610 1556 3740 1630 lacry-

2209 1662 2384 1712 tnans,
2408 1647 2724 1717 locutusque
2746 1665 2868 1702 eum
2898 1664 2986 1716 eo,
3006 1650 3083 1703 ait
3111 1650 3294 1718 itaque
3320 1662 3336 1701 :
3362 1666 3380 1699 ι
3417 1647 3538 1701 Mihi
3556 1648 3667 1702 facta
3685 1660 3742 1702 est

2209 1753 2312 1793 vox
2337 1737 2582 1808 quaedam
2610 1738 2864 1792 terribilis
2888 1739 3046 1792 modo
3068 1738 3258 1793 dicens
3287 1755 3302 1791 :
3343 1755 3360 1787 ι
3395 1736 3502 1791 Cur
3525 1736 3582 1790 de
3606 1753 3741 1790 mona-

2215 1851 2232 1883 ‹
2262 1833 2428 1886 sterio
2452 1841 2543 1886 tuo
2566 1846 2818 1900 egressus
2844 1831 2944 1886 es?
2978 1851 2997 1884 i
3037 1831 3133 1885 Cui
3180 1834 3261 1884 sic
3293 1831 3580 1900 increpanti
3613 1846 3678 1883 me
3705 1841 3742 1883 et

2209 1925 2458 1988 terrenti,
2492 1925 2597 1978 alia
2651 1939 2776 1988 vox,
2828 1940 2914 1978 me
2971 1923 3249 1987 audiente,
3295 1923 3432 1977 satis
3486 1922 3665 1992 placida
3702 1935 3739 1976 et

2209 2016 2394 2071 suavis
2427 2017 2711 2072 confestim
2751 2016 3026 2086 respondit
3061 2031 3074 2066 :
3121 2033 3139 2068 ι
3180 2014 3321 2081 Quid
3351 2031 3420 2069 ex
3446 2015 3542 2068 hoc
3569 2015 3625 2068 ad
3647 2015 3739 2068 tein

2210 2110 2454 2180 Dumque
2487 2125 2586 2178 ego
2630 2109 2672 2162 si
2714 2108 2918 2178 aliquid
2959 2109 3182 2163 vidisset
3221 2109 3559 2178 quaesissem,
3587 2118 3742 2161 tantum

2208 2199 2446 2266 audisse,
2490 2198 2732 2269 nihilque
2798 2214 2856 2252 se
2909 2198 3114 2253 vidisse
3163 2199 3317 2252 dixit.
3365 2198 3539 2251 Finito
3583 2199 3747 2250 tandem

2206 2290 2465 2359 capitulo,
2498 2299 2551 2343 et
2590 2289 2801 2344 vocatis
2827 2289 3152 2359 quibusdam
3199 2288 3622 2355 fratribus,jussi
3648 2290 3747 2342 utin

2207 2385 2426 2434 domum
2459 2381 2801 2434 infirmorum
2833 2390 3174 2450 portaretur,
3198 2382 3290 2450 qui
3337 2391 3577 2450 portatus
3596 2380 3746 2448 jacuit,

2203 2486 2416 2542 egoque
2458 2480 2677 2528 secutus
2718 2488 2866 2535 etin],
2912 2473 3110 2543 quippe
3135 2488 3298 2541 quem
3337 2473 3488 2526 nullo
3530 2474 3667 2526 modo
3691 2488 3749 2525 res

2207 2573 2317 2618 tam
2346 2578 2483 2618 nova
2515 2572 2570 2619 et
2622 2573 2734 2618 tam
2786 2565 2959 2619 tristis
2999 2565 3280 2620 dimittere
3331 2581 3421 2620 me
3451 2565 3661 2628 sinebat,
3690 2581 3751 2617 as-

2205 2656 2395 2711 siduus
2428 2672 2601 2712 eram.
2650 2656 2863 2728 Septies
2890 2666 3074 2712 autem
3117 2673 3290 2727 usque
3334 2659 3404 2712 ad
3442 2658 3664 2711 eamdem
3688 2658 3753 2710 b0-

2210 2765 2324 2804 ram
2376 2751 2695 2815 crastinam,
2751 2750 2909 2805 nobis
2961 2751 3318 2819 praesentibus
3375 2761 3431 2804 ct
3476 2750 3752 2810 videntibus,

2205 2841 2392 2896 eadem
2425 2843 2605 2912 passio
2646 2857 2770 2896 eum
2815 2841 3068 2913 arripuit,
3106 2843 3231 2897 aliis
3269 2858 3402 2898 vero
3439 2843 3617 2897 diebus
3650 2857 3756 2912 pene

2205 2933 2352 2986 omni
2404 2933 2492 2987 die
2536 2933 2707 2987 semel
2758 2941 2854 2988 aut
2905 2934 2989 2987 bis
3029 2934 3168 2988 idem
3211 2949 3409 3004 passus
3458 2943 3557 2989 est.
3606 2932 3754 2987 Vocati

2210 3029 2378 3100 igitur
2403 3029 2595 3084 medici
2633 3029 2738 3083 duo
2766 3029 3087 3094 doctissimi,
3111 3029 3204 3098 qui
3232 3031 3284 3082 in
3314 3029 3539 3084 civitate
3566 3043 3755 3098 praesen-

2207 3128 2289 3174 tes
2331 3121 2580 3184 aderant,
2631 3118 2878 3180 fecerunt
2929 3120 2977 3173 ei
3022 3119 3284 3189 quidquid
3339 3127 3648 3190 potuerunt;
3683 3116 3752 3171 sed

2199 3231 2361 3284 quem
2407 3230 2504 3269 sua
2560 3228 2720 3268 manu
2765 3221 3097 3284 prostratum
3141 3214 3284 3268 Deus
3327 3213 3444 3268 sola
3483 3227 3574 3267 sua
3605 3224 3754 3280 opera-

2205 3309 2352 3362 tione
2387 3308 2691 3362 sanandum
2731 3306 3076 3378 providebat,
3117 3307 3374 3360 humanae
3420 3320 3606 3360 manus
3631 3301 3752 3357 moli-

2203 3402 2440 3457 tionibus
2465 3401 2786 3471 erigendum
2817 3418 2926 3458 non
2957 3401 3182 3472 aptavit.

2271 3497 2409 3549 Dum
2451 3497 2565 3549 haec
2613 3504 2925 3566 agerentur,
2973 3495 3209 3565 quadam
3245 3494 3338 3549 die
3367 3508 3492 3564 ego,
3528 3491 3611 3561 qni
3648 3503 3752 3558 pene

2201 3587 2452 3643 assiduus
2481 3588 2722 3654 aderam,
2756 3589 2974 3642 domum
3017 3589 3068 3642 in
3121 3603 3226 3657 qua
3283 3587 3456 3641 frater
3494 3593 3752 3655 separatus,

2201 3688 2260 3731 ut
2289 3678 2662 3747 hujuscemodi
2701 3679 2777 3733 rei
2809 3679 3171 3748 competebat,
3207 3677 3532 3740 habebatur,
3567 3677 3751 3732 intrans,

2199 3785 2322 3825 eum
2360 3779 2414 3824 et
2455 3769 2744 3836 ridentem,
2786 3771 3084 3833 sedentem,
3110 3771 3501 3840 jocantemque
3534 3783 3645 3823 cum
3688 3765 3747 3816 fa-

2201 3865 2381 3930 mulis,
2429 3866 2520 3935 qui
2572 3865 2690 3934 ejus
2743 3867 2988 3933 servitio,
3046 3882 3129 3920 me
3193 3865 3564 3934 praecipiente,
3617 3858 3749 3915 seduli

2199 3959 2544 4026 assistebant,
2600 3960 2812 4024 iuveni;
2879 3969 3048 4014 tanta:
3098 3974 3339 4028 namque
3392 3956 3617 4011 levitatis
3662 3963 3751 4004 erat

2200 4058 2415 4118 quantae
2451 4064 2544 4104 vos
2591 4049 2762 4114 scitis,
2800 4056 2857 4102 ut
2898 4050 3026 4103 dum
3074 4063 3286 4104 mecum
3326 4048 3380 4100 in
3408 4046 3636 4100 claustro
3657 4051 3753 4094 ante

2199 4142 2338 4195 hanc
2363 4142 2739 4211 aagritudinem
2771 4142 3000 4204 viveret,
3017 4141 3178 4194 nullis
3205 4139 3391 4203 minis,
3417 4138 3572 4192 nullis
3601 4133 3748 4206 plagis.

2203 4236 2367 4289 nullis
2400 4235 2701 4300 blanditiis,
2732 4234 2892 4289 nullis
2921 4233 3391 4288 admonitionibus
3417 4233 3483 4285 ad
3515 4247 3569 4285 se
3593 4228 3752 4283 rediret

2205 4337 2262 4381 ut
2291 4343 2351 4382 se
2381 4336 2773 4396 cognosceret;
2808 4326 3212 4380 indomabiliter
3242 4318 3750 4387 enimlevitati,joei.~

2203 4430 2256 4474 et
2307 4419 2539 4474 lascivia:
2585 4418 2813 4489 juvenili
2866 4419 3095 4484 instans,
3152 4417 3521 4471 scurrilitates
3566 4429 3625 4467 ex
3670 4421 3751 4463 tetu

506 4513 776 4569 tenerent,
811 4506 1110 4563 reluctante
1147 4511 1237 4566 illo
1283 4514 1595 4583 plurimum,
1647 4522 1898 4587 quamvis
1961 4524 2095 4578 nihil

2206 4528 2456 4584 sequens,
2485 4513 2866 4566 contemnebat
2899 4511 3142 4575 omnino,
3189 4525 3290 4564 nec
3337 4509 3444 4561 alio
3494 4507 3640 4562 modo
3671 4502 3747 4553 in:-

517 4595 802 4649 scntiente.
843 4595 1121 4652 Paululum
1157 4617 1284 4657 vero
1321 4620 1443 4660 cum
1475 4607 1544 4660 ibi
1581 4624 1742 4678 super
1770 4609 1917 4676 illum
1949 4613 2092 4681 psal-

511 4683 682 4738 lentes
706 4695 758 4737 et
785 4686 1061 4754 signantes
1101 4705 1222 4744 cum
1263 4709 1424 4748 cruce
1469 4699 1826 4765 stetissemus,
1858 4700 1994 4769 jussi
2037 4713 2096 4758 ιιι

507 4775 558 4828 iu
614 4778 912 4832 oratorium
965 4791 1296 4850 portaretur.
1357 4787 1526 4854 Quem
1598 4807 1719 4846 cum
1780 4794 2095 4852 obedientes

505 4867 704 4923 fratres
753 4872 990 4942 undique
1025 4878 1422 4945 apprehensum
1457 4881 1542 4934 vix
1571 4893 1898 4952 portassent,
1931 4886 2097 4954 jacio-

506 4959 665 5012 batur
687 4963 829 5015 enim
860 4964 999 5019 inter
1030 4985 1222 5024 manus
1249 4982 1465 5025 nostras
1504 4976 1714 5039 morbo,
1748 4986 1801 5030 et
1834 4978 2096 5036 dissolve-

507 5050 666 5105 batur
690 5056 940 5112 omnibus
966 5061 1222 5116 membris
1261 5063 1496 5118 torsione
1530 5067 1760 5124 mirabili
1785 5081 1840 5124 et
1867 5073 2094 5128 misera-

506 5142 623 5207 bili,
657 5157 780 5200 ante
823 5148 965 5204 beati
1005 5150 1218 5205 Nicolai
1247 5163 1658 5224 prostraverunt
1695 5159 1888 5225 altare,
1927 5179 2094 5232 seque

504 5245 908 5302 prosternentes
942 5251 1000 5295 et
1049 5244 1216 5298 nimia
1269 5245 1596 5302 contritione
1646 5251 1954 5320 psallentes.
1992 5255 2092 5310 Ubi

503 5341 623 5382 cum
655 5345 754 5399 ego
785 5333 1029 5388 adessem
1059 5346 1114 5390 et
1145 5337 1473 5397 mirabiliter
1509 5341 1768 5409 dolerem,
1805 5348 1939 5402 adeo
1966 5364 2088 5403 cru-

502 5418 688 5474 ciabar
727 5422 982 5494 lacrymis
1029 5437 1078 5480 et
1133 5429 1381 5500 suspiriis
1437 5436 1841 5504 quatientibns,
1893 5450 1950 5493 ut
1995 5457 2094 5497 nec

503 5509 647 5581 loqui
695 5529 793 5568 nec
839 5518 1068 5584 psallere
1116 5524 1372 5595 valerent,
1408 5528 1617 5583 hmrens
1646 5538 1854 5584 tantum
1897 5533 2012 5586 solo
2041 5544 2096 5588 et

501 5602 722 5661 ﬂetibus
753 5613 980 5666 maestis.
1012 5612 1178 5671 Dictis
1208 5619 1389 5689 itaque
1412 5621 1636 5689 psalmis
1662 5629 1866 5690 septem
1894 5631 1948 5675 et
1973 5624 2094 5677 lita-

507 5696 619 5762 nia,
647 5712 831 5770 postea
860 5706 1180 5764 dicebantur
1210 5713 1452 5782 triginta,
1487 5727 1622 5782 quos
1654 5730 1782 5769 usus
1812 5719 2093 5774 monachis

503 5799 584 5846 est
631 5804 756 5848 ante
812 5808 1132 5855 nocturnam
1174 5804 1418 5873 synaxim
1463 5804 1760 5876 celebrare,
1815 5828 1937 5867 cum
1995 5813 2091 5869 ille

2201 4609 2384 4662 ualuit.
2407 4605 2513 4660 Sed
2539 4605 2668 4674 quid
2700 4605 2890 4675 loquor
2913 4603 2980 4658 de
3004 4605 3242 4658 humano
3278 4601 3498 4662 adnisu,
3524 4612 3634 4653 cum
3655 4604 3747 4646 tunc

2201 4697 2612 4769 divinojudicio
2646 4706 2846 4762 tortus,
2880 4707 2988 4750 tam
3024 4696 3271 4758 incertis,
3311 4702 3422 4747 tam
3452 4687 3751 4748 horribilibus

2204 4790 2494 4846 tormentis
2529 4798 2879 4860 quateretur;
2908 4804 3008 4842 nec
3036 4788 3114 4842 sic
3143 4785 3344 4839 duritia
3375 4784 3494 4851 eius
3522 4782 3753 4845 frangere-

2207 4894 2316 4946 tur,
2355 4894 2412 4938 ut
2446 4882 2530 4936 vel
2572 4880 2966 4951 aliquantulum
3004 4879 3182 4934 minus
3204 4878 3515 4939 lasciveret,
3540 4875 3636 4928 imo
3669 4884 3749 4922 am-

2197 4979 2338 5048 plius
2379 4987 2435 5032 et
2471 4975 2706 5045 amplius
2738 4974 2983 5028 moribus
3024 4971 3339 5036 solvebatur
3378 4987 3392 5023 :
3435 4981 3606 5035 neque
3640 4961 3748 5017 enim

2200 5070 2452 5123 continua
2502 5068 2772 5138 passione,
2828 5065 2922 5119 sed
2977 5064 3200 5118 incertis
3253 5062 3448 5132 spatiis
3501 5057 3750 5114 accedebat

2200 5161 2403 5230 passio,
2441 5159 2813 5228 torquebatur,
2849 5158 3149 5220 tenebatur,
3173 5164 3229 5210 et
3258 5151 3659 5209 dimittebatur?
3679 5147 3750 5212 Qui

2198 5255 2451 5308 dimissus
2488 5267 2594 5306 una
2651 5251 2780 5305 hora
2835 5262 2927 5304 aut
2974 5251 3230 5314 dimidia,
3286 5249 3519 5320 repertis
3566 5245 3746 5301 viribus,

2197 5348 2454 5418 surgebat
2493 5357 2546 5402 et
2572 5347 2798 5416 pristina
2837 5343 3054 5397 levitate
3095 5342 3443 5413 pascebatur,
3489 5337 3744 5402 morboque

2201 5452 2373 5496 tortus
2419 5442 2626 5495 insania
2667 5440 2972 5510 juventutis
3000 5454 3066 5493 eo
3098 5436 3248 5508 pejus
3280 5451 3390 5507 quo
3420 5430 3747 5504 voluptuosius

2204 5533 2573 5602 torquebatur.
2617 5531 2829 5585 lntrans
2854 5531 3056 5600 itaque,
3081 5538 3140 5583 ut
3169 5529 3353 5582 dicere
3385 5541 3662 5597 ceperam,
3682 5523 3747 5574 do-

2200 5643 2370 5690 mum,
2397 5642 2519 5680 cum
2563 5625 2692 5679 mihi
2722 5623 2876 5679 valde
2922 5625 3063 5678 risus
3099 5633 3208 5677 tam
3241 5622 3580 5692 importunus
3605 5613 3745 5684 displi-

2199 5728 2373 5784 ceret,
2421 5717 2584 5781 tacui,
2627 5725 2684 5771 et
2728 5716 2844 5771 sedi
2895 5730 3018 5770 cum
3066 5730 3155 5780 eo,
3201 5731 3438 5784 parcens
3473 5721 3522 5774 ei
3556 5710 3743 5775 nihilqut

2203 5809 2411 5877 dicens,
2439 5810 2600 5866 etiam
2646 5828 2752 5868 non
2790 5809 3080 5880 displicere
3107 5809 3252 5881 quod
3294 5812 3492 5882 agebat
3517 5808 3740 5868 simulam

3827 4859 3829 4897 l
