3836 6320
144 316 268 381 13Ἱῦ

1340 300 1677 375 EPISTOLA
1710 308 1802 367 an
1839 308 2183 370 sanans.

3258 313 3396 373 ιδιι

142 436 375 497 timebam
414 435 554 492 enim
592 449 660 491 ne
700 433 841 490 forte
871 432 1053 490 verbis
1093 434 1333 501 meisysi
1373 431 1582 505 aliquid
1611 431 1710 487 du-
1735 429 1787 489 Α
1813 427 2039 483 excitari
2067 427 2265 485 fratres
2294 430 2386 501 qui
2415 429 2870 497 dormiebant,ut
2894 427 3171 497 venirent;
3196 432 3395 502 quibus

138 533 238 587 tius
272 528 537 598 loquerer,
575 526 822 582 turbatus
855 525 1162 597 passionem
1197 524 1417 583 solitam
1458 525 1704 581 incurre-

138 631 228 687 ret,
251 620 387 675 unde
407 632 504 691 ego
531 630 673 690 sepe
703 616 871 673 etiam
908 616 1257 673 dissimulans
1284 614 1539 686 iocabar,
1565 626 1704 670 cono

137 713 358 785 gaudens
385 710 606 767 omnino
632 709 852 766 sanitati
884 708 1000 777 eius
1038 716 1093 764 et
1133 707 1329 779 quieti.
1370 707 1505 764 Cum
1536 706 1706 777 igitur

136 807 358 862 sederem
387 816 507 860 cum
545 817 631 871 eo,
676 802 753 857 ait
787 819 801 856 :
837 820 856 855 ι
893 801 1064 857 Nocte
1103 801 1209 857 ista
1257 798 1534 871 praeterita
1576 801 1703 855 dor-

136 894 313 962 tuiens,
340 894 487 950 visus
524 908 643 948 sum
697 891 828 947 mihi
873 890 1079 961 indicio
1117 889 1306 947 divino
1341 889 1700 961 praesentari;

135 992 211 1045 ubi
242 1004 358 1046 cum
401 989 737 1053 assisterem,
776 985 1107 1043 conscientia
1140 992 1447 1056 torquente,
1479 996 1702 1038 accusa-

134 1084 239 1151 liar,
264 1081 507 1137 adductis
533 1096 720 1138 coram
752 1094 837 1135 me
868 1078 1075 1145 multis,
1101 1093 1221 1152 quae
1254 1076 1516 1143 feceram,
1542 1076 1702 1134 malis

135 1192 237 1249 qua:
260 1175 541 1230 horrebam
568 1172 876 1246 pcenaliter,
901 1173 1233 1228 erubeScens
1263 1171 1513 1243 amplius,
1536 1185 1699 1240 quant

134 1285 258 1324 nunc
285 1267 608 1338 cogitatione
637 1264 1116 1345 comprehendam.
1150 1282 1168 1316 ι
1202 1262 1316 1319 Hoc
1344 1250 1445 1335 ego
1473 1262 1701 1318 audiens

133 1369 179 1417 ct
207 1360 254 1415 in
283 1374 342 1413 eo
375 1357 510 1412 nihil
558 1357 771 1412 timoris
807 1356 1048 1427 nihilque
1087 1356 1359 1428 aspiciens
1390 1354 1696 1433 gravitatis,

134 1451 306 1506 tacitus
339 1448 503 1514 dolui,
536 1457 589 1503 et
620 1447 892 1504 inclinatis
933 1447 1108 1504 oculis
1144 1446 1448 1518 cogitabam
1481 1455 1699 1516 quantae

130 1542 320 1597 duritiae
349 1550 494 1597 esset
515 1541 700 1608 homo,
725 1541 814 1611 qui
842 1554 942 1596 nec
970 1539 1152 1594 divino
1171 1538 1377 1611 iudicio
1401 1537 1700 1611 exterritus

131 1632 434 1695 terrebatur.

190 1722 491 1780 Transactis
538 1724 757 1780 tandem
822 1722 879 1779 in
927 1724 1030 1779 hac
1087 1723 1360 1795 passionis
1415 1724 1597 1779 euntis
1644 1731 1701 1779 et

131 1817 382 1874 redeuntis
422 1818 789 1881 alternatione
845 1817 1037 1889 viginti
1104 1825 1159 1872 et
1207 1825 1416 1887 septem
1481 1816 1693 1883 diebus,

130 1907 364 1963 vicesimo
390 1918 585 1963 octavo
617 1924 739 1985 ego,
782 1908 872 1980 qui
906 1924 1028 1963 eum
1058 1908 1262 1978 absque
1292 1907 1697 1963 intermissione

130 1996 175 2051 in
204 1997 509 2053 memoriam
534 1998 810 2070 gerebam,
835 2008 958 2069 post
996 2012 1208 2053 etenam
1246 1997 1477 2053 fratrum
1517 1998 1696 2054 locum

124 2089 417 2171 ingrediens
466 2091 583 2147 sedi
629 2090 786 2172 iuxta
825 2074 1116 2157 cortinam,
1162 2107 1283 2172 qua:
1329 2102 1456 2147 ante
1494 2091 1696 2148 lectum

128 2180 290 2237 fratris
318 2190 464 2236 tensa
502 2183 792 2253 pendebat.
831 2183 1075 2254 Cumque
1102 2184 1190 2239 diu
1219 2184 1489 2249 sederem,
1519 2194 1575 2239 et
1607 2181 1699 2239 ille

125 2273 171 2327 in
198 2273 325 2328 lecto
355 2271 588 2343 iaceret,
621 2275 861 2346 mirabar
882 2276 1026 2346 quod
1054 2290 1159 2331 non
1197 2274 1536 2346 loqueretur;
1566 2290 1698 2346 ape-

124 2364 253 2419 riens
278 2379 403 2420 vero
427 2366 697 2421 cortinam
727 2365 939 2437 aspexi,
963 2376 1018 2421 et
1045 2380 1175 2421 ecce
1196 2365 1417 2435 iacebat
1444 2366 1694 2437 supinus,

124 2453 301 2519 clausis
340 2454 555 2523 oculis,
607 2465 869 2528 tanquam
908 2457 1206 2513 dormiens.
1260 2456 1506 2528 Cumque
1552 2456 1701 2528 aspi-

122 2546 255 2611 ciens
294 2548 625 2615 htesitarem,
672 2548 928 2604 dubitans
958 2558 1142 2605 utrum
1187 2564 1378 2606 somno
1409 2566 1479 2614 an
1510 2550 1697 2606 morbo

125 2649 396 2711 teneretur,
428 2641 739 2702 nullatenus
768 2643 935 2709 enim,
969 2643 1111 2699 sicut
1145 2644 1354 2715 pridem
1397 2644 1696 2701 accedente

122 2732 349 2798 passione
393 2732 627 2800 solebat,
677 2735 1022 2801 movebatur,
1057 2734 1260 2791 accessi
1318 2736 1569 2807 propius,
1642 2745 1699 2792 et

120 2833 263 2894 caput
286 2824 398 2895 eius
426 2827 665 2899 agitans,
686 2827 1037 2898 clamansque
1057 2842 1181 2883 eum
1210 2830 1429 2886 nomine
1451 2832 1693 2901 proprio,

122 2932 227 2985 cum
256 2934 357 2975 non
384 2921 775 2992 respondisset,
805 2935 904 2976 nec
932 2920 1118 2978 oculos
1147 2923 1476 2993 aperuisset,
1502 2923 1697 2994 depre-

120 3010 262 3068 hendi
304 3016 612 3085 passionem
667 3015 984 3082 accessisse,
1039 3027 1094 3072 et
1159 3017 1471 3088 exspectavi
1525 3021 1696 3074 donec

1809 519 1952 575 illica
1980 520 2356 592 introgressis,
2383 521 2745 591 psallebamus
2778 533 2969 577 omnes
3005 524 3197 578 eadem
3221 524 3392 582 inten-

1808 611 1957 667 tione
1979 621 2285 681 precantes,
2321 623 2380 667 ιιι
2409 612 2564 669 fratri
2593 621 2801 681 nostro,
2828 612 2919 683 qui
2954 622 3075 669 erat
3102 615 3244 671 sicut
3272 631 3391 687 nos,

1804 704 1982 776 pietas
2006 705 2189 760 divina
2218 706 2552 763 subveniret.
2576 705 2716 761 S‘um
2749 706 2929 762 subito
2953 705 3061 773 ille,
3087 709 3395 767 videntibus

1803 795 1965 853 nobis
1998 797 2277 867 omnibus,
2303 799 2563 857 claudens
2585 816 2737 859 more
2763 818 2864 860 suo
2897 805 3085 862 oculos
3107 805 3392 872 abscessit,

1803 884 1993 956 sicque
2024 885 2420 958 aliquantulum
2444 890 2635 961 iacens
2666 893 2844 961 rediit,
2876 896 3189 967 apertisque
3219 897 3394 952 oculis

1804 993 1892 1033 me
1941 979 2182 1046 intuens,
2231 983 2327 1052 qui
2388 997 2607 1055 semper
2661 986 2823 1042 faciei
2884 989 3001 1058 eius
3046 990 3391 1056 assistebant,

1803 1070 1981 1127 dixit:
2028 1090 2048 1125 σ
2083 1073 2254 1129 Dicite
2275 1073 2520 1132 dominis
2556 1078 2677 1133 istis
2723 1088 2782 1132 ut
2830 1081 3033 1137 vadant
3082 1091 3138 1137 et
3179 1084 3393 1154 requie-

1801 1171 1975 1230 scant,
2000 1165 2127 1235 quia
2166 1180 2268 1237 ego
2299 1167 2392 1222 Dei
2430 1169 2606 1240 gratia
2630 1168 2769 1240 liber
2792 1184 2911 1226 sum
2938 1180 2994 1225 et
3017 1171 3297 1229 absolutus
3323 1174 3392 1231 ab

1802 1257 1905 1313 hac
1950 1259 2223 1330 passione,
2272 1260 2409 1317 nihil
2452 1279 2715 1334 passurus
2776 1283 2952 1338 usque
2991 1267 3043 1322 in
3091 1266 3236 1322 diem
3286 1275 3391 1321 ter-

1802 1350 1957 1406 tium.
1982 1370 2002 1400 ι
2032 1352 2076 1407 Α
2103 1368 2211 1425 quo
2252 1368 2378 1411 eum
2426 1358 2795 1428 quaesivissem
2818 1360 3048 1430 qualiter
3072 1362 3177 1418 hoc
3203 1360 3392 1426 sciret,

1801 1442 2132 1513 respondit:
2179 1462 2198 1496 ι
2236 1443 2434 1501 Audivi
2474 1463 2663 1506 vocem
2704 1452 2984 1520 qute'mihi
3013 1451 3220 1509 diceret
3252 1471 3268 1507 :
3298 1453 3393 1508 Dic

1798 1534 1976 1590 servis
1998 1534 2095 1591 Dei
2121 1536 2214 1607 qui
2238 1536 2382 1593 circa
2410 1547 2465 1594 te
2492 1541 2929 1607 sunt,utvadant
2947 1552 3002 1599 et
3024 1543 3390 1614 requiescant,

1800 1625 1931 1697 quia
1963 1641 2137 1697 usque
2168 1627 2225 1685 in
2267 1628 2489 1686 tertium
2523 1632 2668 1687 diem
2700 1632 2835 1689 nihil
2875 1634 3035 1706 huius
3063 1636 3239 1692 morbi
3268 1650 3392 1706 pas.

1801 1733 1964 1774 surus
1983 1732 2066 1775 es.
2101 1738 2123 1773 ι
2156 1718 2354 1777 Certus
2383 1721 2549 1792 igitur
2574 1722 2771 1793 factas,
2796 1723 2936 1795 iussi
2982 1734 3043 1781 ut
3071 1726 3392 1783 recederent

1799 1809 1892 1882 qui
1915 1819 2200 1879 venerant,
2231 1821 2287 1870 et
2312 1814 2588 1871 abierunt.

1871 1900 1971 1959 His
2000 1902 2188 1974 itaque
2216 1903 2378 1963 dictis
2408 1914 2464 1961 et
2504 1906 2667 1973 actis,
2698 1905 2876 1964 factus
2900 1917 2983 1964 est
3010 1922 3175 1963 sanus
3196 1907 3387 1976 frater,

1799 1993 1884 2050 sic
1919 2008 2253 2065 permanens
2284 2004 2395 2051 tota
2435 1996 2530 2052 illa
2571 1996 2683 2064 die,
2708 2008 2868 2053 nocte
2901 2006 2956 2052 et
2988 1997 3076 2052 die
3116 1996 3387 2068 sequenti,

1800 2100 1974 2159 usque
2020 2085 2076 2142 in
2123 2086 2233 2144 diei
2272 2088 2450 2146 tertiae
2490 2104 2695 2148 nonam
2741 2090 2831 2147 vel
2866 2090 3135 2147 decimam
3174 2091 3386 2147 horam.

1800 2182 2000 2241 Mansit
2054 2198 2189 2241 vero
2245 2182 2468 2241 timidus
2515 2184 2695 2251 valde,
2741 2195 2798 2239 et
2842 2184 3058 2239 frenata
3096 2184 3387 2240 admodum

1800 2277 2029 2349 pristina
2056 2278 2294 2342 levitate,
2340 2293 2463 2334 cum
2508 2293 2749 2335 maerore
2773 2277 2925 2351 gravi
2953 2278 3386 2350 praestolabatur,

1798 2370 1930 2440 quid
1969 2386 2135 2442 super
2170 2387 2238 2429 eo
2274 2372 2392 2429 fieri
2425 2371 2583 2429 vellet
2612 2373 2774 2429 Deus.
2810 2371 2933 2429 Adii
2962 2380 3142 2426 autem
3182 2387 3306 2441 eum
3334 2379 3392 2427 et

1800 2463 2062 2519 accersiri
2094 2463 2297 2528 verbis,
2331 2477 2532 2536 rogans
2561 2474 2619 2519 ut
2664 2464 2732 2520 ad
2771 2478 2869 2520 cor
2905 2478 3064 2519 suum
3096 2462 3299 2519 rediret
3335 2472 3392 2517 et

1798 2562 2120 2626 agnosceret
2158 2554 2288 2625 quid
2329 2552 2517 2621 fuerit,
2549 2556 3016 2625 contitereturqne
3057 2553 3241 2609 omnia
3266 2567 3393 2624 pec»

1799 2657 1925 2703 cata
1963 2661 2083 2712 sua,
2108 2656 2164 2702 et
2187 2646 2275 2702 illa
2303 2647 2563 2713 maxime,
2585 2647 2787 2719 quibus
2822 2656 3077 2718 tanquam
3104 2646 3392 2702 tormentis

1799 2739 2132 2795 conscientia
2177 2753 2303 2795 eum
2336 2739 2391 2794 in
2432 2739 2617 2805 divino
2646 2739 2875 2811 iudicio,
2906 2739 3049 2796 sicut
3086 2738 3140 2793 in
3185 2736 3393 2795 somnis

1799 2838 1976 2893 visum
2026 2845 2111 2892 est
2148 2836 2275 2902 sibi,
2326 2837 2705 2903 cruciaverat;
2750 2835 2892 2906 quod
2940 2836 3030 2892 ille
3070 2835 3298 2890 audiens
3337 2841 3393 2889 et

1801 2944 2073 2995 annuens,
2098 2928 2245 2985 illico
2269 2928 2536 2985 conﬁtens
2556 2928 2803 2999 exposuit
2829 2928 2961 2985 mihi
2984 2940 3203 2984 omnem
3226 2928 3392 2983 vitam

1801 3038 1956 3078 suam
1984 3022 2342 3094 praeteritam,
2364 3031 2629 3093 quantum
2651 3021 2928 3078 recordari
2956 3023 3149 3093 potuit,
3172 3020 3393 3092 planctu

121 3107 404 3175 recederet;
429 3123 552 3179 quae
582 3124 701 3164 cum
734 3107 1064 3172 recessisset,
1103 3109 1315 3178 aperuit
1350 3108 1442 3163 ille
1484 3108 1693 3176 oculos,
1721 3137 1770 3203 ϐ
1799 3128 1908 3184 quo
1967 3113 2156 3177 valuit,
2208 3128 2606 3185 assumensque
2663 3112 2952 3169 consilium
3003 3132 3033 3169 a
3090 3128 3198 3177 me,
3245 3112 3392 3183 quod

117 3202 167 3266 et
204 3199 436 3255 extensis
491 3199 784 3270 poplitibus
858 3199 1135 3271 planctum
1200 3199 1435 3256 flebilem
1488 3202 1692 3267 emisit,

120 3288 285 3345 dicens
308 3306 365 3347 se
395 3291 560 3347 nimis
591 3291 889 3359 laborasse,
921 3302 977 3348 et
1008 3292 1405 3349 lacessentibus
1435 3293 1698 3351 membris

119 3381 335 3452 fatigari,
358 3384 548 3455 sicque
571 3392 657 3439 ter
679 3384 869 3454 eadem
904 3386 1281 3441 horamecum
1314 3399 1381 3441 eo
1417 3385 1693 3455 loquente,

132 3473 404 3540 accedente
440 3474 694 3545 passione
728 3473 827 3527 ivit
852 3483 909 3529 et
950 3475 1128 3530 rediit.
1151 3474 1395 3546 Cumque
1419 3490 1519 3546 ego
1542 3475 1696 3532 valde

119 3563 356 3633 dolerem,
398 3554 555 3622 tanta
590 3568 922 3625 contritione
954 3569 1147 3623 videns
1186 3568 1411 3623 fratrem
1442 3578 1497 3624 et
1526 3569 1693 3624 tilium

118 3672 278 3712 nicum
305 3658 574 3723 laborare,
607 3674 706 3730 pro
744 3675 853 3737 quo
882 3660 1122 3716 animam
1156 3675 1438 3731 ponerem,
1473 3662 1517 3718 si
1572 3677 1701 3734 pos-

120 3764 251 3816 sem,
277 3766 376 3807 nec
418 3751 657 3808 valerem
703 3750 1044 3819 suecurrere,
1077 3753 1441 3824 ingemiscens
1482 3754 1696 3810 interno

118 3844 350 3913 suspirio,
375 3844 515 3900 dixit
540 3845 671 3901 mihi
704 3863 718 3902 :
748 3862 767 3897 ι
787 3845 970 3913 Pater,
997 3846 1183 3915 Pater,
1210 3861 1375 3925 quam
1402 3846 1694 3918 pessimam

121 3948 320 4016 noctem
359 3938 562 3995 ducere
597 3953 684 3995 me
726 3947 945 4011 oportet
979 3940 1144 4006 hanc,
1192 3956 1314 4012 qua:
1350 3940 1639 3995 imminet!
1669 3959 1689 3996 ›

118 4027 236 4084 Cum
267 4047 543 4103 rogassem
584 4040 643 4086 ιιι
685 4026 896 4088 diceret
934 4033 1063 4103 quid
1112 4034 1346 4101 timeret,
1381 4041 1436 4089 et
1462 4032 1697 4106 qualiter

117 4117 205 4174 hoc
239 4121 418 4185 sciret,
449 4120 648 4190 adiecit
681 4139 696 4177 :
742 4141 760 4175 ι
801 4121 1000 4178 Vocem
1046 4123 1227 4178 audivi
1269 4133 1564 4179 terrentem
1610 4136 1695 4177 me

118 4210 264 4267 nimis
299 4228 363 4269 ac
413 4214 683 4268 dicentem
717 4212 909 4284 :Roga
937 4214 1172 4285 priorem
1203 4223 1353 4269 tuum
1396 4213 1692 4268 Robertum

117 4310 164 4362 et
204 4303 395 4361 fratres
435 4316 559 4361 tuos
593 4314 842 4374 caeteros,
887 4317 945 4361 ut
983 4315 1140 4361 orent
1176 4321 1278 4377 pro
1315 4314 1387 4373 te,
1432 4306 1558 4377 quia
1590 4306 1692 4361 nisi

116 4392 281 4450 divina
306 4397 480 4468 pictas
508 4399 845 4475 subvenerit,»
863 4398 1156 4470 pessimam
1190 4407 1403 4456 noctem
1426 4413 1695 4471 passurus

1800 3206 1995 3262 melius
2027 3207 2229 3261 inveni.
2274 3205 2373 3261 Die
2419 3205 2602 3274 tertia,
2643 3220 2765 3276 quas
2810 3205 3081 3261 minarum
3109 3202 3228 3258 dies
3251 3212 3393 3268 erat,

1799 3311 1887 3351 me
1912 3295 2229 3351 consulente
2259 3303 2312 3349 ct
2347 3305 2621 3359 monente,
2651 3309 2811 3350 mane
2838 3294 2891 3349 in
2917 3293 3238 3357 oratorium,
3267 3307 3390 3347 cum

1799 3395 1857 3441 ct
1885 3401 1985 3455 ego
2022 3400 2205 3441 secum
2246 3385 2407 3450 irem,
2450 3384 2713 3454 perrexit,
2749 3384 3120 3454 fratribusqne
3163 3384 3392 3454 primam

1797 3475 2148 3547 psalmosque
2175 3482 2469 3545 sequentes
2499 3484 2556 3531 et
2586 3474 2809 3530 missam
2836 3472 3234 3538 matutinalem,
3271 3488 3393 3542 qua:

1796 3567 1962 3624 etiam
1991 3582 2056 3622 ex
2088 3566 2243 3636 iussu
2284 3575 2478 3622 nostro
2516 3580 2618 3638 pro
2657 3565 2902 3637 peccatis
2931 3564 3076 3619 illius
3112 3563 3391 3619 celebran-

1799 3660 1965 3725 tibus,
2004 3659 2094 3715 ille
2134 3670 2290 3714 extra
2323 3658 2554 3715 chorum
2591 3658 2810 3725 sedens,
2848 3656 2908 3712 in
2950 3656 3392 3712 meditationibus

1796 3759 1854 3807 et
1880 3749 2138 3821 lacrymis,
2158 3749 2567 3821 perseverabat.
2589 3747 2701 3806 Nos
2720 3764 2851 3805 vero
2873 3748 3042 3804 finitis
3064 3764 3185 3820 qua?
3202 3746 3394 3802 finien-

1797 3843 1864 3897 da
1892 3851 2072 3908 erant,
2106 3842 2237 3897 hora
2277 3841 2368 3898 illa
2411 3841 2716 3914 capitulum
2755 3840 3075 3913 introgressi
3127 3841 3389 3905 sedimus,

1796 3944 1851 3988 ct
1876 3944 2001 4005 post
2030 3933 2168 3988 alias
2197 3933 2711 4000 sermocinationes,
2742 3948 2864 4003 qua:
2886 3932 3210 3990 necessaria:
3238 3932 3389 3987 vide-

1795 4028 2016 4094 bantur,
2066 4029 2135 4082 de
2180 4026 2272 4082 illo
2313 4027 2647 4084 mentionem
2686 4026 2986 4091 introdusi,
3033 4025 3392 4093 omnibusque

1795 4120 2166 4175 annitentibus
2206 4129 2433 4175 vocatus
2460 4129 2547 4175 est
2587 4118 2640 4173 in
2684 4118 3006 4188 capitulum,
3049 4116 3152 4172 hoc
3184 4115 3328 4169 enim
3359 4130 3390 4168 a

1764 4240 1767 4243 λ
1796 4228 1884 4268 me
1918 4214 2168 4285 petierat,
2195 4228 2280 4268 me
2310 4221 2486 4268 tamen
2510 4212 2664 4284 prius
2686 4212 3002 4268 consulente
3032 4221 3086 4266 et
3115 4220 3389 4276 monente,

1794 4306 2172 4376 sequebatur;
2214 4305 2414 4376 quippe
2443 4303 2556 4373 iam
2596 4303 2827 4359 multum
2862 4303 3104 4358 domitus
3144 4300 3391 4356 volunta-

1798 4407 1903 4453 tem
1943 4413 2119 4453 meam
2155 4413 2221 4453 ex
2265 4406 2379 4453 toto
2430 4398 2483 4453 in
2535 4395 2955 4467 quibuscunque
3008 4402 3243 4465 poterat.
3299 4393 3387 4449 lu-

116 4501 169 4541 es
193 4488 368 4548 istam.
394 4491 551 4547 Nunc
576 4506 733 4575 ergo,
756 4491 969 4558 Patres,
1002 4492 1312 4548 succurrite
1339 4502 1395 4548 ct
1415 4501 1570 4549 orate
1596 4507 1694 4562 pro
1728 4516 1772 4572 ι)
1797 4505 2017 4562 gressus
2045 4490 2209 4561 igitur
2224 4490 2590 4561 prosternitur
2612 4498 2726 4544 toto
2751 4502 2984 4558 corpore
3003 4502 3187 4543 coram
3210 4486 3388 4551 nobis,

115 4592 213 4644 me,
241 4581 364 4650 quia
409 4580 564 4637 valde
613 4581 775 4637 timeo
832 4583 1118 4639 attendens
1170 4584 1335 4639 verba
1371 4598 1493 4655 qua:
1538 4584 1684 4639 dicta

116 4680 231 4727 sunt
251 4674 401 4729 mihi.
428 4694 448 4728 ι
483 4673 564 4730 hic
588 4676 772 4746 itaque
801 4676 1172 4747 praecipiente,
1193 4675 1480 4732 confestim
1508 4678 1690 4734 vocati

115 4773 228 4820 sunt
255 4765 453 4826 fratres
476 4778 731 4843 quatuor,
756 4784 893 4839 quos
916 4784 1017 4841 ego
1048 4769 1360 4824 nominibus
1389 4769 1690 4840 designavi,

118 4859 372 4933 allatoque
411 4880 533 4920 cum
576 4881 739 4922 cruce
768 4875 823 4921 ct
858 4866 1203 4921 candelabris
1236 4867 1441 4923 Christi
1479 4868 1690 4923 Domini

117 4955 273 5009 nostri
303 4965 659 5011 sacrosancto
689 4972 941 5028 corpore,
972 4972 1058 5015 me
1082 4958 1426 5021 exhortante,
1452 4958 1694 5029 prtermis-

115 5056 271 5113 saqtte
309 5047 681 5115 confessione,
734 5048 980 5118 corporis
1040 5048 1187 5113 sacri
1242 5049 1687 5105 communionem

113 5139 348 5206 stuupsit,
396 5138 681 5211 factusque
725 5118 971 5196 securior
1017 5140 1253 5212 iacebat,
1294 5141 1453 5197 nobis
1501 5156 1687 5197 coram

113 5227 412 5287 sedentibus
450 5242 505 5288 et
556 5232 999 5305 exspectantibus
1044 5233 1252 5303 pariter
1294 5233 1550 5290 omnibus
1596 5243 1691 5289 aut

113 5320 326 5387 gratiam
366 5331 458 5377 aut
519 5318 781 5392 indicium
834 5324 952 5391 Dei,
1006 5324 1133 5395 quia
1198 5324 1382 5380 omnia
1430 5341 1688 5396 qumcun-

111 5424 207 5478 que
230 5414 339 5469 vult
364 5404 557 5486 potest.
589 5416 653 5471 Et
679 5416 929 5487 eccejam
956 5415 1101 5471 facta‘
1135 5425 1296 5472 nocte
1320 5424 1376 5473 et
1407 5420 1689 5487 quiescen-

114 5502 247 5559 tibus
275 5496 553 5577 fratribus,
584 5510 825 5580 exceptis
857 5509 923 5564 iis
956 5508 1046 5579 qui
1081 5523 1293 5564 mecum
1320 5518 1498 5576 erant,
1533 5524 1688 5566 acce-

112 5594 262 5652 dente
305 5599 576 5669 passione,
622 5600 757 5656 abiit
806 5617 835 5656 a
879 5601 1058 5667 nobis,
1104 5600 1254 5657 sicut
1305 5613 1683 5669 consueverat,

113 5685 356 5745 claudens
405 5692 611 5761 oculos,
651 5700 707 5747 et
738 5694 929 5762 iacens
978 5692 1259 5749 immotus.
1297 5691 1684 5763 Cumquenos

113 5776 472 5852 pmileromus,
533 5793 583 5839 et
634 5784 748 5856 ipse
798 5785 992 5856 saepius
1043 5784 1148 5842 iret
1190 5791 1245 5840 et
1296 5782 1515 5851 rediret,
1544 5782 1679 5854 iussi

1804 4584 1972 4639 tantis
2018 4584 2277 4656 lacrymis
2320 4584 2538 4655 plenus,
2579 4592 2730 4638 tanto
2761 4582 2908 4638 luctu
2956 4582 3160 4638 fractus
3200 4590 3259 4636 ut
3305 4596 3393 4635 me

1797 4692 1862 4735 ex
1915 4678 2023 4733 into
2070 4680 2240 4733 corde
2282 4686 2624 4746 concuteret,
2666 4685 2927 4747 tantoque
2964 4677 3152 4732 dolore
3199 4683 3257 4730 ut
3301 4674 3388 4727 vix

1796 4771 1946 4842 loqui
1980 4772 2049 4826 ad
2082 4771 2247 4828 verba
2281 4771 2429 4827 illius
2455 4770 2713 4835 valerem,
2735 4770 2898 4826 misto
2919 4769 3115 4843 gaudio
3141 4770 3387 4840 agitaret.

1794 4864 2109 4920 Gaudebam
2149 4864 2293 4919 enim
2330 4866 2708 4931 vehementer,
2747 4864 2891 4937 quod
2929 4873 3038 4919 tam
3071 4866 3390 4931 superbum,

1798 4966 1907 5011 tam
1940 4957 2225 5024 lascivum,
2255 4966 2364 5013 tam
2388 4959 2726 5030 pertinacem
2750 4958 2805 5014 in
2829 4957 2979 5012 omni
3009 4953 3390 5010 adolescentia

1795 5052 2053 5117 vanitate,
2079 5052 2241 5108 modo
2282 5061 2643 5123 prostratum,
2673 5060 2784 5106 tam
2816 5048 3096 5111 humilem,
3128 5055 3237 5100 tam
3271 5060 3391 5101 mo-

1794 5144 2029 5209 destum,
2060 5152 2169 5199 tam
2203 5159 2528 5201 conversum
2554 5144 2623 5198 ad
2645 5156 2863 5198 omnem
2893 5137 3227 5211 paenitentia:
3256 5154 3384 5208 gra-

1792 5234 2017 5291 vitatem
2049 5235 2319 5292 videbam.
2357 5235 2614 5292 Surrexit
2640 5234 2825 5306 igitur,
2857 5246 2946 5288 me
2971 5230 3216 5300 iubente,
3247 5238 3305 5285 et
3332 5229 3385 5284 in

1790 5325 1978 5380 eodem
2031 5325 2180 5381 luctu
2231 5327 2549 5397 persistens,
2592 5326 2731 5381 adeo
2781 5333 2842 5379 ut
2891 5323 2983 5378 vix
3042 5322 3383 5392 loqueretur,

1790 5420 2040 5490 qtrtesivit
2075 5435 2107 5475 a
2138 5421 2294 5476 nobis
2322 5430 2379 5477 ut
2404 5435 2571 5490 super
2591 5434 2657 5475 eo
2692 5426 2748 5474 et
2791 5433 2957 5488 super
2984 5414 3224 5488 peccatis
3248 5415 3382 5480 suis,

1790 5527 1910 5583 quae
1933 5512 2086 5568 valde
2113 5513 2349 5583 plurima
2380 5528 2440 5569 se
2469 5511 2664 5567 fecisse
2690 5510 3073 5583 cognoscebat,
3088 5516 3144 5563 et
3164 5506 3384 5577 quibus,

1789 5607 1930 5661 ultra
1975 5621 2138 5676 quam
2184 5614 2511 5677 putaverat,
2561 5603 2922 5677 gravabatur,
2967 5599 3385 5673 praeciperemus

1787 5699 1932 5771 quod
1969 5698 2228 5769 placeret.
2282 5697 2427 5768 Ergo
2467 5696 2718 5770 respondi
2763 5710 2868 5768 ego
2899 5710 2998 5766 pro
3028 5693 3281 5750 omnibus
3326 5700 3385 5746 ut

1790 5794 1961 5866 potui,
1992 5806 2169 5865 neque
2206 5790 2353 5848 enim
2404 5790 2479 5848 ad
2513 5788 2811 5864 perfectura
2847 5788 3027 5847 cordis
3059 5786 3290 5860 gemitus
3323 5790 3379 5836 ct
