3836 6320
471 300 646 370 ⁷ιδιδ

1622 315 1924 384 ιιοιιΕιιΤι
1947 309 2247 372 ABBATIS
2269 313 2327 369 S.
2368 312 2638 397 VlGOlllS

3593 326 3686 391 ιδις

502 428 760 499 laerynta:
803 428 1116 489 deftluentes
1150 432 1471 502 exprimere
1510 428 1899 503 perinittebant
1943 435 2088 506 quod
2119 413 2166 472 Α
2196 432 2549 489 mirantibus.
2572 432 2949 492 Psallcbamus
2972 437 3140 510 igitur
3160 446 3413 507 quantum
3430 450 3689 509 poteramus,

504 521 771 577 volebam.
814 521 1064 593 Suscepit
1102 524 1284 595 itaque
1326 538 1358 587 a
1398 525 1592 592 fratre,
1632 529 1721 584 cui
1757 537 2086 600 praeceptum

505 624 610 680 est,
643 624 838 672 exutus
875 618 1127 673 staminio
1162 617 1425 689 judicium
1458 619 1735 691 virgarum
1767 637 1890 677 eum
1938 629 2089 677 tanta

504 708 834 775 humilitate,
860 710 1003 765 sicut
1033 712 1163 767 mihi
1198 721 1385 781 postea
1418 715 1672 786 privatim
1703 717 1772 772 ab
1798 731 1863 773 eo
1883 717 2089 773 dictum

503 802 635 865 est,!
656 809 716 855 ut
758 818 950 871 parum
984 802 1095 861 sibi
1143 803 1439 875 videretur,
1471 807 1614 876 quod
1657 808 2086 878 percutiebatur.

501 890 932 964 l‘rtecepi-igitnr
960 895 1241 963 fratribus,
1272 898 1364 966 qui
1417 913 1515 969 per
1550 901 1731 955 omnia
1777 900 2091 958 obedientes

504 995 679 1049 erant,
711 996 769 1041 ut
800 986 888 1040 illa
920 987 1005 1042 die
1020 986 1330 1056 jejunantes
1367 998 1421 1044 et
1459 989 1858 1063 pulmentorum
1896 1001 2083 1049 cocto.

503 1093 625 1133 rum
648 1080 994 1149 perceptione
1021 1081 1236 1150 penitus
1259 1082 1618 1139 abstinerent.
1636 1083 1931 1143 Prandium
1960 1098 2090 1144 vero

503 1179 767 1235 vestrum,
794 1171 1037 1241 inquam,
1073 1187 1139 1229 ex
1170 1180 1283 1228 toto
1308 1188 1431 1245 ego,
1469 1184 1527 1229 ut
1560 1174 1780 1231 solitum
1802 1185 1908 1242 est,
1936 1176 2091 1237 vobis

503 1260 687 1329 parari
732 1260 951 1327 faciam,
975 1264 1118 1330 quod
1149 1246 1261 1331 pro
1300 1264 1455 1335 vobis
1480 1280 1755 1335 pauperes
1800 1268 1855 1323 in
1898 1268 2090 1343 eadem

503 1352 664 1405 domo
706 1352 990 1408 refectoria
1039 1370 1145 1408 una
1196 1356 1331 1410 hora
1376 1366 1506 1413 ante
1546 1373 1642 1421 vos
1683 1359 2090 1423 discumbentes

500 1444 808 1509 comedaut,
841 1454 898 1499 ut
923 1445 975 1499 in
999 1446 1253 1505 omnibus
1292 1463 1415 1518 quae
1443 1464 1752 1519 possumus,
1783 1462 1837 1508 et
1868 1450 2090 1523 jejuniis

502 1545 557 1591 et
585 1537 923 1607 orationibus
959 1549 1014 1595 et
1050 1540 1411 1612 eleemosyuis
1454 1541 1613 1604 fratri
1667 1545 1721 1603 itt
1766 1548 2090 1607 necessitate

500 1636 651 1682 tanta
679 1630 854 1698 posito
882 1645 1286 1691 succurramus.
1994 1698 1997 1699 ν

573 1719 779 1786 Quibus
801 1724 1051 1781 omnibus
1095 1727 1389 1794 concessis,
1422 1729 1711 1800 petitisque
1753 1731 2089 1789 orationibus

504 1827 532 1865 a
561 1814 747 1878 fratre,
780 1814 869 1883 qui
900 1831 1082 1870 coram
1105 1821 1316 1873 astabat
1344 1818 1482 1879 flens
1512 1821 1747 1889 ubertim
1776 1832 1829 1879 et
1856 1825 2095 1897 graviter

501 1905 806 1974 suspirans,
844 1917 897 1960 et
927 1910 1222 1977 praemissis
1251 1922 1281 1965 a
1306 1912 1463 1968 nobis
1488 1914 1578 1983 qui
1621 1914 1974 1983 sedebamus,
2003 1917 2092 1971 vix

500 1998 660 2054 ﬂetus
702 2010 761 2055 ιιι
816 2000 1165 2070 loqueremur
1198 2004 1659 2076 interrumpentes
1682 2048 1699 2073 ,
1720 2009 2092 2079 surreximus,

494 2104 694 2149 euntes
715 2110 837 2148 cum
871 2096 1200 2165 psalmorum
1223 2106 1431 2169 septem
1462 2099 1849 2158 decantatiouej
1870 2104 1923 2158 itt
1963 2118 2092 2159 ora-

505 2186 728 2250 torium,
763 2188 851 2242 ubi
903 2191 1159 2257 prostrati
1202 2190 1494 2260 jacuimus,
1549 2193 1896 2257 doneefiniti
1945 2206 2092 2253 sunt.

502 2278 633 2333 Post
666 2294 785 2349 quae
804 2281 984 2336 omnia
1030 2284 1372 2353 prmcepi‘ntti
1403 2299 1467 2341 ex
1491 2284 1750 2343 fratribus
1767 2295 1825 2347 ut
1871 2288 2092 2355 missam

503 2385 600 2437 pro
630 2372 867 2439 peccatis
886 2372 1037 2431 illius
1066 2375 1497 2443 stutiutdiceret,
1524 2394 1688 2449 quam
1715 2366 1930 2457 audiret
1952 2382 2089 2450 ipse,

501 2471 556 2516 et
583 2474 922 2519 sacramenta
952 2469 1196 2536 corporis
1226 2479 1280 2524 et
1318 2472 1600 2543 sanguinis
1656 2471 1860 2528 Christi
1913 2475 2091 2545 perci-

502 2564 674 2624 peret.
707 2556 885 2613 Factis
910 2559 1068 2629 igitur
1092 2564 1344 2619 omnibus
1372 2580 1491 2635 qua:
1516 2564 1656 2621 dicta
1680 2575 1826 2631 sunt,
1846 2568 2093 2638 datisque

501 2650 833 2718 pauperibus
883 2652 1103 2709 refectis
1146 2657 1514 2728 persingulos
1550 2658 1777 2728 singulis
1827 2660 2091 2726 denariis,

502 2736 607 2793 feci
646 2740 811 2796 etiam
837 2759 1022 2801 coram
1070 2745 1259 2810 fratre,
1283 2756 1502 2818 propter
1545 2764 1704 2818 quem
1743 2750 1856 2805 lucc
1909 2751 2092 2806 omnia

500 2829 727 2898 fiebant,
753 2837 1089 2904 comedente,
1119 2853 1408 2909 paupereut
1436 2841 1527 2911 qui
1575 2840 1833 2898 inventus
1872 2851 1956 2897 est
2007 2858 2093 2898 se-

498 2921 648 2988 dere,
682 2933 739 2977 ttt
768 2940 889 2979 cum
913 2940 977 2980 eo
999 2929 1336 2984 comederet.
1390 2929 1646 2993 Volebam
1680 2933 1827 2991 enim
1871 2934 2092 2988 omnino

501 3024 560 3068 ut
589 3031 694 3071 non
719 3017 889 3072 solum
922 3035 1018 3090 pro
1045 3036 1127 3083 eo,
1168 3023 1261 3076 sed
1287 3024 1451 3077 etiant
1478 3040 1602 3080 cum
1637 3040 1703 3090 eo
1738 3024 1991 3080 Christus
2033 3026 2087 3080 in

2190 533 2568 595 exspectantes
2599 533 2659 580 nt
2706 527 2910 584 rediret
2957 529 3024 584 ad
3075 544 3289 597 sensus,
3315 540 3365 585 et
3400 531 3616 588 sciremus
3646 535 3692 591 ab

2191 630 2256 671 eo
2283 631 2453 686 quare
2509 617 2612 673 hoc
2650 616 2895 675 fecisset.
2946 621 3015 675 Et
3047 636 3181 678 ecce
3238 616 3414 689 rediit,
3440 623 3616 693 planctu
3652 642 3691 680 te

2191 709 2527 776 concutiens,
2554 717 2611 764 et
2639 711 2827 767 dicens
2854 730 2869 767 :
2901 731 2919 765 ι
2950 713 3120 780 Deus,
3150 715 3311 780 Deus,
3353 726 3582 786 quantum
3606 732 3691 774 retr

2191 800 2451 872 stringor.
2486 820 2504 854 ι
2531 800 2631 857 Cui
2653 817 2779 857 eum
2821 818 2944 872 ego,
2977 804 3332 876 psallentibns
3376 808 3693 870 ceteris-Ain:-

2192 906 2305 947 rem
2327 902 2387 963 ut
2405 892 2678 971 quiderga
2700 909 2760 949 se
2786 893 2943 953 fleret
2969 896 3229 968 aperiret,
3259 897 3539 967 respondit:
3565 897 3694 953 dial:

2191 983 2378 1053 bestiae
2403 999 2490 1040 me
2518 985 2807 1056 impetum.
2854 1006 2875 1039 ι
2916 988 2961 1041 Α
2985 1003 3095 1058 quo
3121 1003 3247 1042 cum
3274 1004 3546 1058 qurercrem
3569 1001 3694 1043 nti-un

2192 1090 2331 1129 nunc
2348 1086 2643 1143 praesentes
2657 1087 2805 1143 sunt,
2832 1094 2903 1134 an
2934 1089 3307 1146 recesserunt,
3336 1079 3441 1133 ait:
3469 1101 3486 1133 ι
3510 1080 3696 1138 Recesse-

2192 1174 2337 1219 rtmt.
2374 1152 2663 1237 tPraecepi
2710 1162 2862 1223 illico
2894 1167 3164 1227 fratribus
3207 1170 3453 1225 omnibus
3478 1180 3526 1225 ut
3563 1185 3698 1225 euntes

2189 1264 2414 1326 agerent
2464 1258 2742 1313 orationes
2812 1268 2869 1314 ct
2921 1259 3113 1315 laudes
3164 1260 3505 1330 vespertinas.
3553 1262 3698 1326 Quibts

2189 1347 2458 1419 egressis,
2505 1342 2797 1406 remanens
2846 1367 2947 1421 ego
2998 1351 3148 1406 solus
3190 1366 3314 1405 cum
3355 1351 3506 1405 fratre
3546 1352 3701 1420 iacente

2190 1440 2508 1495 sciscitabar
2557 1439 2864 1512 diligenter,
2890 1451 2949 1496 ut
2984 1443 3231 1499 audirent
3294 1442 3364 1497 ab
3403 1457 3463 1496 co
3509 1442 3563 1496 de
3593 1444 3700 1513 signo

2191 1532 2371 1586 crucis
2422 1531 2567 1600 quod
2627 1530 2708 1586 ter
2764 1532 2992 1600 fecerat,
3026 1543 3083 1590 et
3131 1534 3326 1589 bestiis
3370 1549 3495 1603 quas
3535 1536 3699 1597 dixerat,

2188 1623 2497 1679 veritatem.
2532 1622 2607 1676 De
2644 1638 2751 1693 quo
2782 1641 2906 1680 eum
2928 1624 3225 1681 sollicitum
3271 1640 3361 1680 me
3385 1626 3595 1687 vidisset,
3619 1626 3699 1677 ait:

2196 1733 2215 1767 ι
2255 1715 2413 1770 Visus
2433 1727 2517 1772 est
2544 1716 2674 1771 mihi
2706 1716 2863 1770 modo
2888 1715 3144 1771 ostiolum
3190 1716 3337 1769 istud
3372 1717 3555 1770 intrare
3595 1715 3704 1768 homo

2198 1808 2528 1879 nigerrimus
2556 1819 2612 1863 et
2670 1809 2926 1863 horridus
2978 1808 3264 1878 plusquam
3327 1808 3498 1863 dicere
3539 1808 3701 1867 valeam,

2190 1888 2387 1957 Oculos
2416 1900 2623 1956 habens
2646 1901 2829 1973 igneos
2857 1908 2911 1956 et
2940 1902 3007 1956 ab
3037 1916 3135 1956 ore
3165 1901 3347 1971 ignem
3361 1901 3550 1970 jaciens
3584 1910 3625 1954 et
3650 1917 3707 1954 su.

2194 2006 2291 2069 per
2346 2008 2431 2047 tne
2476 1990 2673 2048 clllatts
2702 2033 2717 2059 ,
2772 1992 3101 2063 trahensque
3157 1996 3297 2048 duos
3340 2007 3496 2047 canes
3530 1992 3705 2045 horridos

2194 2101 2377 2151 manu,
2409 2086 2553 2140 sicut
2584 2095 2707 2140 erat
2734 2096 2790 2140 et
2817 2087 2953 2156 ipse,
2978 2101 3117 2157 quos
3142 2102 3265 2142 cum
3300 2087 3354 2141 itt
3408 2100 3485 2140 me
3518 2087 3708 2139 anitnarrl

2192 2189 2247 2233 et
2282 2191 2522 2251 cogeret,
2550 2196 2759 2253 equue
2793 2181 2911 2237 illos
2934 2196 3020 2235 me
3044 2181 3375 2250 impeteutes
3425 2179 3557 2233 valde
3594 2193 3705 2246 etpr

2196 2286 2496 2341 vescerem,
2528 2290 2694 2328 unum
2747 2290 2962 2342 eorum,
2997 2274 3091 2345 qui
3148 2275 3418 2338 anteibat,
3450 2289 3599 2344 pugno
3635 2288 3711 2342 per.

2186 2366 2336 2441 cussi
2363 2376 2418 2420 et
2452 2366 2708 2435 eliugavi,
2739 2381 2975 2436 cumque
3005 2368 3339 2422 accessisset
3373 2366 3518 2428 alter,
3541 2374 3709 2418 nectam

2178 2459 2496 2527 proximus,
2526 2475 2690 2537 quam
2714 2459 2853 2515 alius
2876 2458 3075 2524 fuerat,
3102 2459 3278 2541 fieret,
3317 2456 3544 2529 percussi
3566 2464 3611 2512 et
3629 2470 3711 2509 eam

2186 2566 2395 2625 pugno,
2426 2560 2627 2623 etpost
2656 2552 2891 2622 primunt
2915 2552 3119 2623 expuli.
3143 2552 3225 2606 Ab
3248 2552 3323 2607 iis
3346 2552 3582 2607 liberatus
3620 2547 3710 2603 clin-

2194 2639 2334 2708 gatis
2361 2640 2430 2695 ivi
2455 2642 2520 2695 ad
2564 2641 2863 2704 hominem,
2888 2641 2979 2712 qui
3008 2641 3128 2696 loco
3152 2640 3417 2705 hzeserat,
3438 2649 3489 2694 et
3533 2637 3711 2695 similiter

2194 2745 2376 2799 pugno
2403 2733 2741 2801 percutiens,
2766 2739 2886 2800 post
2909 2746 3075 2811 canes
3129 2729 3297 2799 ejeci,
3330 2730 3528 2799 sicque,
3556 2728 3713 2782 Donusa

2194 2812 2509 2893 tttisrrante,
2547 2826 2718 2885 tribus
2742 2814 2939 2887 ictibus
2963 2824 3101 2878 liber
3125 2816 3311 2883 fac-tus
3342 2839 3459 2878 sum
3485 2822 3545 2877 ab
3572 2819 3638 2876 his
3652 2818 3712 2874 tri-

2178 2906 2302 2974 Ihus
2331 2919 2601 2982 hostibus,
2653 2917 2899 2973 Intellexi
2947 2917 3132 2987 igitur,
3162 2916 3315 2987 quod
3365 2926 3473 2970 tres
3515 2915 3627 2968 ictus
3657 2912 3713 2964 'in

2194 3012 2414 3066 fuerunt
2442 3013 2543 3066 tria
2576 3012 2728 3083 signa
2756 3010 2936 3067 crucis
2970 3026 3092 3081 qua:
3139 3007 3412 3075 videram,
3451 3007 3587 3063 nobis
3620 3002 3713 3075 pssi-

499 3108 671 3161 l'orma
696 3112 950 3180 pauperis
982 3112 1315 3181 reficeretur,
1345 3131 1504 3184 quem
1536 3116 1586 3170 in
1622 3118 1945 3171 necessitate
1975 3127 2084 3172 tam

2196 3101 2452 3165 lentibns,
2488 3101 2625 3155 fieri.
2659 3120 2679 3153 ι

498 3202 745 3270 proxime
770 3202 949 3263 futura
966 3205 1594 3285 ,deprecabamurontnes
1620 3208 1733 3268 fieri
1762 3209 2086 3279 adjutoreu.

501 3290 621 3345 llati
651 3301 778 3350 sunt
798 3294 960 3351 etiam
987 3297 1110 3354 huic
1138 3297 1245 3355 duo
1294 3300 1521 3365 denarii,
1554 3315 1691 3370 quos
1740 3301 1809 3355 ad
1855 3302 1958 3356 hoc
1989 3318 2091 3373 ego

474 3386 653 3439 fratri
687 3387 1038 3443 tradiderant.
1065 3389 1197 3447 Cum
1228 3390 1409 3461 itaque
1430 3392 1853 3449 contrfdissentns
1877 3408 2087 3459 omnes,

496 3487 555 3532 et
592 3479 725 3533 hora
753 3496 872 3547 qua:
897 3481 1190 3536 timebatur
1212 3484 1459 3553 proxima
1510 3485 1681 3551 fieret,
1715 3500 1815 3556 ego
1872 3485 2089 3541 domum

499 3567 710 3624 intrans
736 3569 962 3626 fratrem
1019 3574 1298 3629 sedentem
1350 3575 1528 3632 inveni
1572 3587 1629 3631 et
1687 3577 1962 3642 timidum;
1997 3577 2091 3647 qui

502 3660 642 3714 illico
666 3663 795 3715 tnihi
836 3665 969 3718 darts
993 3682 1212 3727 manum
1247 3676 1301 3722 et
1339 3684 1367 3722 a
1398 3684 1485 3725 me
1526 3679 1813 3739 susceptus
1854 3669 2094 3733 surrexit

498 3769 529 3805 a
552 3753 668 3810 loco
690 3758 741 3810 in
764 3774 870 3827 quo
900 3760 1143 3825 sedebat,
1167 3763 1365 3818 vadens
1389 3780 1598 3819 mecum
1626 3775 1681 3820 et
1704 3766 1916 3835 jaciens
1952 3782 2011 3821 se
2036 3768 2089 3823 in

500 3846 723 3916 lectum,
757 3851 844 3905 ubi
874 3867 999 3906 cum
1029 3867 1214 3909 coram
1269 3870 1333 3910 eo
1363 3851 1632 3923 sederem,
1654 3866 1784 3928 post
1813 3858 2090 3927 paululum

501 3940 800 4011 suspirans,
858 3944 934 3996 ait
983 3961 998 3997 :
1055 3962 1073 3996 ι
1113 3944 1247 4005 ileu,
1301 3946 1484 4015 Pater,
1516 3958 1779 4018 quantum
1833 3950 1992 4005 modo
2035 3950 2089 4005 in

500 4033 678 4102 capite
702 4032 855 4089 doleo
874 4035 890 4089 il
924 4037 1081 4091 modo
1105 4037 1235 4091 mihi
1266 4053 1439 4109 genua
1467 4039 1670 4108 dolent,
1703 4042 1864 4098 modo
1889 4057 2087 4109 crura;

502 4141 646 4182 nunc
672 4127 914 4195 brachia,
953 4129 1004 4184 et
1026 4145 1154 4185 ecce
1182 4146 1277 4200 per
1326 4141 1495 4187 totum
1521 4149 1721 4204 corpus
1760 4136 1914 4192 dolor
1944 4136 2093 4208 inge-

502 4220 742 4274 ntinatur
766 4231 821 4275 et
847 4222 1066 4277 crescit.
1104 4242 1125 4276 ι
1158 4222 1405 4294 Cumque
1427 4224 1543 4280 haec
1568 4225 1753 4283 dicens
1804 4229 2097 4285 vehemen-

502 4319 582 4365 ter
604 4313 830 4381 doleret,
874 4314 1030 4369 affuit
1090 4315 1313 4385 quidatn
1372 4315 1564 4383 laicus,
1598 4318 1685 4373 cui
1737 4326 1795 4373 ul
1842 4319 2093 4389 loquerer

498 4405 802 4473 oportebat,
837 4416 891 4461 et
920 4408 1084 4474 exivi,
1112 4423 1233 4462 eum
1282 4408 1466 4463 statim
1521 4420 1805 4467 revocatus
1837 4427 1866 4466 a
1898 4428 2089 4483 puero,

2265 3209 2498 3278 Interea,
2541 3220 2797 3281 revocato
2823 3225 2931 3265 uno
2960 3222 3030 3263 ex
3076 3207 3345 3264 fratribus
3392 3208 3481 3278 qui
3521 3205 3717 3277 abierant.

2192 3316 2422 3371 pensum
2474 3303 2797 3357 orationum
2849 3301 3283 3370 vespertinarum
3317 3309 3375 3356 et
3414 3300 3605 3355 laudant
3634 3310 3716 3349 cum

2193 3402 2421 3463 aegroto,
2450 3394 2541 3464 qui
2572 3403 2628 3449 et
2659 3394 2773 3465 ipse
2801 3393 3082 3452 uobiscum
3109 3390 3715 3465 psallebat,persolvimus.

2195 3488 2392 3545 Postea
2414 3488 2581 3543 etiam
2604 3486 2750 3544 aliud
2794 3486 3266 3556 vocaripratcepi,
3305 3495 3366 3540 ut
3399 3496 3505 3540 tres
3544 3496 3721 3538 essemus

2197 3595 2323 3634 cum
2363 3580 2534 3635 fratre
2560 3578 2814 3649 jacentc;
2846 3580 2939 3634 alii
2965 3595 3093 3635 vero
3140 3594 3362 3643 omnes,
3395 3577 3553 3633 finitis
3587 3571 3721 3628 ciliciis

2162 3722 2165 3723 ν
2195 3675 2564 3740 diurualibus,
2596 3692 2662 3731 ex
2717 3684 3011 3745 praecepto,
3040 3683 3227 3730 nostro
3276 3673 3564 3743 temperius
3608 3681 3720 3738 quam

2194 3767 2611 3823 consuevissent
2650 3766 2947 3831 dormitum
2994 3766 3195 3820 ierunt.
3246 3764 3584 3835 Reputabam
3619 3757 3722 3813 enim

2197 3868 2438 3914 tractans
2465 3859 2517 3913 itt
2545 3858 2734 3925 corde,
2761 3866 2818 3913 ιιι
2843 3858 2887 3912 si
2910 3857 3146 3914 tttaxima
3181 3858 3507 3912 imminente
3550 3848 3722 3907 necessi-

2201 3956 2315 4008 tate
2342 3959 2435 4001 aut
2457 3947 2649 4002 mortis
2665 3955 2758 4001 aut
2796 3946 3026 4016 alicujus
3055 3947 3234 4012 exitii,
3264 3948 3399 4017 quid
3452 3944 3581 3999 enim
3625 3938 3721 3993 futu-

2197 4054 2315 4094 runt
2345 4048 2486 4093 esset
2521 4037 2714 4094 incerti
2734 4052 2973 4104 eramus,
2997 4039 3284 4107 oportebat
3308 4053 3504 4091 omnes
3528 4033 3724 4088 aﬂ'ntums

2196 4148 2347 4196 esse;
2373 4132 2572 4186 bonum
2606 4131 2797 4191 eratsi
2830 4130 3167 4203 aliquantum
3213 4147 3414 4186 somno
3469 4127 3628 4184 refecti
3649 4125 3723 4177 fue-

2199 4225 2405 4289 rint,et
2451 4223 2625 4293 magis
2671 4223 2854 4278 sobrie
2910 4222 3155 4277 facerent
3199 4222 3469 4292 quidquid
3520 4219 3721 4290 agendum

2197 4325 2364 4371 esset.
2395 4316 2621 4373 Fuimus
2646 4316 2828 4386 itaque
2870 4326 2979 4369 trcs
3001 4331 3123 4368 cum
3150 4314 3241 4370 illo
3271 4326 3477 4385 quarto
3504 4313 3585 4385 qui
3606 4307 3721 4383 patie-

2198 4409 2378 4477 batur,
2413 4408 2690 4479 loquentcs
2718 4424 2842 4465 cum
2875 4423 2945 4467 eo
2970 4417 3024 4463 et
3051 4406 3403 4463 consolantes
3442 4423 3575 4469 ctua,
3610 4418 3723 4472 quas

499 4495 593 4563 qui
619 4511 822 4567 aegroto
848 4500 1155 4566 assistebat,
1192 4503 1611 4575 ingrcdiensque
1652 4505 1869 4560 domum
1911 4506 2092 4564 inveni
2120 4494 2172 4555 Ι)
2201 4518 2308 4562 tnut
2336 4521 2492 4577 posse
2515 4506 2743 4560 dabatur
2765 4505 2936 4561 nobis.
2972 4503 3162 4559 Tanta:
3213 4520 3345 4559 vero
3393 4499 3651 4558 debilitatis
3674 4496 3723 4545 id

501 4602 625 4641 eum
651 4587 920 4658 jaccntem
944 4602 1330 4665 arreptumque
1378 4596 1622 4652 molestia
1664 4597 1925 4667 pristina;
1986 4616 2092 4656 non

501 4691 684 4736 tamen
714 4682 1029 4740 caleitrahat
1076 4697 1172 4742 aut
1223 4689 1539 4746 volvebatur
1593 4693 1737 4747 sicut
1772 4692 1945 4763 prius,
1994 4693 2091 4748 sed

502 4776 701 4834 clausis
730 4777 921 4844 oculis,
963 4768 1218 4850 tanquam
1259 4782 1535 4838 dormiens
1592 4799 1698 4839 non
1744 4784 2090 4840 movebatur.

499 4871 745 4941 Cumque
768 4881 889 4941 post
919 4871 1310 4942 aliquantulum
1338 4878 1594 4944 temporis
1616 4878 1831 4933 rediens
1857 4878 2097 4948 aperiret

499 4964 686 5020 oculos
711 4980 904 5035 meque
932 4966 1222 5035 inspiceret
1264 4968 1631 5035 assistentem,
1661 4972 1855 5026 iterum
1902 4971 2092 5025 eodem

454 5118 459 5121 ,
502 5060 662 5115 modo
693 5069 881 5129 raptus
908 5071 1023 5126 est;
1055 5070 1109 5115 et
1135 5075 1257 5115 cum
1285 5062 1483 5131 saepius
1504 5062 1767 5132 fieret,'et
1821 5063 1909 5119 ille
1961 5076 2099 5134 spn-'

454 5194 455 5199 η
500 5162 697 5220 uiaret,
729 5155 918 5212 videns
943 5172 1046 5226 ego
1071 5154 1311 5212 laborem
1332 5154 1448 5225 ejus
1481 5166 1689 5213 tantunt
1738 5157 1974 5229 ingemui
2021 5173 2092 5213 ex

499 5249 711 5316 intimo,
736 5258 790 5305 et
815 5250 936 5305 tuisi
975 5266 1073 5320 pro
1102 5262 1370 5306 conventu
1421 5248 1650 5305 fratrum
1694 5259 1753 5305 ut
1803 5252 2089 5317 adessent;

496 5340 694 5410 quibus
710 5342 1070 5411 pnesentibus
1096 5351 1149 5397 et
1178 5343 1535 5411 psallentibus
1566 5344 1723 5399 nobis
1750 5357 1938 5398 coram
1961 5358 2083 5397 om-

498 5436 655 5491 nibus
684 5446 943 5506 a'grotntu
979 5436 1222 5491 molestia
1253 5454 1349 5492 sua
1378 5439 1628 5508 arripuit.
1653 5437 1895 5506 Cumque
1912 5436 2092 5492 adhuc

500 5528 568 5580 ab
603 5527 789 5581 eadem
851 5538 1149 5592 teneretur,
1183 5528 1492 5599 clausisque
1545 5526 1719 5583 oculis
1762 5534 1817 5583 et
1873 5526 2085 5597 pugnis,

499 5617 637 5672 nihil
690 5633 915 5684 eorum,
969 5635 1090 5690 qua:
1129 5635 1162 5673 a
1215 5620 1370 5676 nobis
1424 5620 1790 5691 gerebantur,
1836 5619 2086 5683 sentiret,

502 5709 715 5779 aperuit
743 5727 961 5766 manum
1009 5713 1255 5769 dextram
1301 5713 1504 5778 subito,
1530 5722 1585 5767 et
1619 5712 1832 5783 erigens
1859 5727 1980 5767 eam
2025 5711 2090 5766 ad

500 5812 688 5872 caput,
739 5803 971 5871 signavit
1020 5805 1254 5875 seipsum
1300 5813 1421 5872 ter,
1473 5805 1630 5877 nobis
1674 5805 1987 5865 videntibus
2034 5816 2090 5862 et

2198 4599 2538 4655 lassitudinis
2568 4599 2620 4652 iu
2661 4613 2893 4667 corpore
2923 4607 3044 4651 erat
3069 4605 3124 4651 ιιι
3150 4611 3270 4651 cum
3302 4597 3360 4651 in
3397 4596 3533 4649 lecto
3555 4606 3643 4661 quo
3672 4587 3723 4653 ίαν

2201 4694 2382 4759 cebal,
2416 4707 2635 4761 quoquo
2690 4690 2871 4755 modo,
2904 4700 2961 4743 ut
3019 4689 3098 4743 vel
3152 4704 3353 4760 parum
3406 4698 3513 4741 tam
3556 4682 3723 4738 nmina

2201 4785 2661 4841 molestiasaltem
2696 4784 2937 4840 mutandi
2982 4785 3144 4837 situm
3191 4780 3727 4852 levigaretur,coutp°°

2199 4895 2333 4933 nere
2380 4893 2438 4933 se
2473 4877 2829 4941 vellet,nullo
2879 4876 3041 4929 modo
3087 4873 3314 4928 valeret.
3367 4872 3476 4926 Nos
3524 4862 3725 4931 vermes

2198 4970 2510 5033 aderamus,
2548 4986 2671 5024 cum
2705 4970 2770 5024 ad
2797 4969 3119 5038 appetitum,
3144 4980 3308 5035 quem
3339 4964 3459 5020 ﬁeri
3488 4964 3539 5017 in
3560 4954 3729 5015 eovidt'

2197 5061 2391 5116 bamus
2417 5102 2431 5126 ,
2470 5060 2731 5115 vellemus
2772 5075 2895 5115 eum
2942 5070 3290 5127 componere,
3324 5056 3419 5109 vix
3464 5067 3577 5108 eum
3612 5044 3726 5102 etiam

2198 5169 2319 5207 cum
2350 5152 2537 5209 labore
2561 5138 3049 5207 ntovehantus.'Ad
3078 5158 3284 5211 natura:
3325 5144 3616 5202 necessaria
3645 5150 3727 5191 cum

2201 5246 2280 5300 ire
2317 5245 2500 5309 vellet,
2533 5260 2633 5300 nec
2662 5258 2887 5314 surgere
2918 5258 3018 5298 nec
3045 5257 3075 5296 a
3108 5241 3223 5295 loco
3253 5254 3319 5294 se
3349 5231 3725 5293 ntovereraieusv

2198 5336 2406 5391 duobus
2454 5334 2737 5399 fratribus,
2789 5334 2959 5389 tensis
3005 5330 3261 5394 brachiis,
3297 5329 3608 5402 erigendum
3645 5334 3728 5391 p0"

2204 5426 2535 5495 tandumquc
2556 5440 2618 5479 se
2642 5423 2895 5493 praebuit,
2936 5423 3027 5493 qui
3075 5436 3197 5476 eum
3238 5435 3374 5474 cum
3416 5419 3605 5478 labore,
3648 5410 3727 5464 sint

2204 5520 2345 5587 illius
2367 5518 2552 5588 aliquo
2579 5526 2727 5573 tnotu
2785 5512 3105 5580 anxiliabili,
3137 5523 3386 5582 excepto
3435 5508 3571 5581 quod
3614 5500 3730 5575 ρι’δά

2201 5630 2294 5684 per
2334 5622 2533 5670 terram
2566 5611 2739 5683 magis
2766 5608 3014 5664 trahebat
3042 5623 3202 5673 quam
3235 5607 3492 5685 regebat,
3517 5606 3729 5673 portantis

2199 5716 2255 5760 et
2281 5713 2624 5776 reportamus
2655 5704 2709 5760 ιιι
2731 5703 2869 5759 lecto
2888 5717 3070 5757 coram
3091 5714 3176 5754 me
3197 5684 3507 5767 pesueruttt
3529 5684 3727 5764 quamvis1

2208 5809 2522 5872 potuerunt.
2561 5799 2779 5857 Etcum
2833 5806 2992 5853 tanta:
3029 5791 3371 5865 aegritudinis
3412 5788 3629 5862 pondere
3650 5792 3725 5851 pri“
