3836 6320
129 332 260 390 1577,
1293 319 1642 377 EPISTOLA
1678 317 1770 373 Al)
1803 315 2156 373 FRATRES.
3245 319 3380 392 ιδτβ

128 450 368 507 meretur,
391 439 607 495 dicebat
661 446 840 492 tamen
892 437 1058 493 videri
1093 437 1192 492 sibi
1242 439 1388 508 quod
1443 437 1580 492 nihil
1628 437 1683 492 in
1713 426 1762 485 Α
1789 433 1867 487 ait
1895 449 1909 485 :
1944 450 1960 481 ι
1985 431 2149 501 Signa
2177 429 2331 484 vobis
2358 432 2643 487 ves-borum
2668 432 2920 497 ismrum,
2941 433 3084 502 quod
3101 447 3227 488 vera
3248 433 3377 497 sint,

127 543 338 601 corpore
383 535 678 596 pateretur,
725 542 836 598 prae
892 527 1085 582 timore
1135 541 1242 596 quo
1300 522 1514 582 animus
1566 524 1686 594 ejus

127 620 471 676 cruciabatur.
498 617 744 688 Cumque
771 633 870 688 ego
892 633 1192 692 quaererem
1229 617 1360 686 quid
1415 617 1636 690 timeret
1669 634 1683 671 :
1713 685 1716 688 ξ

131 731 147 762 ι
177 711 377 778 Timeo,
414 710 608 780 inquit,
637 725 723 766 me
760 710 814 766 in
864 709 1105 775 illorum,-
1128 724 1276 780 quos
1311 709 1443 776 vidi,
1488 724 1686 764 manus

129 811 212 856 aut
240 801 290 856 in
313 801 602 871 nequiores
641 793 1014 857 reversurum:
1041 820 1058 852 r
1093 799 1686 872 Loquebamursautcm

126 896 194 949 sic
227 893 478 960 invicem,
505 903 562 948 et
589 909 738 960 ecce,
758 892 870 964 jam
923 905 1082 949 nocte
1134 893 1471 960 imminente,
1499 902 1688 964 raptus

125 987 417 1043 estitcrum
439 995 494 1040 et
516 987 824 1056 spumabat,
848 986 1169 1057 erigensque
1214 987 1354 1044 sicut
1395 987 1690 1057 priusma-

129 1094 267 1146 num,
303 1077 536 1149 signavit
561 1093 620 1133 se
645 1087 835 1132 tntum.
867 1077 1112 1148 Cumque
1150 1094 1250 1132 nos
1305 1067 1684 1150 psalleremns,

114 1179 176 1242 et
198 1171 282 1225 ille
303 1171 522 1236 rediret,
545 1169 895 1241 quaesivimus
926 1180 1177 1224 utrumne
1193 1171 1418 1225 vidisset
1437 1170 1683 1241 aliquid?

131 1281 148 1315 ι
176 1260 307 1326 Vidi,
331 1262 523 1333 inquit,
551 1263 818 1324 intrantes
853 1263 1072 1318 domum
1091 1265 1232 1320 hanc
1269 1264 1522 1320 homines
1545 1273 1683 1329 tres,

124 1353 206 1422 qui
232 1353 446 1409 lanceas
471 1351 582 1409 tres
605 1354 895 1425 gestabant
922 1356 1109 1426 igneas
1141 1355 1370 1411 feten‘les
1428 1366 1685 1427 tanquam

103 1455 290 1503 ‘essent
312 1447 584 1514 sulfurete,
619 1448 816 1519 quibus
857 1463 978 1504 cum
1007 1464 1094 1505 me
1117 1449 1316 1505 vellent
1345 1450 1686 1524 transfigere,

122 1535 260 1605 signo
279 1537 459 1592 crucis
487 1535 629 1608 quod
661 1552 690 1592 a
715 1552 800 1592 me
827 1539 997 1593 teneri
1041 1539 1322 1595 videbatur
1350 1541 1470 1608 (nos
1494 1541 1691 1611 qu'ppe

123 1628 170 1682 in
198 1643 351 1683 manu
380 1628 525 1685 illius
553 1645 771 1686 crucem
811 1631 1168 1699 tenebamus),
1197 1648 1283 1689 me
1311 1614 1689 1700 defendebam,

121 1727 168 1773 et
190 1718 300 1774 illos
319 1717 594 1792 fugabatn.
625 1739 644 1771 ι
675 1719 856 1778 Jacuit
886 1724 1068 1792 itaque
1091 1723 1280 1778 dolens
1332 1733 1386 1778 et
1419 1723 1680 1794 plangens

1793 522 2036 577 dicturus
2063 528 2208 584 sum,
2238 523 2332 576 sed
2358 523 2592 577 nomium
2617 538 2678 579 ea
2703 525 2913 590 audita,
2945 525 3210 580 audienda
3244 543 3382 597 pra:-

1791 613 1984 668 stolor.
2027 631 2046 664 ι
2081 612 2290 679 Quibus
2310 614 2486 676 dictis,
2520 630 2620 686 ego
2650 614 2912 672 fratribus
2955 616 3060 672 illis
3109 619 3383 674 montanis

1793 705 1976 773 (erant
2001 713 2184 760 autem
2213 693 2474 777 quinque)
2501 723 2514 760 :
2556 725 2575 760 ι
2615 707 2733 773 Eia,
2756 707 2960 762 domini
2989 709 3116 774 mei,
3135 710 3381 777 audistis,

1791 813 1911 870 quae
1939 814 1970 853 a
2007 799 2119 854 Deo
2149 810 2422 870 praecepta
2443 785 2790 866 'suntvobis;
2822 803 3058 857 recedite
3113 817 3276 868 nunc,
3325 811 3383 854 nt

1795 893 1994 948 iterum
2052 893 2106 948 in
2147 893 2341 947 stratis
2369 893 2564 950 vestris
2601 893 2912 965 quiescatis.
2944 915 2963 948 ›
3007 894 3191 966 Neque
3238 896 3382 948 enim

1751 1003 1758 1048 _'
1791 997 1914 1037 cum
1946 981 2130 1054 omnia
2154 981 2260 1054 alia
2292 983 2496 1052 optime
2545 983 2922 1047 attendissem,
2949 985 3016 1039 de
3044 985 3212 1054 signis
3261 1000 3384 1054 qua:

1757 1076 2018 1142 “dicenda
2066 1085 2225 1130 erant
2286 1074 2488 1146 aliquid
2544 1090 2930 1146 perceperam;
2978 1075 3071 1129 sed
3121 1076 3220 1130 hoc
3261 1076 3376 1144 ipse

1794 1168 1960 1233 idem,
2003 1167 2331 1223 testantibus
2388 1169 2641 1224 omnibus
2671 1169 2761 1238 qui
2815 1166 3103 1230 affuerant,
3133 1183 3192 1222 se
3239 1168 3384 1221 sicut

1793 1259 2000 1314 dixisse
2031 1258 2163 1314 mihi
2215 1269 2402 1328 postea
2455 1258 2872 1320 manifestam-
2899 1257 3178 1326 Prarcepto
3219 1257 3386 1328 igitur

1796 1368 1918 1406 meo
1955 1352 2152 1406 fratres
2173 1351 2411 1408 velocius
2431 1337 2750 1406 obedientes
2773 1352 2888 1420 jam
2911 1352 3228 1422 surgebant,
3259 1365 3382 1402 cum

1794 1443 1883 1496 ille
1905 1442 1998 1513 qui
2020 1442 2239 1512 jaccbat
2268 1459 2454 1497 coram
2484 1443 2642 1497 nobis
2671 1451 2857 1512 raptus
2887 1450 2998 1506 est;
3038 1440 3240 1495 detinui
3285 1439 3384 1492 ita.

1793 1553 1900 1608 qne
1929 1538 2029 1594 hoc
2061 1539 2248 1594 videns
2274 1538 2470 1596 fratres
2498 1541 2586 1609 qui
2612 1541 2722 1612 jam
2753 1549 3124 1605 surrexerunt,
3144 1548 3202 1594 ut
3225 1539 3384 1594 simul

1749 1623 2170 1699 psalleremus,
2230 1639 2483 1684 eventum
2536 1633 2611 1686 rei
2665 1639 3067 1701 exspectantes.
3141 1629 3386 1684 Diximus

1793 1737 1924 1793 ergo
1955 1731 2126 1778 totum
2153 1722 2420 1794 psalmum
2447 1721 2759 1800 Quicunque
2810 1721 2939 1787 vult,
2971 1731 3026 1777 et
3085 1721 3385 1791 adjecimns

108 1805 172 1866 'se
189 1812 536 1886 vehementer
565 1833 577 1868 :
606 1813 720 1882 jam
765 1825 966 1881 tamen,
997 1815 1373 1871 consolatione
1429 1827 1678 1888 accepta,
1717 1799 1760 1859 Β
1791 1811 1972 1868 Gloria
2015 1811 2183 1868 Patri.
2220 1815 2336 1881 Quo
2363 1815 2512 1869 linito
2537 1801 2694 1870 rediit
2727 1813 2814 1870 ille
2837 1823 2892 1869 et
2928 1815 3067 1869 sedit
3107 1815 3158 1869 iu
3207 1813 3376 1880 lecto,

109 1901 317 1960 dicebat
345 1921 406 1961 se
427 1906 647 1978 sperare
669 1907 872 1978 optime
911 1923 1220 1963 evasurum.
1275 1908 1518 1979 Ctnnqne
1563 1925 1684 1980 ego,

104 1987 228 2065 ipso
253 1998 528 2063 audiente,
551 1999 621 2054 ob
645 1981 790 2054 illius
815 1993 1240 2054 consolationem
1257 2001 1685 2056 confirmandam

121 2087 282 2158 aliqua
313 2087 577 2145 fratribus
601 2091 693 2160 qui
721 2091 952 2146 aderant
979 2092 1046 2146 de
1073 2091 1376 2162 Scripturis
1401 2103 1457 2147 et
1487 2092 1554 2146 de
1579 2093 1684 2148 fide

109 2175 388 2233 'Trinitatis
413 2178 671 2244 dicerem,
703 2189 758 2234 et
797 2179 964 2234 multa
986 2179 1100 2249 jam
1145 2181 1320 2236 noctis
1351 2197 1478 2251 pars
1513 2191 1688 2236 trans-

107 2258 264 2334 isset,
317 2269 500 2326 subito
557 2287 681 2326 cum
737 2271 825 2327 ille
876 2272 1162 2344 diligenter
1209 2273 1444 2340 audiret,
1491 2273 1688 2328 clausit

105 2359 306 2423 ‘oculos,
331 2369 390 2414 et
424 2376 590 2416 sensu
640 2361 775 2418 abiit
806 2379 836 2417 a
867 2364 1045 2419 nobis.
1101 2362 1349 2434 Cumque
1393 2365 1447 2418 in
1499 2365 1689 2419 eodem

105 2453 324 2510 excessu
353 2456 583 2525 positus,
611 2455 718 2526 iam
747 2457 892 2513 enim
916 2472 1220 2522 excessum,
1249 2473 1354 2512 non
1387 2445 1688 2514 molestiam

103 2545 526 2614 'autpassionem
556 2544 1082 2614 nominare'habeo,
1116 2563 1305 2604 manus
1349 2547 1578 2622 iungens
1622 2551 1690 2605 ad

105 2634 300 2689 'cmlum
339 2638 576 2708 erigeret
607 2645 890 2709 tanquam
950 2653 1138 2706 orans,
1169 2653 1371 2708 nosque
1426 2641 1689 2710 psalmum

123 2725 232 2781 fidei
261 2727 566 2783 diceremus
604 2729 913 2800 Quicunque
931 2729 1036 2783 vult
1063 2729 1260 2788 salvus.
1287 2731 1692 2802 repetitumque

123 2819 494 2887 mediaremus,
521 2819 609 2877 ille
643 2824 893 2893 aperiens
925 2824 1136 2889 oculos,
1162 2833 1481 2896 erectusque
1503 2834 1694 2882 tenens

102 2911 578 2980 ’manus,sicnteas
595 2913 876 2985 iunxerat,
900 2916 1115 2971 locutus
1137 2916 1436 2983 est,dicens
1463 2932 1477 2972 :
1510 2915 1692 2974 Gloria

121 3003 667 3076 :ibi,Deus.Cumque
697 3022 795 3062 nos
816 3007 1004 3078 psalmi
1032 3007 1188 3063 ﬁnem
1216 3003 1689 3078 accelerassemus,

104 3089 166 3149 ἐι
189 3097 270 3152 ille
298 3100 518 3170 smpius,
553 3097 738 3155 Gloria
789 3101 905 3165 tibi,
938 3100 1096 3167 Deus,
1127 3095 1432 3171 repetisset,
1471 3103 1693 3161 omnino

1793 1904 2044 1976 dixitque
2079 1922 2092 1958 :
2145 1922 2163 1956 ι
2199 1903 2526 1960 Benedictus
2579 1906 2742 1969 Deus,
2788 1906 3112 1960 Benedictus
3152 1905 3325 1970 Deus;
3359 1924 3378 1956 ι

1784 1989 2021 2068 iungens
2049 2013 2238 2052 manus
2279 2007 2334 2052 et
2366 1997 2621 2064 adorans,
2653 1996 3240 2066 oculisque'alacrihus
3271 2013 3372 2051 nos

1791 2089 2058 2159 aspiciens
2085 2107 2100 2144 :
2143 2106 2162 2140 ι
2201 2088 2276 2142 Ειι
2309 2087 2484 2160 signa,
2508 2089 2601 2156 ait,
2635 2087 2866 2142 vobisut
2889 2088 3090 2155 dicam,
3116 2088 3158 2141 si
3187 2089 3377 2142 audire

1781 2179 2075 2255 placuerit.
2108 2199 2125 2231 ι
2160 2179 2313 2247 Quod
2335 2196 2456 2235 cum
2486 2179 2706 2234 omnino
2746 2178 2974 2250 placere
3018 2179 3380 2250 rcSpondisse-

1781 2267 1912 2326 ‘mus
1946 2287 2156 2338 omnes,
2181 2287 2278 2328 nos
2313 2272 2494 2328 verbis
2514 2280 2568 2328 et
2593 2269 2667 2326 illi
2692 2277 2827 2326 nutu
2857 2271 2946 2343 qui
2973 2271 3384 2340 completorinm

1775 2365 2068 2441 dixerant,
2099 2367 2178 2421 sic
2213 2365 2424 2421 locutus
2451 2375 2572 2421 est:
2612 2383 2630 2416 ι
2667 2365 2722 2420 Si
2755 2380 2992 2435 unquam
3043 2364 3273 2434 amplius
3331 2365 3384 2420 in

1792 2457 1938 2512 omni
1962 2458 2070 2512 vita
2103 2473 2219 2513 mea
2246 2467 2301 2512 et
2328 2467 2510 2513 vestra
2544 2473 2629 2511 me
2680 2456 2840 2534 hujus
2890 2456 3227 2534 infirmitatis
3253 2472 3384 2528 pro-

1777 2554 1914 2629 pter
1938 2544 2098 2618 quam
2145 2546 2429 2617 hicjaceo,
2461 2548 2673 2620 signum
2697 2531 2914 2618 aliquod
2955 2557 3049 2602 aut
3071 2531 3384 2603 molestiam

1792 2639 2088 2712 patientem
2123 2642 2390 2710 videritis,
2425 2641 2610 2697 sciatis
2634 2657 2973 2713 nequaquam
3007 2656 3192 2694 verum
3217 2640 3385 2695 fuisse

1795 2733 1936 2803 quod
1963 2750 1992 2787 a
2023 2749 2108 2788 me
2135 2735 2336 2789 dictum
2367 2744 2483 2800 est;
2534 2747 2588 2788 et
2616 2749 2744 2789 ecce
2783 2750 2926 2788 nunc
2978 2734 3186 2806 integre
3221 2748 3386 2788 sanus

1779 2819 1972 2878 factus
2001 2839 2120 2878 sum
2152 2833 2207 2878 et
2240 2821 2448 2889 firmus,
2479 2833 2670 2898 potens
2699 2839 2924 2895 surgere
2954 2834 3008 2879 et
3035 2821 3112 2878 ire
3139 2834 3194 2880 et
3225 2838 3386 2900 agere

1796 2913 2055 2984 quidquid
2085 2931 2216 2969 sano
2250 2915 2452 2969 homini
2490 2916 2756 2986 agendum
2790 2925 2893 2970 est.
2934 2936 2953 2969 ι
2988 2915 3234 2986 Ctnnqne
3262 2927 3385 2971 stu-

1796 3002 1992 3072 pefacti
2025 3005 2222 3076 gaudio
2252 3014 2308 3060 et
2330 3005 2600 3060 evidentia
2651 3008 2726 3060 rei
2769 3005 3108 3076 (videbamus
3135 3006 3280 3060 enim
3331 3006 3384 3059 in

1797 3088 1914 3162 ejus
1940 3092 2079 3148 facie
2120 3096 2304 3147 nescio
2350 3090 2490 3164 quod
2551 3093 2796 3147 divinum
2851 3093 3060 3162 signum
3111 3091 3385 3161 sanitatis)

101 3187 246 3244 'unde
273 3200 378 3246 tam
411 3191 532 3246 laeta
564 3202 782 3263 tamque
807 3183 1054 3250 amabilis
1081 3210 1184 3249 vox
1224 3195 1299 3274 illi
1330 3195 1458 3251 data
1512 3206 1683 3263 esset,
1717 3188 1758 3245 C
1795 3193 2144 3256 miraremur,
2172 3191 2392 3246 ineunte
2423 3191 2553 3246 mihi
2583 3193 2816 3272 quodam
2849 3205 2916 3246 ex
2948 3190 3213 3246 fratribus
3247 3191 3386 3245 dixi—

99 3283 227 3350 ’ίιιιω
270 3283 435 3340 toties
469 3283 854 3351 reiterabatur,
878 3285 1020 3342 scire
1058 3295 1392 3357 appetentes,
1429 3287 1691 3344 sciscitati

100 3371 310 3428 ‘sumus.
339 3375 404 3429 At
437 3368 528 3430 ille
562 3375 955 3446 aliquantulum
985 3392 1176 3433 severe
1213 3381 1300 3433 me
1325 3375 1562 3444 intuens,
1585 3379 1690 3452 ait:

101 3469 139 3514 ἰ
169 3461 436 3520 Voeentur
469 3465 600 3522 mihi
629 3483 820 3524 omnes
842 3469 1089 3524 monachi
1146 3471 1212 3525 de
1260 3481 1442 3526 monte
1507 3473 1692 3529 Sancti

119 3546 414 3616 Michaelis,
471 3553 560 3621 qui
615 3553 668 3608 in
719 3556 1053 3610 monasterio
1103 3555 1210 3610 isto
1244 3568 1689 3614 commorantur:

97 3639 301 3696 'missns
345 3657 468 3696 sum
498 3643 642 3698 enim
670 3645 913 3712 nuntius;
935 3651 959 3698 ι’
1009 3659 1238 3716 cumque
1267 3648 1366 3703 hoc
1396 3648 1530 3703 mihi
1559 3632 1694 3706 satis

99 3729 431 3798 'displicerct,
472 3733 668 3788 timens
691 3734 793 3789 hoc
814 3735 1030 3805 aliquod
1057 3751 1178 3792 esse
1201 3737 1500 3793 illusorium
1525 3739 1694 3810 phan-

101 3827 299 3887 'tasma,
331 3837 639 3893 verensqne
671 3824 890 3890 fratres,
918 3826 1011 3896 qui
1055 3826 1120 3880 ad
1171 3837 1468 3891 nocturnas
1511 3843 1696 3883 surre-

117 3915 242 3968 ειυιί
291 3921 454 3972 erant
503 3907 828 3983 orationes,
865 3919 1156 3974 excitando
1206 3920 1456 3990 fatigare,
1507 3920 1692 3988 multis

117 4005 370 4062 verbisne
399 4009 504 4065 hoc
532 4007 690 4064 fleret
720 4009 1014 4065 renitebar.
1059 4010 1132 4065 At
1160 4011 1248 4067 ille
1280 4013 1412 4068 mihi
1461 4027 1690 4083 prorsus

117 4098 322 4165 restitit,
354 4101 572 4168 dicens,
603 4117 671 4156 ex
707 4107 816 4157 toto
835 4101 916 4158 sic
937 4102 1051 4157 lieri
1076 4105 1354 4176 expedire.
1383 4105 1537 4161 Nolui
1569 4115 1690 4162 tan-

114 4185 222 4242 dem
257 4191 492 4260 amplius
519 4191 798 4256 resistere,
827 4200 1074 4248 metuens
1102 4209 1168 4249 ex
1195 4196 1388 4263 altero,
1422 4212 1487 4250 ne
1516 4197 1558 4252 si
1590 4184 1693 4253 hoc

101 4288 431 4350 'prteceptum
456 4280 697 4336 divinmn
721 4290 890 4347 esset,
918 4283 1028 4338 Deo
1051 4283 1446 4338 inobedientem
1468 4285 1690 4342 fratrem

115 4369 374 4441 facerem,
413 4375 556 4429 unde
581 4389 683 4446 ego
719 4384 775 4430 et
804 4375 919 4446 ipse
943 4377 1148 4447 pariter
1176 4378 1250 4431 rei
1285 4378 1646 4434 existeremns
1673 4396 1688 4445 ;

113 4464 452 4528 quaesivimus
481 4466 550 4521 de
581 4481 640 4521 se
665 4467 784 4537 ipso
807 4468 936 4537 quid
981 4467 1080 4522 sibi
1120 4467 1363 4546 futurum.
1393 4469 1687 4539 videretur,

113 4564 161 4610 et
182 4555 266 4612 ille
291 4561 352 4614 Se
377 4559 558 4615 adhuc
593 4562 808 4617 nescire
839 4563 1133 4632 respondit.

125 4704 128 4706 ,
175 4643 359 4703 Vocati
415 4650 598 4720 itaque
653 4665 788 4721 quos
827 4647 1036 4720 voluit,
1083 4651 1344 4710 citissime
1389 4653 1685 4725 affuerunt;

112 4739 295 4808 quibus
325 4744 707 4813 prtesentibus,
743 4759 830 4799 me
860 4753 1084 4815 rogante
1111 4755 1172 4800 ut
1213 4744 1548 4816 loqueretur,
1580 4749 1684 4804 ait:

117 4831 328 4889 «ADeo
356 4844 464 4889 cta
495 4845 687 4892 sancto
733 4835 996 4892 Michaele
1040 4847 1096 4892 et
1151 4852 1182 4892 a
1228 4848 1422 4895 sancto
1470 4838 1686 4912 Vigore,

112 4926 306 4996 Optimo
332 4939 584 4999 patrono,
613 4932 768 4988 vobis
795 4933 1046 4990 omnibus
1067 4934 1210 5003 dico,
1246 4943 1303 4990 ut
1327 4952 1607 5008 nunquam
1631 4939 1684 4993 in

113 5027 342 5076 montem
371 5019 558 5078 Sancti
589 5021 868 5080 Michaelis
898 5025 1134 5082 redeatis
1159 5011 1482 5083 autintretis
1509 5021 1685 5098 gratia

103 5105 538 5179 ibi-remanendi,
563 5115 800 5184 quandiu
828 5116 949 5187 iste,
976 5118 1067 5190 qui
1100 5134 1244 5175 nunc
1277 5119 1347 5175 ibi
1391 5121 1560 5176 abbas
1585 5128 1691 5188 est,

103 5201 320 5288 vixerit.
349 5205 505 5273 Quod
535 5208 578 5262 si
613 5207 785 5263 ieritis
830 5218 886 5264 et
931 5213 1264 5280 manseritis,
1309 5213 1414 5268 line
1455 5213 1597 5272 malo
1635 5223 1694 5270 et

116 5302 280 5349 morte
304 5297 537 5366 pessima
563 5301 976 5356 mnsnmemini.
1005 5321 1024 5355 ι
1061 5303 1307 5375 Curaque
1329 5303 1406 5358 illi
1432 5305 1498 5359 ad
1523 5305 1686 5360 verba

103 5382 172 5436 ιε
190 5381 776 5461 iimliuassent,ﬁentes
825 5405 935 5463 prae
977 5392 1192 5464 gaudio,
1226 5393 1429 5465 adjecit
1481 5395 1569 5450 ille
1629 5402 1684 5449 et

1797 3297 1916 3336 mllS
1939 3297 2069 3336 voce
2090 3283 2268 3337 sobria
2315 3292 2371 3338 et
2424 3283 2693 3338 submisse
2737 3277 2806 3337 Te
2853 3281 3023 3336 Deum
3061 3282 3382 3346 laudamus;

1794 3386 1849 3429 et
1873 3374 1946 3428 illi
1980 3373 2451 3444 quidcmlratres,
2480 3375 2678 3445 quibus
2729 3383 2949 3446 propter
2974 3373 3386 3444 eoniplctorimn

1796 3466 2046 3536 loquendi
2098 3465 2313 3522 licentia
2356 3483 2463 3522 non
2495 3479 2634 3535 erat,
2677 3468 2745 3521 ad
2799 3477 2970 3522 strata
3026 3482 3144 3532 sua,
3189 3481 3274 3520 me
3297 3466 3387 3534 jn-

1773 3545 1978 3624 hente,
2008 3541 2398 3620 abierunt.llle
2429 3573 2559 3613 vero
2584 3559 2766 3613 statim
2801 3558 2954 3612 nobis
2975 3573 3158 3612 coram
3191 3558 3385 3628 positis

1776 3639 1848 3705 'et
1875 3665 1999 3704 cum
2031 3665 2097 3706 eo
2127 3648 2473 3720 surgentibus
2500 3649 2591 3720 qui
2625 3665 2730 3703 non
2762 3649 3094 3716 abieramus,
3122 3649 3383 3714 surrexit,

1771 3730 1924 3796 'mihi
1954 3743 2078 3797 data
2134 3757 2319 3808 tnanu,
2357 3757 2520 3824 sanus
2546 3751 2601 3796 et
2636 3741 2824 3796 hilaris
2853 3749 2907 3796 et
2949 3741 3203 3797 robustus
3245 3741 3387 3814 sicut

1796 3851 1916 3891 nos.
1943 3835 2138 3892 Stabat
2163 3835 2328 3907 igitur
2350 3835 2617 3907 gaudens,
2644 3844 2699 3888 et
2730 3851 2828 3888 nos
2852 3834 3158 3889 mirabatur
3187 3844 3239 3890 et
3257 3851 3388 3889 con-

1795 3926 2195 3998 gaudebamus;
2223 3923 2539 3981 videbamus
2575 3925 2775 3997 quippe
2807 3925 3080 3980 hominem
3134 3927 3306 3981 modo
3331 3925 3385 3979 in

1813 4029 1934 4076 ecto
1963 4017 2262 4088 iacentem",
2291 4019 2543 4098 diuturna
2567 4027 2622 4074 et
2651 4018 2874 4073 molesta
2929 4018 3182 4089 passione
3225 4017 3381 4073 colli-

1775 4106 1912 4166 sum
1946 4111 2371 4180 contritumque,
2399 4118 2453 4164 et
2493 4125 2631 4180 pene
2659 4110 2914 4165 omnibus
2945 4109 3203 4165 membris
3262 4109 3379 4164 dis-

1794 4201 2053 4268 solutum,
2076 4213 2134 4256 ut
2159 4217 2261 4256 nec
2291 4202 2454 4255 etiam
2482 4201 2684 4254 moveri
2724 4202 2790 4254 ad
2819 4201 3114 4256 sedendum
3161 4201 3382 4268 valeret,

1775 4285 2046 4364 essetque
2076 4295 2124 4349 ei
2152 4294 2264 4364 ipsa
2291 4293 2417 4366 lecti
2465 4291 2725 4348 mollities
2781 4285 3110 4349 tormentum
3170 4295 3383 4366 ingens,

1795 4401 1940 4439 nunc
1953 4399 2080 4438 vero
2112 4383 2226 4454 ipsa
2257 4382 2445 4456 eadem
2474 4383 2606 4437 hora
2631 4382 2854 4437 robuste
2884 4381 3213 4460 surrexisse,
3237 4393 3386 4458 stare

1796 4475 2077 4530 nobiscum
2102 4489 2292 4530 sanum
2317 4481 2371 4528 et
2395 4473 2742 4552 gaudentem.
2776 4459 3178 4528 Benediximus
3202 4459 3388 4544 itaque

1723 4539 1768 4593 Β
1799 4567 1991 4634 Deum,
2028 4567 2119 4638 qui
2169 4539 2486 4637 percutit—et
2511 4574 2688 4631 sanat,
2725 4549 3020 4648 mortificat
3052 4574 3107 4620 et
3148 4539 3388 4620 vivificat

1803 4657 2022 4713 deducit
2045 4658 2110 4713 ad
2142 4656 2349 4713 inferos
2381 4666 2435 4712 et
2462 4657 2674 4732 reducit
2698 4654 2852 4732 (Tob.
2879 4672 2998 4722 xm,
3037 4655 3116 4729 2).
3143 4655 3236 4712 Est
3258 4672 3388 4728 ergo
3465 4725 3470 4730 _

1796 4751 1956 4807 hodie
1975 4752 2024 4806 in
2042 4749 2590 4816 claustro,nobiscum
2618 4751 2943 4807 benedicens
2959 4750 3244 4821 Denm,qui
3261 4764 3386 4805 eum

1794 4857 1944 4910 vere,
1985 4850 2044 4896 ut
2071 4851 2225 4912 pater
2269 4842 2496 4913 diligens
2517 4842 2710 4908 lilium,
2739 4842 3007 4914 percussit
3052 4853 3107 4898 et
3152 4840 3382 4897 sanavit.

1796 4934 1974 4990 Sanus
1995 4950 2228 5004 namque
2249 4949 2476 5006 corpore
2500 4935 2781 4990 meliorem
2811 4943 2867 4990 et
2893 4936 2961 4989 de
3009 4932 3113 4987 lide
3153 4931 3386 5003 amplio-

1797 5039 1910 5080 rem
1951 5026 2188 5096 suscepit
2209 5025 2264 5080 in
2297 5020 2486 5080 anima
2515 5027 2848 5082 sanitatem.
2901 5025 3195 5092 Correptus
3237 5023 3382 5078 enim

1795 5127 1848 5173 et
1896 5127 2178 5174 correctus
2228 5133 2411 5174 mores
2462 5119 2686 5173 omnino
2723 5116 2972 5180 mutavit,
3003 5115 3114 5168 Deo
3135 5115 3384 5184 omnipov

1795 5210 1928 5264 tenti
1955 5211 2198 5266 subdidit
2225 5213 2338 5282 ipsa
2361 5227 2455 5267 sua
2482 5213 2590 5266 vita
2632 5211 2768 5265 dans
2798 5209 3198 5275 testimonium,
3235 5208 3382 5280 quod

1781 5311 1933 5359 -vere‘
1967 5319 2186 5359 manmn
2213 5303 2630 5376 (Omnipotentis
2680 5303 2936 5368 senserit,
2965 5293 3054 5358 eui
3093 5311 3176 5358 est
3206 5303 3384 5374 honor

1797 5407 1850 5453 ct
1875 5397 2044 5468 gloria
2080 5406 2133 5452 et
2162 5407 2403 5476 potestas
2453 5398 2506 5452 in
2553 5396 2750 5452 saecula
2787 5393 3131 5464 saeculorum.
3188 5394 3377 5476 omen.

3810 4635 3821 4890 ᾖ
