3836 6320
128 224 272 287 1381

128 370 1264 400 Mm.“—

782 237 1201 301 R’AYNALDL'S
1229 244 1601 315 REMENSISA
1624 249 1682 303 Al

1801 248 1946 313 lIEP.
1982 283 2049 293 —
2076 252 2347 312 NOTITIA
2394 258 2784 319 lllSTORlCA.

3274 273 3430 355 35εὲ

2388 406 3414 444 _.._______.___________‘

672 532 1251 654 CHARTA
1342 544 1963 709 GERARDI
2055 555 2887 735 llEPISCOPI

1321 766 1411 828 De
1447 766 1831 835 fundalione
1861 774 2271 854 aquiscincti.
2420 786 2445 791 “
2518 780 2523 793 ⁵

1479 906 1626 985 (Cal.
1656 916 1854 973 Christ.
1879 935 1960 986 tn,
1989 921 2103 993 87.)

116 1218 117 1223 η
185 1182 496 1241 ϐεκλιωυε
540 1186 840 1257 secundus,
886 1188 1365 1248 Cameracensium
1406 1193 1499 1249 Dei
1546 1196 1723 1268 gratia

111 1275 716 1359 episcopuskomnihus
735 1277 940 1334 Christi
965 1279 1237 1345 ﬁdelibus,
1260 1293 1518 1365 aeternam
1544 1285 1722 1343 beati-

111 1367 392 1423 tudinem.

187 1460 312 1515 Duo
345 1460 567 1524 milites,
595 1461 910 1530 parochiani
959 1466 1154 1533 nostri,
1195 1481 1392 1538 genere
1420 1478 1474 1524 et
1515 1470 1721 1528 divitiis

106 1550 409 1617 praeclari,
454 1550 703 1607 Valterus
735 1552 948 1609 scilicet
994 1564 1050 1611 et
1096 1556 1385 1627 Sicherus‘,
1429 1561 1717 1619 mundanae

111 1646 333 1702 militia:
361 1646 640 1717 cingulum
673 1647 1009 1719 deponentes
1029 1689 1046 1715 ,
1092 1667 1310 1709 onmem
1343 1653 1504 1724 hujus
1529 1656 1717 1711 mundi

105 1738 512 1809 proprietatem
546 1749 983 1811 contemnentes,
1035 1744 1329 1801 theoricam
1366 1747 1532 1804 vitam
1564 1748 1717 1820 sequi

104 1829 552 1899 spoponderunt,
586 1845 755 1900 seque
803 1841 858 1886 et
911 1848 1010 1889 sua
1059 1836 1240 1889 omnia
1296 1838 1404 1893 Deo
1432 1838 1717 1907 dedentes,

107 1923 206 1990 ipsi
254 1923 439 1978 solum
485 1923 536 1978 in
591 1934 912 1995 perpetuum
972 1928 1250 1984 deservire
1301 1932 1714 2001 promiserunt,

106 2015 410 2084 locumque
439 2016 530 2084 qui
556 2016 917 2087 Aquicinctus
946 2018 1148 2075 dicitur
1177 2020 1486 2092 elegerunt;
1527 2023 1710 2080 eccle-

101 2108 241 2163 siam
274 2107 417 2163 inibi
451 2108 693 2166 volentes
717 2120 1052 2178 restaurare,
1073 2129 1235 2185 quam
1266 2113 1384 2170 a‘S.
1410 2114 1708 2184 Cerdanio,

104 2197 155 2249 in
189 2199 390 2252 eodem
429 2199 549 2255 loco
578 2202 923 2258 eremiticam
940 2203 1111 2259 vitam
1137 2205 1387 2271 ducente,
1420 2207 1707 2264 audierant

100 2289 389 2357 quondam
438 2292 763 2350 aediﬁcatam
802 2296 988 2353 fuisse.
1036 2296 1150 2354 lloc
1196 2310 1375 2354 autem
1422 2301 1707 2357 consilium

105 2380 366 2437 \ialterns
395 2384 607 2440 scilicet
636 2401 703 2441 ac
731 2386 1011 2453 Sicherus,
1044 2389 1294 2445 Valterus
1322 2406 1420 2461 per
1442 2401 1696 2460 matrem,

1831 1173 2090 1236 Sicherus
2126 1196 2221 1252 per
2247 1198 2497 1255 uxorem,
2523 1186 2905 1247 conﬁrmatqu
2949 1178 3168 1255 Ansello
3195 1188 3419 1272 aperue-

1830 1284 1977 1329 runt.
2024 1274 2146 1346 ipse
2188 1291 2319 1333 vero
2355 1278 2608 1339 Anseilus
2645 1283 2876 1340 insulam
2927 1278 3073 1344 illam
3110 1292 3417 1362 Aquicinii,

1826 1378 1883 1423 et
1932 1370 2316 1426 arundinetum
2373 1376 2650 1445 pertinens
2685 1378 2751 1432 ad
2784 1382 2937 1446 eam,
2975 1393 3029 1437 et
3069 1383 3251 1439 villam
3298 1368 3417 1457 qua:

1825 1457 2120 1516 Vcdretum
2164 1462 2382 1529 dicitur,
2414 1465 2587 1521 eidem
2631 1468 2822 1526 insulae
2852 1474 3160 1546 contiguam
3182 1517 3198 1542 ,
3236 1493 3356 1548 quae
3385 1497 3416 1534 a

1825 1552 1981 1608 nobis
2015 1553 2071 1608 in
2099 1553 2425 1610 beneﬁcium
2452 1560 2691 1625 tenebat,
2722 1561 2774 1615 in
2807 1578 2967 1618 manu
2996 1581 3114 1620 mea
3157 1568 3413 1632 reddidit.

1823 1653 1879 1698 et
1904 1658 2004 1715 ego
2040 1660 2101 1700 ea
2151 1646 2203 1699 in
2252 1646 2342 1717 jus
2376 1659 2694 1720 perpetuum
2729 1654 2922 1709 donavi
2969 1658 3214 1713 ecclesize
3247 1660 3416 1730 ipsius

1821 1733 2114 1803 Aquicinii.
2144 1737 2368 1808 Signum
2396 1738 2648 1796 Widonis
2675 1744 3066 1800 archidiaconi.
3097 1746 3155 1801 S.
3185 1747 3411 1804 Widrici

1822 1827 1976 1881 arch.
2010 1826 2069 1881 5.
2106 1828 2335 1884 Anselli.
2383 1829 2445 1884 S.
2480 1832 2685 1889 Vilardi
2718 1876 2731 1899 ,
2780 1834 3077 1905 Johannis,
3133 1839 3411 1905 Fultouis,

1804 1920 2165 1992 ,lngebrandi,
2205 1922 2469 1991 lluberti,
2510 1916 2739 1992 Wlferi,
2789 1928 2997 1996 Mardi,
3056 1932 3113 1987 5.
3166 1932 3409 1988 Vualteri

1820 2010 2113 2067 Castellani
2148 2013 2467 2082 Duacensis,
2506 2016 2563 2071 5.
2605 2017 2928 2075 Clarebaldi.
2955 2021 3147 2077 Actum
3178 2033 3262 2078 est
3306 2024 3410 2079 hoc

1819 2118 1961 2159 anno
1996 2105 2064 2161 ab
2093 2105 2368 2162 lncarnal.
2411 2107 2624 2163 Domini
2664 2109 2800 2166 1079
2824 2152 2840 2176 ,
2897 2112 3088 2169 indict.
3126 2130 3179 2168 ιι
3208 2155 3223 2178 ,
3260 2129 3407 2169 anno

1819 2194 2038 2252 llenrici
2072 2198 2213 2270 regis
2242 2216 2400 2266 nrt,
2430 2202 2754 2272 prmsulatus
2784 2218 2916 2261 vero
2943 2205 3146 2263 domini
3173 2207 3403 2265 Gcrardi

1806 2288 1879 2371 λιι,
1918 2290 2333 2348 Cameracensis
2364 2294 2599 2365 episcopi
2629 2310 2703 2351 tv.

107 2538 3379 2603 Μ

107 2566 362 2579 .-—-———.--

364 2570 451 2581 —.

1408 2715 1577 2758 ANNO
1622 2713 1853 2758 DOMINI
1898 2717 2111 2759 MXCIII

824 2746 2480 3101 BAYMEBUS
2630 2890 2730 3096 Ι
2872 3198 2879 3203 _

1206 3210 1558 3269 REMENSIS
1597 3213 2209 3274 ARClllEl’lSCOPUS.

1528 3379 1729 3395 ﬂ

1743 3379 1972 3391 ...η’-.-

513 3513 1025 3609 NOTITIA
1096 3460 1956 3643 HISTORICALIN
2041 3518 2787 3614 RAYNALDUM
2866 3528 2962 3659 1._

1392 3709 1558 3783 (Call.
1587 3709 1784 3766 Christ.
1821 3710 1911 3775 IX,
1941 3711 2055 3783 75.)

151 4040 170 4075 ι
215 4020 355 4076 Post
386 4019 555 4075 multa
594 4036 795 4094 genera
842 4020 1269 4087 dissensionum,
1315 4021 1490 4091 inquit
1513 4019 1683 4077 Chro-
1711 4003 1763 4067 Α
1793 4023 1913 4088 tuit,
1955 4032 2015 4077 ut
2063 4021 2308 4080 ecclesiae
2335 4021 2480 4079 bona
2529 4037 2593 4079 ac
2624 4023 2935 4093 reipublicrc
2963 4025 3181 4082 utilitati
3211 4036 3371 4086 natus

78 4115 233 4171 nicon
258 4113 643 4179 Nicasianum,
673 4123 796 4186 post
827 4114 1009 4169 varias
1031 4112 1411 4185 oppressiones
1442 4113 1675 4168 divitum

77 4218 123 4262 et
146 4206 465 4274 humilium,
497 4218 620 4278 post
642 4208 956 4263 innumeras
977 4205 1361 4263 distractiones
1384 4220 1676 4260 ornamen-

78 4305 251 4354 torum
274 4298 657 4365 ecclesiarum,
683 4314 803 4370 qua:
826 4314 854 4353 a
874 4299 1107 4370 quodam
1131 4297 1450 4354 Mauassede
1475 4296 1671 4366 injuste

77 4407 270 4448 nomen
298 4392 611 4463 episcopale
642 4392 946 4459 aﬂ‘cctante,
1003 4391 1115 4447 Deo
1142 4399 1197 4446 et
1217 4392 1469 4448 omnibus
1495 4391 1671 4446 homi-

77 4486 230 4542 nibus
276 4501 384 4558 pro
430 4486 637 4541 viribus
683 4486 990 4550 resistente,
1049 4483 1188 4540 intra
1221 4495 1273 4540 ct
1298 4492 1452 4540 extra
1475 4485 1667 4539 urbem

77 4575 212 4631 facta
244 4584 400 4641 sum,
447 4576 628 4633 subito
654 4591 791 4630 nova
834 4575 924 4630 lux
958 4575 1227 4640 exoritur,
1259 4592 1280 4627 ι
1309 4584 1415 4631 etc.
1448 4573 1671 4629 Rainal-

76 4668 196 4721 dum
222 4667 501 4739 intelligit,
536 4667 938 4724 thesaurarium
972 4666 1031 4723 S.
1061 4666 1278 4723 Martini
1306 4665 1667 4732 Turonensis,

77 4774 135 4813 ex
161 4760 364 4817 illustri
389 4758 724 4815 Berleiorum
754 4758 962 4815 familia
995 4758 1309 4823 oriundum,
1341 4758 1511 4813 ﬁlium
1534 4758 1665 4813 Ber-

70 4842 151 4895 leii
181 4845 248 4898 de
272 4842 668 4901 Monasteriolo
695 4853 749 4900 et
787 4845 1012 4901 Graecia:
1052 4859 1149 4900 seu
1171 4842 1389 4912 (ιιι-ἰδίω,
1416 4859 1541 4915 quae
1571 4857 1673 4917 po—

73 4947 184 4990 stea
227 4936 499 4993 Caufrido
538 4936 785 4993 Martello
815 4937 1004 4994 comiti
1048 4937 1430 5010 Andegavensi
1464 4938 1671 5009 nupsit.

74 5029 395 5097 Rainaldus,
445 5047 612 5102 quem
663 5032 755 5086 alii
786 5028 1115 5086 Raiuoldum
1159 5046 1259 5087 seu
1317 5029 1673 5102 Ragiuotdum

77 5135 301 5190 vocant,
351 5127 566 5182 culmen
608 5125 937 5196 episcopalis
984 5124 1212 5181 honoris
1254 5123 1485 5195 adeptus
1528 5137 1675 5178 anno

79 5217 233 5283 1083,
267 5233 429 5273 omne
457 5218 701 5273 studium
747 5215 1029 5286 impendit,
1072 5223 1132 5269 ut
1174 5229 1239 5270 ea
1285 5229 1461 5285 quaen
1488 5211 1677 5269 deces-

80 5326 201 5367 sore
228 5328 335 5367 suo
368 5312 602 5383 pessime
631 5319 784 5381 gesta
818 5307 1057 5376 fuerant,
1097 5306 1409 5363 resarciret.
1460 5303 1676 5387 Etenim

82 5420 189 5459 non
219 5406 413 5461 urbem
450 5405 651 5471 solum,
704 5404 800 5459 sed
848 5416 1070 5458 omnem
1100 5400 1155 5455 in
1177 5398 1412 5455 circuitu
1435 5397 1556 5467 ejus
1587 5396 1674 5453 re-

84 5497 303 5567 gionum
350 5498 494 5554 velut
530 5513 561 5552 a
606 5495 863 5552 Barbaris
906 5501 1178 5551 vastatam
1207 5500 1265 5548 et
1298 5490 1678 5548 conculcatam

86 5594 315 5661 reperit;
344 5593 438 5649 sed
466 5591 684 5663 ingenio
713 5592 886 5647 solers
923 5598 979 5646 et
1020 5587 1249 5660 pervigil
1283 5585 1533 5656 dispersa
1558 5584 1678 5640 col-

90 5684 234 5757 legit,
264 5694 317 5742 et
352 5686 629 5742 exinanita
658 5686 712 5742 in
739 5683 1028 5755 pristinam
1054 5681 1393 5757 maiestatem
1416 5678 1497 5737 sic
1518 5677 1678 5737 resti-

1776 4129 1897 4170 csse
1933 4115 2231 4172 videretur.

1845 4208 2004 4262 Anno
2050 4207 2168 4279 ipso
2232 4205 2372 4261 1085
2419 4205 2711 4274 suscripsit
2777 4200 3079 4261 fundationi
3137 4207 3368 4265 abbatiae

1773 4298 1972 4357 Ribodi
2003 4298 2224 4355 montis.
2266 4298 2427 4353 Anno
2456 4297 2703 4366 sequenti
2742 4296 3033 4352 concilium
3066 4299 3368 4358 celebravit

1772 4393 1914 4464 apud
1943 4390 2289 4455 Suessiones,
2316 4388 2645 4459 scripsitque
2680 4385 2926 4444 Gerardo
2981 4390 3234 4463 episcdpo
3260 4391 3367 4449 Ca-

1772 4468 2100 4547 meracensi,
2129 4482 2441 4554 prwcipiem
2462 4482 2517 4535 in
2544 4482 2741 4536 virtute
2772 4479 3074 4538 obedientiw
3096 4495 3152 4538 ut
3181 4502 3213 4539 α
3234 4502 3367 4553 pau-

1767 4589 1948 4645 perum
2000 4573 2224 4640 Christi,
2279 4574 2331 4630 id
2353 4583 2437 4631 est
2464 4572 2855 4630 monachorum
2879 4573 3359 4647 Miligemensium,

1760 4666 2102 4739 infestatione
2137 4665 2426 4734 desisteret,
2460 4683 2553 4721 nec
2588 4682 2674 4721 eos
2699 4666 2841 4721 ultra
2871 4682 3058 4722 vexare
3081 4682 3364 4740 prmum-

1767 4769 1864 4811 ret.
1885 4758 2086 4814 Eodem
2111 4773 2255 4813 anno
2280 4757 2623 4814 conﬁrmavit
2639 4757 2985 4815 donationem
3007 4760 3199 4817 altaris
3223 4762 3361 4819 Ven-

1769 4851 1936 4907 tiliaci
1983 4850 2179 4906 factam
2212 4850 2770 4921 Maiori-monasterio
2795 4868 2825 4907 a
2860 4851 3175 4909 Theobaldo
3206 4850 3361 4924 pala-

1767 4942 1879 4997 tino
1908 4941 2106 4998 comite
2140 4953 2381 5013 tempore
2435 4939 2655 4996 Henrici
2681 4943 2846 5013 regis,
2878 4952 2935 4998 et
2968 4941 3231 4998 Gnidonis
3260 4944 3360 4999 Ca.

1762 5034 2031 5090 stellionei
2081 5033 2476 5105 archiepiscopi
2526 5032 2833 5088 Bernensis.
2871 5035 3028 5087 Anno
3064 5034 3199 5090 1085
3230 5045 3355 5106 syn-

1761 5127 1923 5183 odum
1942 5125 2468 5199 coegitCompendii,
2488 5125 2542 5180 in
2564 5141 2670 5196 qua
2687 5134 2875 5181 contra
2891 5122 3163 5196 Hilgotum
3188 5120 3355 5181 Sues-

1760 5222 2067 5281 sionensem
2108 5223 2320 5279 ﬁrmata
2358 5231 2444 5279 est
2486 5222 2710 5277 libertas
2755 5219 2999 5276 ecclesiae
3026 5218 3082 5274 S.
3112 5218 3347 5274 Cornelii

1758 5314 2187 5387 Compediensis.
2246 5315 2446 5370 Eodem
2498 5328 2642 5367 anno
2698 5310 2996 5366 monachos
3026 5324 3091 5363 ex
3130 5306 3347 5363 abbatia

1760 5406 1820 5462 S.
1864 5407 2187 5463 Theoderici
2245 5404 2548 5461 transmisit
2608 5403 2662 5459 in
2719 5403 2895 5459 vicum
2951 5401 3342 5472 Peteghensem

1757 5498 2009 5554 dimcesis
2030 5508 2158 5553 tunc
2186 5495 2571 5563 Tornacensis,
2597 5509 2741 5549 nunc
2764 5492 3154 5550 Gandavensis.
3184 5492 3344 5545 Anno

1756 5590 1896 5647 1036
1924 5599 2131 5661 septem
2162 5589 2351 5645 altaria
2380 5589 2528 5644 dedit
2551 5586 2832 5643 monachis
2857 5584 2915 5642 5.
2944 5583 3146 5651 Basoii,
3168 5584 3223 5640 et
3251 5596 3345 5642 cc-

1757 5682 1975 5742 clesiam
2028 5682 2088 5739 5.
2137 5681 2325 5739 llilarii
2386 5679 2758 5754 Marogilensis
2805 5677 3002 5753 Agneti
3050 5672 3338 5735 abbatisSae
