3836 6320
480 312 628 399 i285

1587 321 1937 379 RAYNALDI
1966 316 2322 374 REMENSIS
2348 311 2669 370 AliClllEP.
2728 324 2733 327 '

3606 315 3705 375 1381

491 442 731 510 Arenaci
763 466 778 517 ;
830 445 1234 513 monachosque
1285 437 1715 507 Mlligemienses
1758 435 2080 490 fortitcrtu-
2111 436 2153 494 Λ
2187 447 2404 501 "ah-lum
2438 453 2494 501 οι
2530 444 2900 514 sum-“ganeas
2959 441 3080 515 eius
3109 444 3323 500 nat-ile,-
3366 445 3583 515 εητρδει,
3607 453 3711 519 quod

488 555 632 601 tatus
652 551 737 599 est
760 542 1018 597 adversus
1042 535 1342 592 Gcrardum
1366 533 1836 587 Cameracensem.
1869 526 2069 582 Eodem

486 652 631 693 anno
684 649 807 691 cum
870 612 1180 701 accingeret
1232 642 1291 682 se
1345 626 1410 680 ad
1449 623 1635 678 limina
1698 620 2071 691 apostolorum

487 712 783 793 visitanda,
811 726 1086 783 concessit
1125 720 1402 777 monachis
1426 716 1900 788 Andaginensibus
1936 714 2073 769 alta-

490 824 569 878 ria
595 821 863 891 qutedam,
901 816 1235 887 Remigianis
1285 828 1415 866 vero
1439 811 1609 865 altare
1664 808 1808 879 quod
1861 816 1980 863 erat
2019 807 2072 862 in

490 913 611 967 vico
641 910 701 965 S.
736 909 1002 979 Remigii;
1049 922 1211 976 quam
1244 903 1487 957 ultimam
1512 901 1858 956 donationem
1883 901 2074 954 contir-

492 1002 655 1056 mavit
699 1015 842 1055 anno
899 998 1056 1053 1089.
1110 997 1266 1051 Αιιιιο
1316 993 1453 1050 1088
1499 993 1787 1047 ecclesiam
1819 992 1883 1046 de
1904 989 2075 1044 Buzai

490 1092 640 1163 juxta
671 1091 925 1161 oppidum
953 1089 1112 1144 Turis
1163 1103 1325 1158 super
1351 1087 1650 1141 Matronam
1686 1085 1960 1140 concessit
1985 1099 2075 1139 er-

492 1186 673 1242 clesia:
722 1183 1023 1241 Turonensi
1080 1198 1177 1252 pro
1208 1181 1578 1234 anniversario
1603 1194 1702 1232 suo
1727 1178 2074 1232 celebrando.

482 1258 652 1332 ’Ᾰιιηο
684 1276 822 1332 1089
846 1275 1185 1346 privilegium
1218 1273 1426 1343 accepit
1460 1273 1527 1327 ab
1557 1271 1775 1325 Urbano
1799 1271 1839 1325 11
1862 1288 2075 1326 summo

479 1369 770 1442 'pontilice,
798 1384 903 1438 quo
929 1368 1227 1423 Remenses
1258 1364 1743 1448 arehiepise0pi.et
1768 1363 1928 1434 pallio
1953 1375 2072 1416 ute-

479 1444 705 1525 rentur,
735 1470 789 1516 et
820 1461 1079 1531 primates
1116 1459 1432 1512 dicerentur
1462 1444 1713 1511 secunda:
1738 1456 1994 1527 Belgicae,
2023 1463 2079 1510 et

480 1540 651 1620 'reges
680 1548 1176 1605 ChriSIianissimos
1204 1555 1614 1602 eonsecrarent.

484 1646 485 1651 “
549 1644 642 1698 'Ex
672 1643 821 1697 Italia
852 1656 946 1712 per
968 1642 1287 1696 Arverniam
1330 1640 1545 1696 rediens
1576 1654 1717 1693 anno
1753 1637 1907 1701 1090,
1936 1638 2077 1709 apud

495 1733 815 1790 Casam-Dei
864 1733 1188 1795 diversatur,
1234 1732 1323 1787 ubi
1372 1748 1494 1787 cum
1552 1734 1903 1786 monasticam
1933 1730 2079 1785 ordi-

2178 546 2328 592 tanto
2349 536 2575 592 facinori
2596 553 2701 591 non
2721 536 3023 591 seviriliter
3035 539 3433 611 opposuissent.
3455 540 3602 595 Anno
3617 542 3713 597 1091

2176 638 2427 693 coactum
2478 637 2561 686 est
2616 644 2782 707 super
2810 628 3003 683 eodem
3031 629 3246 701 negotio
3277 629 3567 684 concilium
3587 630 3713 687 Datu-

2177 726 2401 783 cortori.
2453 744 2472 777 ι
2528 725 2916 796 Congregavit,
2974 722 3151 794 inquit
3195 724 3503 780 chronicon
3536 722 3587 778 S.
3607 723 3713 780 Petri

2179 815 2320 881 \‘ivi,
2336 815 2617 885 Philippus
2645 831 2739 870 rex
2775 814 3215 884 archiepiscopus
3235 823 3294 869 et
3316 814 3713 884 episcoposrcgni

2179 910 2261 963 sui
2296 909 2349 979 in
2373 908 2629 963 Remcusi
2688 905 2846 971 urbe,
2896 916 2951 962 et
2980 907 3214 961 obtinuit
3246 906 3316 961 ab
3356 906 3715 975 arcliiepisoipu

2180 1000 2438 1056 ltielierio
2487 999 2697 1071 magnis
2747 999 3003 1069 precibus
3049 1008 3102 1053 ιιι
3160 997 3347 1053 Remis
3376 996 3445 1050 ad
3478 999 3715 1052 concilium

2181 1110 2286 1148 non
2320 1092 2705 1162 dedignaretur
2728 1091 2831 1157 ire,
2854 1089 3151 1145 ostendens
3177 1088 3511 1143 Ilainaldutn
3532 1087 3715 1144 Rauca.

2179 1197 2293 1237 sem
2341 1181 2811 1251 archiepiscopum
2870 1181 3165 1252 podagrico
3205 1178 3395 1235 dolore
3428 1189 3720 1234 contractum

2178 1276 2292 1328 non
2324 1288 2485 1343 posse
2521 1273 2771 1345 progredi
2802 1271 2870 1327 de
2906 1262 3004 1327 sua
3045 1257 3202 1337 sede;
3246 1289 3265 1322 ι
3296 1271 3442 1326 unde
3462 1270 3720 1340 prasalille

2181 1385 2210 1421 a
2236 1365 2722 1426 nonnullis.dictus
2750 1374 2836 1420 est
2862 1363 3159 1419 Rainaldus
3190 1363 3536 1419 Contractus.
3563 1363 3719 1417 Eodem

2182 1472 2326 1511 anno
2350 1456 2629 1526 Hugoncnt
2657 1454 3092 1521 Regitestensem
3126 1456 3414 1519 comitem,
3440 1454 3536 1524 qui
3558 1455 3619 1510 ob
3637 1455 3721 1508 ilb-

2172 1546 2267 1603 ‘tas
2291 1547 2600 1603 hominibus
2622 1546 2679 1602 S.
2715 1546 2945 1618 Remigii
2980 1547 3303 1602 vexationes
3327 1548 3718 1602 excommunica-

2185 1650 2270 1695 tns
2297 1638 2630 1702 fuerat,facti
2655 1638 3009 1708 pcenitentem
3034 1638 3333 1694 Roinaldus
3357 1639 3583 1694 absolvit
3611 1639 3722 1692 :for-

2185 1746 2330 1784 mam
2378 1730 2734 1784 absolutionis
2781 1730 2900 1801 ejus
2927 1730 3127 1785 videsis
3171 1732 3224 1785 in
3280 1731 3582 1802 appendicc
3621 1733 3724 1785 inter

497 1842 621 1882 nem
661 1824 988 1883 arctioribus
1034 1826 1250 1880 statutis
1300 1824 1686 1895 discipulorum
1736 1825 1793 1889 S.
1856 1825 2077 1880 Roberti
2114 1813 2154 1871 Β
2187 1823 2568 1877 instrumenta.
2610 1824 2769 1878 Anno
2800 1823 2938 1878 1095
2991 1822 3303 1893 Philippum
3358 1825 3722 1880 consecravitin

480 1916 626 1974 'cura
652 1918 848 1972 ﬂorere
877 1917 1251 1988 comperisset,
1280 1917 1447 1970 subiit
1474 1915 1712 1969 animum
1738 1914 1853 1983 ejus
1877 1915 2081 1984 aliquot

497 2026 678 2066 secum
747 2010 814 2063 ad
864 2008 1063 2064 Remos
1093 2009 1379 2073 deducere,
1408 2009 1497 2077 qui
1526 2008 1871 2062 Nicasianum
1899 2020 2082 2062 emno-

497 2103 646 2157 bium
675 2101 855 2175 statim
891 2116 920 2156 a
956 2110 1131 2155 morte
1160 2100 1406 2155 Gervasii
1439 2100 1831 2170 archiepiscopi
1864 2100 2078 2168 penitus

498 2197 801 2267 coilapsum
866 2198 919 2253 in
966 2198 1237 2267 integrum
1268 2198 1652 2263 restituerent;
1686 2195 1840 2265 cujus
1869 2196 2082 2267 religie-

498 2287 728 2343 sissimis
748 2288 889 2343 votis
910 2288 1077 2343 abbas
1106 2287 1371 2358 Seguinus
1396 2286 1684 2356 acquievit.
1715 2286 1914 2341 Eodem
1939 2300 2082 2340 anno

498 2376 671 2433 altare
721 2377 891 2432 Vallis
920 2377 1289 2433 monasterioli
1344 2377 1613 2432 concessit
1647 2376 1969 2431 momalibus
2019 2375 2077 2432 S.

497 2466 644 2524 Petri
670 2468 1049 2525 Remensibus.
1075 2470 1227 2524 Anno
1251 2469 1378 2524 1091
1408 2470 1604 2523 donum
1630 2469 1873 2524 ecclesia!
1894 2468 2082 2524 Turris

495 2575 661 2632 {aper
702 2571 1039 2625 matronam,
1072 2562 1227 2617 data:
1278 2576 1422 2616 anno
1454 2561 1590 2616 1085
1636 2560 2084 2617 Cluniacensibus

499 2651 569 2706 ab
598 2651 821 2724 llugone
869 2652 980 2707 tilio
1027 2652 1311 2718 Manassis,
1366 2652 1728 2707 confirmavit.
1759 2651 1916 2706 Anno
1945 2652 2084 2707 1092

498 2744 790 2798 concilium
855 2744 1122 2799 Remense
1183 2744 1501 2811 celebravit,
1560 2742 1712 2813 cujus
1755 2744 2085 2800 auctoritate

504 2834 777 2892 Robcrtus
818 2851 1000 2891 eomes
1044 2835 1317 2892 Flandria:
1368 2837 1715 2892 morientium
1759 2835 2084 2892 clericorum

502 2931 642 2984 bona
697 2944 966 3000 occupare
1014 2930 1193 2985 desiit.
1235 2930 1393 2984 Anno
1428 2930 1690 3000 sequenti
1734 2930 1881 2985 dedit
1914 2931 2085 2985 altare

502 3020 980 3077 Hermundi-villze
1010 3023 1291 3079 monachis
1338 3021 1398 3078 S.
1436 3020 1780 3079 Theoderici.
1809 3025 2084 3095 Frequens

498 3120 585 3167 est
618 3112 1015 3185 archiepiscopi
1047 3115 1208 3186 hujus
1268 3116 1470 3170 mentio
1513 3114 1565 3171 in
1595 3117 1821 3172 historia
1849 3118 2082 3173 restituti

2170 1912 2504 1985 episcopum
2548 1914 3036 1979 Catalaunensem;
3085 1926 3139 1969 et
3165 1914 3293 1969 data
3322 1915 3726 1969 Lauduuettsibas

2174 2007 2243 2061 vS.
2300 2006 2569 2061 Vineentii
2618 2006 2901 2061 monachis
2945 2005 3178 2061 ecclesia
3207 2006 3726 2069 Alti-montis,intcr-

2148 2166 2149 2169 η
2180 2097 2287 2154 fuit
2311 2098 2546 2153 concilio
2584 2097 3012 2153 Claromontano
3047 2098 3122 2152 nil
3153 2098 3259 2152 sibi
3288 2100 3549 2153 conscius
3566 2098 3728 2151 adulte-

2176 2207 2369 2246 rarum
2435 2191 2577 2262 regis
2626 2192 2960 2261 nuptiarum.
2993 2191 3164 2247 Paulo
3183 2202 3348 2246 antea
3381 2186 3728 2261 subscripserat

2183 2284 2415 2340 concilio
2440 2286 2489 2338 in
2516 2283 2696 2341 Monte
2719 2284 2775 2340 S.
2809 2283 2993 2339 Maria:
3022 2285 3303 2340 celebrato
3324 2286 3520 2341 eodem
3542 2301 3677 2339 anno.

2255 2377 2335 2430 Ad
2372 2386 2677 2431 extremum
2728 2392 2852 2431 cum
2893 2392 2981 2432 res
3009 2376 3471 2432 Atrebatensium
3512 2393 3633 2447 quas
3658 2377 3730 2432 Ur-

2184 2468 2362 2523 banus
2395 2468 2434 2522 ll
2470 2484 2607 2539 papa
2656 2469 2759 2524 sibi
2784 2470 3293 2533 commendaverat,-
3339 2470 3564 2525 firmare
3592 2472 3731 2525 stude-

2187 2569 2290 2627 ret,
2321 2562 2454 2616 nihil
2481 2575 2660 2631 opera:
2687 2571 2743 2616 et
2760 2560 2963 2623 laboris
2980 2562 3418 2631 przetermittens
3438 2577 3729 2632 quoomucm

2186 2656 2240 2709 in
2274 2664 2548 2724 posterum
2578 2654 2824 2725 litigandi
2858 2664 3094 2725 segetem
3126 2670 3255 2709 cum
3282 2654 3733 2711 Cameracensiuiis

2188 2747 2456 2802 radicitus
2479 2755 2807 2817 amputaret,
2841 2747 3033 2802 morbo
3063 2757 3361 2817 correptus
3390 2747 3531 2802 obiit
3559 2763 3621 2801 xu
3644 2746 3733 2799 Iul.

2186 2838 2451 2894 Februar.
2501 2852 2647 2892 anno
2689 2836 2829 2893 1096
2883 2838 3157 2903 Atrebati,
3207 2838 3300 2892 ubi
3338 2846 3400 2892 et
3451 2839 3736 2908 sepulturam

2183 2932 2465 3002 accepisse
2489 2932 2731 2989 nonnulli
2767 2926 3021 2993 credunt.
3086 2930 3194 2986 Sed
3221 2931 3295 2987 iis
3330 2930 3662 2986 reclamitare
3680 2946 3738 2981 Vz-

2183 3028 2346 3086 detur
2375 3029 2745 3101 necrologium
2769 3024 3031 3085 Ecclesiae
3050 3028 3339 3083 Remensis
3371 3029 3428 3083 in
3452 3029 3566 3083 hac
3585 3030 3735 3082 verba:

2189 3121 2305 3177 ΧΙΙ
2334 3121 2458 3177 Kal.
2490 3120 2651 3177 Febr.
2675 3121 2993 3191 Rayualdus
3044 3120 3194 3173 bona:
3228 3120 3511 3174 memoria:
3529 3121 3739 3187 archiepi-

501 3201 952 3261 Atrebatensibus
991 3207 1203 3277 proprii
1262 3206 1529 3278 episcopi;
1579 3209 1725 3277 quod
1774 3207 1975 3263 factum
2002 3223 2087 3264 esr
2112 3194 2157 3255 Ο
2188 3229 2377 3285 ισοραε
2429 3226 2606 3270 noster
2648 3215 2920 3286 requiescit
2978 3215 3144 3277 intus,
3189 3212 3285 3281 qui
3314 3212 3467 3265 dedit
3499 3212 3562 3267 S.
3592 3210 3739 3267 Mane

501 3292 661 3347 annis
713 3294 852 3349 1092
895 3305 951 3349 et
998 3295 1158 3361 1095,
1196 3307 1250 3351 et
1279 3312 1308 3349 a
1348 3296 1504 3351 nobis
1559 3305 1848 3353 traCtatum
1872 3297 1991 3353 olit.
2028 3297 2080 3352 ii.

503 3392 650 3438 tomo
704 3386 864 3440 tertio
897 3386 1083 3441 Gallia:
1128 3385 1289 3456 hujus
1332 3387 1675 3443 ChriSIianae.
1709 3388 1911 3444 Eodem
1941 3403 2086 3445 anno

503 3474 646 3531 1095
692 3477 980 3531 concilium
1034 3476 1178 3547 apud
1232 3478 1556 3533 Suessiones
1592 3478 1788 3533 indixit
1827 3479 2087 3535 adversus

503 3569 844 3627 Roscelinum
875 3571 1207 3627 haereticum.

576 3659 789 3716 Interea
841 3677 962 3716 cum
1016 3648 1311 3717 divortium
1364 3662 1506 3734 regis
1544 3664 1811 3720 maximas
1839 3664 1894 3719 in
1924 3679 2083 3737 regor
2120 3650 2121 3653 ¹

505 3755 693 3808 turbas
732 3754 922 3818 cieret,
976 3753 1067 3807 Ivo
1105 3755 1461 3811 Carnotensis
1484 3772 1547 3811 ea
1576 3757 1644 3811 de
1688 3772 1746 3811 re
1775 3757 1993 3828 scripsit
2022 3758 2089 3814 ad

507 3842 835 3898 liainaldum
871 3844 925 3898 in
962 3845 1106 3899 hunc
1160 3844 1377 3900 modum
1430 3846 1532 3917 (ep.
1565 3846 1652 3914 l3)
1684 3865 1697 3900 :
1725 3864 1744 3898 ι
1785 3846 1986 3917 Nuper,
2010 3848 2093 3902 itt-

503 3934 643 4004 quit,
673 3947 796 3988 cum
829 3948 859 3987 a
889 3934 1108 3988 domino
1128 3949 1256 4005 rege
1286 3934 1509 3991 fuissem
1533 3936 1795 3990 invitatus
1826 3938 1891 3990 ad
1924 3937 2090 3992 collo-

486 4026 691 4103 ;quium
742 4036 802 4081 ut
852 4040 1028 4082 essem
1078 4028 1128 4082 ei
1174 4028 1390 4095 adjutor
1436 4027 2119 4100 incelebrandisnuptiis.

502 4136 642 4191 quas
672 4118 853 4175 facere
884 4121 1205 4190 disponebat
1257 4120 1322 4174 de
1347 4120 1607 4175 Bertrada
1631 4119 1859 4191 conjuge
1876 4122 2093 4178 comitis

420 4280 423 4283 η
500 4212 911 4286 Andegavensis
945 4231 958 4267 :
989 4213 1059 4268 ad
1085 4212 1230 4283 quod
1275 4227 1399 4268 cum
1442 4204 1987 4291 respondissemnon
2019 4217 2091 4271 ita

502 4314 758 4376 oportere
786 4304 1199 4373 ﬁeri,quoniam
1230 4303 1469 4358 nondum
1505 4315 1653 4360 esset
1674 4321 1835 4361 causa
1867 4306 2091 4365 diﬂinita

488 4398 646 4463 inter
693 4398 869 4468 ipsum
917 4406 973 4453 et
1006 4410 1230 4453 uxorem
1284 4395 1422 4464 ejus,
1470 4405 1699 4451 testatus
1750 4406 1833 4452 est
1862 4396 2093 4469 plenitcr

488 4486 787 4555 ,ditliuilam
834 4482 957 4543 esSe
1007 4486 1300 4558 apostolica
1327 4487 1653 4543 auctoritate
1678 4497 1733 4542 et
1767 4497 1969 4554 vestra,
1997 4496 2088 4543 veé

505 4585 852 4647 strorumque
878 4578 1327 4649 cocpiscoporum
1378 4579 1707 4637 laudatione.
1734 4580 1851 4648 Quo
1878 4581 2086 4646 audito,
2122 4558 2164 4612 D

509 4670 760 4739 respondi
811 4686 895 4726 me
946 4674 1049 4727 hoc
1103 4674 1374 4743 ignorare,
1409 4689 1509 4729 nec
1553 4676 1858 4745 hujusmodi
1885 4676 2087 4747 nuptiis

507 4758 647 4817 velle
696 4759 977 4827 interesse,
1007 4762 1110 4817 nisi
1156 4778 1252 4817 vos
1295 4779 1483 4818 carum
1513 4766 1709 4820 essetis
1737 4777 2089 4822 t‘OItsecrator

505 4860 562 4907 et
592 4863 802 4918 auctor,
829 4865 887 4909 et
906 4859 1205 4932 coepiscopi
1231 4861 1397 4917 vestri
1429 4871 1732 4916 assertores
1753 4868 1806 4916 et
1830 4875 2089 4930 coopera-

508 4956 672 5011 tores,
714 4948 972 5017 quoniatn
1006 4950 1057 5005 id
1105 4953 1365 5023 competit
1389 4954 1496 5023 juri
1536 4953 1781 5009 ecclesia:
1804 4961 1999 5007 vestrm
2022 4969 2086 5007 ex

503 5038 795 5109 apostolica
826 5042 1148 5097 auctoritate
1171 5054 1226 5099 et
1251 5045 1469 5115 antiqua
1501 5045 1913 5100 consuetudine.
1938 5045 2085 5113 Quo-

504 5132 651 5207 niam
681 5132 845 5203 igitur
871 5134 1085 5191 conﬁdo
1116 5138 1183 5194 de
1208 5137 1466 5208 religione
1506 5148 1704 5204 vestra,
1733 5138 1865 5192 nihil
1896 5154 1990 5192 vos
2016 5139 2087 5191 de

505 5238 564 5278 re
615 5232 723 5279 tam
772 5226 1074 5294 periculosa
1103 5236 1155 5282 et
1178 5225 1336 5283 fama:
1366 5236 1576 5295 vestrae,
1610 5237 1663 5281 et
1700 5229 1967 5285 honestati
2003 5241 2085 5285 to-

470 5385 483 5395 θ
503 5317 611 5371 tius
642 5319 791 5388 regni
826 5327 932 5373 tam
958 5321 1259 5390 perniciosa
1288 5320 1556 5376 facturum
1580 5321 1920 5375 dicturnmve
1943 5322 2086 5393 quod

502 5425 608 5463 non
650 5412 975 5468 auctoritate
1019 5414 1107 5471 vel,
1145 5415 1355 5471 ratione
1394 5415 1601 5477 nitatur
1636 5430 1648 5467 :
1689 5414 2086 5469 studiosissime

501 5512 556 5554 et
584 5504 932 5560 devotissime
962 5507 1191 5562 obsecro
1240 5509 1558 5563 charitatem
1605 5514 1840 5560 vestram
1865 5517 1921 5558 ut
1954 5507 2084 5560 mihi

503 5589 781 5673 ﬂuctuanti
824 5598 1104 5652 veritatem
1138 5600 1297 5669 hujus
1338 5599 1413 5653 rei
1447 5614 1608 5667 quam
1641 5597 1813 5659 scitis,
1866 5598 2083 5667 aperia-

496 5686 595 5748 tis,
650 5696 706 5741 et
730 5704 921 5743 sanum
961 5691 1268 5756 consilium,
1321 5692 1446 5747 licet
1472 5692 1699 5745 arduum
1726 5700 1779 5743 et
1810 5706 2083 5759 asperum,

501 5787 667 5843 super
705 5776 807 5833 hoc
842 5779 1144 5848 pra-beatis.
1183 5801 1199 5831 ι
1232 5781 1339 5835 Sed
1384 5789 1439 5834 et
1498 5779 1747 5835 Urbanus
1793 5796 1927 5849 papa
1957 5777 2087 5833 itai—

2190 3308 2385 3363 altaria
2412 3310 2539 3375 tria,
2569 3319 2623 3364 ut
2650 3310 2771 3363 inde
2800 3308 3119 3379 sepeliantur
3137 3305 3413 3370 canonici,
3448 3306 3681 3378 reliquus
3702 3307 3741 3355 is

2188 3407 2305 3477 ejus
2331 3405 2551 3461 solemni
2578 3408 2940 3462 anniversario
2972 3412 3242 3465 canonicis
3270 3413 3327 3466 in
3362 3412 3495 3465 urbe
3522 3410 3741 3462 exstent:-

2190 3500 2284 3553 bus
2302 3497 2670 3565 distribuitur;
2688 3513 3001 3571 quanquam
3025 3518 3092 3556 ex
3127 3503 3232 3557 hac
3265 3504 3463 3559 vocula
3492 3504 3624 3555 iuius
3641 3499 3742 3553 nihil

2189 3591 2544 3664 peremptorii
2569 3592 2823 3655 concludi
2846 3608 3007 3664 posse
3028 3605 3244 3650 constat
3259 3611 3329 3650 ex
3364 3597 3535 3650 simili
3556 3592 3743 3648 formati

2191 3700 2355 3755 (piam
2411 3684 2552 3739 infra
2601 3684 2654 3739 in
2687 3685 2953 3741 llainaldo
2986 3686 3024 3740 ll
3056 3689 3195 3758 apud
3222 3688 3583 3759 lgniaccnscs
3606 3701 3748 3741 ιιιοω-

2191 3775 2324 3832 chos
2355 3776 2568 3847 sepulto
2591 3775 2905 3832 referemus.
2943 3779 3006 3834 Ut
3029 3790 3086 3832 nt
3109 3784 3200 3845 sit,
3236 3780 3291 3835 in
3335 3783 3522 3834 medio
3548 3780 3745 3833 eet-hair

2191 3868 2527 3925 cathedralis
2547 3870 2714 3924 choro
2738 3869 2872 3939 lapis
2895 3871 3253 3942 sepulchralis
3294 3874 3438 3943 nigri
3470 3872 3661 3927 coloris
3676 3883 3748 3941 pro

2192 3963 2471 4033 epitaphio
2515 3962 2632 4017 han:
2654 3962 2817 4015 verba
2868 3977 2979 4033 pra.
3008 3977 3067 4018 se
3106 3963 3211 4017 fert
3250 3981 3262 4016 :
3296 3965 3622 4019 ltnsscous
3642 3963 3747 4016 (Ins-

2195 4069 2440 4109 ηιατυς
2470 4067 2939 4108 Αιιοιιιεριδωτυς.
2964 4091 2970 4097 .
2995 4051 3309 4123 Capitulum
3341 4055 3688 4109 Atrebatcmsc
3710 4062 3749 4102 ut

2192 4144 2471 4201 laboribus
2525 4144 2593 4197 ab
2631 4158 2696 4197 eo
2751 4143 3012 4213 impensis
3050 4148 3194 4201 vices
3226 4148 3513 4213 redderet,
3539 4146 3749 4217 jngistje:

2195 4236 2454 4292 memoria
2476 4234 2593 4305 ejus
2614 4235 2929 4301 haberetur,
2945 4238 3383 4294 anniversarium
3421 4257 3523 4310 pro
3547 4259 3608 4293 eo
3627 4250 3748 4307 quol-

2192 4330 2350 4384 annis
2400 4330 2680 4387 celebrare
2738 4331 2980 4385 decrevit
3034 4330 3088 4383 in
3130 4331 3325 4399 majori
3355 4332 3612 4386 ecclesia.
3646 4328 3749 4383 lluic

2192 4426 2500 4492 parentavit
2528 4424 2786 4496 elegiacis
2812 4422 3056 4476 versibus
3078 4421 3394 4478 Bahlerieus
3421 4422 3752 4494 Burgoliens-s

2191 4514 2380 4581 abbas,
2412 4517 2608 4585 quibus
2636 4515 2880 4571 Rainaldi
2906 4516 3161 4569 virtutem
3184 4518 3539 4570 commendat
3562 4516 3610 4567 in
3638 4514 3749 4566 haec

2190 4607 2412 4663 modum
2441 4627 2454 4663 :

2191 4737 2436 4793 Remensi
2470 4738 2662 4808 papula
2690 4737 2891 4806 lumen,
2922 4739 3233 4810 ﬁrmamque
3265 4744 3577 4793 column

2260 4829 2583 4885 liainaldum
2608 4826 2802 4886 Christi
2826 4834 2999 4903 gratia
3027 4832 3348 4887 contulerat.

2191 4919 2294 4977 Hic
2323 4940 2525 4995 quoque
2552 4924 2775 4980 Martini
2799 4925 3036 4980 sublatus
3059 4924 3123 4979 ab
3151 4926 3265 4980 ade
3286 4926 3429 4981 beati

2262 5010 2507 5070 Βουτεηεί
2537 5016 2755 5069 multum
2777 5017 2976 5085 profuit
3000 5015 3275 5073 Ecclesia.

2192 5103 2351 5159 Hunc
2382 5123 2521 5160 mors
2554 5107 2607 5161 in
2636 5117 2786 5163 tanto
2811 5110 3082 5179 ﬂorentem
3105 5109 3420 5180 pontiﬁcatu

2262 5199 2466 5270 Attigit,
2495 5186 2541 5253 et
2564 5216 2780 5254 vacuam
2805 5192 2927 5269 fecit
2951 5201 3071 5255 item
3097 5201 3423 5256 cathedram.

2193 5287 2392 5360 Pupilli
2415 5293 2547 5347 circa
2566 5296 2661 5362 pro
2681 5304 2826 5347 tanta
2846 5293 3070 5362 pressule
3094 5295 3277 5364 flentes

2263 5385 2465 5457 Corpus
2492 5388 2755 5459 pontiﬁcis
2780 5391 2864 5444 hic
2887 5405 3107 5459 posuere
3128 5390 3231 5444 sui.

2194 5476 2242 5531 11
2252 5482 2335 5533 ttic
2354 5472 2583 5549 populus
2610 5482 2773 5551 gleba:
2791 5482 2983 5553 dignus
3010 5483 3277 5552 dispensat
3299 5482 3570 5559 bonum:

2164 5574 2167 5579 λ
2263 5571 2533 5643 Dispenscl
2552 5576 2757 5627 veniant
2778 5574 3148 5643 Cunctipotcns
3172 5578 3382 5628 enim.

2197 5662 2352 5716 "nnc
2379 5665 2622 5718 duodena
2651 5666 2762 5718 dies
2786 5664 2955 5734 febrtti
2978 5666 3264 5734 pra-eundo
3287 5664 3551 5721 kalendas

2265 5756 2507 5811 Destituit
2536 5758 2754 5824 mundo,
2787 5759 3308 5829 substituitqucpolo.
