3836 6320
106 321 218 382 1583

118 454 2727 481 Μ

1486 266 1868 369 emerem.

3174 307 3316 367 1583

871 544 1604 719 RAYNALDI
1690 601 2477 717 EPISTOLZE.

1111 825 1392 896 (Province
1415 823 1804 895 ecclésiaetique
1828 823 1892 878 de
1916 823 2133 893 Reims.)

1448 984 1823 1003 _————.

430 1224 499 1263 AD
534 1223 743 1263 οιειιυιι
781 1222 1226 1265 ΑτιιεΒΑτεκει-ιι.

369 1359 384 1377 ε
415 1300 490 1356 De
525 1300 911 1357 consecratione
950 1299 1234 1357 Lamberti.

634 1390 812 1462 (Anno
850 1390 1037 1462 1095.)

146 1482 454 1546 “trustees,
491 1480 665 1552 gratia
701 1480 796 1536 Dei
834 1480 1127 1537 Remorum
1166 1480 1624 1552 archiepiscopus,

86 1577 251 1633 domne
261 1574 577 1630 ϐωωειιτο
592 1574 965 1645 universaque
977 1573 1351 1629 Atrebatensis
1373 1574 1628 1630 Ecclesia

85 1665 443 1737 congregationi
473 1664 701 1721 salutem
726 1673 788 1721 et
828 1663 1259 1721 benedictionem
1296 1664 1351 1719 in
1396 1664 1626 1722 Domino

84 1751 204 1808 Jesu.
692 1802 695 1803 ν

137 1841 411 1913 Scripsistis
439 1842 597 1899 nobis
623 1852 891 1914 quatenus
931 1842 1221 1899 terminum
1252 1841 1405 1899 vobis
1428 1843 1626 1899 rescri-

82 1930 293 1990 beremus
320 1934 369 1989 in
400 1947 512 2005 quo
535 1932 768 1990 electura
808 1940 1050 1987 vestrum
1094 1945 1417 1989 consecrare
1456 1932 1623 1989 velle-

81 2034 194 2077 mus.
208 2022 289 2090 At,
311 2023 433 2093 quia
462 2024 801 2079 consecratio
830 2021 918 2077 illa
947 2038 1054 2080 non
1075 2022 1251 2080 solum
1269 2024 1339 2078 ad
1356 2032 1624 2090 nosu'am,

79 2123 235 2166 verum
259 2112 412 2168 etiam
461 2114 529 2168 ad
566 2112 1009 2183 coepiscoporum
1052 2123 1362 2172 nostrorum
1389 2123 1628 2185 potesta-

81 2212 167 2257 tem
193 2202 335 2271 juxta
368 2218 638 2260 canonum
677 2203 1016 2260 sanctionem
1065 2206 1342 2275 pertinere
1391 2205 1624 2273 videtur,

78 2292 193 2349 diem
229 2296 371 2353 vobis
404 2293 567 2366 hujus
593 2296 1019 2352 consecrationis
1063 2297 1269 2368 absque
1311 2297 1626 2353 eorumdem

81 2386 274 2444 consilio
308 2388 724 2459 haudquaquam
765 2387 1172 2445 rescribendum
1227 2403 1349 2445 esse
1404 2388 1625 2459 dignum

79 2474 311 2535 duximus.
347 2479 479 2547 Sed,
504 2495 630 2537 cum
653 2479 710 2535 in
734 2479 874 2537 festo
898 2488 1102 2537 sancta
1128 2479 1311 2537 Maria
1356 2481 1628 2538 mediante

78 2565 290 2638 Augusto
307 2586 561 2643 magnum
593 2580 651 2628 et
672 2572 1049 2643 episcoporum
1077 2580 1133 2629 et
1158 2572 1476 2630 clericorum
1495 2588 1627 2628 con-

76 2669 258 2716 ventum
285 2660 468 2719 Remis
498 2662 735 2719 habituri
770 2662 965 2730 simus,
994 2662 1121 2718 illud
1152 2665 1296 2734 quod
1320 2664 1390 2720 ab
1420 2663 1502 2720 eis
1527 2679 1623 2721 su-

75 2762 154 2815 per
194 2751 288 2809 hoc
336 2753 622 2811 consilium
674 2756 1078 2825 acceperimus,
1126 2765 1182 2812 et
1224 2756 1514 2812 terminum
1569 2756 1625 2813 in

74 2850 165 2905 quo
204 2842 442 2900 eumdem
484 2843 716 2913 electum
759 2853 1003 2902 vestrum
1022 2846 1317 2904 debeamus
1338 2861 1625 2904 consecra-

73 2940 137 2995 re,
164 2930 300 2990 vobis
326 2934 589 2992 mandare
610 2950 716 2992 non
744 2936 1075 2995 diﬂ'eremus.
1108 2936 1310 2995 Valete.

72 3123 127 3163 ΑΙ)
168 3128 481 3177 ιιιωειιτυι
533 3133 780 3177 ειεετωι
835 3135 1253 3178 ATREBA’I‘BNSE)!
1306 3135 1620 3179 EPISCOW“.

551 3209 629 3266 De
664 3210 782 3280 ejus
820 3208 1087 3266 electione.
1570 3238 1573 3239 ν

615 3300 796 3371 (Anno
847 3299 1031 3370 1095.)
1546 3366 1551 3367 ,

128 3384 441 3455 RHNALDUS,
484 3390 580 3447 Dei
625 3391 798 3463 gratia
826 3392 1117 3450 Remorum
1156 3394 1620 3467 archiepiscopus,

67 3475 378 3539 dilectissimo
409 3482 671 3539 cnnl'ratri
700 3493 756 3541 et
785 3485 1157 3542 consacerdoti
1195 3500 1296 3543 suo
1323 3486 1620 3545 Lassare

66 3568 263 3629 salutem
290 3584 342 3630 et
370 3575 804 3635 benedictionem
838 3578 890 3633 itt
921 3578 1149 3635 Domino
1174 3578 1321 3635 Jesu.

124 3662 335 3725 Litteras
363 3686 502 3743 quas
530 3671 686 3728 nobis
719 3687 817 3744 pro
835 3674 1243 3730 consecratione
1269 3684 1357 3730 tua
1385 3676 1620 3731 domnus

64 3763 177 3820 papa
191 3754 379 3815 direxit
393 3761 747 3833 suscepimus,
763 3763 858 3819 sed
875 3770 931 3819 et
944 3779 1130 3820 earum
1148 3778 1269 3834 qua
1290 3764 1384 3819 tibi
1402 3765 1622 3821 directa

63 3855 169 3897 sunt
207 3851 482 3923 exemplar
522 3852 798 3909 vidimus:
827 3868 963 3923 quas
1009 3870 1131 3911 cum
1179 3844 1627 3928 perlegissemus,

64 3935 349 4009 coepiscopo
370 3952 558 3999 nostro
580 3943 958 4002 Suessionensi
998 3962 1091 4004 eas
1115 3950 1536 4015 transmisimus,
1565 3961 1621 4007 et

60 4032 110 4075 ut
135 4024 239 4096 ipse
281 4034 496 4091 cateris
528 4034 883 4109 sull‘raganeis
924 4041 1323 4097 transmitteret
1359 4044 1615 4112 praecpi-

60 4126 471 4190 mus{quatenus
495 4125 562 4179 ab
589 4126 671 4182 eis
711 4136 935 4199 accepto
964 4130 1191 4186 consilio
1230 4140 1334 4186 tua
1368 4130 1619 4188 fraterni-

61 4206 139 4260 tati
171 4216 607 4283 respondeamus.
649 4217 881 4290 ldeoque
926 4220 1018 4276 tibi
1056 4236 1225 4292 usque
1246 4231 1464 4278 octavas
1492 4239 1618 4279 san-

59 4297 118 4352 cti
152 4300 368 4364 Andrea
405 4308 641 4379 aliquem
672 4310 905 4383 legatum
944 4322 1093 4369 tuum
1149 4315 1216 4369 ad
1266 4329 1364 4369 nos
1409 4314 1623 4386 deleges

57 4391 370 4466 mandamus,
432 4413 531 4469 per
577 4415 738 4470 quem
788 4410 892 4456 tua
940 4402 1211 4458 dilectioni
1258 4405 1621 4460 rescribamus

57 4480 167 4579 Quid
208 4498 368 4579 super
417 4490 672 4546 omnibus
705 4489 810 4547 illis
855 4507 975 4562 qua
1012 4493 1078 4549 de
1108 4501 1159 4548 te
1198 4492 1429 4551 domnus
1482 4509 1619 4565 papa

56 4575 260 4638 injunxit
294 4580 471 4633 acturi
512 4595 717 4635 suntus.
760 4579 907 4636 Vale.

775 4673 860 4728 Ill.

282 4776 439 4817 (ΖΜ-181
482 4780 882 4822 ATREBATENSIS
920 4782 989 4821 AD
1024 4783 1366 4824 RAVNALDUII.

476 4853 554 4909 De
590 4855 837 4911 electione
876 4857 1154 4913 Lamberti.

640 4948 818 5019 (Antto
841 4949 1027 5021 1095.)

111 5028 306 5089 Dilecto
360 5047 417 5091 et
476 5035 527 5091 in
587 5038 818 5095 veritate
877 5039 1149 5112 diligendo
1194 5050 1251 5097 et
1302 5041 1619 5100 honorando

47 5114 180 5179 Patri
208 5138 262 5183 et
287 5130 508 5187 domino
548 5129 843 5187 Rumwo
894 5130 988 5188 Dei
1038 5133 1380 5189 ordinatione
1419 5132 1608 5191 Remo-
1652 5163 1696 5218 ι)

46 5224 154 5269 rum
198 5220 607 5293 archiepiscopo
656 5220 834 5276 clerus
883 5229 940 5277 et
980 5222 1212 5293 pepulus
1246 5223 1618 5283 Atrebatensis

48 5300 285 5367 Ecclesia
310 5329 437 5377 cum
466 5312 757 5369 Lamberto
795 5316 898 5369 etsi
934 5313 1110 5369 inutili
1163 5315 1470 5372 sanctitatis
1508 5332 1621 5372 sua

46 5409 210 5537 ἔθετο,
242 5421 428 5461 veram
463 5405 808 5463 dilectionem
857 5421 979 5463 cum
1024 5407 1360 5465 orationibus
1397 5418 1452 5463 et
1496 5409 1621 5465 obe—

82 5492 257 5537 tentia-

82 5492 258 5545 ientia.

108 5577 312 5640 Vestrae
339 5587 672 5643 excellentia
702 5587 947 5659 dignitati
973 5587 1297 5657 multiplices
1329 5587 1617 5644 referimus

45 5674 237 5771 gratias
261 5679 393 5749 quia
422 5680 685 5736 hactenus
726 5690 1008 5750 gratanter
1036 5681 1190 5737 nobis
1216 5690 1275 5736 ut
1317 5681 1437 5752 pius
1469 5690 1620 5752 pater

42 5775 287 5829 Juvamen
312 5771 634 5828 exltibuistis
656 5782 711 5827 et
730 5773 1025 5843 benignum
1042 5788 1134 5833 vos
1150 5788 1279 5845 erga
1304 5789 1402 5833 nos
1425 5775 1478 5832 in
1496 5789 1622 5831 cun—

451 5866 724 5927 ΙδΑτιιοι..
764 5864 886 5927 CL.

1570 1138 1573 1141 -
1657 1098 1703 1155 Α
1733 1109 1837 1163 etis
1859 1123 2038 1164 causa
2058 1116 2262 1165 nostra
2274 1107 2394 1165 fore
2412 1107 2760 1179 promisistis.
2797 1107 2903 1165 Sed
2926 1110 3309 1180 paternitatem

1725 1209 1963 1255 vestram
2002 1202 2266 1257 miramur
2287 1200 2582 1271 plurimum
2610 1200 2667 1256 in
2696 1200 2851 1257 calce
2895 1200 3068 1256 nostri
3115 1201 3317 1273 negotii

1727 1290 2091 1363 iul‘rigidatam
2120 1291 2379 1357 existere,
2407 1305 2531 1347 cum
2558 1289 2699 1345 infra
2734 1291 3028 1346 terminum
3073 1289 3142 1344 ab
3189 1304 3320 1360 apo-

1726 1384 1921 1440 stolico
1952 1393 2145 1440 vestra
2183 1382 2599 1455 magniﬁcentia
2633 1382 2792 1440 electi
2827 1382 2999 1438 nostri
3030 1380 3316 1437 censecra-

1727 1478 1892 1536 tionis
1946 1478 2246 1549 iniunctam
2342 1492 2446 1535 nec
2501 1478 2819 1535 solemniter
2858 1477 3055 1534 litteris
3100 1478 3318 1544 vestris,

1728 1580 1787 1624 ut
1839 1570 2259 1639 arbitrabamur,
2308 1571 2377 1625 ad
2421 1571 2890 1627 consecrationem
2944 1569 3179 1626 electum
3225 1584 3322 1625 no-

1726 1669 1900 1717 strum
1934 1663 2192 1730 vocastis,
2246 1675 2345 1719 nec
2395 1650 2539 1717 diem
2596 1673 2805 1718 certum
2849 1660 2985 1716 infra
3032 1661 3321 1717 terminum

1726 1751 2073 1822 designastis.
2125 1752 2280 1808 Nune
2307 1760 2515 1818 autem,
2544 1767 2667 1808 cum
2694 1752 3035 1808 consecratio
3056 1752 3317 1820 deinceps

1674 1828 1675 1831 “
1729 1842 1868 1898 intra
1900 1844 2252 1900 tricennalem
2276 1855 2473 1899 metam
2497 1843 2683 1913 nequit
2708 1842 2848 1904 ﬁeri.
2879 1842 3069 1899 saltem
3109 1839 3321 1897 litteras
3414 1836 3423 1845 ’

1728 1943 1926 1990 vestra
1954 1934 2313 1999 auctoritatis,
2352 1948 2475 2003 quae
2524 1932 2828 2004 apostolico
2878 1932 3211 1996 deferantur,
3259 1940 3322 1985 ut

1728 2025 1843 2095 ipse
1881 2025 2065 2096 jussit,
2128 2040 2228 2095 pro
2275 2024 2687 2080 consecratione
2737 2023 2909 2077 nostri
2955 2022 3114 2077 electi
3161 2021 3319 2077 nobis

1728 2116 1859 2170 dare
1886 2113 2062 2170 velitis
2088 2114 2316 2184 plurima
2348 2127 2479 2184 pace
2507 2126 2816 2182 precamur.
2859 2111 3063 2168 Valete.

2475 2206 2567 2262 IV.

2032 2313 2296 2355 MYNALDI
2336 2314 2405 2354 ΔΙ)
2444 2313 2692 2354 UBBANU!
2730 2312 2770 2352 ιι
2807 2310 3003 2352 ΡΑΡΔΙ.

2176 2391 2254 2446 De
2290 2390 2539 2445 electione
2576 2388 2862 2453 Lamberti.

2319 2480 2496 2553 (Anno
2543 2479 2727 2551 1095.)

1800 2571 2028 2630 Domino
2074 2582 2131 2628 et
2169 2572 2615 2629 reverentissimo
2653 2579 2855 2627 sancta
2900 2579 2961 2627 et
3005 2570 3316 2641 apostolica

1726 2662 1874 2717 sedis
1902 2675 2055 2732 papa
2087 2661 2309 2717 Uasaao
2347 2662 2688 2727 Eumaeus,
2739 2661 2868 2717 licet
2911 2659 3182 2730 indignus,
3216 2662 3312 2715 Dei

1725 2751 1899 2823 gratia
1944 2746 2237 2807 Remorum
2268 2751 2729 2821 archiepiscopus,
2784 2748 2999 2810 salutis.
3041 2750 3310 2821 obsequii,

1726 2842 2029 2912 debitaque
2073 2842 2426 2913 subiectionis
2475 2857 2673 2899 munus
2717 2841 3055 2898 uberrimum
3111 2841 3164 2895 itt
3207 2841 3314 2895 Do-

1725 2933 1895 2989 mino.

1795 3023 1924 3080 Post
1959 3023 2193 3097 directas
2221 3024 2454 3093 primum
2486 3024 2641 3080 nobis
2686 3040 2715 3078 a
2768 3022 3099 3092 paternitate
3128 3030 3310 3077 vestra

1724 3112 1935 3170 litteras
1968 3113 2172 3185 placuit
2210 3123 2411 3180 vestro,
2451 3113 2798 3170 serenissime
2826 3112 3009 3178 Pater,
3039 3112 3314 3183 apostola-

1727 3204 1805 3261 tui
1841 3213 1902 3261 ut
1948 3205 2145 3262 iterum
2179 3204 2315 3261 alias
2342 3205 2495 3261 nobis
2521 3203 2850 3276 dirigeretis,
2874 3211 3147 3273 praecepto
3174 3217 3315 3271 pra-

1723 3297 1989 3371 cipientes
2036 3307 2301 3369 quatenus
2354 3296 2499 3352 intra
2550 3296 2773 3367 triginta
2812 3296 3022 3351 dierum
3050 3296 3312 3364 spatium,

1726 3399 2012 3461 postquam
2061 3397 2274 3444 vestras
2324 3387 2531 3443 litteras
2561 3386 2867 3443 videremus
2912 3384 3309 3450 Atrebatensis,

1725 3462 1982 3537 Ecclesia
2040 3478 2272 3535 electum
2331 3478 2385 3532 itt
2445 3477 2764 3547 episcopum
2820 3488 3140 3529 consecrare
3203 3487 3312 3527 non

1725 3570 2089 3626 dill‘erremus.
2114 3568 2331 3624 Addidit
2356 3578 2411 3625 et
2432 3569 2536 3625 hoc
2564 3567 2781 3624 solertia
2811 3576 3015 3633 vestra,
3047 3574 3107 3621 ut
3129 3565 3173 3620 si
3203 3564 3314 3621 ali—

1722 3662 2014 3733 quanobis
2038 3670 2350 3718 occurreret
2372 3675 2536 3716 causa
2564 3676 2670 3730 qua
2701 3675 2900 3715 munus
2927 3658 3060 3717 illud
3087 3656 3309 3730 aggredi

1728 3753 2162 3820 formidaremus,
2188 3766 2313 3807 eum
2339 3751 2492 3809 vobis
2518 3767 2639 3808 cum
2672 3751 2976 3807 litterarum
2998 3760 3309 3808 nostrarum

1728 3852 2111 3923 astipulatione
2144 3853 2572 3908 consecrandum
2598 3850 2981 3923 dirigeremus.
3032 3850 3312 3925 Susceptis

1724 3940 1889 4013 igitur
1914 3940 2073 4010 hujus
2102 3951 2296 3997 vestra
2331 3942 2709 4013 praeceptionis
2747 3941 3010 4013 apicibus,
3059 3958 3128 3998 ne
3181 3946 3311 4013 quid

1724 4033 2045 4091 inconsultis
2092 4034 2428 4105 coepiscopis
2468 4035 2670 4091 nostris
2721 4043 2778 4090 et
2823 4035 3313 4092 consa‘cerdotilms

1723 4143 2199 4198 prasumeremus,
2231 4144 2353 4184 cum
2386 4136 2597 4183 constet
2638 4128 2826 4191 utique
2857 4136 2966 4180 tam
2997 4143 3064 4182 ex
3094 4143 3314 4183 eorum-

1724 4219 1844 4275 dem
1884 4234 2047 4287 quam
2087 4234 2155 4274 ex
2202 4228 2387 4273 nostra
2435 4221 2758 4272 auctoritate
2786 4217 3032 4273 eamdem
3078 4218 3314 4295 pendere

1724 4310 2212 4374 consecrationem,
2246 4310 2624 4365 mandatorum
2653 4320 2958 4364 vestrorum
2988 4310 3245 4365 schedula
3259 4327 3312 4366 n2

1724 4400 1791 4456 ad
1818 4400 2101 4456 universos
2126 4400 2195 4455 ad
2224 4415 2360 4470 quos
2391 4400 2689 4471 potuimus,
2726 4399 3026 4455 direximus
3070 4398 3315 4470 singulo-

1724 4508 1954 4565 rumque
2003 4493 2263 4549 sciscitati
2310 4507 2498 4549 sumus
2527 4492 2852 4548 sententiam
2885 4502 3157 4561 quatenus
3183 4494 3313 4548 illud

1725 4584 1883 4639 nobis
1910 4600 2075 4655 super
2110 4584 2213 4639 hac
2240 4599 2298 4639 re
2335 4584 2622 4639 consilium
2648 4583 3016 4656 providerent,
3042 4586 3185 4655 quod
3209 4600 3314 4642 nec

1723 4686 1921 4731 vestra
1946 4674 2243 4731 obeditioni
2268 4675 2673 4741 observaretur,
2708 4685 2764 4731 et
2792 4691 2860 4733 ex
2886 4690 2993 4748 qua
3026 4677 3315 4735 Remensis

1724 4767 1983 4824 Ecclesia
2032 4767 2268 4840 dignitas
2320 4784 2426 4825 non
2472 4769 2906 4825 imminueretur.
2966 4770 3154 4841 Itaque
3196 4772 3315 4827 hac

1722 4857 1967 4912 omnium
2002 4864 2059 4912 et
2095 4856 2492 4927 episc0porum,
2548 4867 2601 4913 et
2642 4857 2966 4915 clericorum
3002 4871 3309 4916 nostrorum

1724 4966 1961 5015 unavox
2005 4949 2109 5006 fuit
2141 4960 2198 5007 et
2224 4950 2509 5015 sententia,
2543 4959 2600 5007 ut
2626 4966 2728 5008 nos
2766 4952 2986 5022 quidem
3032 4951 3109 5006 ab
3150 4951 3310 5005 electi

1724 5044 1867 5101 illius
1892 5044 2303 5101 consecratione
2330 5058 2551 5099 manum
2574 5042 3161 5114 suspenderenms,sed
3180 5054 3310 5098 eum

1722 5136 1895 5203 vobis,
1919 5151 2044 5193 cum
2065 5136 2172 5194 hoc
2193 5146 2385 5192 vestra
2408 5136 2765 5207 praciperent
2795 5135 3007 5199 littera,
3037 5133 3311 5189 transmit-

1724 5239 1984 5296 teremus,
2009 5238 2065 5286 et
2087 5228 2348 5300 quidquid
2377 5228 2500 5283 inde
2532 5225 2833 5282 altitudinis
2860 5234 3055 5283 vestra
3084 5225 3310 5282 solertia

1723 5318 2028 5375 faciendum
2056 5319 2373 5377 decertaret
2395 5303 2625 5374 arbitrio
2652 5328 2830 5373 vestro
2854 5316 3306 5387 relinqueremus.

1723 5408 2044 5466 Timueruttt
2087 5409 2231 5465 enim
2265 5416 2323 5465 et
2360 5407 2640 5464 timentne
2663 5406 3089 5465 Cameracenses
3110 5424 3179 5477 ex
3207 5408 3309 5464 hoc

1722 5502 1866 5559 facto
1920 5511 2140 5573 accepta
2186 5501 2472 5558 occasione
2503 5539 2519 5565 ,
2563 5515 2623 5556 se
2672 5517 2700 5554 a
2764 5500 3016 5557 [tt-mensi
3070 5502 3307 5557 Ecclesia

1722 5595 2139 5665 abrumperent;
2185 5608 2305 5648 cum
2334 5602 2388 5648 et
2424 5593 2615 5650 civitas
2648 5607 2836 5648 eorum
2890 5593 3116 5648 alterius
3156 5593 3305 5663 regni

1723 5687 1987 5743 habeatur
2010 5734 2013 5739 ,
2036 5696 2091 5741 et
2139 5685 2291 5758 regni
2323 5684 2475 5755 cujus
2500 5701 2593 5742 rex
2617 5672 2785 5741 u..his
2818 5696 2872 5741 et
2912 5686 3166 5742 Ecclesia
3195 5684 3306 5741 Ro-

1725 5774 1899 5832 mana
1922 5774 2038 5847 jam
2064 5785 2118 5833 et
2144 5790 2207 5832 ex
2243 5774 2403 5845 longe
2430 5784 2667 5848 tempore
2698 5774 3029 5831 inimicatur.
3065 5774 3304 5833 Addide-

2793 5867 2868 5926 lib
