  <div class='ocr_page' id='page_1' title='image "/cluster/home/n/w/nwhite01/storage/ocr_20150623/150/hvd.32044015473788/697.png"; bbox 0 0 3836 6320; ppageno 0'>
   <div class='ocr_carea' id='block_1_1' title="bbox 12 2350 25 3413">
    <p class='ocr_par' dir='ltr' id='par_1_1' title="bbox 16 3338 17 3413">
     <span class='ocr_line' id='line_1_1' title="bbox 16 3338 17 3413; baseline 0 0"><span class='ocrx_word' id='word_1_1' title='bbox 16 3338 17 3413; x_wconf 64' lang='lat' dir='ltr'><strong>l</strong></span> 
     </span>
    </p>
   </div>
   <div class='ocr_carea' id='block_1_2' title="bbox 511 268 649 330">
    <p class='ocr_par' dir='ltr' id='par_1_2' title="bbox 511 268 649 330">
     <span class='ocr_line' id='line_1_2' title="bbox 511 268 649 330; baseline -0.051 1"><span class='ocrx_word' id='word_1_2' title='bbox 511 268 649 330; x_wconf 68' lang='lat'><strong>1387</strong></span> 
     </span>
    </p>
   </div>
   <div class='ocr_carea' id='block_1_3' title="bbox 1563 252 2716 318">
    <p class='ocr_par' dir='ltr' id='par_1_3' title="bbox 1563 252 2716 318">
     <span class='ocr_line' id='line_1_3' title="bbox 1563 252 2716 318; baseline -0.008 -1"><span class='ocrx_word' id='word_1_3' title='bbox 1563 257 1967 318; x_wconf 74' lang='lat' dir='ltr'><strong>RAYNALDII</strong></span> <span class='ocrx_word' id='word_1_4' title='bbox 2004 254 2353 315; x_wconf 81' lang='lat' dir='ltr'><strong>REMENSIS</strong></span> <span class='ocrx_word' id='word_1_5' title='bbox 2390 252 2716 312; x_wconf 84' lang='lat' dir='ltr'><strong>ARCHIEP.</strong></span> 
     </span>
    </p>
   </div>
   <div class='ocr_carea' id='block_1_4' title="bbox 3604 250 3703 308">
    <p class='ocr_par' dir='ltr' id='par_1_4' title="bbox 3604 250 3703 308">
     <span class='ocr_line' id='line_1_4' title="bbox 3604 250 3703 308; baseline 0.04 -4"><span class='ocrx_word' id='word_1_6' title='bbox 3604 250 3703 308; x_wconf 76' lang='lat' dir='ltr'><strong>l388</strong></span> 
     </span>
    </p>
   </div>
   <div class='ocr_carea' id='block_1_5' title="bbox 510 364 3706 443">
    <p class='ocr_par' dir='ltr' id='par_1_5' title="bbox 510 364 3706 443">
     <span class='ocr_line' id='line_1_5' title="bbox 510 364 3706 443; baseline -0.005 -1"><span class='ocrx_word' id='word_1_7' title='bbox 510 393 639 443; x_wconf 86' lang='lat' dir='ltr'><strong>runt</strong></span> <span class='ocrx_word' id='word_1_8' title='bbox 676 382 841 440; x_wconf 89' lang='lat' dir='ltr'><strong>etiam</strong></span> <span class='ocrx_word' id='word_1_9' title='bbox 896 379 1217 437; x_wconf 85' lang='lat' dir='ltr'><strong>damnosam</strong></span> <span class='ocrx_word' id='word_1_10' title='bbox 1247 375 1535 434; x_wconf 86' lang='lat' dir='ltr'><strong>admodum</strong></span> <span class='ocrx_word' id='word_1_11' title='bbox 1584 375 1698 432; x_wconf 81' lang='lat' dir='ltr'><strong>ﬁeri</strong></span> <span class='ocrx_word' id='word_1_12' title='bbox 1732 375 2112 433; x_wconf 83' lang='lat' dir='ltr'><strong>commutatio—</strong></span> <span class='ocrx_word' id='word_1_13' title='bbox 2140 377 2186 435; x_wconf 83' lang='grc' dir='ltr'><strong>Α</strong></span> <span class='ocrx_word' id='word_1_14' title='bbox 2212 372 2539 430; x_wconf 91' lang='lat' dir='ltr'><strong>charissimo</strong></span> <span class='ocrx_word' id='word_1_15' title='bbox 2582 369 2694 427; x_wconf 84' lang='lat' dir='ltr'><strong>ﬁlio</strong></span> <span class='ocrx_word' id='word_1_16' title='bbox 2720 382 2819 428; x_wconf 89' lang='lat' dir='ltr'><strong>suo</strong></span> <span class='ocrx_word' id='word_1_17' title='bbox 2851 366 3150 425; x_wconf 71' lang='lat' dir='ltr'><strong>Lauennro</strong></span> <span class='ocrx_word' id='word_1_18' title='bbox 3176 364 3527 423; x_wconf 82' lang='lat' dir='ltr'><strong>consacerdoti</strong></span> <span class='ocrx_word' id='word_1_19' title='bbox 3551 376 3596 424; x_wconf 87' lang='lat' dir='ltr'><strong>et</strong></span> <span class='ocrx_word' id='word_1_20' title='bbox 3622 384 3706 426; x_wconf 68' lang='lat' dir='ltr'><strong>me</strong></span> 
     </span>
    </p>
   </div>
   <div class='ocr_carea' id='block_1_6' title="bbox 512 470 2105 545">
    <p class='ocr_par' dir='ltr' id='par_1_6' title="bbox 512 470 2105 545">
     <span class='ocr_line' id='line_1_6' title="bbox 512 470 2105 545; baseline -0.006 -10"><span class='ocrx_word' id='word_1_21' title='bbox 512 495 661 545; x_wconf 90' lang='lat' dir='ltr'><strong>nem,</strong></span> <span class='ocrx_word' id='word_1_22' title='bbox 706 478 752 532; x_wconf 88' lang='lat' dir='ltr'><strong>si</strong></span> <span class='ocrx_word' id='word_1_23' title='bbox 809 475 937 531; x_wconf 91' lang='lat' dir='ltr'><strong>dum</strong></span> <span class='ocrx_word' id='word_1_24' title='bbox 985 471 1269 527; x_wconf 85' lang='lat' dir='ltr'><strong>Remensis</strong></span> <span class='ocrx_word' id='word_1_25' title='bbox 1322 470 1563 527; x_wconf 86' lang='lat' dir='ltr'><strong>Ecclesia</strong></span> <span class='ocrx_word' id='word_1_26' title='bbox 1611 470 1857 528; x_wconf 84' lang='lat' dir='ltr'><strong>Atrebati</strong></span> <span class='ocrx_word' id='word_1_27' title='bbox 1894 471 2105 541; x_wconf 81' lang='lat' dir='ltr'><strong>episco-</strong></span> 
     </span>
    </p>
   </div>
   <div class='ocr_carea' id='block_1_7' title="bbox 511 561 2108 643">
    <p class='ocr_par' dir='ltr' id='par_1_7' title="bbox 511 561 2108 643">
     <span class='ocr_line' id='line_1_7' title="bbox 511 561 2108 643; baseline -0.005 -18"><span class='ocrx_word' id='word_1_28' title='bbox 511 586 641 643; x_wconf 88' lang='lat' dir='ltr'><strong>pum</strong></span> <span class='ocrx_word' id='word_1_29' title='bbox 698 568 819 623; x_wconf 85' lang='lat' dir='ltr'><strong>lieri</strong></span> <span class='ocrx_word' id='word_1_30' title='bbox 878 565 1255 631; x_wconf 71' lang='lat' dir='ltr'><strong>consentiret,</strong></span> <span class='ocrx_word' id='word_1_31' title='bbox 1309 563 1707 628; x_wconf 87' lang='lat' dir='ltr'><strong>Cameracum,</strong></span> <span class='ocrx_word' id='word_1_32' title='bbox 1754 578 1874 634; x_wconf 67' lang='lat' dir='ltr'><strong>quae</strong></span> <span class='ocrx_word' id='word_1_33' title='bbox 1931 561 2108 617; x_wconf 78' lang='lat' dir='ltr'><strong>sexies</strong></span> 
     </span>
    </p>
   </div>
   <div class='ocr_carea' id='block_1_8' title="bbox 512 655 2105 736">
    <p class='ocr_par' dir='ltr' id='par_1_8' title="bbox 512 655 2105 736">
     <span class='ocr_line' id='line_1_8' title="bbox 512 655 2105 736; baseline -0.006 -18"><span class='ocrx_word' id='word_1_34' title='bbox 512 677 678 736; x_wconf 89' lang='lat' dir='ltr'><strong>quam</strong></span> <span class='ocrx_word' id='word_1_35' title='bbox 717 662 1042 717; x_wconf 81' lang='lat' dir='ltr'><strong>Atrebatum</strong></span> <span class='ocrx_word' id='word_1_36' title='bbox 1080 668 1136 714; x_wconf 89' lang='lat' dir='ltr'><strong>et</strong></span> <span class='ocrx_word' id='word_1_37' title='bbox 1168 655 1534 714; x_wconf 87' lang='lat' dir='ltr'><strong>continentior</strong></span> <span class='ocrx_word' id='word_1_38' title='bbox 1559 665 1616 711; x_wconf 92' lang='lat' dir='ltr'><strong>et</strong></span> <span class='ocrx_word' id='word_1_39' title='bbox 1651 655 1970 725; x_wconf 86' lang='lat' dir='ltr'><strong>locupletior</strong></span> <span class='ocrx_word' id='word_1_40' title='bbox 2000 663 2105 719; x_wconf 89' lang='lat' dir='ltr'><strong>est,</strong></span> 
     </span>
    </p>
   </div>
   <div class='ocr_carea' id='block_1_9' title="bbox 515 747 2106 820">
    <p class='ocr_par' dir='ltr' id='par_1_9' title="bbox 515 747 2106 820">
     <span class='ocr_line' id='line_1_9' title="bbox 515 747 2106 820; baseline -0.007 -11"><span class='ocrx_word' id='word_1_41' title='bbox 515 753 810 809; x_wconf 87' lang='lat' dir='ltr'><strong>amitteret.</strong></span> <span class='ocrx_word' id='word_1_42' title='bbox 872 751 1235 809; x_wconf 71' lang='lat' dir='ltr'><strong>Obsecremus</strong></span> <span class='ocrx_word' id='word_1_43' title='bbox 1266 763 1397 820; x_wconf 87' lang='lat' dir='ltr'><strong>ergo</strong></span> <span class='ocrx_word' id='word_1_44' title='bbox 1420 747 1797 803; x_wconf 84' lang='lat' dir='ltr'><strong>excellentiam</strong></span> <span class='ocrx_word' id='word_1_45' title='bbox 1843 754 2106 810; x_wconf 84' lang='lat' dir='ltr'><strong>vestram,</strong></span> 
     </span>
    </p>
   </div>
   <div class='ocr_carea' id='block_1_10' title="bbox 513 835 2109 910">
    <p class='ocr_par' dir='ltr' id='par_1_10' title="bbox 513 835 2109 910">
     <span class='ocr_line' id='line_1_10' title="bbox 513 835 2109 910; baseline -0.004 -14"><span class='ocrx_word' id='word_1_46' title='bbox 513 841 679 897; x_wconf 86' lang='lat' dir='ltr'><strong>Pater</strong></span> <span class='ocrx_word' id='word_1_47' title='bbox 725 841 1089 907; x_wconf 89' lang='lat' dir='ltr'><strong>sanctissime,</strong></span> <span class='ocrx_word' id='word_1_48' title='bbox 1134 840 1423 895; x_wconf 88' lang='lat' dir='ltr'><strong>obsecrant</strong></span> <span class='ocrx_word' id='word_1_49' title='bbox 1460 845 1514 893; x_wconf 92' lang='lat' dir='ltr'><strong>et</strong></span> <span class='ocrx_word' id='word_1_50' title='bbox 1544 838 1777 910; x_wconf 84' lang='lat' dir='ltr'><strong>episcopi</strong></span> <span class='ocrx_word' id='word_1_51' title='bbox 1826 847 1880 892; x_wconf 85' lang='lat' dir='ltr'><strong>et</strong></span> <span class='ocrx_word' id='word_1_52' title='bbox 1928 835 2109 892; x_wconf 80' lang='lat' dir='ltr'><strong>clerici</strong></span> 
     </span>
    </p>
   </div>
   <div class='ocr_carea' id='block_1_11' title="bbox 516 926 2106 1001">
    <p class='ocr_par' dir='ltr' id='par_1_11' title="bbox 516 926 2106 1001">
     <span class='ocr_line' id='line_1_11' title="bbox 516 926 2106 1001; baseline -0.005 -14"><span class='ocrx_word' id='word_1_53' title='bbox 516 932 713 997; x_wconf 81' lang='lat' dir='ltr'><strong>nostri,</strong></span> <span class='ocrx_word' id='word_1_54' title='bbox 741 939 1015 1001; x_wconf 86' lang='lat' dir='ltr'><strong>quatenus</strong></span> <span class='ocrx_word' id='word_1_55' title='bbox 1042 945 1162 996; x_wconf 90' lang='lat' dir='ltr'><strong>vos,</strong></span> <span class='ocrx_word' id='word_1_56' title='bbox 1202 929 1296 999; x_wconf 88' lang='lat' dir='ltr'><strong>qui</strong></span> <span class='ocrx_word' id='word_1_57' title='bbox 1333 928 1386 983; x_wconf 90' lang='lat' dir='ltr'><strong>in</strong></span> <span class='ocrx_word' id='word_1_58' title='bbox 1427 943 1554 984; x_wconf 90' lang='lat' dir='ltr'><strong>arce</strong></span> <span class='ocrx_word' id='word_1_59' title='bbox 1578 936 1633 983; x_wconf 89' lang='lat' dir='ltr'><strong>et</strong></span> <span class='ocrx_word' id='word_1_60' title='bbox 1663 928 1716 982; x_wconf 92' lang='lat' dir='ltr'><strong>in</strong></span> <span class='ocrx_word' id='word_1_61' title='bbox 1743 926 1958 999; x_wconf 90' lang='lat' dir='ltr'><strong>specula</strong></span> <span class='ocrx_word' id='word_1_62' title='bbox 1987 940 2106 981; x_wconf 87' lang='lat' dir='ltr'><strong>om-</strong></span> 
     </span>
    </p>
   </div>
   <div class='ocr_carea' id='block_1_12' title="bbox 519 1017 2110 1090">
    <p class='ocr_par' dir='ltr' id='par_1_12' title="bbox 519 1017 2110 1090">
     <span class='ocr_line' id='line_1_12' title="bbox 519 1017 2110 1090; baseline -0.003 -15"><span class='ocrx_word' id='word_1_63' title='bbox 519 1021 663 1077; x_wconf 89' lang='lat' dir='ltr'><strong>nium</strong></span> <span class='ocrx_word' id='word_1_64' title='bbox 703 1020 1058 1076; x_wconf 83' lang='lat' dir='ltr'><strong>ecclesiarum</strong></span> <span class='ocrx_word' id='word_1_65' title='bbox 1091 1018 1414 1090; x_wconf 66' lang='lat' dir='ltr'><strong>praesidetis,</strong></span> <span class='ocrx_word' id='word_1_66' title='bbox 1469 1018 1746 1089; x_wconf 79' lang='lat' dir='ltr'><strong>negotium</strong></span> <span class='ocrx_word' id='word_1_67' title='bbox 1790 1017 1865 1072; x_wconf 90' lang='lat' dir='ltr'><strong>ita</strong></span> <span class='ocrx_word' id='word_1_68' title='bbox 1907 1024 2110 1087; x_wconf 88' lang='lat' dir='ltr'><strong>tempe-</strong></span> 
     </span>
    </p>
   </div>
   <div class='ocr_carea' id='block_1_13' title="bbox 529 1108 2110 1178">
    <p class='ocr_par' dir='ltr' id='par_1_13' title="bbox 529 1108 2110 1178">
     <span class='ocr_line' id='line_1_13' title="bbox 529 1108 2110 1178; baseline -0.003 -12"><span class='ocrx_word' id='word_1_69' title='bbox 529 1111 663 1166; x_wconf 89' lang='lat' dir='ltr'><strong>rctis</strong></span> <span class='ocrx_word' id='word_1_70' title='bbox 688 1118 747 1165; x_wconf 89' lang='lat' dir='ltr'><strong>ut</strong></span> <span class='ocrx_word' id='word_1_71' title='bbox 778 1124 878 1165; x_wconf 91' lang='lat' dir='ltr'><strong>nec</strong></span> <span class='ocrx_word' id='word_1_72' title='bbox 901 1109 1172 1178; x_wconf 89' lang='lat' dir='ltr'><strong>quisdam,</strong></span> <span class='ocrx_word' id='word_1_73' title='bbox 1223 1108 1366 1177; x_wconf 92' lang='lat' dir='ltr'><strong>quod</strong></span> <span class='ocrx_word' id='word_1_74' title='bbox 1403 1108 1577 1164; x_wconf 86' lang='lat' dir='ltr'><strong>abs-it!</strong></span> <span class='ocrx_word' id='word_1_75' title='bbox 1630 1108 1974 1163; x_wconf 89' lang='lat' dir='ltr'><strong>decretorum</strong></span> <span class='ocrx_word' id='word_1_76' title='bbox 2020 1122 2110 1161; x_wconf 88' lang='lat' dir='ltr'><strong>ve-</strong></span> 
     </span>
    </p>
   </div>
   <div class='ocr_carea' id='block_1_14' title="bbox 523 1198 2116 1272">
    <p class='ocr_par' dir='ltr' id='par_1_14' title="bbox 523 1198 2116 1272">
     <span class='ocr_line' id='line_1_14' title="bbox 523 1198 2116 1272; baseline -0.003 -13"><span class='ocrx_word' id='word_1_77' title='bbox 523 1211 761 1259; x_wconf 88' lang='lat' dir='ltr'><strong>strorum</strong></span> <span class='ocrx_word' id='word_1_78' title='bbox 814 1202 940 1256; x_wconf 90' lang='lat' dir='ltr'><strong>inde</strong></span> <span class='ocrx_word' id='word_1_79' title='bbox 984 1201 1392 1272; x_wconf 89' lang='lat' dir='ltr'><strong>dispositionem</strong></span> <span class='ocrx_word' id='word_1_80' title='bbox 1440 1199 1831 1271; x_wconf 86' lang='lat' dir='ltr'><strong>reprehendat,</strong></span> <span class='ocrx_word' id='word_1_81' title='bbox 1875 1214 1975 1255; x_wconf 92' lang='lat' dir='ltr'><strong>nec</strong></span> <span class='ocrx_word' id='word_1_82' title='bbox 2019 1198 2116 1254; x_wconf 88' lang='lat' dir='ltr'><strong>Re-</strong></span> 
     </span>
    </p>
   </div>
   <div class='ocr_carea' id='block_1_15' title="bbox 519 1290 2112 1363">
    <p class='ocr_par' dir='ltr' id='par_1_15' title="bbox 519 1290 2112 1363">
     <span class='ocr_line' id='line_1_15' title="bbox 519 1290 2112 1363; baseline -0.004 -15"><span class='ocrx_word' id='word_1_83' title='bbox 519 1292 728 1349; x_wconf 89' lang='lat' dir='ltr'><strong>mensis</strong></span> <span class='ocrx_word' id='word_1_84' title='bbox 794 1290 1035 1348; x_wconf 83' lang='lat' dir='ltr'><strong>Ecclesia</strong></span> <span class='ocrx_word' id='word_1_85' title='bbox 1103 1292 1270 1347; x_wconf 86' lang='lat' dir='ltr'><strong>ullam</strong></span> <span class='ocrx_word' id='word_1_86' title='bbox 1330 1306 1443 1348; x_wconf 73' lang='lat' dir='ltr'><strong>suze</strong></span> <span class='ocrx_word' id='word_1_87' title='bbox 1506 1291 1789 1363; x_wconf 79' lang='lat' dir='ltr'><strong>dignitatis</strong></span> <span class='ocrx_word' id='word_1_88' title='bbox 1841 1291 2112 1363; x_wconf 90' lang='lat' dir='ltr'><strong>jacturam</strong></span> 
     </span>
    </p>
   </div>
   <div class='ocr_carea' id='block_1_16' title="bbox 521 1379 2114 1455">
    <p class='ocr_par' dir='ltr' id='par_1_16' title="bbox 521 1379 2114 1455">
     <span class='ocr_line' id='line_1_16' title="bbox 521 1379 2114 1455; baseline -0.002 -17"><span class='ocrx_word' id='word_1_89' title='bbox 521 1383 722 1440; x_wconf 81' lang='lat' dir='ltr'><strong>vestris</strong></span> <span class='ocrx_word' id='word_1_90' title='bbox 770 1384 824 1438; x_wconf 93' lang='lat' dir='ltr'><strong>in</strong></span> <span class='ocrx_word' id='word_1_91' title='bbox 876 1383 1211 1455; x_wconf 84' lang='lat' dir='ltr'><strong>temporibus</strong></span> <span class='ocrx_word' id='word_1_92' title='bbox 1256 1383 1543 1439; x_wconf 86' lang='lat' dir='ltr'><strong>sustineat.</strong></span> <span class='ocrx_word' id='word_1_93' title='bbox 1601 1381 1710 1438; x_wconf 87' lang='lat' dir='ltr'><strong>Nos</strong></span> <span class='ocrx_word' id='word_1_94' title='bbox 1765 1391 1966 1448; x_wconf 89' lang='lat' dir='ltr'><strong>tamen,</strong></span> <span class='ocrx_word' id='word_1_95' title='bbox 2020 1379 2114 1451; x_wconf 85' lang='lat' dir='ltr'><strong>qui</strong></span> 
     </span>
    </p>
   </div>
   <div class='ocr_carea' id='block_1_17' title="bbox 525 1472 2114 1545">
    <p class='ocr_par' dir='ltr' id='par_1_17' title="bbox 525 1472 2114 1545">
     <span class='ocr_line' id='line_1_17' title="bbox 525 1472 2114 1545; baseline -0.001 -16"><span class='ocrx_word' id='word_1_96' title='bbox 525 1473 722 1529; x_wconf 84' lang='lat' dir='ltr'><strong>vestris</strong></span> <span class='ocrx_word' id='word_1_97' title='bbox 778 1472 1256 1529; x_wconf 88' lang='lat' dir='ltr'><strong>obsecundandum</strong></span> <span class='ocrx_word' id='word_1_98' title='bbox 1313 1472 1794 1530; x_wconf 86' lang='lat' dir='ltr'><strong>deliberationibus</strong></span> <span class='ocrx_word' id='word_1_99' title='bbox 1850 1483 2114 1545; x_wconf 87' lang='lat' dir='ltr'><strong>perpetuo</strong></span> 
     </span>
    </p>
   </div>
   <div class='ocr_carea' id='block_1_18' title="bbox 523 1564 2114 1637">
    <p class='ocr_par' dir='ltr' id='par_1_18' title="bbox 523 1564 2114 1637">
     <span class='ocr_line' id='line_1_18' title="bbox 523 1564 2114 1637; baseline 0 -16"><span class='ocrx_word' id='word_1_100' title='bbox 523 1565 926 1637; x_wconf 89' lang='lat' dir='ltr'><strong>proposuimus,</strong></span> <span class='ocrx_word' id='word_1_101' title='bbox 963 1565 1272 1635; x_wconf 88' lang='lat' dir='ltr'><strong>quicunque</strong></span> <span class='ocrx_word' id='word_1_102' title='bbox 1317 1564 1389 1622; x_wconf 91' lang='lat' dir='ltr'><strong>sit</strong></span> <span class='ocrx_word' id='word_1_103' title='bbox 1433 1565 1624 1621; x_wconf 89' lang='lat' dir='ltr'><strong>modus</strong></span> <span class='ocrx_word' id='word_1_104' title='bbox 1669 1564 2114 1631; x_wconf 79' lang='lat' dir='ltr'><strong>consecrationis,</strong></span> 
     </span>
    </p>
   </div>
   <div class='ocr_carea' id='block_1_19' title="bbox 523 1656 2118 1728">
    <p class='ocr_par' dir='ltr' id='par_1_19' title="bbox 523 1656 2118 1728">
     <span class='ocr_line' id='line_1_19' title="bbox 523 1656 2118 1728; baseline -0.001 -15"><span class='ocrx_word' id='word_1_105' title='bbox 523 1657 618 1713; x_wconf 86' lang='lat' dir='ltr'><strong>ubi</strong></span> <span class='ocrx_word' id='word_1_106' title='bbox 671 1672 792 1713; x_wconf 90' lang='lat' dir='ltr'><strong>eum</strong></span> <span class='ocrx_word' id='word_1_107' title='bbox 837 1656 1067 1728; x_wconf 82' lang='lat' dir='ltr'><strong>dignitas</strong></span> <span class='ocrx_word' id='word_1_108' title='bbox 1107 1664 1289 1713; x_wconf 89' lang='lat' dir='ltr'><strong>vestra</strong></span> <span class='ocrx_word' id='word_1_109' title='bbox 1325 1656 1700 1722; x_wconf 71' lang='lat' dir='ltr'><strong>consecrarit,</strong></span> <span class='ocrx_word' id='word_1_110' title='bbox 1741 1664 2118 1713; x_wconf 89' lang='lat' dir='ltr'><strong>consecratum</strong></span> 
     </span>
    </p>
   </div>
   <div class='ocr_carea' id='block_1_20' title="bbox 524 1746 2193 1819">
    <p class='ocr_par' dir='ltr' id='par_1_20' title="bbox 524 1746 2193 1819">
     <span class='ocr_line' id='line_1_20' title="bbox 524 1746 2193 1819; baseline -0.002 -15"><span class='ocrx_word' id='word_1_111' title='bbox 524 1748 762 1819; x_wconf 86' lang='lat' dir='ltr'><strong>benigne</strong></span> <span class='ocrx_word' id='word_1_112' title='bbox 786 1746 1160 1817; x_wconf 89' lang='lat' dir='ltr'><strong>suscipiemus,</strong></span> <span class='ocrx_word' id='word_1_113' title='bbox 1186 1756 1603 1817; x_wconf 87' lang='lat' dir='ltr'><strong>susceptumque</strong></span> <span class='ocrx_word' id='word_1_114' title='bbox 1639 1746 1780 1803; x_wconf 89' lang='lat' dir='ltr'><strong>sicut</strong></span> <span class='ocrx_word' id='word_1_115' title='bbox 1806 1747 2114 1818; x_wconf 90' lang='lat' dir='ltr'><strong>episcopum</strong></span> <span class='ocrx_word' id='word_1_116' title='bbox 2148 1759 2193 1818; x_wconf 78' lang='grc' dir='ltr'><strong>Β</strong></span> 
     </span>
    </p>
   </div>
   <div class='ocr_carea' id='block_1_21' title="bbox 432 1836 2120 1909">
    <p class='ocr_par' dir='ltr' id='par_1_21' title="bbox 432 1836 2120 1909">
     <span class='ocr_line' id='line_1_21' title="bbox 432 1836 2120 1909; baseline -0.002 -14"><span class='ocrx_word' id='word_1_117' title='bbox 432 1848 437 1853; x_wconf 84' lang='grc'><strong>·</strong></span> <span class='ocrx_word' id='word_1_118' title='bbox 527 1847 587 1895; x_wconf 84' lang='lat' dir='ltr'><strong>et</strong></span> <span class='ocrx_word' id='word_1_119' title='bbox 634 1836 1035 1909; x_wconf 77' lang='lat' dir='ltr'><strong>suﬁ‘raganeum</strong></span> <span class='ocrx_word' id='word_1_120' title='bbox 1101 1846 1346 1893; x_wconf 90' lang='lat' dir='ltr'><strong>nostrum</strong></span> <span class='ocrx_word' id='word_1_121' title='bbox 1398 1839 1653 1909; x_wconf 81' lang='lat' dir='ltr'><strong>deinceps</strong></span> <span class='ocrx_word' id='word_1_122' title='bbox 1713 1838 2120 1895; x_wconf 87' lang='lat' dir='ltr'><strong>honorabimus.</strong></span> 
     </span>
    </p>
   </div>
   <div class='ocr_carea' id='block_1_22' title="bbox 529 1929 2127 1988">
    <p class='ocr_par' dir='ltr' id='par_1_22' title="bbox 529 1929 2127 1988">
     <span class='ocr_line' id='line_1_22' title="bbox 529 1929 2127 1988; baseline -0.001 0"><span class='ocrx_word' id='word_1_123' title='bbox 529 1931 798 1988; x_wconf 59' lang='lat' dir='ltr'><strong>Caeterum</strong></span> <span class='ocrx_word' id='word_1_124' title='bbox 844 1939 1084 1988; x_wconf 85' lang='lat' dir='ltr'><strong>vestram</strong></span> <span class='ocrx_word' id='word_1_125' title='bbox 1114 1944 1276 1987; x_wconf 87' lang='lat' dir='ltr'><strong>nosse</strong></span> <span class='ocrx_word' id='word_1_126' title='bbox 1322 1929 1568 1986; x_wconf 88' lang='lat' dir='ltr'><strong>volumus</strong></span> <span class='ocrx_word' id='word_1_127' title='bbox 1610 1929 1982 1986; x_wconf 88' lang='lat' dir='ltr'><strong>celsitudinem</strong></span> <span class='ocrx_word' id='word_1_128' title='bbox 2027 1945 2127 1986; x_wconf 92' lang='lat' dir='ltr'><strong>nos</strong></span> 
     </span>
    </p>
   </div>
   <div class='ocr_carea' id='block_1_23' title="bbox 531 2022 2127 2095">
    <p class='ocr_par' dir='ltr' id='par_1_23' title="bbox 531 2022 2127 2095">
     <span class='ocr_line' id='line_1_23' title="bbox 531 2022 2127 2095; baseline -0.001 -15"><span class='ocrx_word' id='word_1_129' title='bbox 531 2038 874 2095; x_wconf 85' lang='lat' dir='ltr'><strong>nequaquam</strong></span> <span class='ocrx_word' id='word_1_130' title='bbox 906 2038 1020 2079; x_wconf 90' lang='lat' dir='ltr'><strong>rem</strong></span> <span class='ocrx_word' id='word_1_131' title='bbox 1049 2024 1189 2080; x_wconf 89' lang='lat' dir='ltr'><strong>hanc</strong></span> <span class='ocrx_word' id='word_1_132' title='bbox 1219 2022 1339 2079; x_wconf 87' lang='lat' dir='ltr'><strong>ideo</strong></span> <span class='ocrx_word' id='word_1_133' title='bbox 1370 2022 1556 2077; x_wconf 86' lang='lat' dir='ltr'><strong>tandiu</strong></span> <span class='ocrx_word' id='word_1_134' title='bbox 1606 2022 1879 2078; x_wconf 87' lang='lat' dir='ltr'><strong>distulisse</strong></span> <span class='ocrx_word' id='word_1_135' title='bbox 1923 2030 1983 2078; x_wconf 89' lang='lat' dir='ltr'><strong>ut</strong></span> <span class='ocrx_word' id='word_1_136' title='bbox 2033 2031 2127 2078; x_wconf 90' lang='lat' dir='ltr'><strong>aut</strong></span> 
     </span>
    </p>
   </div>
   <div class='ocr_carea' id='block_1_24' title="bbox 527 2113 2127 2185">
    <p class='ocr_par' dir='ltr' id='par_1_24' title="bbox 527 2113 2127 2185">
     <span class='ocr_line' id='line_1_24' title="bbox 527 2113 2127 2185; baseline 0 -18"><span class='ocrx_word' id='word_1_137' title='bbox 527 2116 725 2172; x_wconf 78' lang='lat' dir='ltr'><strong>vestris</strong></span> <span class='ocrx_word' id='word_1_138' title='bbox 754 2130 992 2185; x_wconf 90' lang='lat' dir='ltr'><strong>unquam</strong></span> <span class='ocrx_word' id='word_1_139' title='bbox 1024 2113 1355 2184; x_wconf 86' lang='lat' dir='ltr'><strong>jussionibus</strong></span> <span class='ocrx_word' id='word_1_140' title='bbox 1396 2114 1662 2170; x_wconf 89' lang='lat' dir='ltr'><strong>obsistere</strong></span> <span class='ocrx_word' id='word_1_141' title='bbox 1690 2114 1984 2176; x_wconf 86' lang='lat' dir='ltr'><strong>enitamur,</strong></span> <span class='ocrx_word' id='word_1_142' title='bbox 2032 2123 2127 2168; x_wconf 87' lang='lat' dir='ltr'><strong>aut</strong></span> 
     </span>
    </p>
   </div>
   <div class='ocr_carea' id='block_1_25' title="bbox 531 2205 2128 2285">
    <p class='ocr_par' dir='ltr' id='par_1_25' title="bbox 531 2205 2128 2285">
     <span class='ocr_line' id='line_1_25' title="bbox 531 2205 2128 2285; baseline -0.001 -23"><span class='ocrx_word' id='word_1_143' title='bbox 531 2215 593 2262; x_wconf 83' lang='lat' dir='ltr'><strong>ut</strong></span> <span class='ocrx_word' id='word_1_144' title='bbox 615 2207 833 2263; x_wconf 92' lang='lat' dir='ltr'><strong>domino</strong></span> <span class='ocrx_word' id='word_1_145' title='bbox 856 2207 929 2262; x_wconf 91' lang='lat' dir='ltr'><strong>illi</strong></span> <span class='ocrx_word' id='word_1_146' title='bbox 960 2206 1140 2285; x_wconf 87' lang='lat' dir='ltr'><strong>aliquo</strong></span> <span class='ocrx_word' id='word_1_147' title='bbox 1170 2207 1513 2279; x_wconf 85' lang='lat' dir='ltr'><strong>derogemus.</strong></span> <span class='ocrx_word' id='word_1_148' title='bbox 1562 2205 1697 2260; x_wconf 85' lang='lat' dir='ltr'><strong>Eum</strong></span> <span class='ocrx_word' id='word_1_149' title='bbox 1724 2221 1831 2261; x_wconf 86' lang='lat' dir='ltr'><strong>non</strong></span> <span class='ocrx_word' id='word_1_150' title='bbox 1858 2206 1962 2261; x_wconf 88' lang='lat' dir='ltr'><strong>hoc</strong></span> <span class='ocrx_word' id='word_1_151' title='bbox 1988 2207 2128 2261; x_wconf 88' lang='lat' dir='ltr'><strong>dun-</strong></span> 
     </span>
    </p>
   </div>
   <div class='ocr_carea' id='block_1_26' title="bbox 534 2295 2127 2369">
    <p class='ocr_par' dir='ltr' id='par_1_26' title="bbox 534 2295 2127 2369">
     <span class='ocr_line' id='line_1_26' title="bbox 534 2295 2127 2369; baseline 0.001 -18"><span class='ocrx_word' id='word_1_152' title='bbox 534 2306 685 2352; x_wconf 80' lang='lat' dir='ltr'><strong>taxat</strong></span> <span class='ocrx_word' id='word_1_153' title='bbox 714 2299 920 2354; x_wconf 87' lang='lat' dir='ltr'><strong>honore</strong></span> <span class='ocrx_word' id='word_1_154' title='bbox 944 2297 1163 2369; x_wconf 87' lang='lat' dir='ltr'><strong>dignum</strong></span> <span class='ocrx_word' id='word_1_155' title='bbox 1216 2311 1338 2353; x_wconf 91' lang='lat' dir='ltr'><strong>esse</strong></span> <span class='ocrx_word' id='word_1_156' title='bbox 1381 2311 1691 2363; x_wconf 85' lang='lat' dir='ltr'><strong>censemus,</strong></span> <span class='ocrx_word' id='word_1_157' title='bbox 1750 2297 1843 2353; x_wconf 92' lang='lat' dir='ltr'><strong>sed</strong></span> <span class='ocrx_word' id='word_1_158' title='bbox 1892 2295 2127 2365; x_wconf 87' lang='lat' dir='ltr'><strong>cujusvis</strong></span> 
     </span>
    </p>
   </div>
   <div class='ocr_carea' id='block_1_27' title="bbox 533 2387 2125 2463">
    <p class='ocr_par' dir='ltr' id='par_1_27' title="bbox 533 2387 2125 2463">
     <span class='ocr_line' id='line_1_27' title="bbox 533 2387 2125 2463; baseline -0.002 -17"><span class='ocrx_word' id='word_1_159' title='bbox 533 2391 758 2447; x_wconf 84' lang='lat' dir='ltr'><strong>alterius</strong></span> <span class='ocrx_word' id='word_1_160' title='bbox 783 2390 1140 2463; x_wconf 89' lang='lat' dir='ltr'><strong>promotionis</strong></span> <span class='ocrx_word' id='word_1_161' title='bbox 1160 2389 1368 2461; x_wconf 89' lang='lat' dir='ltr'><strong>apicem</strong></span> <span class='ocrx_word' id='word_1_162' title='bbox 1410 2388 1462 2447; x_wconf 91' lang='lat' dir='ltr'><strong>ei</strong></span> <span class='ocrx_word' id='word_1_163' title='bbox 1508 2388 1702 2445; x_wconf 89' lang='lat' dir='ltr'><strong>merito</strong></span> <span class='ocrx_word' id='word_1_164' title='bbox 1735 2387 2125 2446; x_wconf 78' lang='lat' dir='ltr'><strong>conferendum</strong></span> 
     </span>
    </p>
   </div>
   <div class='ocr_carea' id='block_1_28' title="bbox 535 2480 928 2551">
    <p class='ocr_par' dir='ltr' id='par_1_28' title="bbox 535 2480 928 2551">
     <span class='ocr_line' id='line_1_28' title="bbox 535 2480 928 2551; baseline 0.003 -16"><span class='ocrx_word' id='word_1_165' title='bbox 535 2480 928 2551; x_wconf 88' lang='lat' dir='ltr'><strong>adjudicamus.</strong></span> 
     </span>
    </p>
   </div>
   <div class='ocr_carea' id='block_1_29' title="bbox 608 2566 1982 2628">
    <p class='ocr_par' dir='ltr' id='par_1_29' title="bbox 608 2566 1982 2628">
     <span class='ocr_line' id='line_1_29' title="bbox 608 2566 1982 2628; baseline -0.004 -1"><span class='ocrx_word' id='word_1_166' title='bbox 608 2569 803 2628; x_wconf 84' lang='lat' dir='ltr'><strong>Valeat</strong></span> <span class='ocrx_word' id='word_1_167' title='bbox 821 2569 1098 2628; x_wconf 85' lang='lat' dir='ltr'><strong>beatitudo</strong></span> <span class='ocrx_word' id='word_1_168' title='bbox 1126 2579 1306 2626; x_wconf 86' lang='lat' dir='ltr'><strong>vestra</strong></span> <span class='ocrx_word' id='word_1_169' title='bbox 1334 2567 1622 2627; x_wconf 84' lang='lat' dir='ltr'><strong>incolumis</strong></span> <span class='ocrx_word' id='word_1_170' title='bbox 1652 2567 1707 2624; x_wconf 92' lang='lat' dir='ltr'><strong>in</strong></span> <span class='ocrx_word' id='word_1_171' title='bbox 1733 2566 1982 2625; x_wconf 89' lang='lat' dir='ltr'><strong>Domino.</strong></span> 
     </span>
    </p>
   </div>
   <div class='ocr_carea' id='block_1_30' title="bbox 1300 2663 1367 2718">
    <p class='ocr_par' dir='ltr' id='par_1_30' title="bbox 1300 2663 1367 2718">
     <span class='ocr_line' id='line_1_30' title="bbox 1300 2663 1367 2718; baseline -0.03 0"><span class='ocrx_word' id='word_1_172' title='bbox 1300 2663 1367 2718; x_wconf 71' lang='grc' dir='ltr'><strong>ν.</strong></span> 
     </span>
    </p>
   </div>
   <div class='ocr_carea' id='block_1_31' title="bbox 979 2765 1677 2822">
    <p class='ocr_par' dir='ltr' id='par_1_31' title="bbox 979 2765 1677 2822">
     <span class='ocr_line' id='line_1_31' title="bbox 979 2765 1677 2822; baseline -0.003 -13"><span class='ocrx_word' id='word_1_173' title='bbox 979 2772 1047 2809; x_wconf 76' lang='lat' dir='ltr'><strong>AD</strong></span> <span class='ocrx_word' id='word_1_174' title='bbox 1059 2768 1326 2822; x_wconf 63' lang='lat' dir='ltr'><strong>_COHITEII</strong></span> <span class='ocrx_word' id='word_1_175' title='bbox 1375 2765 1677 2808; x_wconf 68' lang='lat' dir='ltr'><strong>FLANDRI£o</strong></span> 
     </span>
    </p>
   </div>
   <div class='ocr_carea' id='block_1_32' title="bbox 782 2844 1885 2917">
    <p class='ocr_par' dir='ltr' id='par_1_32' title="bbox 782 2844 1885 2917">
     <span class='ocr_line' id='line_1_32' title="bbox 782 2844 1885 2917; baseline -0.004 -14"><span class='ocrx_word' id='word_1_176' title='bbox 782 2847 855 2903; x_wconf 78' lang='lat' dir='ltr'><strong>De</strong></span> <span class='ocrx_word' id='word_1_177' title='bbox 887 2847 1284 2917; x_wconf 78' lang='lat' dir='ltr'><strong>conﬁrmatione</strong></span> <span class='ocrx_word' id='word_1_178' title='bbox 1308 2845 1571 2901; x_wconf 74' lang='lat' dir='ltr'><strong>electionis</strong></span> <span class='ocrx_word' id='word_1_179' title='bbox 1597 2844 1885 2901; x_wconf 81' lang='lat' dir='ltr'><strong>Lamberti.</strong></span> 
     </span>
    </p>
   </div>
   <div class='ocr_carea' id='block_1_33' title="bbox 1139 2938 1534 3012">
    <p class='ocr_par' dir='ltr' id='par_1_33' title="bbox 1139 2938 1534 3012">
     <span class='ocr_line' id='line_1_33' title="bbox 1139 2938 1534 3012; baseline -0.005 -17"><span class='ocrx_word' id='word_1_180' title='bbox 1139 2942 1316 3012; x_wconf 84' lang='lat' dir='ltr'><strong>(Anno</strong></span> <span class='ocrx_word' id='word_1_181' title='bbox 1350 2938 1534 3011; x_wconf 67' lang='lat'><strong>1094.)</strong></span> 
     </span>
    </p>
   </div>
   <div class='ocr_carea' id='block_1_34' title="bbox 615 3026 2125 3103">
    <p class='ocr_par' dir='ltr' id='par_1_34' title="bbox 615 3026 2125 3103">
     <span class='ocr_line' id='line_1_34' title="bbox 615 3026 2125 3103; baseline -0.005 -14"><span class='ocrx_word' id='word_1_182' title='bbox 615 3034 961 3098; x_wconf 68' lang='lat' dir='ltr'><strong>Ravsunus,</strong></span> <span class='ocrx_word' id='word_1_183' title='bbox 988 3030 1086 3086; x_wconf 87' lang='lat' dir='ltr'><strong>Dei</strong></span> <span class='ocrx_word' id='word_1_184' title='bbox 1128 3031 1302 3103; x_wconf 83' lang='lat' dir='ltr'><strong>gratia</strong></span> <span class='ocrx_word' id='word_1_185' title='bbox 1336 3029 1632 3085; x_wconf 81' lang='lat' dir='ltr'><strong>Remorum</strong></span> <span class='ocrx_word' id='word_1_186' title='bbox 1660 3026 2125 3100; x_wconf 86' lang='lat' dir='ltr'><strong>archiepiscopus,</strong></span> 
     </span>
    </p>
   </div>
   <div class='ocr_carea' id='block_1_35' title="bbox 2209 459 3090 536">
    <p class='ocr_par' dir='ltr' id='par_1_35' title="bbox 2209 459 3090 536">
     <span class='ocr_line' id='line_1_35' title="bbox 2209 459 3090 536; baseline -0.008 -15"><span class='ocrx_word' id='word_1_187' title='bbox 2209 464 2435 536; x_wconf 92' lang='lat' dir='ltr'><strong>piscopo</strong></span> <span class='ocrx_word' id='word_1_188' title='bbox 2461 462 2610 536; x_wconf 80' lang='lat' dir='ltr'><strong>quod</strong></span> <span class='ocrx_word' id='word_1_189' title='bbox 2634 460 2736 518; x_wconf 89' lang='lat' dir='ltr'><strong>sibi</strong></span> <span class='ocrx_word' id='word_1_190' title='bbox 2760 460 2815 517; x_wconf 91' lang='lat' dir='ltr'><strong>in</strong></span> <span class='ocrx_word' id='word_1_191' title='bbox 2839 459 3090 516; x_wconf 92' lang='lat' dir='ltr'><strong>Domino.</strong></span> 
     </span>
    </p>
   </div>
   <div class='ocr_carea' id='block_1_36' title="bbox 2281 528 3709 623">
    <p class='ocr_par' dir='ltr' id='par_1_36' title="bbox 2281 528 3709 623">
     <span class='ocr_line' id='line_1_36' title="bbox 2281 528 3709 623; baseline -0.004 -10"><span class='ocrx_word' id='word_1_192' title='bbox 2281 528 2616 613; x_wconf 72' lang='lat' dir='ltr'><strong>Canonicuui</strong></span> <span class='ocrx_word' id='word_1_193' title='bbox 2660 554 2845 621; x_wconf 91' lang='lat' dir='ltr'><strong>istum,</strong></span> <span class='ocrx_word' id='word_1_194' title='bbox 2885 550 3143 609; x_wconf 87' lang='lat' dir='ltr'><strong>videlicet</strong></span> <span class='ocrx_word' id='word_1_195' title='bbox 3187 550 3571 623; x_wconf 84' lang='lat' dir='ltr'><strong>Engelbertum,</strong></span> <span class='ocrx_word' id='word_1_196' title='bbox 3609 552 3709 608; x_wconf 81' lang='lat' dir='ltr'><strong>scias</strong></span> 
     </span>
    </p>
   </div>
   <div class='ocr_carea' id='block_1_37' title="bbox 2210 640 3709 712">
    <p class='ocr_par' dir='ltr' id='par_1_37' title="bbox 2210 640 3709 712">
     <span class='ocr_line' id='line_1_37' title="bbox 2210 640 3709 712; baseline -0.007 -7"><span class='ocrx_word' id='word_1_197' title='bbox 2210 663 2243 705; x_wconf 90' lang='lat' dir='ltr'><strong>a</strong></span> <span class='ocrx_word' id='word_1_198' title='bbox 2280 648 2441 704; x_wconf 91' lang='lat' dir='ltr'><strong>nobis</strong></span> <span class='ocrx_word' id='word_1_199' title='bbox 2467 644 2778 703; x_wconf 89' lang='lat' dir='ltr'><strong>absolutum</strong></span> <span class='ocrx_word' id='word_1_200' title='bbox 2817 657 2960 700; x_wconf 90' lang='lat' dir='ltr'><strong>esse.</strong></span> <span class='ocrx_word' id='word_1_201' title='bbox 3007 640 3247 699; x_wconf 70' lang='lat' dir='ltr'><strong>Caeteros</strong></span> <span class='ocrx_word' id='word_1_202' title='bbox 3281 657 3408 698; x_wconf 86' lang='lat' dir='ltr'><strong>vero</strong></span> <span class='ocrx_word' id='word_1_203' title='bbox 3440 641 3520 712; x_wconf 91' lang='lat' dir='ltr'><strong>qui</strong></span> <span class='ocrx_word' id='word_1_204' title='bbox 3550 654 3709 696; x_wconf 79' lang='lat' dir='ltr'><strong>excom-</strong></span> 
     </span>
    </p>
   </div>
   <div class='ocr_carea' id='block_1_38' title="bbox 2212 734 3709 808">
    <p class='ocr_par' dir='ltr' id='par_1_38' title="bbox 2212 734 3709 808">
     <span class='ocr_line' id='line_1_38' title="bbox 2212 734 3709 808; baseline -0.005 -14"><span class='ocrx_word' id='word_1_205' title='bbox 2212 739 2599 795; x_wconf 91' lang='lat' dir='ltr'><strong>municationis</strong></span> <span class='ocrx_word' id='word_1_206' title='bbox 2628 747 2827 794; x_wconf 73' lang='lat' dir='ltr'><strong>nostra:</strong></span> <span class='ocrx_word' id='word_1_207' title='bbox 2868 752 3035 793; x_wconf 90' lang='lat' dir='ltr'><strong>causa</strong></span> <span class='ocrx_word' id='word_1_208' title='bbox 3071 734 3186 808; x_wconf 87' lang='lat' dir='ltr'><strong>jam</strong></span> <span class='ocrx_word' id='word_1_209' title='bbox 3233 736 3299 790; x_wconf 88' lang='lat' dir='ltr'><strong>ad</strong></span> <span class='ocrx_word' id='word_1_210' title='bbox 3343 743 3394 790; x_wconf 89' lang='lat' dir='ltr'><strong>te</strong></span> <span class='ocrx_word' id='word_1_211' title='bbox 3427 743 3709 805; x_wconf 74' lang='lat' dir='ltr'><strong>pervenerunt</strong></span> 
     </span>
    </p>
   </div>
   <div class='ocr_carea' id='block_1_39' title="bbox 2212 827 3708 894">
    <p class='ocr_par' dir='ltr' id='par_1_39' title="bbox 2212 827 3708 894">
     <span class='ocr_line' id='line_1_39' title="bbox 2212 827 3708 894; baseline -0.003 -9"><span class='ocrx_word' id='word_1_212' title='bbox 2212 829 2301 885; x_wconf 89' lang='lat' dir='ltr'><strong>vel</strong></span> <span class='ocrx_word' id='word_1_213' title='bbox 2343 828 2562 885; x_wconf 85' lang='lat' dir='ltr'><strong>venturi</strong></span> <span class='ocrx_word' id='word_1_214' title='bbox 2598 837 2726 885; x_wconf 88' lang='lat' dir='ltr'><strong>sunt</strong></span> <span class='ocrx_word' id='word_1_215' title='bbox 2776 827 3026 884; x_wconf 90' lang='lat' dir='ltr'><strong>volumus</strong></span> <span class='ocrx_word' id='word_1_216' title='bbox 3062 836 3120 883; x_wconf 85' lang='lat' dir='ltr'><strong>et</strong></span> <span class='ocrx_word' id='word_1_217' title='bbox 3168 827 3479 881; x_wconf 86' lang='lat' dir='ltr'><strong>mandamus</strong></span> <span class='ocrx_word' id='word_1_218' title='bbox 3513 834 3708 894; x_wconf 77' lang='lat' dir='ltr'><strong>quatenus</strong></span> 
     </span>
    </p>
   </div>
   <div class='ocr_carea' id='block_1_40' title="bbox 2212 917 3709 991">
    <p class='ocr_par' dir='ltr' id='par_1_40' title="bbox 2212 917 3709 991">
     <span class='ocr_line' id='line_1_40' title="bbox 2212 917 3709 991; baseline -0.005 -14"><span class='ocrx_word' id='word_1_219' title='bbox 2212 928 2270 977; x_wconf 90' lang='lat' dir='ltr'><strong>et</strong></span> <span class='ocrx_word' id='word_1_220' title='bbox 2306 919 2431 977; x_wconf 89' lang='lat' dir='ltr'><strong>illos</strong></span> <span class='ocrx_word' id='word_1_221' title='bbox 2464 919 2717 977; x_wconf 89' lang='lat' dir='ltr'><strong>absolvas</strong></span> <span class='ocrx_word' id='word_1_222' title='bbox 2754 929 2810 976; x_wconf 85' lang='lat' dir='ltr'><strong>et</strong></span> <span class='ocrx_word' id='word_1_223' title='bbox 2847 918 2948 975; x_wconf 91' lang='lat' dir='ltr'><strong>sub</strong></span> <span class='ocrx_word' id='word_1_224' title='bbox 2980 918 3214 991; x_wconf 74' lang='lat' dir='ltr'><strong>regulari</strong></span> <span class='ocrx_word' id='word_1_225' title='bbox 3243 918 3510 989; x_wconf 85' lang='lat' dir='ltr'><strong>regimine,</strong></span> <span class='ocrx_word' id='word_1_226' title='bbox 3533 917 3605 971; x_wconf 85' lang='lat' dir='ltr'><strong>ubi</strong></span> <span class='ocrx_word' id='word_1_227' title='bbox 3630 931 3709 971; x_wconf 84' lang='lat' dir='ltr'><strong>cor-</strong></span> 
     </span>
    </p>
   </div>
   <div class='ocr_carea' id='block_1_41' title="bbox 2212 1009 3709 1081">
    <p class='ocr_par' dir='ltr' id='par_1_41' title="bbox 2212 1009 3709 1081">
     <span class='ocr_line' id='line_1_41' title="bbox 2212 1009 3709 1081; baseline -0.005 -14"><span class='ocrx_word' id='word_1_228' title='bbox 2212 1010 2365 1081; x_wconf 75' lang='lat' dir='ltr'><strong>poris</strong></span> <span class='ocrx_word' id='word_1_229' title='bbox 2391 1017 2449 1067; x_wconf 84' lang='lat' dir='ltr'><strong>et</strong></span> <span class='ocrx_word' id='word_1_230' title='bbox 2477 1011 2675 1066; x_wconf 63' lang='lat' dir='ltr'><strong>animae</strong></span> <span class='ocrx_word' id='word_1_231' title='bbox 2707 1010 3138 1066; x_wconf 84' lang='lat' dir='ltr'><strong>consolationem</strong></span> <span class='ocrx_word' id='word_1_232' title='bbox 3176 1010 3376 1065; x_wconf 88' lang='lat' dir='ltr'><strong>habere</strong></span> <span class='ocrx_word' id='word_1_233' title='bbox 3404 1009 3606 1079; x_wconf 89' lang='lat' dir='ltr'><strong>possint,</strong></span> <span class='ocrx_word' id='word_1_234' title='bbox 3637 1010 3709 1061; x_wconf 87' lang='lat' dir='ltr'><strong>col-</strong></span> 
     </span>
    </p>
   </div>
   <div class='ocr_carea' id='block_1_42' title="bbox 2214 1100 3710 1174">
    <p class='ocr_par' dir='ltr' id='par_1_42' title="bbox 2214 1100 3710 1174">
     <span class='ocr_line' id='line_1_42' title="bbox 2214 1100 3710 1174; baseline -0.004 -17"><span class='ocrx_word' id='word_1_235' title='bbox 2214 1102 2399 1159; x_wconf 91' lang='lat' dir='ltr'><strong>locare</strong></span> <span class='ocrx_word' id='word_1_236' title='bbox 2419 1101 2643 1159; x_wconf 89' lang='lat' dir='ltr'><strong>studeas</strong></span> <span class='ocrx_word' id='word_1_237' title='bbox 2666 1117 2951 1174; x_wconf 89' lang='lat' dir='ltr'><strong>quousque</strong></span> <span class='ocrx_word' id='word_1_238' title='bbox 2982 1102 3198 1159; x_wconf 89' lang='lat' dir='ltr'><strong>illorum</strong></span> <span class='ocrx_word' id='word_1_239' title='bbox 3223 1101 3460 1156; x_wconf 87' lang='lat' dir='ltr'><strong>Ecclesia</strong></span> <span class='ocrx_word' id='word_1_240' title='bbox 3484 1100 3710 1170; x_wconf 76' lang='lat' dir='ltr'><strong>resipiscat,</strong></span> 
     </span>
    </p>
   </div>
   <div class='ocr_carea' id='block_1_43' title="bbox 2216 1193 3712 1268">
    <p class='ocr_par' dir='ltr' id='par_1_43' title="bbox 2216 1193 3712 1268">
     <span class='ocr_line' id='line_1_43' title="bbox 2216 1193 3712 1268; baseline -0.004 -15"><span class='ocrx_word' id='word_1_241' title='bbox 2216 1196 2406 1267; x_wconf 87' lang='lat' dir='ltr'><strong>sicque</strong></span> <span class='ocrx_word' id='word_1_242' title='bbox 2436 1205 2560 1267; x_wconf 91' lang='lat' dir='ltr'><strong>post</strong></span> <span class='ocrx_word' id='word_1_243' title='bbox 2588 1212 2685 1268; x_wconf 89' lang='lat' dir='ltr'><strong>per</strong></span> <span class='ocrx_word' id='word_1_244' title='bbox 2722 1208 2966 1253; x_wconf 89' lang='lat' dir='ltr'><strong>nostram</strong></span> <span class='ocrx_word' id='word_1_245' title='bbox 3004 1195 3402 1253; x_wconf 87' lang='lat' dir='ltr'><strong>absolutionem</strong></span> <span class='ocrx_word' id='word_1_246' title='bbox 3431 1204 3570 1265; x_wconf 89' lang='lat' dir='ltr'><strong>atque</strong></span> <span class='ocrx_word' id='word_1_247' title='bbox 3598 1193 3712 1248; x_wconf 84' lang='lat' dir='ltr'><strong>licea-</strong></span> 
     </span>
    </p>
   </div>
   <div class='ocr_carea' id='block_1_44' title="bbox 2218 1285 3507 1361">
    <p class='ocr_par' dir='ltr' id='par_1_44' title="bbox 2218 1285 3507 1361">
     <span class='ocr_line' id='line_1_44' title="bbox 2218 1285 3507 1361; baseline -0.003 -18"><span class='ocrx_word' id='word_1_248' title='bbox 2218 1287 2365 1353; x_wconf 54' lang='lat' dir='ltr'><strong>tiam.</strong></span> <span class='ocrx_word' id='word_1_249' title='bbox 2382 1287 2505 1345; x_wconf 91' lang='lat' dir='ltr'><strong>illos</strong></span> <span class='ocrx_word' id='word_1_250' title='bbox 2542 1297 2602 1345; x_wconf 90' lang='lat' dir='ltr'><strong>ut</strong></span> <span class='ocrx_word' id='word_1_251' title='bbox 2638 1289 2889 1361; x_wconf 87' lang='lat' dir='ltr'><strong>proprios</strong></span> <span class='ocrx_word' id='word_1_252' title='bbox 2918 1288 3059 1345; x_wconf 80' lang='lat' dir='ltr'><strong>ﬁlios</strong></span> <span class='ocrx_word' id='word_1_253' title='bbox 3088 1288 3343 1359; x_wconf 88' lang='lat' dir='ltr'><strong>recipiat.</strong></span> <span class='ocrx_word' id='word_1_254' title='bbox 3368 1285 3507 1344; x_wconf 90' lang='lat' dir='ltr'><strong>Vale.</strong></span> 
     </span>
    </p>
   </div>
   <div class='ocr_carea' id='block_1_45' title="bbox 2962 1398 3072 1455">
    <p class='ocr_par' dir='ltr' id='par_1_45' title="bbox 2962 1398 3072 1455">
     <span class='ocr_line' id='line_1_45' title="bbox 2962 1398 3072 1455; baseline -0.009 0"><span class='ocrx_word' id='word_1_255' title='bbox 2962 1398 3072 1455; x_wconf 66' lang='grc' dir='ltr'><strong>γη.</strong></span> 
     </span>
    </p>
   </div>
   <div class='ocr_carea' id='block_1_46' title="bbox 2847 1507 3195 1547">
    <p class='ocr_par' dir='ltr' id='par_1_46' title="bbox 2847 1507 3195 1547">
     <span class='ocr_line' id='line_1_46' title="bbox 2847 1507 3195 1547; baseline -0.003 0"><span class='ocrx_word' id='word_1_256' title='bbox 2847 1507 2915 1547; x_wconf 74' lang='grc' dir='ltr'><strong>ΑΒ</strong></span> <span class='ocrx_word' id='word_1_257' title='bbox 2952 1507 3195 1547; x_wconf 71' lang='grc' dir='ltr'><strong>εωωεκ.</strong></span> 
     </span>
    </p>
   </div>
   <div class='ocr_carea' id='block_1_47' title="bbox 2222 1581 3716 1707">
    <p class='ocr_par' dir='ltr' id='par_1_47' title="bbox 2222 1581 3716 1707">
     <span class='ocr_line' id='line_1_47' title="bbox 2222 1581 3716 1707; baseline -0.004 -68"><span class='ocrx_word' id='word_1_258' title='bbox 2222 1582 2292 1639; x_wconf 88' lang='lat' dir='ltr'><strong>Ut</strong></span> <span class='ocrx_word' id='word_1_259' title='bbox 2332 1583 2403 1639; x_wconf 79' lang='lat' dir='ltr'><strong>ad</strong></span> <span class='ocrx_word' id='word_1_260' title='bbox 2450 1583 2712 1656; x_wconf 78' lang='lat' dir='ltr'><strong>synodum</strong></span> <span class='ocrx_word' id='word_1_261' title='bbox 2760 1583 2826 1638; x_wconf 84' lang='lat' dir='ltr'><strong>ab</strong></span> <span class='ocrx_word' id='word_1_262' title='bbox 2877 1581 3114 1707; x_wconf 64' lang='grc' dir='ltr'><em>ι]τὸαὲοι</em></span> <span class='ocrx_word' id='word_1_263' title='bbox 3134 1583 3207 1652; x_wconf 37' lang='grc' dir='ltr'><strong>ἔτι,</strong></span> <span class='ocrx_word' id='word_1_264' title='bbox 3238 1581 3409 1638; x_wconf 81' lang='lat' dir='ltr'><strong>Italia</strong></span> <span class='ocrx_word' id='word_1_265' title='bbox 3443 1589 3716 1652; x_wconf 70' lang='lat' dir='ltr'><strong>coan</strong></span> 
     </span>
     <span class='ocr_line' id='line_1_48' title="bbox 2898 1670 3134 1707; baseline 0 0"><span class='ocrx_word' id='word_1_266' title='bbox 2898 1670 3021 1707; x_wconf 80' lang='lat' dir='ltr'><strong>accc</strong></span> <span class='ocrx_word' id='word_1_267' title='bbox 3059 1671 3089 1707; x_wconf 90' lang='lat' dir='ltr'><strong>a</strong></span> <span class='ocrx_word' id='word_1_268' title='bbox 3117 1692 3134 1707; x_wconf 95' lang='lat'><strong>.</strong></span> 
     </span>
    </p>
   </div>
   <div class='ocr_carea' id='block_1_48' title="bbox 2898 1670 3134 1709">
    <p class='ocr_par' dir='ltr' id='par_1_48' title="bbox 2898 1670 3134 1709">
     <span class='ocr_line' id='line_1_49' title="bbox 2898 1670 3134 1709; baseline -0.004 -1"><span class='ocrx_word' id='word_1_269' title='bbox 2898 1670 3134 1709; x_wconf 78' lang='lat' dir='ltr'><strong>accedat.</strong></span> 
     </span>
    </p>
   </div>
   <div class='ocr_carea' id='block_1_49' title="bbox 2823 1742 3220 1816">
    <p class='ocr_par' dir='ltr' id='par_1_49' title="bbox 2823 1742 3220 1816">
     <span class='ocr_line' id='line_1_50' title="bbox 2823 1742 3220 1816; baseline -0.01 -17"><span class='ocrx_word' id='word_1_270' title='bbox 2823 1743 3004 1816; x_wconf 87' lang='lat' dir='ltr'><strong>(Anno</strong></span> <span class='ocrx_word' id='word_1_271' title='bbox 3034 1742 3220 1813; x_wconf 69' lang='lat' dir='ltr'><strong>i094.)</strong></span> 
     </span>
    </p>
   </div>
   <div class='ocr_carea' id='block_1_50' title="bbox 2302 1834 3717 1909">
    <p class='ocr_par' dir='ltr' id='par_1_50' title="bbox 2302 1834 3717 1909">
     <span class='ocr_line' id='line_1_51' title="bbox 2302 1834 3717 1909; baseline 0.002 -19"><span class='ocrx_word' id='word_1_272' title='bbox 2302 1834 2641 1899; x_wconf 68' lang='lat' dir='ltr'><strong>Ramasous,</strong></span> <span class='ocrx_word' id='word_1_273' title='bbox 2671 1834 2769 1893; x_wconf 83' lang='lat' dir='ltr'><strong>Dei</strong></span> <span class='ocrx_word' id='word_1_274' title='bbox 2803 1837 2979 1909; x_wconf 88' lang='lat' dir='ltr'><strong>gratia</strong></span> <span class='ocrx_word' id='word_1_275' title='bbox 3010 1835 3315 1893; x_wconf 82' lang='lat' dir='ltr'><strong>Remorum</strong></span> <span class='ocrx_word' id='word_1_276' title='bbox 3346 1834 3717 1905; x_wconf 62' lang='lat' dir='ltr'><strong>archiepiscopus.</strong></span> 
     </span>
    </p>
   </div>
   <div class='ocr_carea' id='block_1_51' title="bbox 2226 1927 3717 1987">
    <p class='ocr_par' dir='ltr' id='par_1_51' title="bbox 2226 1927 3717 1987">
     <span class='ocr_line' id='line_1_52' title="bbox 2226 1927 3717 1987; baseline -0.002 -5"><span class='ocrx_word' id='word_1_277' title='bbox 2226 1927 2583 1986; x_wconf 83' lang='lat' dir='ltr'><strong>dilectissimo</strong></span> <span class='ocrx_word' id='word_1_278' title='bbox 2603 1930 2868 1986; x_wconf 84' lang='lat' dir='ltr'><strong>confratri</strong></span> <span class='ocrx_word' id='word_1_279' title='bbox 2895 1938 2953 1986; x_wconf 90' lang='lat' dir='ltr'><strong>et</strong></span> <span class='ocrx_word' id='word_1_280' title='bbox 2975 1929 3360 1986; x_wconf 82' lang='lat' dir='ltr'><strong>consacerdoti</strong></span> <span class='ocrx_word' id='word_1_281' title='bbox 3385 1945 3477 1985; x_wconf 90' lang='lat' dir='ltr'><strong>suo</strong></span> <span class='ocrx_word' id='word_1_282' title='bbox 3491 1928 3717 1987; x_wconf 71' lang='lat' dir='ltr'><strong>LAIIEII‘O.</strong></span> 
     </span>
    </p>
   </div>
   <div class='ocr_carea' id='block_1_52' title="bbox 2226 2019 3718 2094">
    <p class='ocr_par' dir='ltr' id='par_1_52' title="bbox 2226 2019 3718 2094">
     <span class='ocr_line' id='line_1_53' title="bbox 2226 2019 3718 2094; baseline -0.003 -18"><span class='ocrx_word' id='word_1_283' title='bbox 2226 2021 2668 2079; x_wconf 83' lang='lat' dir='ltr'><strong>Atrebatensium</strong></span> <span class='ocrx_word' id='word_1_284' title='bbox 2701 2021 2978 2094; x_wconf 88' lang='lat' dir='ltr'><strong>episcopo,</strong></span> <span class='ocrx_word' id='word_1_285' title='bbox 3024 2023 3260 2079; x_wconf 90' lang='lat' dir='ltr'><strong>salutem</strong></span> <span class='ocrx_word' id='word_1_286' title='bbox 3288 2029 3346 2077; x_wconf 92' lang='lat' dir='ltr'><strong>et</strong></span> <span class='ocrx_word' id='word_1_287' title='bbox 3384 2019 3718 2077; x_wconf 80' lang='lat' dir='ltr'><strong>benedictionem</strong></span> 
     </span>
    </p>
   </div>
   <div class='ocr_carea' id='block_1_53' title="bbox 2227 2112 2717 2171">
    <p class='ocr_par' dir='ltr' id='par_1_53' title="bbox 2227 2112 2717 2171">
     <span class='ocr_line' id='line_1_54' title="bbox 2227 2112 2717 2171; baseline 0.004 -2"><span class='ocrx_word' id='word_1_288' title='bbox 2227 2112 2281 2169; x_wconf 91' lang='lat' dir='ltr'><strong>in</strong></span> <span class='ocrx_word' id='word_1_289' title='bbox 2314 2113 2541 2171; x_wconf 91' lang='lat' dir='ltr'><strong>Domino</strong></span> <span class='ocrx_word' id='word_1_290' title='bbox 2565 2113 2717 2171; x_wconf 81' lang='lat' dir='ltr'><strong>Jesu.</strong></span> 
     </span>
    </p>
   </div>
   <div class='ocr_carea' id='block_1_54' title="bbox 2296 2199 3723 2276">
    <p class='ocr_par' dir='ltr' id='par_1_54' title="bbox 2296 2199 3723 2276">
     <span class='ocr_line' id='line_1_55' title="bbox 2296 2199 3723 2276; baseline -0.006 -17"><span class='ocrx_word' id='word_1_291' title='bbox 2296 2204 2586 2261; x_wconf 90' lang='lat' dir='ltr'><strong>Dilectioni</strong></span> <span class='ocrx_word' id='word_1_292' title='bbox 2625 2214 2823 2263; x_wconf 69' lang='lat' dir='ltr'><strong>vestrae</strong></span> <span class='ocrx_word' id='word_1_293' title='bbox 2867 2205 3253 2263; x_wconf 87' lang='lat' dir='ltr'><strong>insinuandum</strong></span> <span class='ocrx_word' id='word_1_294' title='bbox 3301 2203 3511 2276; x_wconf 86' lang='lat' dir='ltr'><strong>dignum</strong></span> <span class='ocrx_word' id='word_1_295' title='bbox 3547 2199 3723 2254; x_wconf 74' lang='lat' dir='ltr'><strong>duximus</strong></span> 
     </span>
    </p>
   </div>
   <div class='ocr_carea' id='block_1_55' title="bbox 2226 2293 3725 2371">
    <p class='ocr_par' dir='ltr' id='par_1_55' title="bbox 2226 2293 3725 2371">
     <span class='ocr_line' id='line_1_56' title="bbox 2226 2293 3725 2371; baseline -0.009 -16"><span class='ocrx_word' id='word_1_296' title='bbox 2226 2313 2327 2355; x_wconf 91' lang='lat' dir='ltr'><strong>nos</strong></span> <span class='ocrx_word' id='word_1_297' title='bbox 2357 2301 2673 2370; x_wconf 90' lang='lat' dir='ltr'><strong>nuperrime</strong></span> <span class='ocrx_word' id='word_1_298' title='bbox 2695 2299 2881 2355; x_wconf 90' lang='lat' dir='ltr'><strong>domni</strong></span> <span class='ocrx_word' id='word_1_299' title='bbox 2904 2314 3058 2371; x_wconf 78' lang='lat' dir='ltr'><strong>papa:</strong></span> <span class='ocrx_word' id='word_1_300' title='bbox 3083 2297 3299 2354; x_wconf 88' lang='lat' dir='ltr'><strong>Urbani</strong></span> <span class='ocrx_word' id='word_1_301' title='bbox 3330 2293 3587 2367; x_wconf 83' lang='lat' dir='ltr'><strong>epistolam</strong></span> <span class='ocrx_word' id='word_1_302' title='bbox 3604 2305 3725 2346; x_wconf 73' lang='lat' dir='ltr'><strong>susce-</strong></span> 
     </span>
    </p>
   </div>
   <div class='ocr_carea' id='block_1_56' title="bbox 2224 2382 3725 2462">
    <p class='ocr_par' dir='ltr' id='par_1_56' title="bbox 2224 2382 3725 2462">
     <span class='ocr_line' id='line_1_57' title="bbox 2224 2382 3725 2462; baseline -0.013 -13"><span class='ocrx_word' id='word_1_303' title='bbox 2224 2391 2413 2462; x_wconf 79' lang='lat' dir='ltr'><strong>pisse,</strong></span> <span class='ocrx_word' id='word_1_304' title='bbox 2468 2402 2524 2447; x_wconf 80' lang='lat' dir='ltr'><strong>et</strong></span> <span class='ocrx_word' id='word_1_305' title='bbox 2572 2393 2641 2446; x_wconf 89' lang='lat' dir='ltr'><strong>ab</strong></span> <span class='ocrx_word' id='word_1_306' title='bbox 2675 2404 2742 2446; x_wconf 91' lang='lat' dir='ltr'><strong>eo</strong></span> <span class='ocrx_word' id='word_1_307' title='bbox 2791 2402 2853 2445; x_wconf 84' lang='lat' dir='ltr'><strong>ut</strong></span> <span class='ocrx_word' id='word_1_308' title='bbox 2902 2400 3085 2445; x_wconf 79' lang='lat' dir='ltr'><strong>vestra</strong></span> <span class='ocrx_word' id='word_1_309' title='bbox 3123 2395 3431 2443; x_wconf 82' lang='lat' dir='ltr'><strong>convocata</strong></span> <span class='ocrx_word' id='word_1_310' title='bbox 3474 2382 3725 2438; x_wconf 77' lang='lat' dir='ltr'><strong>fraternitate</strong></span> 
     </span>
    </p>
   </div>
   <div class='ocr_carea' id='block_1_57' title="bbox 2227 2471 3726 2552">
    <p class='ocr_par' dir='ltr' id='par_1_57' title="bbox 2227 2471 3726 2552">
     <span class='ocr_line' id='line_1_58' title="bbox 2227 2471 3726 2552; baseline -0.011 -13"><span class='ocrx_word' id='word_1_311' title='bbox 2227 2482 2377 2539; x_wconf 86' lang='lat' dir='ltr'><strong>circa</strong></span> <span class='ocrx_word' id='word_1_312' title='bbox 2409 2483 2646 2538; x_wconf 89' lang='lat' dir='ltr'><strong>medium</strong></span> <span class='ocrx_word' id='word_1_313' title='bbox 2676 2481 2937 2537; x_wconf 85' lang='lat' dir='ltr'><strong>februarii</strong></span> <span class='ocrx_word' id='word_1_314' title='bbox 2979 2481 3213 2552; x_wconf 69' lang='lat' dir='ltr'><strong>proximi</strong></span> <span class='ocrx_word' id='word_1_315' title='bbox 3247 2478 3324 2535; x_wconf 86' lang='lat' dir='ltr'><strong>ad</strong></span> <span class='ocrx_word' id='word_1_316' title='bbox 3360 2475 3614 2533; x_wconf 85' lang='lat' dir='ltr'><strong>concilium</strong></span> <span class='ocrx_word' id='word_1_317' title='bbox 3633 2471 3726 2541; x_wconf 69' lang='lat' dir='ltr'><strong>quod</strong></span> 
     </span>
    </p>
   </div>
   <div class='ocr_carea' id='block_1_58' title="bbox 2228 2564 3725 2643">
    <p class='ocr_par' dir='ltr' id='par_1_58' title="bbox 2228 2564 3725 2643">
     <span class='ocr_line' id='line_1_59' title="bbox 2228 2564 3725 2643; baseline -0.007 -14"><span class='ocrx_word' id='word_1_318' title='bbox 2228 2574 2374 2630; x_wconf 88' lang='lat' dir='ltr'><strong>intra</strong></span> <span class='ocrx_word' id='word_1_319' title='bbox 2426 2574 2683 2631; x_wconf 89' lang='lat' dir='ltr'><strong>Tusciam</strong></span> <span class='ocrx_word' id='word_1_320' title='bbox 2743 2575 2829 2629; x_wconf 91' lang='lat' dir='ltr'><strong>vel</strong></span> <span class='ocrx_word' id='word_1_321' title='bbox 2876 2571 3327 2643; x_wconf 85' lang='lat' dir='ltr'><strong>Longobardiam</strong></span> <span class='ocrx_word' id='word_1_322' title='bbox 3380 2579 3499 2625; x_wconf 91' lang='lat' dir='ltr'><strong>tunc</strong></span> <span class='ocrx_word' id='word_1_323' title='bbox 3547 2564 3725 2633; x_wconf 83' lang='lat' dir='ltr'><strong>temporis</strong></span> 
     </span>
    </p>
   </div>
   <div class='ocr_carea' id='block_1_59' title="bbox 2227 2659 3727 2738">
    <p class='ocr_par' dir='ltr' id='par_1_59' title="bbox 2227 2659 3727 2738">
     <span class='ocr_line' id='line_1_60' title="bbox 2227 2659 3727 2738; baseline -0.009 -15"><span class='ocrx_word' id='word_1_324' title='bbox 2227 2667 2605 2724; x_wconf 89' lang='lat' dir='ltr'><strong>celebraturus</strong></span> <span class='ocrx_word' id='word_1_325' title='bbox 2643 2677 2729 2723; x_wconf 86' lang='lat' dir='ltr'><strong>est</strong></span> <span class='ocrx_word' id='word_1_326' title='bbox 2762 2667 2829 2722; x_wconf 85' lang='lat' dir='ltr'><strong>ad</strong></span> <span class='ocrx_word' id='word_1_327' title='bbox 2872 2664 3219 2738; x_wconf 65' lang='lat' dir='ltr'><strong>praesentiam</strong></span> <span class='ocrx_word' id='word_1_328' title='bbox 3259 2662 3383 2731; x_wconf 88' lang='lat' dir='ltr'><strong>ejus</strong></span> <span class='ocrx_word' id='word_1_329' title='bbox 3422 2659 3639 2716; x_wconf 83' lang='lat' dir='ltr'><strong>accedere</strong></span> <span class='ocrx_word' id='word_1_330' title='bbox 3666 2669 3727 2706; x_wconf 54' lang='lat' dir='ltr'><strong>tuo</strong></span> 
     </span>
    </p>
   </div>
   <div class='ocr_carea' id='block_1_60' title="bbox 2227 2746 3730 2813">
    <p class='ocr_par' dir='ltr' id='par_1_60' title="bbox 2227 2746 3730 2813">
     <span class='ocr_line' id='line_1_61' title="bbox 2227 2746 3730 2813; baseline -0.005 -1"><span class='ocrx_word' id='word_1_331' title='bbox 2227 2770 2412 2812; x_wconf 92' lang='lat' dir='ltr'><strong>remus</strong></span> <span class='ocrx_word' id='word_1_332' title='bbox 2442 2756 2867 2813; x_wconf 85' lang='lat' dir='ltr'><strong>sollicitudinem</strong></span> <span class='ocrx_word' id='word_1_333' title='bbox 2894 2764 3132 2810; x_wconf 84' lang='lat' dir='ltr'><strong>vestram</strong></span> <span class='ocrx_word' id='word_1_334' title='bbox 3163 2753 3431 2807; x_wconf 87' lang='lat' dir='ltr'><strong>monitam</strong></span> <span class='ocrx_word' id='word_1_335' title='bbox 3453 2763 3574 2805; x_wconf 83' lang='lat' dir='ltr'><strong>esse.</strong></span> <span class='ocrx_word' id='word_1_336' title='bbox 3599 2746 3646 2799; x_wconf 67' lang='lat' dir='ltr'><strong>Et</strong></span> <span class='ocrx_word' id='word_1_337' title='bbox 3667 2756 3730 2795; x_wconf 65' lang='grc' dir='ltr'><strong>ωε</strong></span> 
     </span>
    </p>
   </div>
   <div class='ocr_carea' id='block_1_61' title="bbox 2228 2834 3731 2917">
    <p class='ocr_par' dir='ltr' id='par_1_61' title="bbox 2228 2834 3731 2917">
     <span class='ocr_line' id='line_1_62' title="bbox 2228 2834 3731 2917; baseline -0.008 -17"><span class='ocrx_word' id='word_1_338' title='bbox 2228 2844 2392 2915; x_wconf 82' lang='lat' dir='ltr'><strong>igitur</strong></span> <span class='ocrx_word' id='word_1_339' title='bbox 2420 2846 2491 2901; x_wconf 89' lang='lat' dir='ltr'><strong>ad</strong></span> <span class='ocrx_word' id='word_1_340' title='bbox 2525 2846 2695 2917; x_wconf 90' lang='lat' dir='ltr'><strong>ipsius</strong></span> <span class='ocrx_word' id='word_1_341' title='bbox 2716 2846 3072 2902; x_wconf 90' lang='lat' dir='ltr'><strong>monitionem</strong></span> <span class='ocrx_word' id='word_1_342' title='bbox 3107 2853 3357 2899; x_wconf 86' lang='lat' dir='ltr'><strong>vestram</strong></span> <span class='ocrx_word' id='word_1_343' title='bbox 3395 2852 3637 2897; x_wconf 84' lang='lat' dir='ltr'><strong>monemus</strong></span> <span class='ocrx_word' id='word_1_344' title='bbox 3660 2834 3731 2888; x_wconf 76' lang='lat' dir='ltr'><strong>ira-</strong></span> 
     </span>
    </p>
   </div>
   <div class='ocr_carea' id='block_1_62' title="bbox 2231 2931 3731 3011">
    <p class='ocr_par' dir='ltr' id='par_1_62' title="bbox 2231 2931 3731 3011">
     <span class='ocr_line' id='line_1_63' title="bbox 2231 2931 3731 3011; baseline -0.009 -19"><span class='ocrx_word' id='word_1_345' title='bbox 2231 2938 2567 3006; x_wconf 89' lang='lat' dir='ltr'><strong>ternitatem,</strong></span> <span class='ocrx_word' id='word_1_346' title='bbox 2622 2947 2892 3011; x_wconf 89' lang='lat' dir='ltr'><strong>quatenus</strong></span> <span class='ocrx_word' id='word_1_347' title='bbox 2950 2938 3097 2994; x_wconf 91' lang='lat' dir='ltr'><strong>circa</strong></span> <span class='ocrx_word' id='word_1_348' title='bbox 3150 2938 3474 3009; x_wconf 64' lang='lat' dir='ltr'><strong>praedictum</strong></span> <span class='ocrx_word' id='word_1_349' title='bbox 3523 2931 3731 2988; x_wconf 82' lang='lat' dir='ltr'><strong>terminum</strong></span> 
     </span>
    </p>
   </div>
   <div class='ocr_carea' id='block_1_63' title="bbox 2228 3020 3731 3103">
    <p class='ocr_par' dir='ltr' id='par_1_63' title="bbox 2228 3020 3731 3103">
     <span class='ocr_line' id='line_1_64' title="bbox 2228 3020 3731 3103; baseline -0.007 -17"><span class='ocrx_word' id='word_1_350' title='bbox 2228 3039 2469 3088; x_wconf 87' lang='lat' dir='ltr'><strong>vestram</strong></span> <span class='ocrx_word' id='word_1_351' title='bbox 2511 3031 2626 3102; x_wconf 90' lang='lat' dir='ltr'><strong>ipse</strong></span> <span class='ocrx_word' id='word_1_352' title='bbox 2669 3030 3015 3103; x_wconf 53' lang='lat' dir='ltr'><strong>praesentiam</strong></span> <span class='ocrx_word' id='word_1_353' title='bbox 3059 3045 3185 3085; x_wconf 92' lang='lat' dir='ltr'><strong>cum</strong></span> <span class='ocrx_word' id='word_1_354' title='bbox 3228 3028 3485 3084; x_wconf 87' lang='lat' dir='ltr'><strong>omnibus</strong></span> <span class='ocrx_word' id='word_1_355' title='bbox 3527 3020 3731 3080; x_wconf 75' lang='lat' dir='ltr'><strong>abbatibus</strong></span> 
     </span>
    </p>
   </div>
   <div class='ocr_carea' id='block_1_64' title="bbox 543 3113 3730 3198">
    <p class='ocr_par' dir='ltr' id='par_1_64' title="bbox 543 3113 3730 3198">
     <span class='ocr_line' id='line_1_65' title="bbox 543 3113 3730 3198; baseline -0.005 -18"><span class='ocrx_word' id='word_1_356' title='bbox 543 3127 781 3198; x_wconf 73' lang='lat' dir='ltr'><strong>glorioso</strong></span> <span class='ocrx_word' id='word_1_357' title='bbox 826 3124 1076 3195; x_wconf 28' lang='lat' dir='ltr'><strong>principi,</strong></span> <span class='ocrx_word' id='word_1_358' title='bbox 1118 3124 1316 3178; x_wconf 89' lang='lat' dir='ltr'><strong>domno</strong></span> <span class='ocrx_word' id='word_1_359' title='bbox 1381 3120 1643 3175; x_wconf 77' lang='lat' dir='ltr'><strong>Ronsnro</strong></span> <span class='ocrx_word' id='word_1_360' title='bbox 1709 3117 2126 3174; x_wconf 82' lang='lat' dir='ltr'><strong>Flandrensium</strong></span> <span class='ocrx_word' id='word_1_361' title='bbox 2155 3124 2201 3188; x_wconf 65' lang='grc' dir='ltr'><strong>(ζ</strong></span> <span class='ocrx_word' id='word_1_362' title='bbox 2233 3122 2435 3181; x_wconf 85' lang='lat' dir='ltr'><strong>vestris</strong></span> <span class='ocrx_word' id='word_1_363' title='bbox 2508 3123 2577 3181; x_wconf 87' lang='lat' dir='ltr'><strong>ad</strong></span> <span class='ocrx_word' id='word_1_364' title='bbox 2653 3122 2834 3196; x_wconf 89' lang='lat' dir='ltr'><strong>ipsum</strong></span> <span class='ocrx_word' id='word_1_365' title='bbox 2898 3121 3194 3181; x_wconf 69' lang='lat' dir='ltr'><strong>concilium</strong></span> <span class='ocrx_word' id='word_1_366' title='bbox 3267 3120 3522 3178; x_wconf 66' lang='lat' dir='ltr'><strong>exhibere</strong></span> <span class='ocrx_word' id='word_1_367' title='bbox 3577 3113 3730 3172; x_wconf 79' lang='lat' dir='ltr'><strong>curetis.</strong></span> 
     </span>
    </p>
   </div>
   <div class='ocr_carea' id='block_1_65' title="bbox 540 3211 2126 3287">
    <p class='ocr_par' dir='ltr' id='par_1_65' title="bbox 540 3211 2126 3287">
     <span class='ocr_line' id='line_1_66' title="bbox 540 3211 2126 3287; baseline -0.004 -12"><span class='ocrx_word' id='word_1_368' title='bbox 540 3221 769 3287; x_wconf 88' lang='lat' dir='ltr'><strong>comiti,</strong></span> <span class='ocrx_word' id='word_1_369' title='bbox 824 3217 1016 3273; x_wconf 88' lang='lat' dir='ltr'><strong>salutis</strong></span> <span class='ocrx_word' id='word_1_370' title='bbox 1055 3225 1111 3272; x_wconf 93' lang='lat' dir='ltr'><strong>et</strong></span> <span class='ocrx_word' id='word_1_371' title='bbox 1157 3214 1552 3272; x_wconf 89' lang='lat' dir='ltr'><strong>benedictionis</strong></span> <span class='ocrx_word' id='word_1_372' title='bbox 1582 3211 1977 3269; x_wconf 83' lang='lat' dir='ltr'><strong>ubertatem&#39;in</strong></span> <span class='ocrx_word' id='word_1_373' title='bbox 2021 3211 2126 3269; x_wconf 83' lang='lat' dir='ltr'><strong>Do-</strong></span> 
     </span>
    </p>
   </div>
   <div class='ocr_carea' id='block_1_66' title="bbox 542 3312 710 3366">
    <p class='ocr_par' dir='ltr' id='par_1_66' title="bbox 542 3312 710 3366">
     <span class='ocr_line' id='line_1_67' title="bbox 542 3312 710 3366; baseline 0 -1"><span class='ocrx_word' id='word_1_374' title='bbox 542 3312 710 3366; x_wconf 84' lang='lat' dir='ltr'><strong>mino.</strong></span> 
     </span>
    </p>
   </div>
   <div class='ocr_carea' id='block_1_67' title="bbox 562 3397 2125 3470">
    <p class='ocr_par' dir='ltr' id='par_1_67' title="bbox 562 3397 2125 3470">
     <span class='ocr_line' id='line_1_68' title="bbox 562 3397 2125 3470; baseline -0.004 -12"><span class='ocrx_word' id='word_1_375' title='bbox 562 3438 565 3443; x_wconf 94' lang='lat'><strong><em>-</em></strong></span> <span class='ocrx_word' id='word_1_376' title='bbox 615 3402 932 3458; x_wconf 89' lang='lat' dir='ltr'><strong>Dilectionis</strong></span> <span class='ocrx_word' id='word_1_377' title='bbox 980 3409 1175 3458; x_wconf 74' lang='lat' dir='ltr'><strong>vestrae</strong></span> <span class='ocrx_word' id='word_1_378' title='bbox 1224 3398 1435 3455; x_wconf 89' lang='lat' dir='ltr'><strong>litteras</strong></span> <span class='ocrx_word' id='word_1_379' title='bbox 1489 3399 1721 3470; x_wconf 82' lang='lat' dir='ltr'><strong>benigne</strong></span> <span class='ocrx_word' id='word_1_380' title='bbox 1766 3397 2125 3469; x_wconf 88' lang='lat' dir='ltr'><strong>suscepimus,</strong></span> 
     </span>
    </p>
   </div>
   <div class='ocr_carea' id='block_1_68' title="bbox 540 3488 2131 3566">
    <p class='ocr_par' dir='ltr' id='par_1_68' title="bbox 540 3488 2131 3566">
     <span class='ocr_line' id='line_1_69' title="bbox 540 3488 2131 3566; baseline -0.005 -15"><span class='ocrx_word' id='word_1_381' title='bbox 540 3502 931 3566; x_wconf 89' lang='lat' dir='ltr'><strong>susceptasque</strong></span> <span class='ocrx_word' id='word_1_382' title='bbox 963 3500 1243 3563; x_wconf 82' lang='lat' dir='ltr'><strong>gratanter</strong></span> <span class='ocrx_word' id='word_1_383' title='bbox 1270 3490 1617 3562; x_wconf 81' lang='lat' dir='ltr'><strong>perlegimus.</strong></span> <span class='ocrx_word' id='word_1_384' title='bbox 1643 3490 1914 3557; x_wconf 81' lang='lat' dir='ltr'><strong>Quoniam</strong></span> <span class='ocrx_word' id='word_1_385' title='bbox 1948 3488 2131 3559; x_wconf 84' lang='lat' dir='ltr'><strong>itaque</strong></span> 
     </span>
    </p>
   </div>
   <div class='ocr_carea' id='block_1_69' title="bbox 541 3578 2132 3658">
    <p class='ocr_par' dir='ltr' id='par_1_69' title="bbox 541 3578 2132 3658">
     <span class='ocr_line' id='line_1_70' title="bbox 541 3578 2132 3658; baseline -0.006 -16"><span class='ocrx_word' id='word_1_386' title='bbox 541 3587 599 3644; x_wconf 90' lang='lat' dir='ltr'><strong>in</strong></span> <span class='ocrx_word' id='word_1_387' title='bbox 651 3587 783 3658; x_wconf 86' lang='lat' dir='ltr'><strong>ipsis</strong></span> <span class='ocrx_word' id='word_1_388' title='bbox 821 3594 885 3640; x_wconf 92' lang='lat' dir='ltr'><strong>ut</strong></span> <span class='ocrx_word' id='word_1_389' title='bbox 935 3584 1092 3642; x_wconf 91' lang='lat' dir='ltr'><strong>nobis</strong></span> <span class='ocrx_word' id='word_1_390' title='bbox 1118 3583 1246 3654; x_wconf 90' lang='lat' dir='ltr'><strong>quid</strong></span> <span class='ocrx_word' id='word_1_391' title='bbox 1288 3583 1456 3637; x_wconf 91' lang='lat' dir='ltr'><strong>animi</strong></span> <span class='ocrx_word' id='word_1_392' title='bbox 1488 3595 1651 3652; x_wconf 88' lang='lat' dir='ltr'><strong>super</strong></span> <span class='ocrx_word' id='word_1_393' title='bbox 1678 3580 2019 3636; x_wconf 87' lang='lat' dir='ltr'><strong>ordinatione</strong></span> <span class='ocrx_word' id='word_1_394' title='bbox 2048 3578 2132 3633; x_wconf 88' lang='lat' dir='ltr'><strong>di-</strong></span> 
     </span>
    </p>
   </div>
   <div class='ocr_carea' id='block_1_70' title="bbox 541 3669 2132 3743">
    <p class='ocr_par' dir='ltr' id='par_1_70' title="bbox 541 3669 2132 3743">
     <span class='ocr_line' id='line_1_71' title="bbox 541 3669 2132 3743; baseline -0.005 -10"><span class='ocrx_word' id='word_1_395' title='bbox 541 3677 827 3733; x_wconf 85' lang='lat' dir='ltr'><strong>lectissimi</strong></span> <span class='ocrx_word' id='word_1_396' title='bbox 854 3676 1041 3732; x_wconf 89' lang='lat' dir='ltr'><strong>fratris</strong></span> <span class='ocrx_word' id='word_1_397' title='bbox 1084 3676 1257 3730; x_wconf 90' lang='lat' dir='ltr'><strong>nostri</strong></span> <span class='ocrx_word' id='word_1_398' title='bbox 1289 3673 1570 3728; x_wconf 86' lang='lat' dir='ltr'><strong>Lamberti</strong></span> <span class='ocrx_word' id='word_1_399' title='bbox 1599 3671 1992 3743; x_wconf 71' lang='lat' dir='ltr'><strong>{Atrebatensis</strong></span> <span class='ocrx_word' id='word_1_400' title='bbox 2017 3669 2132 3741; x_wconf 90' lang='lat' dir='ltr'><strong>epi-</strong></span> 
     </span>
    </p>
   </div>
   <div class='ocr_carea' id='block_1_71' title="bbox 546 3763 2126 3835">
    <p class='ocr_par' dir='ltr' id='par_1_71' title="bbox 546 3763 2126 3835">
     <span class='ocr_line' id='line_1_72' title="bbox 546 3763 2126 3835; baseline -0.006 -12"><span class='ocrx_word' id='word_1_401' title='bbox 546 3767 695 3835; x_wconf 81' lang='lat' dir='ltr'><strong>scOpi</strong></span> <span class='ocrx_word' id='word_1_402' title='bbox 755 3767 1079 3821; x_wconf 86' lang='lat' dir='ltr'><strong>haberemus</strong></span> <span class='ocrx_word' id='word_1_403' title='bbox 1134 3765 1368 3834; x_wconf 86' lang='lat' dir='ltr'><strong>r0gastis</strong></span> <span class='ocrx_word' id='word_1_404' title='bbox 1426 3764 1690 3819; x_wconf 89' lang='lat' dir='ltr'><strong>vellemus</strong></span> <span class='ocrx_word' id='word_1_405' title='bbox 1750 3763 2077 3820; x_wconf 89' lang='lat' dir='ltr'><strong>remandare</strong></span> <span class='ocrx_word' id='word_1_406' title='bbox 2112 3801 2126 3828; x_wconf 92' lang='lat'><strong>,</strong></span> 
     </span>
    </p>
   </div>
   <div class='ocr_carea' id='block_1_72' title="bbox 545 3852 2134 3924">
    <p class='ocr_par' dir='ltr' id='par_1_72' title="bbox 545 3852 2134 3924">
     <span class='ocr_line' id='line_1_73' title="bbox 545 3852 2134 3924; baseline -0.003 -15"><span class='ocrx_word' id='word_1_407' title='bbox 545 3854 799 3909; x_wconf 90' lang='lat' dir='ltr'><strong>nolumus</strong></span> <span class='ocrx_word' id='word_1_408' title='bbox 850 3854 1017 3907; x_wconf 85' lang='lat' dir='ltr'><strong>lateat</strong></span> <span class='ocrx_word' id='word_1_409' title='bbox 1064 3852 1440 3907; x_wconf 85' lang='lat' dir='ltr'><strong>charissimam</strong></span> <span class='ocrx_word' id='word_1_410' title='bbox 1479 3853 1634 3909; x_wconf 91' lang='lat' dir='ltr'><strong>nobis</strong></span> <span class='ocrx_word' id='word_1_411' title='bbox 1667 3852 2011 3924; x_wconf 88' lang='lat' dir='ltr'><strong>prudentiam</strong></span> <span class='ocrx_word' id='word_1_412' title='bbox 2043 3863 2134 3905; x_wconf 86' lang='lat' dir='ltr'><strong>ve-</strong></span> 
     </span>
    </p>
   </div>
   <div class='ocr_carea' id='block_1_73' title="bbox 544 3944 2134 4015">
    <p class='ocr_par' dir='ltr' id='par_1_73' title="bbox 544 3944 2134 4015">
     <span class='ocr_line' id='line_1_74' title="bbox 544 3944 2134 4015; baseline -0.003 -12"><span class='ocrx_word' id='word_1_413' title='bbox 544 3960 753 4014; x_wconf 73' lang='lat' dir='ltr'><strong>ctram,</strong></span> <span class='ocrx_word' id='word_1_414' title='bbox 786 3962 893 4002; x_wconf 88' lang='lat' dir='ltr'><strong>nos</strong></span> <span class='ocrx_word' id='word_1_415' title='bbox 925 3946 1098 4015; x_wconf 89' lang='lat' dir='ltr'><strong>ipsum</strong></span> <span class='ocrx_word' id='word_1_416' title='bbox 1143 3944 1390 4014; x_wconf 91' lang='lat' dir='ltr'><strong>plurimis</strong></span> <span class='ocrx_word' id='word_1_417' title='bbox 1423 3944 1615 4000; x_wconf 87' lang='lat' dir='ltr'><strong>diebus</strong></span> <span class='ocrx_word' id='word_1_418' title='bbox 1665 3953 1726 3998; x_wconf 91' lang='lat' dir='ltr'><strong>ut</strong></span> <span class='ocrx_word' id='word_1_419' title='bbox 1772 3945 1914 4014; x_wconf 86' lang='lat' dir='ltr'><strong>quod</strong></span> <span class='ocrx_word' id='word_1_420' title='bbox 1959 3944 2026 3999; x_wconf 88' lang='lat' dir='ltr'><strong>de</strong></span> <span class='ocrx_word' id='word_1_421' title='bbox 2067 3956 2134 3999; x_wconf 89' lang='lat' dir='ltr'><strong>eo</strong></span> 
     </span>
    </p>
   </div>
   <div class='ocr_carea' id='block_1_74' title="bbox 546 4036 2133 4111">
    <p class='ocr_par' dir='ltr' id='par_1_74' title="bbox 546 4036 2133 4111">
     <span class='ocr_line' id='line_1_75' title="bbox 546 4036 2133 4111; baseline -0.002 -17"><span class='ocrx_word' id='word_1_422' title='bbox 546 4040 814 4111; x_wconf 78' lang='lat' dir='ltr'><strong>agendum</strong></span> <span class='ocrx_word' id='word_1_423' title='bbox 845 4047 965 4092; x_wconf 83' lang='lat' dir='ltr'><strong>erat</strong></span> <span class='ocrx_word' id='word_1_424' title='bbox 1012 4037 1255 4107; x_wconf 82' lang='lat' dir='ltr'><strong>legitime</strong></span> <span class='ocrx_word' id='word_1_425' title='bbox 1284 4051 1348 4090; x_wconf 84' lang='lat' dir='ltr'><strong>ex</strong></span> <span class='ocrx_word' id='word_1_426' title='bbox 1399 4036 1778 4106; x_wconf 88' lang='lat' dir='ltr'><strong>episcoporum</strong></span> <span class='ocrx_word' id='word_1_427' title='bbox 1820 4045 2133 4093; x_wconf 88' lang='lat' dir='ltr'><strong>nostrorum</strong></span> 
     </span>
    </p>
   </div>
   <div class='ocr_carea' id='block_1_75' title="bbox 545 4126 2135 4196">
    <p class='ocr_par' dir='ltr' id='par_1_75' title="bbox 545 4126 2135 4196">
     <span class='ocr_line' id='line_1_76' title="bbox 545 4126 2135 4196; baseline -0.002 -10"><span class='ocrx_word' id='word_1_428' title='bbox 545 4130 779 4187; x_wconf 82' lang='lat' dir='ltr'><strong>consilio</strong></span> <span class='ocrx_word' id='word_1_429' title='bbox 817 4130 994 4196; x_wconf 89' lang='lat' dir='ltr'><strong>fieret,</strong></span> <span class='ocrx_word' id='word_1_430' title='bbox 1047 4128 1368 4192; x_wconf 88' lang='lat' dir='ltr'><strong>detinuisse,</strong></span> <span class='ocrx_word' id='word_1_431' title='bbox 1421 4127 1488 4183; x_wconf 80' lang='lat' dir='ltr'><strong>ad</strong></span> <span class='ocrx_word' id='word_1_432' title='bbox 1532 4127 1784 4183; x_wconf 89' lang='lat' dir='ltr'><strong>ultimum</strong></span> <span class='ocrx_word' id='word_1_433' title='bbox 1822 4128 1875 4182; x_wconf 94' lang='lat' dir='ltr'><strong>in</strong></span> <span class='ocrx_word' id='word_1_434' title='bbox 1903 4126 2135 4184; x_wconf 92' lang='lat' dir='ltr'><strong>concilio</strong></span> 
     </span>
    </p>
   </div>
   <div class='ocr_carea' id='block_1_76' title="bbox 545 4218 2138 4295">
    <p class='ocr_par' dir='ltr' id='par_1_76' title="bbox 545 4218 2138 4295">
     <span class='ocr_line' id='line_1_77' title="bbox 545 4218 2138 4295; baseline -0.002 -19"><span class='ocrx_word' id='word_1_435' title='bbox 545 4224 689 4295; x_wconf 80' lang='lat' dir='ltr'><strong>quod</strong></span> <span class='ocrx_word' id='word_1_436' title='bbox 730 4222 926 4277; x_wconf 84' lang='lat' dir='ltr'><strong>Remis</strong></span> <span class='ocrx_word' id='word_1_437' title='bbox 963 4237 1088 4277; x_wconf 87' lang='lat' dir='ltr'><strong>cum</strong></span> <span class='ocrx_word' id='word_1_438' title='bbox 1130 4220 1469 4291; x_wconf 80' lang='lat' dir='ltr'><strong>coepiscopis</strong></span> <span class='ocrx_word' id='word_1_439' title='bbox 1498 4220 1700 4275; x_wconf 91' lang='lat' dir='ltr'><strong>nostris</strong></span> <span class='ocrx_word' id='word_1_440' title='bbox 1734 4228 1899 4290; x_wconf 91' lang='lat' dir='ltr'><strong>atque</strong></span> <span class='ocrx_word' id='word_1_441' title='bbox 1931 4218 2138 4289; x_wconf 84' lang='lat' dir='ltr'><strong>princi-</strong></span> 
     </span>
    </p>
   </div>
   <div class='ocr_carea' id='block_1_77' title="bbox 546 4307 2137 4382">
    <p class='ocr_par' dir='ltr' id='par_1_77' title="bbox 546 4307 2137 4382">
     <span class='ocr_line' id='line_1_78' title="bbox 546 4307 2137 4382; baseline -0.004 -14"><span class='ocrx_word' id='word_1_442' title='bbox 546 4314 707 4382; x_wconf 80' lang='lat' dir='ltr'><strong>pibus</strong></span> <span class='ocrx_word' id='word_1_443' title='bbox 733 4310 921 4368; x_wconf 84' lang='lat' dir='ltr'><strong>multis</strong></span> <span class='ocrx_word' id='word_1_444' title='bbox 942 4327 1009 4366; x_wconf 80' lang='lat' dir='ltr'><strong>xv</strong></span> <span class='ocrx_word' id='word_1_445' title='bbox 1035 4310 1154 4365; x_wconf 85' lang='lat' dir='ltr'><strong>Kal.</strong></span> <span class='ocrx_word' id='word_1_446' title='bbox 1174 4309 1426 4366; x_wconf 89' lang='lat' dir='ltr'><strong>Octobris</strong></span> <span class='ocrx_word' id='word_1_447' title='bbox 1447 4310 1757 4373; x_wconf 87' lang='lat' dir='ltr'><strong>habuimus,</strong></span> <span class='ocrx_word' id='word_1_448' title='bbox 1778 4307 1934 4378; x_wconf 85' lang='lat' dir='ltr'><strong>juxta</strong></span> <span class='ocrx_word' id='word_1_449' title='bbox 1954 4307 2137 4364; x_wconf 90' lang='lat' dir='ltr'><strong>domni</strong></span> 
     </span>
    </p>
   </div>
   <div class='ocr_carea' id='block_1_78' title="bbox 547 4398 2134 4475">
    <p class='ocr_par' dir='ltr' id='par_1_78' title="bbox 547 4398 2134 4475">
     <span class='ocr_line' id='line_1_79' title="bbox 547 4398 2134 4475; baseline -0.004 -15"><span class='ocrx_word' id='word_1_450' title='bbox 547 4420 701 4475; x_wconf 83' lang='lat' dir='ltr'><strong>papae</strong></span> <span class='ocrx_word' id='word_1_451' title='bbox 733 4403 937 4460; x_wconf 90' lang='lat' dir='ltr'><strong>Urbani</strong></span> <span class='ocrx_word' id='word_1_452' title='bbox 969 4412 1259 4474; x_wconf 68' lang='lat' dir='ltr'><strong>praecepta,</strong></span> <span class='ocrx_word' id='word_1_453' title='bbox 1294 4401 1491 4472; x_wconf 87' lang='lat' dir='ltr'><strong>quibus</strong></span> <span class='ocrx_word' id='word_1_454' title='bbox 1517 4400 1795 4456; x_wconf 88' lang='lat' dir='ltr'><strong>innbedire</strong></span> <span class='ocrx_word' id='word_1_455' title='bbox 1838 4398 1990 4455; x_wconf 87' lang='lat' dir='ltr'><strong>nefas</strong></span> <span class='ocrx_word' id='word_1_456' title='bbox 2029 4406 2134 4465; x_wconf 87' lang='lat' dir='ltr'><strong>est,</strong></span> 
     </span>
    </p>
   </div>
   <div class='ocr_carea' id='block_1_79' title="bbox 548 4494 2137 4564">
    <p class='ocr_par' dir='ltr' id='par_1_79' title="bbox 548 4494 2137 4564">
     <span class='ocr_line' id='line_1_80' title="bbox 548 4494 2137 4564; baseline -0.004 -12"><span class='ocrx_word' id='word_1_457' title='bbox 548 4495 775 4552; x_wconf 89' lang='lat' dir='ltr'><strong>consilio</strong></span> <span class='ocrx_word' id='word_1_458' title='bbox 807 4504 863 4549; x_wconf 91' lang='lat' dir='ltr'><strong>et</strong></span> <span class='ocrx_word' id='word_1_459' title='bbox 898 4509 1121 4551; x_wconf 91' lang='lat' dir='ltr'><strong>assensu</strong></span> <span class='ocrx_word' id='word_1_460' title='bbox 1150 4494 1597 4564; x_wconf 90' lang='lat' dir='ltr'><strong>coepiscoporum</strong></span> <span class='ocrx_word' id='word_1_461' title='bbox 1634 4499 1944 4547; x_wconf 90' lang='lat' dir='ltr'><strong>nostrorum</strong></span> <span class='ocrx_word' id='word_1_462' title='bbox 1983 4504 2137 4545; x_wconf 92' lang='lat' dir='ltr'><strong>more</strong></span> 
     </span>
    </p>
   </div>
   <div class='ocr_carea' id='block_1_80' title="bbox 549 4580 2139 4669">
    <p class='ocr_par' dir='ltr' id='par_1_80' title="bbox 549 4580 2139 4669">
     <span class='ocr_line' id='line_1_81' title="bbox 549 4580 2139 4669; baseline -0.004 -25"><span class='ocrx_word' id='word_1_463' title='bbox 549 4586 926 4644; x_wconf 86' lang='lat' dir='ltr'><strong>ecclesiastico</strong></span> <span class='ocrx_word' id='word_1_464' title='bbox 966 4588 1136 4657; x_wconf 88' lang='lat' dir='ltr'><strong>ipsius</strong></span> <span class='ocrx_word' id='word_1_465' title='bbox 1173 4585 1569 4657; x_wconf 88' lang='lat' dir='ltr'><strong>professionem</strong></span> <span class='ocrx_word' id='word_1_466' title='bbox 1613 4584 1953 4669; x_wconf 73' lang='lat' dir='ltr'><strong>suscepimus</strong></span> <span class='ocrx_word' id='word_1_467' title='bbox 1994 4580 2139 4650; x_wconf 85' lang='lat' dir='ltr'><strong>ejus-</strong></span> 
     </span>
    </p>
   </div>
   <div class='ocr_carea' id='block_1_81' title="bbox 551 4676 2136 4753">
    <p class='ocr_par' dir='ltr' id='par_1_81' title="bbox 551 4676 2136 4753">
     <span class='ocr_line' id='line_1_82' title="bbox 551 4676 2136 4753; baseline -0.004 -18"><span class='ocrx_word' id='word_1_468' title='bbox 551 4696 660 4753; x_wconf 89' lang='lat' dir='ltr'><strong>que</strong></span> <span class='ocrx_word' id='word_1_469' title='bbox 705 4680 1173 4737; x_wconf 85' lang='lat' dir='ltr'><strong>consecrationem</strong></span> <span class='ocrx_word' id='word_1_470' title='bbox 1221 4680 1611 4735; x_wconf 87' lang='lat' dir='ltr'><strong>confirmantes</strong></span> <span class='ocrx_word' id='word_1_471' title='bbox 1662 4676 2136 4741; x_wconf 89' lang='lat' dir='ltr'><strong>confirmavimus,</strong></span> 
     </span>
    </p>
   </div>
   <div class='ocr_carea' id='block_1_82' title="bbox 551 4766 2137 4837">
    <p class='ocr_par' dir='ltr' id='par_1_82' title="bbox 551 4766 2137 4837">
     <span class='ocr_line' id='line_1_83' title="bbox 551 4766 2137 4837; baseline -0.004 -12"><span class='ocrx_word' id='word_1_472' title='bbox 551 4772 699 4827; x_wconf 84' lang='lat' dir='ltr'><strong>unde</strong></span> <span class='ocrx_word' id='word_1_473' title='bbox 726 4778 919 4825; x_wconf 67' lang='lat' dir='ltr'><strong>vestrae</strong></span> <span class='ocrx_word' id='word_1_474' title='bbox 949 4770 1270 4824; x_wconf 88' lang='lat' dir='ltr'><strong>mandamus</strong></span> <span class='ocrx_word' id='word_1_475' title='bbox 1296 4766 1647 4825; x_wconf 81' lang='lat' dir='ltr'><strong>sollicitudini</strong></span> <span class='ocrx_word' id='word_1_476' title='bbox 1673 4774 1944 4837; x_wconf 89' lang='lat' dir='ltr'><strong>quatenus</strong></span> <span class='ocrx_word' id='word_1_477' title='bbox 1980 4779 2137 4820; x_wconf 87' lang='lat' dir='ltr'><strong>eum-</strong></span> 
     </span>
    </p>
   </div>
   <div class='ocr_carea' id='block_1_83' title="bbox 549 4858 2135 4924">
    <p class='ocr_par' dir='ltr' id='par_1_83' title="bbox 549 4858 2135 4924">
     <span class='ocr_line' id='line_1_84' title="bbox 549 4858 2135 4924; baseline -0.003 -9"><span class='ocrx_word' id='word_1_478' title='bbox 549 4859 677 4915; x_wconf 85' lang='lat' dir='ltr'><strong>dem</strong></span> <span class='ocrx_word' id='word_1_479' title='bbox 712 4858 906 4914; x_wconf 89' lang='lat' dir='ltr'><strong>amodo</strong></span> <span class='ocrx_word' id='word_1_480' title='bbox 946 4874 1070 4914; x_wconf 92' lang='lat' dir='ltr'><strong>cum</strong></span> <span class='ocrx_word' id='word_1_481' title='bbox 1113 4858 1293 4913; x_wconf 88' lang='lat' dir='ltr'><strong>debito</strong></span> <span class='ocrx_word' id='word_1_482' title='bbox 1328 4861 1565 4924; x_wconf 90' lang='lat' dir='ltr'><strong>honore,</strong></span> <span class='ocrx_word' id='word_1_483' title='bbox 1598 4874 1720 4914; x_wconf 92' lang='lat' dir='ltr'><strong>cum</strong></span> <span class='ocrx_word' id='word_1_484' title='bbox 1757 4858 1939 4913; x_wconf 85' lang='lat' dir='ltr'><strong>debita</strong></span> <span class='ocrx_word' id='word_1_485' title='bbox 1977 4871 2135 4912; x_wconf 86' lang='lat' dir='ltr'><strong>reve-</strong></span> 
     </span>
    </p>
   </div>
   <div class='ocr_carea' id='block_1_84' title="bbox 551 4947 2140 5020">
    <p class='ocr_par' dir='ltr' id='par_1_84' title="bbox 551 4947 2140 5020">
     <span class='ocr_line' id='line_1_85' title="bbox 551 4947 2140 5020; baseline -0.004 -12"><span class='ocrx_word' id='word_1_486' title='bbox 551 4951 734 5008; x_wconf 88' lang='lat' dir='ltr'><strong>rcntia</strong></span> <span class='ocrx_word' id='word_1_487' title='bbox 765 4949 1094 5019; x_wconf 83' lang='lat' dir='ltr'><strong>suscipiatis,</strong></span> <span class='ocrx_word' id='word_1_488' title='bbox 1130 4947 1352 5018; x_wconf 86' lang='lat' dir='ltr'><strong>ejusque</strong></span> <span class='ocrx_word' id='word_1_489' title='bbox 1381 4950 1658 5006; x_wconf 86' lang='lat' dir='ltr'><strong>laboribus</strong></span> <span class='ocrx_word' id='word_1_490' title='bbox 1686 4949 1902 5020; x_wconf 91' lang='lat' dir='ltr'><strong>publice</strong></span> <span class='ocrx_word' id='word_1_491' title='bbox 1931 4957 1989 5003; x_wconf 95' lang='lat' dir='ltr'><strong>et</strong></span> <span class='ocrx_word' id='word_1_492' title='bbox 2025 4948 2140 5018; x_wconf 88' lang='lat' dir='ltr'><strong>pri-</strong></span> 
     </span>
    </p>
   </div>
   <div class='ocr_carea' id='block_1_85' title="bbox 552 5038 2143 5111">
    <p class='ocr_par' dir='ltr' id='par_1_85' title="bbox 552 5038 2143 5111">
     <span class='ocr_line' id='line_1_86' title="bbox 552 5038 2143 5111; baseline -0.003 -15"><span class='ocrx_word' id='word_1_493' title='bbox 552 5043 724 5098; x_wconf 85' lang='lat' dir='ltr'><strong>vatim</strong></span> <span class='ocrx_word' id='word_1_494' title='bbox 749 5055 848 5111; x_wconf 92' lang='lat' dir='ltr'><strong>pro</strong></span> <span class='ocrx_word' id='word_1_495' title='bbox 874 5056 1060 5096; x_wconf 85' lang='lat' dir='ltr'><strong>amore</strong></span> <span class='ocrx_word' id='word_1_496' title='bbox 1084 5040 1180 5094; x_wconf 89' lang='lat' dir='ltr'><strong>Dei</strong></span> <span class='ocrx_word' id='word_1_497' title='bbox 1211 5040 1640 5106; x_wconf 88' lang='lat' dir='ltr'><strong>communicetis,</strong></span> <span class='ocrx_word' id='word_1_498' title='bbox 1678 5040 1775 5096; x_wconf 90' lang='lat' dir='ltr'><strong>sed</strong></span> <span class='ocrx_word' id='word_1_499' title='bbox 1798 5047 1853 5094; x_wconf 91' lang='lat' dir='ltr'><strong>et</strong></span> <span class='ocrx_word' id='word_1_500' title='bbox 1882 5038 1936 5094; x_wconf 91' lang='lat' dir='ltr'><strong>in</strong></span> <span class='ocrx_word' id='word_1_501' title='bbox 1963 5052 2143 5109; x_wconf 82' lang='lat' dir='ltr'><strong>quan-</strong></span> 
     </span>
    </p>
   </div>
   <div class='ocr_carea' id='block_1_86' title="bbox 556 5132 2142 5204">
    <p class='ocr_par' dir='ltr' id='par_1_86' title="bbox 556 5132 2142 5204">
     <span class='ocr_line' id='line_1_87' title="bbox 556 5132 2142 5204; baseline -0.003 -13"><span class='ocrx_word' id='word_1_502' title='bbox 556 5146 673 5191; x_wconf 91' lang='lat' dir='ltr'><strong>tum</strong></span> <span class='ocrx_word' id='word_1_503' title='bbox 701 5134 1071 5189; x_wconf 87' lang='lat' dir='ltr'><strong>ecclesiastica</strong></span> <span class='ocrx_word' id='word_1_504' title='bbox 1096 5133 1360 5204; x_wconf 88' lang='lat' dir='ltr'><strong>permittit</strong></span> <span class='ocrx_word' id='word_1_505' title='bbox 1385 5133 1525 5188; x_wconf 89' lang='lat' dir='ltr'><strong>ratio</strong></span> <span class='ocrx_word' id='word_1_506' title='bbox 1555 5132 1605 5188; x_wconf 90' lang='lat' dir='ltr'><strong>ei</strong></span> <span class='ocrx_word' id='word_1_507' title='bbox 1628 5144 1685 5187; x_wconf 88' lang='lat' dir='ltr'><strong>ut</strong></span> <span class='ocrx_word' id='word_1_508' title='bbox 1705 5132 1912 5203; x_wconf 87' lang='lat' dir='ltr'><strong>pastori</strong></span> <span class='ocrx_word' id='word_1_509' title='bbox 1935 5138 2142 5199; x_wconf 88' lang='lat' dir='ltr'><strong>vestro,</strong></span> 
     </span>
    </p>
   </div>
   <div class='ocr_carea' id='block_1_87' title="bbox 555 5228 1664 5312">
    <p class='ocr_par' dir='ltr' id='par_1_87' title="bbox 555 5228 1664 5312">
     <span class='ocr_line' id='line_1_88' title="bbox 555 5228 1664 5312; baseline -0.003 -25"><span class='ocrx_word' id='word_1_510' title='bbox 555 5240 614 5287; x_wconf 88' lang='lat' dir='ltr'><strong>ut</strong></span> <span class='ocrx_word' id='word_1_511' title='bbox 634 5230 891 5304; x_wconf 87' lang='lat' dir='ltr'><strong>episc0po</strong></span> <span class='ocrx_word' id='word_1_512' title='bbox 920 5240 1105 5286; x_wconf 89' lang='lat' dir='ltr'><strong>vestro</strong></span> <span class='ocrx_word' id='word_1_513' title='bbox 1133 5229 1419 5285; x_wconf 84' lang='lat' dir='ltr'><strong>obediatis.</strong></span> <span class='ocrx_word' id='word_1_514' title='bbox 1458 5228 1664 5312; x_wconf 71' lang='lat' dir='ltr'><strong>Valete.</strong></span> 
     </span>
    </p>
   </div>
   <div class='ocr_carea' id='block_1_88' title="bbox 1307 5339 1394 5395">
    <p class='ocr_par' dir='ltr' id='par_1_88' title="bbox 1307 5339 1394 5395">
     <span class='ocr_line' id='line_1_89' title="bbox 1307 5339 1394 5395; baseline 0 0"><span class='ocrx_word' id='word_1_515' title='bbox 1307 5339 1394 5395; x_wconf 74' lang='lat' dir='ltr'><strong>Vl.</strong></span> 
     </span>
    </p>
   </div>
   <div class='ocr_carea' id='block_1_89' title="bbox 733 5446 1980 5489">
    <p class='ocr_par' dir='ltr' id='par_1_89' title="bbox 733 5446 1980 5489">
     <span class='ocr_line' id='line_1_90' title="bbox 733 5446 1980 5489; baseline -0.002 0"><span class='ocrx_word' id='word_1_516' title='bbox 733 5450 802 5489; x_wconf 74' lang='lat' dir='ltr'><strong>AD</strong></span> <span class='ocrx_word' id='word_1_517' title='bbox 843 5447 1166 5488; x_wconf 68' lang='lat' dir='ltr'><strong>LAIIBER&#39;I‘UI</strong></span> <span class='ocrx_word' id='word_1_518' title='bbox 1203 5447 1494 5489; x_wconf 70' lang='grc' dir='ltr'><strong>εριεςοιιωι</strong></span> <span class='ocrx_word' id='word_1_519' title='bbox 1533 5446 1980 5487; x_wconf 59' lang='grc' dir='ltr'><strong>Ατιιειιλτευεεκ.</strong></span> 
     </span>
    </p>
   </div>
   <div class='ocr_carea' id='block_1_90' title="bbox 773 5522 1930 5594">
    <p class='ocr_par' dir='ltr' id='par_1_90' title="bbox 773 5522 1930 5594">
     <span class='ocr_line' id='line_1_91' title="bbox 773 5522 1930 5594; baseline 0.002 -19"><span class='ocrx_word' id='word_1_520' title='bbox 773 5522 852 5575; x_wconf 87' lang='lat' dir='ltr'><strong>De</strong></span> <span class='ocrx_word' id='word_1_521' title='bbox 873 5523 1201 5577; x_wconf 82' lang='lat' dir='ltr'><strong>absolutione</strong></span> <span class='ocrx_word' id='word_1_522' title='bbox 1222 5523 1573 5594; x_wconf 82' lang='lat' dir='ltr'><strong>quorumdam</strong></span> <span class='ocrx_word' id='word_1_523' title='bbox 1602 5522 1930 5578; x_wconf 79' lang='lat' dir='ltr'><strong>clericorum.</strong></span> 
     </span>
    </p>
   </div>
   <div class='ocr_carea' id='block_1_91' title="bbox 1157 5613 1563 5685">
    <p class='ocr_par' dir='ltr' id='par_1_91' title="bbox 1157 5613 1563 5685">
     <span class='ocr_line' id='line_1_92' title="bbox 1157 5613 1563 5685; baseline 0.005 -19"><span class='ocrx_word' id='word_1_524' title='bbox 1157 5615 1334 5685; x_wconf 80' lang='lat' dir='ltr'><strong>(Anno</strong></span> <span class='ocrx_word' id='word_1_525' title='bbox 1379 5613 1563 5684; x_wconf 67' lang='lat'><strong>1094.)</strong></span> 
     </span>
    </p>
   </div>
   <div class='ocr_carea' id='block_1_92' title="bbox 640 5702 2146 5783">
    <p class='ocr_par' dir='ltr' id='par_1_92' title="bbox 640 5702 2146 5783">
     <span class='ocr_line' id='line_1_93' title="bbox 640 5702 2146 5783; baseline 0.005 -25"><span class='ocrx_word' id='word_1_526' title='bbox 640 5702 980 5777; x_wconf 72' lang='lat' dir='ltr'><strong>Russwcs,</strong></span> <span class='ocrx_word' id='word_1_527' title='bbox 1010 5708 1107 5764; x_wconf 92' lang='lat' dir='ltr'><strong>Dei</strong></span> <span class='ocrx_word' id='word_1_528' title='bbox 1140 5709 1316 5779; x_wconf 86' lang='lat' dir='ltr'><strong>gratia</strong></span> <span class='ocrx_word' id='word_1_529' title='bbox 1351 5709 1648 5768; x_wconf 82' lang='lat' dir='ltr'><strong>Remorum</strong></span> <span class='ocrx_word' id='word_1_530' title='bbox 1679 5709 2146 5783; x_wconf 78' lang='lat' dir='ltr'><strong>archiepiscopus,</strong></span> 
     </span>
    </p>
   </div>
   <div class='ocr_carea' id='block_1_93' title="bbox 2232 3214 2446 3315">
    <p class='ocr_par' dir='ltr' id='par_1_93' title="bbox 2232 3214 2446 3315">
     <span class='ocr_line' id='line_1_94' title="bbox 2232 3214 2446 3315; baseline -0.009 -42"><span class='ocrx_word' id='word_1_531' title='bbox 2232 3214 2446 3315; x_wconf 80' lang='lat' dir='ltr'><strong>Valete.</strong></span> 
     </span>
    </p>
   </div>
   <div class='ocr_carea' id='block_1_94' title="bbox 2950 3324 3087 3381">
    <p class='ocr_par' dir='ltr' id='par_1_94' title="bbox 2950 3324 3087 3381">
     <span class='ocr_line' id='line_1_95' title="bbox 2950 3324 3087 3381; baseline -0.015 0"><span class='ocrx_word' id='word_1_532' title='bbox 2950 3324 3087 3381; x_wconf 84' lang='lat' dir='ltr'><strong>Vlll.</strong></span> 
     </span>
    </p>
   </div>
   <div class='ocr_carea' id='block_1_95' title="bbox 2846 3434 3197 3476">
    <p class='ocr_par' dir='ltr' id='par_1_95' title="bbox 2846 3434 3197 3476">
     <span class='ocr_line' id='line_1_96' title="bbox 2846 3434 3197 3476; baseline -0.006 -2"><span class='ocrx_word' id='word_1_533' title='bbox 2846 3434 2915 3474; x_wconf 75' lang='lat' dir='ltr'><strong>AD</strong></span> <span class='ocrx_word' id='word_1_534' title='bbox 2954 3434 3197 3476; x_wconf 76' lang='grc' dir='ltr'><strong>Εωιυειί.</strong></span> 
     </span>
    </p>
   </div>
   <div class='ocr_carea' id='block_1_96' title="bbox 2526 3510 3532 3569">
    <p class='ocr_par' dir='ltr' id='par_1_96' title="bbox 2526 3510 3532 3569">
     <span class='ocr_line' id='line_1_97' title="bbox 2526 3510 3532 3569; baseline -0.009 0"><span class='ocrx_word' id='word_1_535' title='bbox 2526 3510 2597 3569; x_wconf 87' lang='lat' dir='ltr'><strong>Ut</strong></span> <span class='ocrx_word' id='word_1_536' title='bbox 2625 3510 2846 3568; x_wconf 79' lang='lat' dir='ltr'><strong>concilio</strong></span> <span class='ocrx_word' id='word_1_537' title='bbox 2871 3510 3290 3567; x_wconf 86' lang='lat' dir='ltr'><strong>Claromontano</strong></span> <span class='ocrx_word' id='word_1_538' title='bbox 3318 3510 3532 3565; x_wconf 72' lang='lat' dir='ltr'><strong>intersit.</strong></span> 
     </span>
    </p>
   </div>
   <div class='ocr_carea' id='block_1_97' title="bbox 2306 3598 3735 3675">
    <p class='ocr_par' dir='ltr' id='par_1_97' title="bbox 2306 3598 3735 3675">
     <span class='ocr_line' id='line_1_98' title="bbox 2306 3598 3735 3675; baseline -0.005 -15"><span class='ocrx_word' id='word_1_539' title='bbox 2306 3604 2648 3672; x_wconf 72' lang='lat' dir='ltr'><strong>anwus,</strong></span> <span class='ocrx_word' id='word_1_540' title='bbox 2680 3604 2800 3659; x_wconf 88' lang='lat' dir='ltr'><strong>Dei‘</strong></span> <span class='ocrx_word' id='word_1_541' title='bbox 2824 3603 3003 3675; x_wconf 88' lang='lat' dir='ltr'><strong>gratia</strong></span> <span class='ocrx_word' id='word_1_542' title='bbox 3029 3601 3331 3657; x_wconf 79' lang='lat' dir='ltr'><strong>Remorum</strong></span> <span class='ocrx_word' id='word_1_543' title='bbox 3363 3598 3735 3668; x_wconf 61' lang='lat' dir='ltr'><strong>archiepiscopus</strong></span> 
     </span>
    </p>
   </div>
   <div class='ocr_carea' id='block_1_98' title="bbox 2232 3692 3737 3754">
    <p class='ocr_par' dir='ltr' id='par_1_98' title="bbox 2232 3692 3737 3754">
     <span class='ocr_line' id='line_1_99' title="bbox 2232 3692 3737 3754; baseline -0.009 0"><span class='ocrx_word' id='word_1_544' title='bbox 2232 3698 2587 3754; x_wconf 90' lang='lat' dir='ltr'><strong>dilectissimo</strong></span> <span class='ocrx_word' id='word_1_545' title='bbox 2640 3698 2798 3753; x_wconf 86' lang='lat' dir='ltr'><strong>fratri</strong></span> <span class='ocrx_word' id='word_1_546' title='bbox 2844 3706 2901 3754; x_wconf 85' lang='lat' dir='ltr'><strong>et</strong></span> <span class='ocrx_word' id='word_1_547' title='bbox 2958 3696 3345 3752; x_wconf 86' lang='lat' dir='ltr'><strong>consacerdoti</strong></span> <span class='ocrx_word' id='word_1_548' title='bbox 3387 3709 3483 3750; x_wconf 90' lang='lat' dir='ltr'><strong>suo</strong></span> <span class='ocrx_word' id='word_1_549' title='bbox 3524 3692 3737 3747; x_wconf 65' lang='lat' dir='ltr'><strong>Lissum</strong></span> 
     </span>
    </p>
   </div>
   <div class='ocr_carea' id='block_1_99' title="bbox 2232 3781 3736 3861">
    <p class='ocr_par' dir='ltr' id='par_1_99' title="bbox 2232 3781 3736 3861">
     <span class='ocr_line' id='line_1_100' title="bbox 2232 3781 3736 3861; baseline -0.008 -15"><span class='ocrx_word' id='word_1_550' title='bbox 2232 3789 2676 3846; x_wconf 81' lang='lat' dir='ltr'><strong>Atrebatensium</strong></span> <span class='ocrx_word' id='word_1_551' title='bbox 2724 3789 3002 3861; x_wconf 89' lang='lat' dir='ltr'><strong>episcopo,</strong></span> <span class='ocrx_word' id='word_1_552' title='bbox 3044 3787 3278 3843; x_wconf 87' lang='lat' dir='ltr'><strong>salutem</strong></span> <span class='ocrx_word' id='word_1_553' title='bbox 3309 3796 3362 3843; x_wconf 86' lang='lat' dir='ltr'><strong>et</strong></span> <span class='ocrx_word' id='word_1_554' title='bbox 3396 3781 3736 3843; x_wconf 73' lang='lat' dir='ltr'><strong>benedictionem</strong></span> 
     </span>
    </p>
   </div>
   <div class='ocr_carea' id='block_1_100' title="bbox 2235 3879 2730 3938">
    <p class='ocr_par' dir='ltr' id='par_1_100' title="bbox 2235 3879 2730 3938">
     <span class='ocr_line' id='line_1_101' title="bbox 2235 3879 2730 3938; baseline -0.006 -1"><span class='ocrx_word' id='word_1_555' title='bbox 2235 3882 2288 3937; x_wconf 92' lang='lat' dir='ltr'><strong>in</strong></span> <span class='ocrx_word' id='word_1_556' title='bbox 2322 3880 2552 3937; x_wconf 91' lang='lat' dir='ltr'><strong>Domino</strong></span> <span class='ocrx_word' id='word_1_557' title='bbox 2581 3879 2730 3938; x_wconf 84' lang='lat' dir='ltr'><strong>Jesu.</strong></span> 
     </span>
    </p>
   </div>
   <div class='ocr_carea' id='block_1_101' title="bbox 2307 3963 3738 4031">
    <p class='ocr_par' dir='ltr' id='par_1_101' title="bbox 2307 3963 3738 4031">
     <span class='ocr_line' id='line_1_102' title="bbox 2307 3963 3738 4031; baseline -0.007 -2"><span class='ocrx_word' id='word_1_558' title='bbox 2307 3973 2727 4030; x_wconf 90' lang='lat' dir='ltr'><strong>Dilectissimam</strong></span> <span class='ocrx_word' id='word_1_559' title='bbox 2772 3973 2928 4029; x_wconf 90' lang='lat' dir='ltr'><strong>nobis</strong></span> <span class='ocrx_word' id='word_1_560' title='bbox 2958 3971 3364 4028; x_wconf 87' lang='lat' dir='ltr'><strong>fraternitatem</strong></span> <span class='ocrx_word' id='word_1_561' title='bbox 3405 3978 3613 4026; x_wconf 83' lang='lat' dir='ltr'><strong>vestram</strong></span> <span class='ocrx_word' id='word_1_562' title='bbox 3642 3963 3738 4031; x_wconf 56' lang='lat' dir='ltr'><strong>igitr</strong></span> 
     </span>
    </p>
   </div>
   <div class='ocr_carea' id='block_1_102' title="bbox 2238 4055 3741 4135">
    <p class='ocr_par' dir='ltr' id='par_1_102' title="bbox 2238 4055 3741 4135">
     <span class='ocr_line' id='line_1_103' title="bbox 2238 4055 3741 4135; baseline -0.008 -13"><span class='ocrx_word' id='word_1_563' title='bbox 2238 4082 2363 4123; x_wconf 91' lang='lat' dir='ltr'><strong>rare</strong></span> <span class='ocrx_word' id='word_1_564' title='bbox 2397 4065 2650 4121; x_wconf 90' lang='lat' dir='ltr'><strong>nolumus</strong></span> <span class='ocrx_word' id='word_1_565' title='bbox 2680 4065 2939 4135; x_wconf 87' lang='lat' dir='ltr'><strong>quoniam</strong></span> <span class='ocrx_word' id='word_1_566' title='bbox 2971 4064 3153 4119; x_wconf 90' lang='lat' dir='ltr'><strong>domni</strong></span> <span class='ocrx_word' id='word_1_567' title='bbox 3185 4080 3345 4135; x_wconf 85' lang='lat' dir='ltr'><strong>papae</strong></span> <span class='ocrx_word' id='word_1_568' title='bbox 3393 4060 3578 4120; x_wconf 85' lang='lat' dir='ltr'><strong>Urbani</strong></span> <span class='ocrx_word' id='word_1_569' title='bbox 3608 4055 3741 4122; x_wconf 64' lang='lat' dir='ltr'><strong>cpisto-</strong></span> 
     </span>
    </p>
   </div>
   <div class='ocr_carea' id='block_1_103' title="bbox 2236 4145 3738 4229">
    <p class='ocr_par' dir='ltr' id='par_1_103' title="bbox 2236 4145 3738 4229">
     <span class='ocr_line' id='line_1_104' title="bbox 2236 4145 3738 4229; baseline -0.014 -15"><span class='ocrx_word' id='word_1_570' title='bbox 2236 4159 2342 4214; x_wconf 90' lang='lat' dir='ltr'><strong>lam</strong></span> <span class='ocrx_word' id='word_1_571' title='bbox 2376 4157 2686 4229; x_wconf 88' lang='lat' dir='ltr'><strong>nuperrime</strong></span> <span class='ocrx_word' id='word_1_572' title='bbox 2708 4156 3071 4227; x_wconf 88' lang='lat' dir='ltr'><strong>suscepimus,</strong></span> <span class='ocrx_word' id='word_1_573' title='bbox 3096 4171 3200 4225; x_wconf 89' lang='lat' dir='ltr'><strong>qua</strong></span> <span class='ocrx_word' id='word_1_574' title='bbox 3228 4172 3331 4211; x_wconf 87' lang='lat' dir='ltr'><strong>nos</strong></span> <span class='ocrx_word' id='word_1_575' title='bbox 3361 4165 3421 4210; x_wconf 90' lang='lat' dir='ltr'><strong>ut</strong></span> <span class='ocrx_word' id='word_1_576' title='bbox 3447 4153 3509 4207; x_wconf 87' lang='lat' dir='ltr'><strong>ad</strong></span> <span class='ocrx_word' id='word_1_577' title='bbox 3535 4145 3738 4205; x_wconf 81' lang='lat' dir='ltr'><strong>concilium</strong></span> 
     </span>
    </p>
   </div>
   <div class='ocr_carea' id='block_1_104' title="bbox 2239 4235 3737 4319">
    <p class='ocr_par' dir='ltr' id='par_1_104' title="bbox 2239 4235 3737 4319">
     <span class='ocr_line' id='line_1_105' title="bbox 2239 4235 3737 4319; baseline -0.011 -15"><span class='ocrx_word' id='word_1_578' title='bbox 2239 4249 2386 4319; x_wconf 92' lang='lat' dir='ltr'><strong>quod</strong></span> <span class='ocrx_word' id='word_1_579' title='bbox 2436 4249 2489 4304; x_wconf 91' lang='lat' dir='ltr'><strong>in</strong></span> <span class='ocrx_word' id='word_1_580' title='bbox 2524 4247 2736 4305; x_wconf 88' lang='lat' dir='ltr'><strong>octavis</strong></span> <span class='ocrx_word' id='word_1_581' title='bbox 2770 4246 2961 4302; x_wconf 90' lang='lat' dir='ltr'><strong>Sancti</strong></span> <span class='ocrx_word' id='word_1_582' title='bbox 3006 4247 3245 4315; x_wconf 84' lang='lat' dir='ltr'><strong>Martini,</strong></span> <span class='ocrx_word' id='word_1_583' title='bbox 3295 4263 3392 4302; x_wconf 81' lang='lat' dir='ltr'><strong>xrv</strong></span> <span class='ocrx_word' id='word_1_584' title='bbox 3418 4243 3638 4299; x_wconf 81' lang='lat' dir='ltr'><strong>videlicet</strong></span> <span class='ocrx_word' id='word_1_585' title='bbox 3666 4235 3737 4289; x_wconf 68' lang='lat' dir='ltr'><strong>ibi.</strong></span> 
     </span>
    </p>
   </div>
   <div class='ocr_carea' id='block_1_105' title="bbox 2238 4324 3739 4410">
    <p class='ocr_par' dir='ltr' id='par_1_105' title="bbox 2238 4324 3739 4410">
     <span class='ocr_line' id='line_1_106' title="bbox 2238 4324 3739 4410; baseline -0.013 -14"><span class='ocrx_word' id='word_1_586' title='bbox 2238 4338 2495 4395; x_wconf 91' lang='lat' dir='ltr'><strong>Decemb.</strong></span> <span class='ocrx_word' id='word_1_587' title='bbox 2545 4339 2688 4410; x_wconf 90' lang='lat' dir='ltr'><strong>apud</strong></span> <span class='ocrx_word' id='word_1_588' title='bbox 2736 4338 3137 4393; x_wconf 83' lang='lat' dir='ltr'><strong>Arvernensem</strong></span> <span class='ocrx_word' id='word_1_589' title='bbox 3205 4352 3332 4407; x_wconf 69' lang='lat' dir='ltr'><strong>qua:</strong></span> <span class='ocrx_word' id='word_1_590' title='bbox 3380 4345 3436 4391; x_wconf 91' lang='lat' dir='ltr'><strong>et</strong></span> <span class='ocrx_word' id='word_1_591' title='bbox 3481 4324 3739 4389; x_wconf 61' lang='lat' dir='ltr'><strong>Clarimom&#39;é</strong></span> 
     </span>
    </p>
   </div>
   <div class='ocr_carea' id='block_1_106' title="bbox 2240 4420 3743 4501">
    <p class='ocr_par' dir='ltr' id='par_1_106' title="bbox 2240 4420 3743 4501">
     <span class='ocr_line' id='line_1_107' title="bbox 2240 4420 3743 4501; baseline -0.008 -11"><span class='ocrx_word' id='word_1_592' title='bbox 2240 4434 2472 4500; x_wconf 90' lang='lat' dir='ltr'><strong>dicitur,</strong></span> <span class='ocrx_word' id='word_1_593' title='bbox 2503 4432 2791 4490; x_wconf 91' lang='lat' dir='ltr'><strong>ecclesiam</strong></span> <span class='ocrx_word' id='word_1_594' title='bbox 2842 4432 3215 4489; x_wconf 91' lang='lat' dir='ltr'><strong>celebraturus</strong></span> <span class='ocrx_word' id='word_1_595' title='bbox 3252 4440 3363 4498; x_wconf 85' lang='lat' dir='ltr'><strong>est,</strong></span> <span class='ocrx_word' id='word_1_596' title='bbox 3418 4420 3743 4501; x_wconf 65' lang='lat' dir='ltr'><strong>praasentialiw</strong></span> 
     </span>
    </p>
   </div>
   <div class='ocr_carea' id='block_1_107' title="bbox 2241 4522 3741 4596">
    <p class='ocr_par' dir='ltr' id='par_1_107' title="bbox 2241 4522 3741 4596">
     <span class='ocr_line' id='line_1_108' title="bbox 2241 4522 3741 4596; baseline -0.009 -15"><span class='ocrx_word' id='word_1_597' title='bbox 2241 4527 2628 4583; x_wconf 89' lang='lat' dir='ltr'><strong>accederemus</strong></span> <span class='ocrx_word' id='word_1_598' title='bbox 2662 4525 3010 4596; x_wconf 74' lang='lat' dir='ltr'><strong>praemonuit,</strong></span> <span class='ocrx_word' id='word_1_599' title='bbox 3062 4531 3117 4579; x_wconf 90' lang='lat' dir='ltr'><strong>et</strong></span> <span class='ocrx_word' id='word_1_600' title='bbox 3145 4532 3206 4579; x_wconf 94' lang='lat' dir='ltr'><strong>ut</strong></span> <span class='ocrx_word' id='word_1_601' title='bbox 3254 4537 3452 4578; x_wconf 89' lang='lat' dir='ltr'><strong>omnes</strong></span> <span class='ocrx_word' id='word_1_602' title='bbox 3493 4522 3741 4574; x_wconf 72' lang='lat' dir='ltr'><strong>nosth</strong></span> 
     </span>
    </p>
   </div>
   <div class='ocr_carea' id='block_1_108' title="bbox 2243 4606 3744 4688">
    <p class='ocr_par' dir='ltr' id='par_1_108' title="bbox 2243 4606 3744 4688">
     <span class='ocr_line' id='line_1_109' title="bbox 2243 4606 3744 4688; baseline -0.007 -17"><span class='ocrx_word' id='word_1_603' title='bbox 2243 4618 2468 4688; x_wconf 92' lang='lat' dir='ltr'><strong>tropolis</strong></span> <span class='ocrx_word' id='word_1_604' title='bbox 2525 4616 2896 4687; x_wconf 77' lang='lat' dir='ltr'><strong>suﬂ‘raganeos</strong></span> <span class='ocrx_word' id='word_1_605' title='bbox 2926 4656 2942 4680; x_wconf 91' lang='lat'><strong>,</strong></span> <span class='ocrx_word' id='word_1_606' title='bbox 3003 4615 3318 4671; x_wconf 86' lang='lat' dir='ltr'><strong>convocatis</strong></span> <span class='ocrx_word' id='word_1_607' title='bbox 3378 4624 3486 4669; x_wconf 90' lang='lat' dir='ltr'><strong>tam</strong></span> <span class='ocrx_word' id='word_1_608' title='bbox 3542 4606 3744 4664; x_wconf 61' lang='lat' dir='ltr'><strong>abbatibvs</strong></span> 
     </span>
    </p>
   </div>
   <div class='ocr_carea' id='block_1_109' title="bbox 2241 4703 3742 4779">
    <p class='ocr_par' dir='ltr' id='par_1_109' title="bbox 2241 4703 3742 4779">
     <span class='ocr_line' id='line_1_110' title="bbox 2241 4703 3742 4779; baseline -0.012 -15"><span class='ocrx_word' id='word_1_609' title='bbox 2241 4724 2405 4779; x_wconf 90' lang='lat' dir='ltr'><strong>quam</strong></span> <span class='ocrx_word' id='word_1_610' title='bbox 2438 4710 2654 4765; x_wconf 66' lang='lat' dir='ltr'><strong>caeteris</strong></span> <span class='ocrx_word' id='word_1_611' title='bbox 2695 4707 3051 4763; x_wconf 88' lang='lat' dir='ltr'><strong>ecclesiarum</strong></span> <span class='ocrx_word' id='word_1_612' title='bbox 3089 4707 3461 4776; x_wconf 86' lang='lat' dir='ltr'><strong>primoribus,</strong></span> <span class='ocrx_word' id='word_1_613' title='bbox 3504 4703 3585 4757; x_wconf 83' lang='lat' dir='ltr'><strong>sed</strong></span> <span class='ocrx_word' id='word_1_614' title='bbox 3616 4708 3656 4751; x_wconf 83' lang='lat' dir='ltr'><strong>et</strong></span> <span class='ocrx_word' id='word_1_615' title='bbox 3685 4707 3742 4746; x_wconf 71' lang='lat' dir='ltr'><strong>et-</strong></span> 
     </span>
    </p>
   </div>
   <div class='ocr_carea' id='block_1_110' title="bbox 2243 4786 3745 4870">
    <p class='ocr_par' dir='ltr' id='par_1_110' title="bbox 2243 4786 3745 4870">
     <span class='ocr_line' id='line_1_111' title="bbox 2243 4786 3745 4870; baseline -0.011 -13"><span class='ocrx_word' id='word_1_616' title='bbox 2243 4798 2655 4857; x_wconf 89' lang='lat' dir='ltr'><strong>cellentioribus</strong></span> <span class='ocrx_word' id='word_1_617' title='bbox 2692 4798 3054 4870; x_wconf 89' lang='lat' dir='ltr'><strong>principibus,</strong></span> <span class='ocrx_word' id='word_1_618' title='bbox 3099 4798 3167 4853; x_wconf 88' lang='lat' dir='ltr'><strong>ad</strong></span> <span class='ocrx_word' id='word_1_619' title='bbox 3205 4798 3386 4868; x_wconf 91' lang='lat' dir='ltr'><strong>ipsum</strong></span> <span class='ocrx_word' id='word_1_620' title='bbox 3430 4793 3670 4852; x_wconf 80' lang='lat' dir='ltr'><strong>concilium</strong></span> <span class='ocrx_word' id='word_1_621' title='bbox 3696 4786 3745 4837; x_wconf 82' lang='lat' dir='ltr'><strong>in-</strong></span> 
     </span>
    </p>
   </div>
   <div class='ocr_carea' id='block_1_111' title="bbox 2241 4885 3744 4959">
    <p class='ocr_par' dir='ltr' id='par_1_111' title="bbox 2241 4885 3744 4959">
     <span class='ocr_line' id='line_1_112' title="bbox 2241 4885 3744 4959; baseline -0.007 -13"><span class='ocrx_word' id='word_1_622' title='bbox 2241 4891 2541 4946; x_wconf 88' lang='lat' dir='ltr'><strong>vitaremus</strong></span> <span class='ocrx_word' id='word_1_623' title='bbox 2587 4890 2865 4959; x_wconf 66' lang='lat' dir='ltr'><strong>praecepit.</strong></span> <span class='ocrx_word' id='word_1_624' title='bbox 2914 4891 2983 4945; x_wconf 88' lang='lat' dir='ltr'><strong>Et</strong></span> <span class='ocrx_word' id='word_1_625' title='bbox 3025 4903 3126 4943; x_wconf 93' lang='lat' dir='ltr'><strong>nos</strong></span> <span class='ocrx_word' id='word_1_626' title='bbox 3155 4903 3289 4944; x_wconf 89' lang='lat' dir='ltr'><strong>sane</strong></span> <span class='ocrx_word' id='word_1_627' title='bbox 3340 4885 3744 4957; x_wconf 63' lang='lat' dir='ltr'><strong>apostolicam</strong></span> 
     </span>
    </p>
   </div>
   <div class='ocr_carea' id='block_1_112' title="bbox 2245 4972 3744 5049">
    <p class='ocr_par' dir='ltr' id='par_1_112' title="bbox 2245 4972 3744 5049">
     <span class='ocr_line' id='line_1_113' title="bbox 2245 4972 3744 5049; baseline -0.009 -13"><span class='ocrx_word' id='word_1_628' title='bbox 2245 4980 2375 5036; x_wconf 93' lang='lat' dir='ltr'><strong>tioni</strong></span> <span class='ocrx_word' id='word_1_629' title='bbox 2424 4981 2681 5047; x_wconf 91' lang='lat' dir='ltr'><strong>obviam,</strong></span> <span class='ocrx_word' id='word_1_630' title='bbox 2712 4980 2856 5049; x_wconf 87' lang='lat' dir='ltr'><strong>quod</strong></span> <span class='ocrx_word' id='word_1_631' title='bbox 2902 4978 3055 5035; x_wconf 84' lang='lat' dir='ltr'><strong>nefas</strong></span> <span class='ocrx_word' id='word_1_632' title='bbox 3107 4988 3213 5045; x_wconf 92' lang='lat' dir='ltr'><strong>est,</strong></span> <span class='ocrx_word' id='word_1_633' title='bbox 3260 4977 3519 5035; x_wconf 83' lang='lat' dir='ltr'><strong>incedere</strong></span> <span class='ocrx_word' id='word_1_634' title='bbox 3561 4972 3744 5028; x_wconf 58' lang='lat' dir='ltr'><strong>nolentes</strong></span> 
     </span>
    </p>
   </div>
   <div class='ocr_carea' id='block_1_113' title="bbox 2245 5056 3744 5142">
    <p class='ocr_par' dir='ltr' id='par_1_113' title="bbox 2245 5056 3744 5142">
     <span class='ocr_line' id='line_1_114' title="bbox 2245 5056 3744 5142; baseline -0.015 -15"><span class='ocrx_word' id='word_1_635' title='bbox 2245 5071 2534 5127; x_wconf 91' lang='lat' dir='ltr'><strong>concilium</strong></span> <span class='ocrx_word' id='word_1_636' title='bbox 2570 5072 2712 5142; x_wconf 88' lang='lat' dir='ltr'><strong>quod</strong></span> <span class='ocrx_word' id='word_1_637' title='bbox 2764 5070 2815 5125; x_wconf 89' lang='lat' dir='ltr'><strong>in</strong></span> <span class='ocrx_word' id='word_1_638' title='bbox 2867 5071 3077 5126; x_wconf 88' lang='lat' dir='ltr'><strong>octavis</strong></span> <span class='ocrx_word' id='word_1_639' title='bbox 3105 5069 3361 5126; x_wconf 89' lang='lat' dir='ltr'><strong>Omnium</strong></span> <span class='ocrx_word' id='word_1_640' title='bbox 3397 5068 3673 5123; x_wconf 82' lang='lat' dir='ltr'><strong>Sanctorum</strong></span> <span class='ocrx_word' id='word_1_641' title='bbox 3696 5056 3744 5105; x_wconf 75' lang='lat' dir='ltr'><strong>ic-</strong></span> 
     </span>
    </p>
   </div>
   <div class='ocr_carea' id='block_1_114' title="bbox 2245 5149 3747 5232">
    <p class='ocr_par' dir='ltr' id='par_1_114' title="bbox 2245 5149 3747 5232">
     <span class='ocr_line' id='line_1_115' title="bbox 2245 5149 3747 5232; baseline -0.011 -13"><span class='ocrx_word' id='word_1_642' title='bbox 2245 5174 2676 5232; x_wconf 83' lang='lat' dir='ltr'><strong>sumpseramus,</strong></span> <span class='ocrx_word' id='word_1_643' title='bbox 2721 5169 2941 5231; x_wconf 88' lang='lat' dir='ltr'><strong>propter</strong></span> <span class='ocrx_word' id='word_1_644' title='bbox 2965 5160 3089 5225; x_wconf 88' lang='lat' dir='ltr'><strong>hoc,</strong></span> <span class='ocrx_word' id='word_1_645' title='bbox 3115 5168 3175 5214; x_wconf 93' lang='lat' dir='ltr'><strong>ut</strong></span> <span class='ocrx_word' id='word_1_646' title='bbox 3214 5159 3425 5229; x_wconf 90' lang='lat' dir='ltr'><strong>justum</strong></span> <span class='ocrx_word' id='word_1_647' title='bbox 3455 5166 3533 5211; x_wconf 88' lang='lat' dir='ltr'><strong>est</strong></span> <span class='ocrx_word' id='word_1_648' title='bbox 3555 5149 3747 5207; x_wconf 68' lang='lat' dir='ltr'><strong>dimilltﬁ-</strong></span> 
     </span>
    </p>
   </div>
   <div class='ocr_carea' id='block_1_115' title="bbox 2246 5235 3745 5327">
    <p class='ocr_par' dir='ltr' id='par_1_115' title="bbox 2246 5235 3745 5327">
     <span class='ocr_line' id='line_1_116' title="bbox 2246 5235 3745 5327; baseline -0.017 -14"><span class='ocrx_word' id='word_1_649' title='bbox 2246 5255 2374 5313; x_wconf 81' lang='lat' dir='ltr'><strong>dum</strong></span> <span class='ocrx_word' id='word_1_650' title='bbox 2420 5255 2640 5325; x_wconf 85' lang='lat' dir='ltr'><strong>dignum</strong></span> <span class='ocrx_word' id='word_1_651' title='bbox 2688 5254 3017 5324; x_wconf 89' lang='lat' dir='ltr'><strong>putavimus.</strong></span> <span class='ocrx_word' id='word_1_652' title='bbox 3049 5253 3297 5307; x_wconf 84' lang='lat' dir='ltr'><strong>Vestram</strong></span> <span class='ocrx_word' id='word_1_653' title='bbox 3334 5264 3469 5320; x_wconf 87' lang='lat' dir='ltr'><strong>ergo</strong></span> <span class='ocrx_word' id='word_1_654' title='bbox 3513 5235 3745 5327; x_wconf 49' lang='lat' dir='ltr'><strong>sollicitstﬁf</strong></span> 
     </span>
    </p>
   </div>
   <div class='ocr_carea' id='block_1_116' title="bbox 2249 5343 3746 5415">
    <p class='ocr_par' dir='ltr' id='par_1_116' title="bbox 2249 5343 3746 5415">
     <span class='ocr_line' id='line_1_117' title="bbox 2249 5343 3746 5415; baseline -0.01 -12"><span class='ocrx_word' id='word_1_655' title='bbox 2249 5361 2372 5404; x_wconf 91' lang='lat' dir='ltr'><strong>nem</strong></span> <span class='ocrx_word' id='word_1_656' title='bbox 2412 5345 2612 5401; x_wconf 90' lang='lat' dir='ltr'><strong>litteris</strong></span> <span class='ocrx_word' id='word_1_657' title='bbox 2652 5345 3012 5415; x_wconf 68' lang='lat' dir='ltr'><strong>praesentibus</strong></span> <span class='ocrx_word' id='word_1_658' title='bbox 3052 5357 3335 5399; x_wconf 89' lang='lat' dir='ltr'><strong>monemus</strong></span> <span class='ocrx_word' id='word_1_659' title='bbox 3381 5349 3629 5412; x_wconf 81' lang='lat' dir='ltr'><strong>quatenus</strong></span> <span class='ocrx_word' id='word_1_660' title='bbox 3655 5343 3746 5384; x_wconf 59' lang='lat' dir='ltr'><strong>omni</strong></span> 
     </span>
    </p>
   </div>
   <div class='ocr_carea' id='block_1_117' title="bbox 2250 5431 3747 5509">
    <p class='ocr_par' dir='ltr' id='par_1_117' title="bbox 2250 5431 3747 5509">
     <span class='ocr_line' id='line_1_118' title="bbox 2250 5431 3747 5509; baseline -0.009 -16"><span class='ocrx_word' id='word_1_661' title='bbox 2250 5438 2535 5494; x_wconf 84' lang='lat' dir='ltr'><strong>occasione</strong></span> <span class='ocrx_word' id='word_1_662' title='bbox 2564 5438 2802 5509; x_wconf 91' lang='lat' dir='ltr'><strong>seposita</strong></span> <span class='ocrx_word' id='word_1_663' title='bbox 2833 5446 3068 5491; x_wconf 89' lang='lat' dir='ltr'><strong>vestram</strong></span> <span class='ocrx_word' id='word_1_664' title='bbox 3109 5435 3176 5489; x_wconf 82' lang='lat' dir='ltr'><strong>ad</strong></span> <span class='ocrx_word' id='word_1_665' title='bbox 3212 5434 3353 5490; x_wconf 89' lang='lat' dir='ltr'><strong>idem</strong></span> <span class='ocrx_word' id='word_1_666' title='bbox 3382 5431 3642 5489; x_wconf 84' lang='lat' dir='ltr'><strong>concilium</strong></span> <span class='ocrx_word' id='word_1_667' title='bbox 3664 5432 3747 5489; x_wconf 55' lang='lat' dir='ltr'><strong>pr?</strong></span> 
     </span>
    </p>
   </div>
   <div class='ocr_carea' id='block_1_118' title="bbox 2250 5512 3747 5597">
    <p class='ocr_par' dir='ltr' id='par_1_118' title="bbox 2250 5512 3747 5597">
     <span class='ocr_line' id='line_1_119' title="bbox 2250 5512 3747 5597; baseline -0.014 -12"><span class='ocrx_word' id='word_1_668' title='bbox 2250 5528 2480 5585; x_wconf 90' lang='lat' dir='ltr'><strong>sentiam</strong></span> <span class='ocrx_word' id='word_1_669' title='bbox 2512 5528 2793 5591; x_wconf 78' lang='lat' dir='ltr'><strong>exhibere,</strong></span> <span class='ocrx_word' id='word_1_670' title='bbox 2835 5538 2920 5591; x_wconf 88' lang='lat' dir='ltr'><strong>et,</strong></span> <span class='ocrx_word' id='word_1_671' title='bbox 2961 5536 3020 5580; x_wconf 89' lang='lat' dir='ltr'><strong>ut</strong></span> <span class='ocrx_word' id='word_1_672' title='bbox 3054 5524 3369 5597; x_wconf 63' lang='lat' dir='ltr'><strong>praedictum</strong></span> <span class='ocrx_word' id='word_1_673' title='bbox 3409 5531 3510 5587; x_wconf 86' lang='lat' dir='ltr'><strong>est,</strong></span> <span class='ocrx_word' id='word_1_674' title='bbox 3537 5512 3747 5572; x_wconf 63' lang='lat' dir='ltr'><strong>etalzbnte’</strong></span> 
     </span>
    </p>
   </div>
   <div class='ocr_carea' id='block_1_119' title="bbox 2252 5606 3747 5683">
    <p class='ocr_par' dir='ltr' id='par_1_119' title="bbox 2252 5606 3747 5683">
     <span class='ocr_line' id='line_1_120' title="bbox 2252 5606 3747 5683; baseline -0.011 -8"><span class='ocrx_word' id='word_1_675' title='bbox 2252 5631 2303 5675; x_wconf 87' lang='lat' dir='ltr'><strong>et</strong></span> <span class='ocrx_word' id='word_1_676' title='bbox 2346 5629 2669 5676; x_wconf 63' lang='lat' dir='ltr'><strong>caeterarum</strong></span> <span class='ocrx_word' id='word_1_677' title='bbox 2716 5618 3073 5675; x_wconf 89' lang='lat' dir='ltr'><strong>ecclesiarum</strong></span> <span class='ocrx_word' id='word_1_678' title='bbox 3123 5626 3430 5673; x_wconf 86' lang='lat' dir='ltr'><strong>vestrarum</strong></span> <span class='ocrx_word' id='word_1_679' title='bbox 3470 5613 3687 5683; x_wconf 70' lang='lat' dir='ltr'><strong>primorei</strong></span> <span class='ocrx_word' id='word_1_680' title='bbox 3716 5606 3747 5647; x_wconf 70' lang='grc' dir='ltr'><strong>(ι</strong></span> 
     </span>
    </p>
   </div>
   <div class='ocr_carea' id='block_1_120' title="bbox 2253 5694 3747 5782">
    <p class='ocr_par' dir='ltr' id='par_1_120' title="bbox 2253 5694 3747 5782">
     <span class='ocr_line' id='line_1_121' title="bbox 2253 5694 3747 5782; baseline -0.011 -14"><span class='ocrx_word' id='word_1_681' title='bbox 2253 5711 2553 5769; x_wconf 72' lang='grc' dir='ltr'><strong>(ιὶωςεεεοε</strong></span> <span class='ocrx_word' id='word_1_682' title='bbox 2591 5718 2786 5766; x_wconf 74' lang='lat' dir='ltr'><strong>vestrae</strong></span> <span class='ocrx_word' id='word_1_683' title='bbox 2813 5707 3110 5782; x_wconf 86' lang='lat' dir='ltr'><strong>principes,</strong></span> <span class='ocrx_word' id='word_1_684' title='bbox 3148 5715 3203 5765; x_wconf 91' lang='lat' dir='ltr'><strong>et</strong></span> <span class='ocrx_word' id='word_1_685' title='bbox 3239 5705 3477 5763; x_wconf 77' lang='lat' dir='ltr'><strong>maxime</strong></span> <span class='ocrx_word' id='word_1_686' title='bbox 3518 5694 3747 5756; x_wconf 57' lang='lat' dir='ltr'><strong>summa</strong></span> 
     </span>
    </p>
   </div>
  </div>
