3836 6320
165 320 288 379 1389

1553 311 1937 370 EPISTOLiE.

3255 317 3390 372 l390

3307 387 3334 405 δ

160 434 386 494 comitem
416 432 477 488 de
510 429 805 495 Montibus,
831 442 1056 484 monere
1083 428 1302 485 curetis.
1334 427 1472 484 Nulli
1523 436 1706 484 autem
1734 431 1781 487 Α
1811 426 2021 480 irritam
2055 440 2197 493 esse,
2251 438 2444 484 vestrae
2487 428 2813 487 fraternitati
2866 430 3185 488 mandamus
3231 442 3289 488 ut
3334 444 3391 489 ct

160 525 335 597 inopiae
367 522 449 579 vel
486 518 714 591 alicujus
742 520 1081 576 necessitatis
1124 519 1337 576 occasio
1370 518 1498 589 quin
1526 519 1710 573 veniat

158 617 369 689 praebeat
410 612 713 678 audaciam,
746 625 870 666 cum
916 625 1018 666 nos
1048 610 1151 665 nisi
1197 623 1459 681 personas
1494 623 1599 663 non
1631 609 1712 663 itt-

158 707 286 780 genti
312 705 521 775 quidem
567 704 892 760 famulorum
936 712 1158 760 caterva
1199 704 1430 775 stipatas
1460 701 1708 772 requira-

157 813 279 853 mus.
317 796 625 867 Quicunque
653 804 835 853 autem
870 804 995 867 post
1044 796 1187 853 hanc
1212 795 1566 852 monitionem
1612 807 1710 848 no-

154 898 303 944 stram
350 902 406 943 se
468 888 537 943 ab
591 889 696 944 hoc
750 888 983 945 concilio
1038 888 1445 954 absentaverit-,
1498 886 1710 943 noverit

152 976 320 1046 procul
372 975 533 1033 dubio
591 977 850 1047 quoniam
906 986 963 1034 et
1014 977 1221 1034 ordinis
1273 977 1357 1033 sui
1409 966 1708 1049 periculum

153 1063 390 1131 incurret,
411 1074 466 1121 et
495 1064 676 1121 domui
707 1080 861 1137 papa:
884 1067 1044 1134 iram,
1068 1081 1173 1123 nec
1203 1066 1424 1140 impune
1463 1066 1707 1138 quidem,

150 1154 238 1209 sibi
267 1155 674 1212 thesaurizabit.
705 1156 915 1214 Valete.

860 1248 955 1306 IX.

680 1354 750 1395 AD
788 1354 1145 1397 ωιιδειιιοιῐκ.

516 1430 595 1486 De
629 1432 875 1486 chronica
912 1432 1300 1489 Cameracettei.

715 1521 896 1593 (Anno
935 1524 1120 1596 1094.)

203 1610 531 1681 Βλγκλιῡυε,
571 1614 867 1670 Remorum
898 1616 1364 1689 archiepiscopus,
1399 1616 1707 1679 BALDERICQ

145 1704 409 1762 Morinensi
455 1707 684 1773 cantori,
717 1707 969 1763 salutem.

1814 508 1988 583 illum,
2027 532 2187 587 quem
2238 521 2509 591 prmcipue
2552 521 2846 594 diligimus,
2888 537 2986 578 vos
3030 525 3388 595 admoneatis,

1809 617 2077 679 quatenus
2123 610 2270 666 omni
2317 613 2663 670 excusatione
2712 613 2946 681 sublata,
2997 624 3057 670 ut
3104 616 3160 673 in
3188 627 3392 675 sanetae

1808 702 1961 771 pacis
2011 701 2363 769 violatorem,
2418 704 2471 758 in
2521 705 2694 776 ipsum
2744 707 2981 778 gladium
3030 709 3393 768 anathematis

1810 795 2047 851 exeratis
2072 789 2099 861 ς’
2138 803 2195 851 et
2239 809 2309 851 ne
2350 795 2597 862 ulterius,
2641 797 2817 855 donec
2858 802 2925 856 ad
2966 801 3391 858 satisfactionem

1808 882 2013 948 veniat,
2047 883 2100 937 in
2131 884 2343 940 cunctis
2373 886 2680 954 receptibus
2710 888 2822 944 suis
2855 904 2948 945 seu
2999 890 3054 945 in
3093 892 3240 947 omni
3273 892 3394 948 loco

1810 974 1863 1028 in
1896 989 2002 1043 quo
2029 975 2143 1046 ipse
2166 975 2252 1031 vel
2282 976 2578 1047 complices
2606 977 2722 1045 ejus
2747 982 3171 1050 praesentialiter
3203 983 3394 1038 adfue-

1810 1065 1923 1120 rint
1945 1064 2187 1121 divinum
2226 1067 2530 1125 celebretur
2555 1070 2791 1126 cilicium
2818 1076 3073 1145 praecepti
3104 1076 3272 1132 vestri
3299 1091 3397 1130 au-

1809 1156 2064 1212 ctoritate
2087 1156 2399 1214 iuhibeatis.
2434 1160 2643 1215 Valete.

2552 1252 2644 1306 X1.

2424 1357 2490 1396 AD
2527 1357 2766 1397 EUHDEM.

2445 1431 2525 1487 De
2547 1433 2748 1487 eodem.

2228 1586 2234 1593 α
2419 1522 2547 1595 (An.
2591 1523 2775 1595 1095.)

1877 1615 2233 1682 RAYNALDUS,
2265 1615 2360 1670 Dei
2390 1616 2563 1685 gratia
2599 1614 2889 1671 Remorum
2925 1618 3301 1689 archiepiscop
3328 1636 3390 1685 ts,

1808 1703 1965 1761 fratri
1992 1714 2050 1761 et
2076 1705 2400 1776 coepiscopo
2429 1720 2529 1761 suo
2557 1704 2852 1762 Lausum
2875 1709 3219 1767 Atrebatensi
3249 1711 3397 1766 salu-

203 1795 385 1864 Meum,
418 1796 648 1864 dilecte,
676 1799 743 1853 de
777 1806 866 1853 tua
897 1797 1132 1855 Historia
1164 1798 1423 1856 Ecclesiae
1447 1776 1704 1856 Camera-
1740 1783 1785 1844 Β
1815 1806 1919 1851 tem
1948 1806 2004 1853 et
2032 1797 2465 1853 benedictionem
2488 1798 2542 1851 in
2568 1797 2798 1853 Domino
2823 1798 2969 1854 Jesu.

143 1889 304 1944 censis
346 1898 399 1944 et
456 1890 833 1945 Atrabateusis
868 1891 1103 1960 requiris
1146 1891 1409 1962 judicium
1434 1932 1449 1956 ,
1504 1893 1572 1948 de
1600 1907 1705 1961 qua

140 1993 245 2047 qua:
269 1980 453 2050 accepi
476 1995 505 2033 a
534 1979 705 2035 fratre
734 1979 1024 2051 Sigoberto
1053 1982 1148 2037 tibi
1182 1982 1445 2037 rescribo.
1475 1982 1555 2038 Illi
1587 1994 1703 2037 tau-

142 2086 282 2138 quam
311 2071 495 2127 sedula
523 2072 641 2143 apis
667 2087 763 2142 per
797 2074 1011 2143 piorum
1046 2074 1239 2130 devota
1267 2075 1709 2132 circumvolitans

142 2160 268 2225 loca,
293 2163 496 2217 nullum
527 2163 858 2233 praeteriisse
894 2164 1044 2220 visus
1093 2175 1176 2220 est
1206 2166 1349 2221 unde
1375 2181 1483 2221 non
1509 2166 1711 2236 aliquid

143 2254 464 2324 decerpseris
498 2254 806 2310 incredibili
834 2255 1141 2311 sedulitate.
1191 2244 1285 2312 Sic
1324 2258 1510 2328 itaque
1543 2258 1711 2313 mira-

140 2344 251 2399 bilia
276 2347 364 2401 Dei
389 2358 444 2402 et
475 2356 790 2401 sanctorum
822 2362 929 2401 non
960 2356 1122 2402 erunt
1142 2348 1195 2403 in
1226 2357 1371 2405 terra
1393 2349 1706 2418 oblivionis,

139 2442 187 2488 et
214 2436 483 2491 aedificasti
515 2436 570 2491 in
600 2437 984 2506 generatione,
1026 2436 1147 2492 ideo
1184 2453 1356 2507 usque
1403 2453 1548 2493 nunc
1576 2439 1710 2495 satis

139 2528 462 2583 verecundiae
505 2537 562 2583 et
600 2528 879 2583 modestia:
922 2537 1027 2585 tuae
1058 2529 1245 2585 datum
1284 2540 1393 2597 est;
1439 2531 1709 2601 reliquum

139 2617 328 2686 piorum
356 2620 522 2684 votis,
552 2630 608 2674 et
635 2619 724 2691 pie
753 2619 995 2676 defuncti
1031 2621 1278 2691 praesulis
1306 2622 1571 2679 voluntati
1603 2624 1711 2678 lar-

140 2708 243 2777 gire
266 2748 281 2775 ,
318 2719 373 2766 et
404 2711 554 2781 quod
598 2711 866 2766 industria
905 2709 1262 2790 infatigabili,
1302 2722 1359 2769 et
1394 2714 1579 2771 animo
1625 2714 1711 2770 vel

141 2799 201 2854 ad
227 2800 585 2857 minutissima
624 2816 856 2871 quaeque
888 2802 1258 2859 attentissimo
1281 2805 1483 2861 viventi
1518 2820 1712 2861 conse—

142 2890 311 2957 crasti,
338 2901 560 2949 mortuo
588 2890 699 2948 non
730 2892 950 2963 eripias.
982 2891 1190 2949 Excute
1230 2894 1296 2949 de
1330 2894 1602 2963 manibus,
1652 2904 1712 2951 ut

143 2982 188 3036 in
210 2984 446 3041 ecclesiis
481 2993 539 3041 et
566 2985 911 3041 monasteriis
940 2992 1218 3051 versetur;
1248 2986 1381 3041 mihi
1412 2987 1710 3043 etiamnum

136 3076 372 3146 praesagit
397 3075 641 3143 animus,
671 3089 786 3130 rem
815 3074 976 3130 istam
1025 3074 1121 3129 tibi
1165 3075 1375 3146 gloriae,
1403 3076 1710 3146 posteritati

139 3167 268 3230 usui,
299 3177 352 3223 et
373 3183 524 3224 nunc
562 3167 781 3237 utrique
805 3165 1063 3222 Ecclesia:
1093 3166 1382 3236 voluptati,
1413 3178 1578 3237 atque
1619 3181 1712 3224 or-

139 3266 377 3313 namento
405 3257 669 3313 futuram.

202 3346 386 3403 Datum
416 3349 611 3405 Remis
635 3348 819 3406 Idibus
840 3347 1086 3405 Januarii
1107 3362 1251 3405 anno
1278 3348 1437 3405 ιοθι.

882 3463 951 3518 Χ.

302 3573 363 3613 ΔΙ)
393 3572 725 3613 ιΑιΒειιἸ-ωι
763 3570 1184 3612 ΔἸἮΕΒΔΤΕΝδΕΙ
1219 3569 1530 3610 EPISCOPUI.

138 3642 199 3699 Ut
234 3646 509 3719 Hugonem
538 3650 602 3703 de
639 3649 876 3711 lnciaco,
923 3646 981 3702 S.
1027 3650 1205 3702 trevia:
1244 3646 1343 3701 Dei
1386 3647 1710 3713 violatorem,

451 3719 633 3789 gladio
672 3719 1020 3773 anathemati;
1056 3727 1372 3787 compescat.

714 3813 895 3883 (Anno
933 3810 1120 3882 1095.)

197 3904 535 3971 Βηωωυε,
572 3905 668 3961 Dei
705 3904 880 3975 gratia
914 3904 1208 3959 Remorum
1248 3902 1707 3971 archiepiscopus,

136 3993 318 4053 dilecto
344 3997 508 4053 fratri
540 4006 597 4052 et
620 3996 996 4051 consaeerdoti
1028 4010 1126 4050 suo
1154 3995 1447 4049 Luesnro
1479 3995 1710 4050 Atreba-

138 4087 260 4141 tensi
285 4088 545 4158 episcopo
574 4086 808 4142 salutem
846 4095 901 4142 et
928 4085 1362 4142 benedictionem
1394 4085 1446 4140 in
1483 4083 1711 4141 Domino

133 4171 270 4232 Iesu.

196 4268 510 4328 Memoriter
545 4271 702 4328 vobis
730 4272 999 4329 inhaerere
1039 4271 1309 4328 credimus
1350 4268 1610 4340 quidquid
1646 4269 1713 4324 de

134 4353 345 4429 Hugone
388 4362 460 4417 de
495 4360 711 4416 lnciaco
760 4375 933 4431 nuper
978 4376 1103 4417 cum
1150 4359 1491 4415 fraternitate
1532 4367 1712 4414 vestra

1881 1886 1963 1940 Ad
1993 1885 2321 1956 colloquium
2354 1886 2571 1942 comitis
2607 1887 2828 1944 Roberti
2855 1897 2908 1943 et
2935 1891 3001 1945 ad
3031 1890 3395 1961 recipiendam

1812 1980 1877 2033 de
1899 1993 1964 2035 eo
1986 1977 2255 2048 justitiam
2282 1980 2336 2034 in
2373 1981 2584 2036 octavis
2609 1990 2812 2035 sanctae
2842 1980 3027 2036 Mariae
3053 1983 3106 2037 in
3131 1978 3394 2054 Augusto.

1810 2070 1897 2125 vel
1937 2071 2281 2140 praesentiam
2310 2076 2561 2126 nostram
2602 2072 2880 2139 exhibere,
2919 2073 3002 2127 vel
3048 2076 3266 2131 nuntios
3296 2093 3397 2130 tto--

1811 2170 1958 2217 stros
1978 2161 2250 2233 delegare,
2276 2162 2416 2227 sicut
2436 2163 2548 2233 jam
2574 2162 2727 2219 vobis
2749 2172 2805 2217 et
2829 2164 3167 2237 coepiscopis
3198 2169 3397 2221 nostris

1812 2249 2158 2308 Noviomensi
2208 2262 2370 2323 atque
2418 2252 2712 2309 Morinensi
2766 2254 3163 2322 mandavimus,
3220 2259 3398 2327 parati

1814 2343 2038 2399 erimus.
2071 2343 2226 2411 Quod
2276 2353 2457 2398 autem
2501 2345 2567 2399 de
2610 2343 2837 2415 Hugone
2869 2345 2935 2401 de
2979 2344 3193 2403 lnciaco
3242 2347 3399 2403 nobis

1810 2434 2109 2505 scripsistis
2139 2434 2350 2506 liquere
2386 2436 2542 2491 vobis
2574 2436 2848 2492 credimus
2890 2437 3145 2507 quoniam
3177 2438 3230 2492 in
3259 2453 3397 2493 con-

1810 2526 1938 2582 cilio
1964 2527 2107 2597 quod
2129 2526 2447 2597 Compendii
2485 2526 2883 2584 celebravimus
2925 2530 2991 2582 ad
3029 2527 3399 2598 querimonias

1810 2626 1866 2673 et
1896 2616 2159 2673 clamores
2183 2616 2417 2674 .Gerardi
2446 2617 2856 2675 Cameracensis
2884 2620 3123 2690 episcopi
3151 2622 3395 2676 omnium

1812 2707 2218 2778 praesidentium
2242 2706 2450 2776 judicio
2488 2710 2542 2763 in
2587 2724 2710 2764 eum
2764 2711 3128 2766 anatltentatis
3161 2711 3397 2782 gladium

1810 2799 2146 2865 exeruituus,
2168 2809 2224 2854 et
2257 2815 2448 2856 omnes
2474 2801 2592 2871 ejus
2620 2811 3001 2874 cooperatores
3029 2812 3084 2858 et
3110 2812 3402 2858 consenta-

1811 2908 1967 2947 neos.
2001 2890 2106 2947 Sed
2138 2906 2314 2962 neque
2358 2893 2478 2947 ideo
2509 2893 2623 2963 ipsc
2670 2909 2769 2949 nec
2813 2895 2954 2950 Illius
2995 2894 3112 2965 ejus
3147 2894 3401 2950 Camera-

1814 2998 2030 3039 censem
2050 2983 2348 3040 Ecclesiant
2374 2985 2630 3056 persequi
2658 2985 3003 3041 destiterunt.
3025 2985 3235 3056 Quippe
3263 3001 3401 3055 quos

1812 3090 1913 3148 par
1959 3075 2295 3145 exspectatio
2351 3076 2570 3131 ultionis
2611 3075 2873 3146 angebat,
2931 3092 3029 3146 par
3076 3076 3297 3129 malitia:
3346 3087 3402 3129 et

1818 3167 2285 3223 immoderationis
2330 3168 2605 3222 vinculum
2656 3168 3012 3237 astringebat.
3058 3169 3241 3239 Itaque
3269 3185 3403 3239 quo-

1815 3259 1986 3325 niam,
2016 3259 2157 3314 sicut
2184 3258 2254 3313 ab
2275 3258 2532 3327 Apostolo
2564 3258 2769 3313 dictum
2794 3267 2875 3314 est
2904 3276 2917 3312 :
2948 3257 3206 3328 Incipiens
3230 3258 3402 3327 factus

1814 3365 1949 3414 sum,
1984 3365 2070 3403 vos
2100 3364 2180 3402 me
2225 3349 2464 3417 coegisti:
2508 3346 2594 3418 (II
2642 3348 2764 3401 Cor.
2816 3348 2953 3417 xu);
3002 3357 3057 3401 et
3107 3347 3302 3401 iterum
3347 3349 3401 3400 iu

1812 3439 2041 3495 Actibus
2070 3439 2439 3508 apostolorum
2470 3439 2538 3494 ad
2569 3438 2821 3493 Iudaeos:
2855 3438 3118 3502 Quoniam
3142 3437 3400 3507 indignos

1814 3545 1901 3583 vos
1925 3528 2209 3598 judicastis
2240 3537 2450 3582 averna:
2480 3529 2619 3593 vitaz,
2650 3543 2768 3581 ecce
2800 3526 3149 3581 convertimur
3170 3526 3238 3579 ad
3269 3541 3400 3595 gen-

1813 3630 1887 3675 tes
1916 3621 2055 3691 (Act.
2112 3617 2266 3690 xm);
2326 3619 2426 3685 sic,
2458 3619 2586 3687 quia
2624 3618 2764 3673 idem
2812 3616 2965 3685 llugo
3011 3616 3288 3687 indignum
3342 3630 3401 3671 se

1813 3712 2186 3769 conversionis
2214 3721 2271 3768 et
2312 3711 2615 3767 concordiae
2654 3710 2938 3779 judicavit,
2980 3708 3256 3765 Gerardus
3290 3707 3395 3764 Ca-

1815 3803 2140 3860 meracensis
2190 3804 2477 3874 episcopus
2529 3818 2653 3857 cum
2705 3802 2905 3858 comite
2960 3799 3279 3856 Flandrensi
3328 3801 3398 3854 ad

1813 3893 2237 3950 convincendum
2291 3893 2529 3963 llugonis
2564 3891 2826 3946 malitiam
2856 3890 3034 3946 foedus
3073 3889 3214 3944 iniit.
3251 3887 3399 3945 Unde

1812 3987 2121 4056 episcopum
2151 3984 2602 4039 Cameracensetn
2648 3982 2952 4037 Gerardum
3001 3995 3123 4036 cum
3175 3979 3399 4049 Hugone

1814 4077 2157 4153 concordiam
2198 4077 2380 4132 facere
2416 4076 2621 4145 absque
2667 4074 2864 4130 comite
2886 4073 3205 4130 Flandreusi
3253 4073 3399 4127 nulla

1812 4168 2085 4238 aequitatis
2112 4168 2250 4223 ratio
2293 4167 2560 4238 permisit,
2593 4180 2694 4222 nec
2723 4181 2823 4222 nos
2861 4180 2994 4219 sane
3031 4178 3153 4219 eum
3203 4162 3401 4218 nihilo-

1815 4260 1995 4314 minus
2057 4258 2163 4314 nisi
2206 4258 2734 4313 excommunicatum
2782 4256 3092 4310 habuimus.
3139 4257 3207 4311 At
3247 4270 3398 4319 vero,

1816 4351 1861 4409 si
1891 4347 2187 4406 voluntatis
2232 4350 2403 4420 ipsius
2428 4357 2576 4404 esset
2614 4355 2669 4403 et
2706 4346 3158 4403 Cameracensem
3190 4345 3403 4416 episeo-

134 4454 294 4509 multo
321 4470 581 4512 sermone
610 4456 959 4512 contulimus.
988 4454 1109 4524 lpse
1138 4453 1405 4525 siquidem
1434 4450 1588 4523 Hugo
1614 4467 1713 4506 nu-
1744 4456 1788 4514 ι)
1820 4463 1947 4519 pum
1973 4443 2164 4502 Remis
2192 4441 2244 4495 in
2269 4438 2559 4511 praesentia
2594 4445 2780 4492 nostra
2811 4434 2877 4490 ad
2899 4435 3164 4525 justitiam
3197 4435 3403 4490 facien-

131 4543 358 4609 perrime
403 4548 462 4601 in
501 4546 632 4602 villa
681 4547 855 4603 sancti
900 4544 1188 4617 Gaugeriei
1236 4559 1357 4616 quas
1400 4542 1713 4600 Feleherias

132 4633 323 4693 dicitur
370 4638 429 4694 in
481 4638 652 4693 trevia
686 4638 783 4693 Dei
822 4654 946 4693 cum
992 4646 1203 4692 armata
1252 4651 1416 4691 manu
1460 4633 1709 4699 advenit;

133 4725 308 4797 ibique
336 4731 766 4798 circumquaque
791 4728 1129 4793 discurrens,
1158 4728 1265 4797 igni
1295 4726 1514 4795 penitus
1547 4731 1712 4779 totam

130 4816 303 4872 villam
324 4818 721 4885 concremavit,
740 4818 1089 4889 praedamque
1117 4831 1225 4870 non
1250 4814 1529 4868 minimam
1553 4821 1715 4881 atque

136 4904 413 4965 hominum
439 4910 840 4966 multitudinem
865 4908 1250 4965 miserabiliter
1265 4920 1447 4961 secum
1469 4904 1710 4959 adduxit.

131 4996 381 5059 Pervenit
414 5003 583 5059 etiam
613 5002 683 5058 ad
712 5017 874 5058 aures
918 5011 1135 5057 nostras
1170 4998 1316 5070 quod
1344 5012 1404 5053 se
1430 4995 1714 5067 epistolam

132 5100 371 5148 nostram
403 5095 610 5151 habere
652 5094 916 5163 glorietur
948 5108 1055 5163 qua
1084 5108 1206 5147 eum
1237 5090 1306 5145 ab
1335 5088 1483 5145 omni
1521 5086 1717 5142 timore

129 5179 541 5242 Cameracensis
567 5188 830 5258 episcopi,
855 5186 951 5241 sed
983 5193 1041 5241 et
1066 5185 1134 5240 ab
1162 5183 1404 5239 omnium
1435 5180 1718 5251 presbyte-

133 5286 314 5328 rorum
346 5277 939 5342 excommunicatione,
983 5275 1038 5329 in
1071 5286 1455 5345 quamcunque
1496 5273 1716 5325 demen-

135 5364 257 5421 tiam
301 5369 483 5426 elatus
523 5370 709 5435 fuerit,
741 5368 1054 5434 deliberari,
1090 5365 1236 5437 quod
1284 5362 1454 5420 absit!
1501 5362 1715 5416 debeat.

133 5459 281 5519 Scire
323 5465 492 5536 igitur
526 5464 771 5522 volentes
801 5466 943 5522 hanc
983 5476 1199 5518 omnem
1240 5456 1562 5528 iactantiam
1600 5451 1718 5522 ejus

1815 4542 1939 4593 dam
1986 4530 2457 4603 et_recipiendam
2507 4530 2575 4584 ab
2623 4527 2742 4597 ipso
2796 4524 3029 4580 termino
3072 4536 3403 4594 congruente

1816 4638 2063 4702 paratum
2117 4625 2473 4687 haberemus,
2513 4628 2570 4676 et
2615 4634 2713 4675 nos
2748 4619 2996 4675 similiter
3044 4626 3401 4687 utrorumque

1817 4721 2059 4776 rationes
2086 4730 2240 4786 aequa
2282 4712 2473 4784 iudicii
2512 4721 2568 4767 et
2596 4709 2983 4765 misericordia:
3017 4708 3171 4764 lance
3201 4708 3397 4779 pende-

1819 4826 2031 4877 remus,
2059 4817 2115 4864 et
2140 4809 2193 4863 in
2223 4802 2476 4860 omnibus
2510 4800 2730 4856 modum
2773 4801 3068 4855 observare
3106 4815 3211 4855 non
3242 4799 3400 4854 dissi-

1817 4902 2170 4957 mularentus.
2197 4896 2304 4952 Per
2330 4908 2428 4949 vos
2458 4900 2639 4948 autem
2670 4890 2843 4947 solum
2871 4890 2938 4945 ad
2965 4888 3397 4945 emendationem

1821 4993 2003 5047 venire
2026 5005 2127 5046 nec
2151 4987 2326 5043 solam
2353 4982 2930 5041 excommunicationis
2952 4989 3145 5035 vestra:
3178 4987 3401 5033 senten-

1819 5060 1949 5137 tiam
2001 5078 2188 5134 veneri
2242 5077 2424 5141 debet,
2476 5089 2599 5129 cum
2653 5082 2707 5128 et
2754 5071 3112 5141 paroeltianus
3159 5068 3398 5138 episcopi

1818 5168 2233 5228 Cameracensis
2280 5180 2403 5221 esse
2460 5163 2817 5234 dignoscitur,
2868 5168 2922 5213 et
2968 5158 3256 5222 lnciaeum,
3303 5172 3401 5227 per

1820 5264 1963 5333 quod
1993 5262 2133 5317 hanc
2156 5265 2379 5314 exercet
2406 5254 2692 5319 malitiam,
2723 5253 2775 5306 in
2800 5252 3111 5321 episcopatu
3139 5248 3397 5304 Camera-

1819 5354 1969 5409 censi
1995 5352 2232 5423 positum
2254 5348 2344 5405 sit.
2372 5344 2583 5409 Valete,
2613 5352 2665 5397 et
2689 5342 2830 5412 quod
2861 5357 2985 5396 cum
3014 5339 3213 5395 comite
3240 5337 3399 5393 Flau-

1820 5444 2001 5501 drensi
2032 5441 2270 5515 egeritis,
2303 5437 2457 5497 nobis
2495 5434 2795 5489 rescribite.
