3836 6320
200 361 321 421 I393

258 477 336 533 VI.
374 472 610 541 Qualiter
640 475 1062 533 mensurandum
1092 477 1166 534 sit
1193 481 1645 538 monochordum.

254 567 353 625 VII.
394 565 539 622 Unde
585 566 800 622 dicatur
846 570 1296 639 monocbordum,
1342 579 1399 627 et
1425 574 1493 629 ad
1520 573 1649 644 quid
1676 573 1747 628 sit

193 659 325 715 utile.
1410 714 1413 715 ν

196 770 203 776 έ
259 750 376 804 VIII.
422 748 564 815 Quot
622 747 768 804 modi
828 749 971 819 sint,
1018 750 1215 823 quibus
1246 752 1500 829 mel‘odla
1559 762 1747 810 conte-

189 843 339 898 xitur.

244 934 329 988 IX.
366 933 517 1001 Quod
552 934 663 989 sint
704 950 898 991 vocum
937 935 1337 1008 discrepantia,
1385 947 1441 993 et
1466 938 1532 994 de
1560 938 1746 1009 diapa-

184 1041 289 1079 SOI].

246 1112 306 1167 X.
346 1113 419 1168 De
446 1113 640 1182 modis,
681 1130 820 1188 quos
852 1115 1073 1174 abusive
1100 1126 1258 1176 tonos
1284 1120 1633 1191 appellamus.

241 1201 325 1257 XI.
363 1203 436 1258 De
465 1205 744 1262 tenoribus
772 1208 1075 1276 modorum,
1103 1219 1160 1266 et
1182 1210 1433 1267 ﬁnalibus
1463 1226 1675 1268 eorum.

242 1291 343 1349 XII.
385 1295 458 1350 De
509 1296 743 1366 regulari
804 1314 967 1356 cursu
1014 1302 1320 1370 modorum,
1373 1313 1536 1375 atque
1562 1304 1743 1373 ,liceno

180 1384 262 1439 tia.

240 1473 370 1531 XIII.
415 1475 590 1547 Super
624 1493 799 1548 graeca
844 1490 1097 1539 notarum
1134 1484 1397 1540 vocabula
1447 1485 1716 1556 expositio

241 1564 366 1619 XIV.
407 1565 545 1633 Quid
573 1566 884 1625 faciendum
923 1570 995 1627 sit
1026 1571 1094 1627 de
1123 1581 1308 1642 cantu,
1340 1574 1430 1644 qui
1464 1574 1518 1630 in
1546 1590 1746 1646 perpe-

175 1670 257 1711 tuo
286 1675 441 1713 cursu
469 1659 672 1715 deﬁcit.

237 1747 344 1802 XV.
380 1748 534 1816 Quod
591 1751 886 1806 stultorum
950 1752 1256 1825 ignorantia
1316 1769 1459 1826 s'epe
1513 1764 1737 1811 cantum

171 1836 430 1906 depravet.
922 1834 925 1839 λ

222 1927 364 1984 XVI.
409 1930 564 1997 Quod
598 1932 801 1989 diversi
830 1933 1062 2011 diversis
1092 1935 1433 1994 delectentur
1458 1939 1660 1995 modis.
1718 2004 1721 2007 ν

240 2019 393 2077 XVII.
439 2025 515 2080 De
545 2027 788 2095 potentia
820 2032 1060 2100 musicae,
1092 2040 1147 2089 et
1176 2033 1270 2104 qui
1296 2034 1551 2105 primitus
1586 2051 1649 2091 ea
1678 2036 1732 2090 in

100 2128 115 2149 -
168 2111 390 2170 Romana
421 2117 662 2175 Ecclesia
691 2120 775 2177 usi
801 2121 932 2178 sint.
1542 2127 1550 2135 ’

1381 365 1431 420 J.
1470 364 1811 424 COTTONIS
1852 361 2126 420 MUSICA.

1780 489 1829 547 Α
1930 479 2116 536 XVIII.
2158 479 2435 550 Praecepta
2462 480 2530 538 de
2559 491 2723 540 cantu
2750 488 3141 555 componendo.

2954 19 2997 93 ξὲ

3292 372 3434 433 13915

1926 571 2066 627 XIX.
2104 571 2235 639 Quae
2261 572 2331 627 sit
2358 573 2563 643 optima
2584 574 2897 631 modulandi
2932 577 3126 634 forma.

1928 664 2047 720 XX.
2085 663 2330 732 Qualiter
2374 679 2473 735 per
2517 667 2735 725 vocales
2774 679 2967 726 cantus
3010 684 3234 743 possunt
3280 692 3427 733 com-

1846 771 2065 903 me'XI.
2107 846 2247 915 Quid
2294 847 2546 904 utilitatis
2590 848 2821 906 afferant
2868 867 3079 909 neumze
3116 870 3145 910 a
3183 813 3426 914 (luidone

1848 938 2101 993 iuventae.

1918 1027 2083 1087 XXII.
2123 1028 2200 1083 De
2224 1043 2391 1099 pravo
2422 1044 2523 1085 usu
2554 1029 2880 1100 abjiciendo,
2905 1040 2963 1086 et
2983 1032 3265 1102 superlluis
3291 1050 3426 1105 quo-

1846 1120 2097 1176 rumdam
2124 1119 2408 1176 modorum
2436 1120 2776 1177 dili‘erentiis.
2964 1198 2971 1203 ἦ

1920 1211 2105 1267 XXIII.
2145 1211 2221 1267 De
2245 1210 2559 1282 diaphonia,
2588 1212 2644 1267 id
2668 1221 2756 1268 est
2783 1228 3006 1283 organo.

1917 1299 2106 1356 XXIV.
2148 1300 2226 1357 De
2272 1302 2450 1372 primo
2492 1301 2674 1370 modo,
2720 1311 2777 1359 et
2829 1304 2951 1375 ejus
2999 1305 3263 1377 discipqu
3300 1322 3424 1363 cum

1844 1392 2183 1449 differentiis.
2550 1441 2555 1447 .

1919 1484 2083 1541 XXV.
2123 1484 2200 1540 De
2227 1485 2389 1540 tertio
2430 1494 2557 1542 tono
2586 1495 2642 1542 et
2682 1496 2899 1558 quarto,
2931 1492 3005 1544 'et
3048 1504 3238 1545 eorum
3269 1488 3439 1547 diﬂ'ew

1844 1584 2053 1630 rentiis.

1916 1664 2103 1720 XXVI.
2142 1665 2222 1721 De
2268 1666 2460 1738 quinto
2509 1675 2566 1723 et
2614 1676 2789 1735 sexto,
2836 1678 2891 1726 et
2927 1684 3116 1726 eorum
3174 1670 3428 1726 dill‘eren-

1843 1764 1952 1811 liis.

1917 1845 2129 1904 XXVII.
2173 1848 2251 1904 De
2277 1848 2512 1921 septimo
2539 1859 2594 1909 et
2614 1859 2826 1917 octavo,
2859 1859 2913 1906 et
2945 1863 3133 1905 eorum
3171 1848 3436 1906 dill‘ereu‘

1844 1935 1953 1993 tiis.

2333 2080 2642 2163 Expli’ciunt
2672 2094 2921 2164 capitula.

1536 2246 1952 2261 ψ

497 2384 960 2476 INCIPIT
1032 2390 1717 2484 TRACTATUS
1785 2366 2299 2490 JOANNIS
2371 2402 2520 2491 DE
2569 2349 3071 2495 .MUSICA.

241 2609 478 2677 Qualiter
512 2616 629 2685 quis
678 2617 750 2670 ad
800 2620 1017 2742 nitu?ch
1065 2620 1402 2690 disciplinam
1446 2638 1501 2676 se
1546 2633 1732 2693 aptare

871 2705 897 2742 e
933 2705 993 2742 ea
1025 2728 1041 2742 .

871 2705 993 2743 ευεα
999 2705 1017 2742 ι
1025 2728 1041 2743 ο

222 2767 459 2827 Primum
495 2774 598 2830 hoc
626 2773 729 2843 illi,
759 2777 854 2847 qui
902 2793 963 2834 se
1006 2779 1080 2857 ad
1126 2779 1346 2835 musica:
1392 2780 1732 2850 disciplinam

152 2869 330 2928 aptare
379 2862 679 2933 desiderat,
727 2865 1096 2939 iniungimus,
1152 2870 1231 2925 uti
1282 2869 1500 2925 litteras
1543 2885 1733 2927 mono-

152 2953 334 3008 chordi
372 2970 501 3011 cum
554 2957 780 3029 syllabis
828 2962 1214 3032 suprascriptis
1244 2962 1464 3021 limare
1491 2965 1732 3033 studeat,

71 3036 76 3043 ’
148 3056 243 3098 nec
270 3055 569 3117 antequam
599 3064 695 3105 eas
722 3052 1040 3107 memoriter
1082 3061 1286 3121 teneat,
1328 3057 1397 3112 ab
1433 3057 1539 3114 hoc
1563 3073 1729 3130 opere

149 3135 411 3196 desistat:
443 3143 541 3197 sed
586 3142 653 3198 de
696 3142 896 3201 litteris
930 3161 1076 3223 nunc
1107 3148 1288 3205 dicere
1310 3150 1631 3225 dill'erimus,
1670 3161 1733 3207 ut

144 3236 262 3298 post
302 3231 410 3287 hoc
455 3234 820 3301 commodius,
872 3244 1037 3306 atque
1078 3238 1303 3295 uberius
1323 3239 1390 3294 de
1413 3240 1495 3296 eis
1529 3248 1731 3297 tracte-

144 3335 299 3390 mus;
346 3339 497 3380 nunc
520 3334 704 3381 autem
732 3327 800 3384 de
825 3330 1052 3402 syllabis
1080 3332 1291 3404 aliquid
1323 3333 1592 3392 dicamus.
1620 3334 1731 3392 Sex

143 3425 263 3470 sunt
288 3417 519 3489 syllaba
542 3458 559 3484 ,
589 3433 724 3489 quas
748 3422 816 3477 ad
840 3438 978 3495 opus
1006 3425 1227 3482 musica:
1252 3428 1604 3495 assumimus,
1643 3429 1729 3485 di-

144 3517 308 3562 versae
332 3508 555 3579 quidem
579 3510 723 3583 apud
750 3512 994 3570 diversos
1018 3531 1035 3581 ;
1071 3530 1264 3571 verum
1288 3516 1473 3588 Angli,
1502 3516 1730 3575 Franci-

141 3608 308 3664 genaa,
357 3600 653 3659 Alemanni
693 3612 922 3659 utuntur
958 3605 1045 3661 his
1069 3615 1149 3671 ut,
1183 3623 1259 3672 re,
1290 3607 1382 3674 mi,
1413 3607 1491 3676 fa,
1512 3608 1622 3674 sal,
1652 3608 1726 3663 la.

140 3684 251 3743 Itali
282 3699 473 3748 autem
499 3692 634 3749 alias
652 3693 875 3758 habent,
893 3709 1050 3765 quas,
1079 3697 1172 3766 qui
1206 3711 1367 3753 nosse
1395 3698 1725 3768 desiderant,

140 3774 473 3846 stipulentur
515 3780 586 3845 ab
639 3782 795 3852 ipsis.
838 3783 945 3840 Eas
993 3799 1146 3852 vero,
1177 3785 1376 3855 quibus
1400 3802 1499 3842 nos
1526 3789 1729 3844 utimur

138 3959 333 4029 cipium
356 3972 446 4020 est
472 3981 485 4017 :
511 3962 577 4017 Ut
600 3974 789 4036 queant
810 3965 946 4023 laxis
968 3984 1213 4024 resonare
1232 3970 1384 4038 ﬁbris
1406 3971 1541 4025 mira
1563 3985 1729 4042 gesto-

137 4065 274 4116 rum,
316 4052 600 4122 quomodo
649 4055 753 4111 hoc
799 4055 960 4113 facile
990 4061 1388 4127 consideratur,
1415 4059 1510 4116 UT
1536 4073 1727 4135 queant

135 4141 291 4211 luxis,
331 4160 470 4201 ecce
499 4148 762 4203 habemus
797 4159 884 4215 ut;
918 4150 1207 4210 REsonare
1238 4158 1387 4226 ﬁbris
1409 4202 1424 4226 ,
1468 4172 1727 4231 eccere;

133 4232 272 4289 Mira
294 4248 593 4307 gestorum,
639 4238 734 4307 ibi,
786 4243 894 4307 mi;
947 4240 1178 4299 FAmuli
1226 4259 1459 4315 tuorum,
1497 4249 1609 4307 illic
1634 4251 1727 4320 fa;

131 4322 331 4381 SOLve
364 4325 580 4397 polluti,
608 4342 737 4385 ecce
767 4329 858 4386 hic
880 4331 991 4398 sol;
1019 4332 1185 4388 LAbii
1208 4346 1431 4405 reatum,
1464 4354 1594 4396 ecce
1622 4341 1727 4396 ha-

128 4417 324 4474 bemus
360 4418 439 4473 la.
470 4417 574 4475 Per
600 4420 700 4477 has
726 4422 908 4493 itaque
927 4423 1166 4495 syllabas
1201 4425 1250 4482 is
1300 4429 1393 4497 qui
1428 4429 1496 4485 de
1516 4432 1724 4488 musica

130 4508 276 4564 scire
295 4509 547 4578 allectat,
580 4512 862 4570 cautiones
894 4514 1103 4585 aliquas
1127 4525 1349 4575 cantare
1373 4519 1568 4587 discat,
1597 4537 1728 4592 quo-

127 4615 308 4671 usque
338 4603 719 4670 ascensiones,
747 4617 804 4660 et
830 4606 1239 4677 descensiones,
1268 4611 1727 4685 multimodasque

125 4706 321 4750 earum
375 4693 708 4752 variationes
753 4697 911 4769 plene
966 4715 1031 4756 ac
1077 4700 1255 4757 lucide
1309 4715 1618 4773 pernoscat.
1666 4707 1743 4761 In.

125 4801 330 4842 manus
362 4787 531 4841 etiam
572 4788 817 4844 articulis
855 4790 1125 4847 modulari
1166 4792 1387 4849 sedulus
1421 4807 1726 4865 assuescat,

124 4887 185 4932 ut
214 4893 284 4933 ea
309 4887 441 4949 post
468 4880 681 4950 quoties
711 4881 944 4949 voluerit
981 4897 1081 4953 pro
1114 4885 1483 4942 monochordo
1519 4896 1725 4956 utatur,

121 4980 177 5024 et
207 4970 265 5025 in
299 4986 369 5027 ea
403 4981 624 5027 cantum
645 4973 857 5041 probet,
888 4975 1147 5047 corrigat,
1176 4984 1234 5031 et
1260 4989 1571 5048 componat.
1600 4979 1726 5040 Haec

121 5060 215 5115 ubi
244 5062 574 5132 aliquandiu
609 5063 764 5133 juxta
809 5065 954 5135 quod
1000 5066 1237 5123 diximus
1274 5067 1720 5138 frequentaverit,

117 5160 169 5204 et
228 5151 366 5207 altae
413 5156 691 5210 memoriae
737 5156 1220 5223 commendaverit,
1276 5157 1490 5217 facilius
1536 5164 1725 5231 procul

118 5242 295 5299 dubio
325 5244 400 5299 ad
432 5245 693 5301 musicam
721 5247 826 5302 iter
853 5248 1092 5304 habebit.

112 5333 179 5390 ll.
216 5335 365 5403 Qum
390 5338 586 5393 utilitas
616 5340 682 5393 sit
707 5340 839 5422 scire
866 5342 1143 5422 musicam,
1174 5352 1222 5396 et
1257 5345 1385 5413 quid
1405 5346 1557 5401 distet
1583 5347 1719 5402 inter

606 5420 863 5465 musicum
891 5422 940 5465 et
969 5420 1255 5466 cantarem.

192 5498 441 5554 Videtur
470 5512 652 5556 autem
682 5517 827 5558 nunc
856 5518 1181 5574 congruum,
1220 5514 1282 5561 ut
1309 5507 1441 5578 quid
1469 5508 1720 5567 utilitatis

98 5592 391 5647 conferat
436 5594 655 5650 musica:
700 5596 893 5652 notitia
920 5599 1071 5655 brevi
1104 5598 1434 5672 attingamus
1462 5601 1672 5658 ratione
1701 5621 1716 5670 ;

113 5691 343 5752 quanto
378 5697 609 5763 namque
633 5685 686 5741 in
720 5687 925 5743 musica
952 5690 1183 5760 quisque
1214 5706 1273 5746 se
1304 5691 1480 5746 reddit
1504 5691 1716 5748 studio-

114 5775 366 5841 siorem,
414 5783 561 5833 tanto
590 5787 645 5836 et
675 5778 846 5849 ipsam
883 5790 1054 5838 artem
1088 5784 1238 5839 novit
1267 5796 1385 5841 esse
1417 5782 1709 5842 utiliorem.

1837 2608 2043 2665 Musica
2070 2624 2177 2666 una
2218 2621 2406 2669 estex
2454 2622 2662 2684 septem
2710 2616 2944 2682 artibus,
2989 2634 3125 2689 quas
3172 2620 3432 2679 liberales

1838 2699 2126 2770 appellant,
2160 2703 2427 2760 naturalis
2448 2705 2668 2776 quidem
2699 2708 3152 2778 quemadmodum
3173 2720 3229 2766 et
3269 2713 3421 2779 aliae;

1837 2792 1983 2847 unde
2010 2801 2065 2847 et
2080 2791 2412 2862 joculatores
2457 2807 2513 2853 et
2554 2799 2871 2865 histriones,
2920 2801 3010 2870 qui
3040 2818 3264 2873 prorsus
3298 2814 3429 2862 sunt

1839 2883 2133 2953 illitterati,
2172 2888 2484 2946 dulcisonas
2507 2890 2799 2961 aliquando
2840 2894 3090 2949 videmus
3134 2908 3424 2952 contexere

1836 2975 2158 3033 cantilenas.
2211 2976 2341 3045 Sed,
2375 2982 2522 3036 sicut
2571 2986 2969 3054 grammatica,
3030 2986 3314 3043 dialectica
3367 2996 3425 3044 et

1836 3076 2049 3123 cetera:
2076 3077 2243 3136 artes,
2273 3072 2318 3127 si
2349 3089 2455 3129 non
2484 3087 2672 3131 essent
2698 3080 3043 3149 conscriptae,
3071 3093 3133 3133 ac
3163 3093 3260 3149 per
3286 3095 3425 3151 pne-

1835 3167 1992 3229 cepta
2023 3158 2324 3228 elueidatte,
2356 3164 2577 3221 incertae
2606 3167 2939 3225 haberentur
2962 3180 3019 3225 et
3047 3170 3287 3226 confusa:
3305 3214 3319 3238 ,
3348 3172 3427 3227 ita-

1836 3261 1892 3306 et
1913 3252 2049 3308 lIaac.
2092 3252 2386 3311 Sciendum
2416 3266 2624 3326 autem,
2655 3261 2781 3330 quia
2809 3277 2901 3318 ars
2926 3261 3030 3317 ista
3063 3264 3206 3319 haud
3235 3264 3424 3320 intima

1830 3342 1983 3399 inter
2025 3355 2173 3401 artes
2200 3354 2286 3402 est
2313 3350 2639 3418 reputanda,
2684 3353 2987 3421 praesertim
3038 3370 3161 3409 cum
3209 3354 3434 3412 clericis

1758 3450 1804 3513 ς
1837 3433 2074 3489 maxime
2098 3436 2171 3490 sit
2191 3439 2525 3507 necessaria,
2554 3449 2613 3517 et
2638 3441 2971 3511 quibuslibet
2997 3460 3117 3500 eam
3140 3460 3420 3527 exercen-

1836 3524 1979 3580 tibus
2011 3526 2158 3582 utilis
2185 3536 2240 3582 et
2257 3528 2515 3599 iocunda.
2555 3530 2813 3602 Quisquis
2856 3534 3093 3604 namque
3136 3524 3417 3591 incessan-

1834 3624 1921 3670 ter
1962 3617 2283 3687 ei'operam
2330 3621 2665 3689 adhibuerit,
2719 3631 2777 3679 et
2832 3626 2953 3680 sine
3010 3625 3428 3683 intermissione

1834 3708 2142 3767 indefessus
2186 3713 2467 3782 institerit,
2519 3715 2680 3772 talem
2726 3716 2851 3773 iude
2899 3720 3161 3789 consequi
3217 3723 3423 3791 poterit

1761 3855 1768 3866 ,
1833 3799 2096 3870 fructum,
2123 3812 2185 3859 ut
2212 3808 2279 3859 de
2305 3815 2497 3863 cantus
2529 3807 2796 3879 qualitate
2830 3824 2897 3864 an
2935 3810 3007 3865 sit
3050 3812 3313 3879 urbanus,
3345 3830 3415 3867 an

138 3868 399 3938 syllabas,
449 3886 518 3926 ex
545 3873 748 3944 hymno
792 3874 886 3931 illo
928 3885 1175 3948 sumptas
1204 3876 1376 3946 aiunt,
1400 3878 1552 3947 cujus
1579 3882 1729 3951 prin-
1784 3904 1787 3909 ί

1831 3894 1903 3950 sit
1931 3894 2189 3967 vulgaris,
2222 3912 2383 3953 verus
2410 3913 2496 3953 .an
2547 3900 2735 3966 l‘alsus,
2766 3902 3015 3972 judicare
3045 3905 3203 3971 sciat,
3234 3916 3289 3961 et
3317 3906 3429 3960 l‘ala

1831 4002 1953 4043 sum
1984 3989 2278 4061 corrigere,
2321 3999 2378 4047 et
2425 4009 2622 4048 novum
2670 4011 3017 4066 componere.
3070 3999 3185 4054 Non
3219 4008 3301 4054 est
3334 4000 3423 4054 vel.

1830 4077 1997 4149 igitur
2038 4096 2205 4151 parva
2250 4082 2389 4149 laus,
2441 4099 2552 4139 non
2597 4086 2810 4141 modica
2858 4088 3094 4154 utilitas,
3144 4104 3253 4143 non
3298 4090 3420 4143 vili-

1829 4170 2147 4239 pendendus
2186 4171 2340 4228 labor
2364 4175 2585 4231 musicae
2629 4175 2875 4241 scientia,
2908 4194 3027 4248 quae
3057 4180 3139 4234 sui
3169 4180 3423 4250 cognitos

1832 4274 1950 4315 rem
1995 4265 2281 4339 compositi
2320 4276 2513 4324 cantus
2539 4268 2700 4324 elﬁcit
2720 4268 2981 4337 judicem,
3019 4270 3137 4327 falsi
3165 4274 3421 4345 emenda-

1832 4366 2028 4421 torem,
2061 4364 2117 4411 et
2146 4358 2267 4413 novi
2308 4359 2669 4417 inventorem.
2714 4362 2828 4418 Nec
2869 4367 3306 4433 praetereundum
3336 4369 3419 4423 vi-

1831 4445 2014 4513 detur,
2038 4448 2182 4518 quod
2211 4450 2452 4508 musicus
2482 4443 2544 4508 et
2561 4462 2755 4512 cantor
2799 4472 2905 4512 non
2949 4474 3137 4530 parum
3182 4476 3212 4515 a
3246 4477 3305 4516 se
3332 4462 3419 4516 in-

1830 4540 2004 4596 vicem
2050 4542 2389 4614 discrepant;
2438 4561 2562 4601 nam
2610 4562 2733 4604 cum
2781 4551 3022 4607 musicus
3070 4568 3286 4623 semper
3320 4571 3420 4625 per

1832 4642 2004 4688 artem
2036 4643 2183 4690 recte
2206 4634 2449 4704 lncedat,
2485 4647 2678 4694 cantor
2707 4651 2913 4698 rectam
2943 4643 3232 4716 aliquoties
3269 4648 3429 4702 viam.

1832 4724 2176 4782 solummodo
2224 4742 2323 4797 per
2367 4744 2526 4783 usum
2576 4738 2745 4787 tenet.
2798 4733 2897 4790 Cui
2949 4751 3081 4809 ergo
3134 4746 3427 4795 cantorem

1831 4817 2024 4874 melius
2063 4820 2493 4889 comparaverim
2523 4835 2691 4892 quam
2717 4825 2893 4895 ebrio,
2918 4828 3012 4899 qui
3041 4830 3260 4886 domum
3291 4833 3414 4901 qui-

1831 4911 1951 4967 dem
1979 4916 2195 4985 repetit,
2225 4923 2320 4973 sed
2342 4934 2449 4990 quo
2478 4920 2618 4978 calle
2652 4934 2988 4991 revertatur,
3019 4924 3235 4995 penitus
3266 4927 3419 4998 igno-

1831 5013 1957 5072 rat;
1992 5007 2085 5062 sed
2133 5018 2188 5064 et
2232 5011 2455 5077 molaris
2499 5026 2619 5073 rota
2652 5018 2945 5074 discretum
2979 5016 3270 5086 aliquando
3294 5019 3419 5073 red-

1830 5096 1911 5150 dit
1932 5098 2243 5167 stridorem,
2268 5100 2384 5173 ipsa
2410 5113 2589 5163 tamen
2616 5108 2745 5178 quid
2769 5116 2894 5177 agat
2916 5108 3187 5172 nesciens,
3218 5106 3433 5177 quippe

1833 5193 1959 5263 quia
1995 5211 2081 5252 res
2109 5205 2193 5251 est
2219 5198 2538 5257 inanimata.
2574 5201 2729 5259 Unde
2757 5201 2932 5259 Guido
2963 5200 3193 5272 pulchre
3227 5202 3280 5256 in
3315 5200 3417 5255 Mi-

1833 5284 2053 5357 crologo
2081 5302 2181 5344 suo
2215 5289 2295 5344 sic
2324 5289 2400 5343 ait
2429 5305 2444 5343 :

1832 5394 2154 5479 Musicorum
2177 5430 2233 5479 et
2260 5428 2541 5477 cantorum
2573 5435 2767 5492 magna
2792 5430 2876 5478 est
2907 5421 3183 5488 distantia,

1830 5509 1910 5566 Illi
1941 5511 2144 5577 dicunt,
2174 5511 2262 5568 isti
2295 5511 2479 5567 sciunt
2500 5526 2621 5581 quae
2646 5512 2948 5583 composuit
2974 5517 3211 5578 musica;

1833 5601 1964 5659 Nam
1997 5604 2087 5675 qui
2118 5603 2253 5662 facit
2284 5604 2427 5676 quod
2466 5618 2573 5660 non
2615 5605 2773 5676 sapit,
2822 5603 3082 5661 dillinitur
3110 5605 3313 5670 bestia;
3360 5613 3425 5659 ct

3099 5695 3199 5767 [cae
3207 5705 3342 5752 tera.
3428 5706 3431 5707 '
