3836 6320
154 385 271 448 {1397

1610 379 1889 440 MUSICA.

3247 389 3266 442 I
3278 383 3391 447 308'.

150 498 318 564 Guido,
344 506 495 565 quem
531 466 654 563 post
693 488 937 547 Boetium
983 504 1084 548 nos
1118 489 1172 546 in
1217 491 1320 547 hac
1364 498 1485 548 arte
1524 491 1695 564 pluri-
1720 496 1776 557 Α
1799 499 2023 562 quartus
2046 498 2224 558 vacat,
2251 493 2471 563 quintus
2496 493 2548 550 in
2572 511 2625 565 a,
2656 504 2838 553 sextus
2866 496 2999 565 ind,
3033 499 3296 570 septimus
3323 503 3391 560 in’

150 606 275 648 mum
328 585 553 643 valuisse
596 585 833 639 fatemur
884 598 977 639 XXI
1036 583 1092 638 in
1147 584 1353 639 musica
1403 597 1498 640 sua
1542 585 1698 656 ponit

149 693 301 747 notas,
335 676 399 735 ne
421 679 531 751 jam
572 676 714 734 ullus
755 676 810 733 in
857 683 1020 733 cantu
1068 676 1239 747 possit
1284 677 1564 748 subripere
1605 677 1699 734 de-

148 777 318 833 fectus.

203 856 339 921 Nunc
362 865 425 921 de
444 878 633 921 earum
656 863 986 920 discretione
1011 864 1307 920 videamus.
1335 865 1401 918 Et
1429 863 1696 934 imprimis

145 957 343 1029 diligens
362 954 531 1023 iector
545 957 949 1014 animadvertat
970 958 1112 1027 quod
1128 960 1318 1013 omnes
1343 955 1695 1013 monochordi

144 1062 264 1108 notae
289 1052 338 1106 in
369 1051 537 1122 ﬁgura
563 1062 688 1109 sunt
710 1052 977 1122 dispares.
999 1051 1161 1107 Verbi
1191 1051 1362 1122 gratia
1382 1063 1418 1107 Γ
1441 1051 1497 1106 in
1524 1049 1696 1124 ﬁgura

142 1157 166 1193 a
192 1139 231 1196 ϐ
259 1140 425 1196 dili'ert
466 1142 703 1213 capitali,
746 1142 825 1197 sic
848 1142 894 1197 A
924 1140 1154 1211 capitale
1184 1142 1252 1197 ab
1286 1158 1319 1196 a
1359 1141 1588 1209 minuto,
1616 1142 1697 1198 sic

141 1216 1298 1301 Bah,Cac,Dad,Eabe,Fab/‘,Ga
1343 1247 1410 1301 g;
1450 1232 1696 1286 iteruma

145 1337 393 1392 minimum
430 1337 498 1393 ab
527 1343 554 1407 g
589 1337 881 1406 duplicato.
917 1337 1009 1393 Sic
1035 1337 1064 1392 b
1100 1352 1127 1393 a
1154 1337 1214 1410 Β,
1239 1340 1279 1403 ﬂ
1304 1352 1332 1391 a
1365 1304 1431 1419 ξ,
1460 1353 1487 1391 c
1518 1351 1547 1391 a
1577 1351 1629 1403 c,
1660 1337 1695 1391 ά

142 1443 166 1480 a
192 1426 236 1500 ᾗ.
259 1426 539 1482 Variantur
562 1428 727 1483 etiam
754 1443 851 1498 per
876 1429 1053 1498 spatia
1074 1436 1128 1482 et
1158 1427 1348 1483 lineas.
1386 1427 1519 1495 Cum
1550 1426 1694 1482 enim

139 1531 170 1576 Γ
196 1528 407 1589 ponatur
446 1519 501 1573 in
549 1520 715 1585 linea,
742 1537 775 1591 g
816 1520 923 1576 erit
971 1520 1024 1575 in
1072 1520 1268 1591 spatio,
1313 1519 1441 1575 item
1485 1534 1606 1574 cum
1650 1519 1691 1573 A

138 1611 341 1681 capitale
365 1612 433 1666 sit
460 1612 512 1666 in
539 1613 739 1682 spatio,
780 1630 811 1666 a
838 1612 1103 1681 minutum
1134 1612 1237 1669 erit
1263 1611 1317 1666 in
1348 1611 1513 1679 linea,
1536 1619 1591 1667 et
1621 1612 1696 1666 ita

137 1704 278 1757 etiam
305 1704 367 1759 de
387 1704 619 1759 caeteris.
648 1702 957 1759 Notandum
990 1712 1170 1759 autem
1201 1703 1268 1760 de
1292 1704 1320 1757 b
1359 1702 1528 1768 molli,
1552 1702 1696 1759 etde

136 1786 454 1890 qquadrato,
487 1796 722 1890 quodet
762 1795 1033 1890 inuﬁgura
1064 1796 1209 1890 etin
1251 1794 1471 1890 syllabis
1506 1809 1696 1890 supra-

136 1885 326 1956 scriptis
353 1887 781 1943 disconveniant.
816 1886 992 1947 Unum
1019 1886 1237 1957 quidem
1269 1887 1382 1941 sive
1404 1885 1460 1940 in
1489 1886 1689 1957 spatio,

135 1978 230 2032 sive
260 1977 308 2031 in
331 1977 467 2033 linea
499 1977 778 2048 possident
805 1977 1002 2044 locum,
1035 1977 1131 2033 sed
1159 1976 1264 2032 hoc
1302 1976 1462 2033 modo
1489 1975 1693 2032 discer-

133 2079 328 2137 nuntur,
366 2063 509 2141 quod
558 2071 613 2126 in
652 2086 760 2141 qua
807 2085 1002 2126 nenma
1048 2070 1077 2124 b
1118 2069 1279 2125 molle
1324 2078 1504 2135 sonat,
1532 2083 1695 2139 super

102 2134 348 2214 'eamdem
376 2134 405 2215 ξι
429 2134 701 2231 scriptore
730 2161 1037 2231 ponendum
1068 2169 1170 2216 est.
1206 2159 1419 2216 Habent
1448 2134 1503 2216 et
1530 2134 1691 2216 alium

130 2266 295 2309 omnes
322 2253 673 2309 monochordi
706 2252 900 2308 litterae
928 2266 1036 2324 qua
1063 2251 1470 2323 distinguuntur
1516 2252 1693 2308 varie-

132 2352 295 2412 tatem,
341 2346 485 2400 hanc
530 2344 757 2410 scilicet,
789 2346 934 2415 quod
965 2360 996 2400 a
1025 2356 1060 2401 Γ
1095 2359 1266 2416 usque
1313 2345 1380 2400 ad
1407 2344 1448 2401 C
1473 2353 1694 2416 propter

129 2436 231 2491 soni
273 2438 591 2513 gravitatem
635 2454 827 2510 graves
870 2439 1144 2508 dicuntur,
1174 2453 1207 2493 a
1234 2439 1278 2494 D
1309 2453 1481 2509 usque
1520 2439 1587 2492 ad
1621 2435 1691 2503 G,

128 2542 184 2584 eo
216 2530 347 2598 quod
383 2512 629 2586 omnium
675 2531 728 2585 in
769 2531 849 2586 eis
892 2530 1176 2586 modorum
1208 2537 1401 2584 cantus
1449 2528 1689 2594 ﬁniatur,

127 2619 296 2676 ﬁnales
323 2622 686 2693 appellantur,
725 2622 793 2678 ab
823 2639 854 2677 α
893 2624 1101 2679 minuto
1127 2636 1300 2692 usque
1342 2621 1410 2677 ad
1436 2620 1486 2683 ,ά
1520 2630 1693 2676 acutae

127 2722 382 2783 vocantur,
408 2722 637 2784 propter
656 2722 872 2769 acutum
899 2728 1059 2784 quem
1088 2713 1335 2773 reddunt,
1356 2727 1570 2780 sonum,
1603 2726 1633 2766 a
1658 2711 1693 2765 ά

128 2821 278 2878 usque
303 2807 366 2863 ad
392 2824 425 2878 g
455 2814 796 2877 superacntae
844 2806 1118 2874 dicuntur,
1151 2805 1511 2930 quiadacntas
1542 2801 1692 2859 vocis

1011 2892 1043 2930 a

1011 2892 1043 2931 a

127 2947 350 3005 acumine
394 2957 677 3021 superant.
719 2949 849 3005 Item
896 2947 965 3003 ab
1013 2962 1042 3002 a
1088 2959 1257 3016 usque
1287 2946 1321 3000 (ι
1362 2944 1693 3001 excellentes

125 3040 473 3109 nominantur,
505 3056 571 3098 eo
599 3041 927 3113 quodetiam
958 3053 1119 3110 super
1142 3048 1329 3096 acutas
1366 3037 1486 3094 soni
1514 3038 1691 3113 graci-

125 3134 258 3192 litate
291 3138 583 3194 excellant.

199 3283 375 3335 graves
443 3272 457 3335 |
537 3265 723 3321 ﬁnales
790 3278 804 3335 ι
886 3274 1058 3327 acutae
1143 3268 1156 3335 Ι
1253 3271 1588 3335 superacuta:

194 3339 386 3394 [ΑΒΕ
446 3334 1154 3406 IDEFGIab'ﬁch
1322 3334 1521 3406 eis:

1244 3474 1579 3532 Exeellentes

1311 3540 1525 3602 bhcd

1312 3614 1525 3674 bHcd

443 3272 461 3667 l

1140 3268 1156 3678 Ι

790 3278 805 3689 Ι

178 3774 337 3832 Datur
366 3778 449 3835 eis
489 3776 558 3834 ad
603 3777 710 3835 hoc
749 3785 805 3833 et
848 3777 949 3834 alia
978 3791 1009 3833 a
1041 3775 1365 3849 quibusdam
1395 3792 1493 3849 per
1515 3791 1690 3847 graeca

116 3869 355 3926 vocabula
405 3870 667 3927 discretio
692 3872 872 3940 {quae
912 3869 1036 3940 quia
1084 3869 1263 3925 minus
1313 3870 1542 3925 eruditis
1580 3885 1688 3926 non

118 3969 325 4018 mu.tum
370 3962 626 4019 utilitatis
660 3962 909 4021 conferre
948 3962 1293 4023 videbantur,
1326 3960 1393 4016 ad
1450 3976 1691 4031 praesens

112 4053 298 4110 omissa
322 4064 472 4112 sunt.
502 4055 662 4112 Fiant
683 4065 862 4111 autem
907 4052 1097 4112 omnes
1126 4054 1209 4109 hae
1247 4053 1547 4111 litterarum
1579 4054 1692 4111 dis-

115 4142 409 4214 tinctiones,
463 4157 523 4204 nt
550 4148 807 4219 quoniam
847 4147 1092 4203 diversas
1115 4147 1281 4202 habet
1306 4149 1688 4218 proprietates,

112 4231 308 4292 facilius
342 4252 467 4308 quae
514 4237 585 4293 sit
630 4237 720 4293 illa
751 4246 808 4293 et
859 4237 950 4291 illa
995 4237 1267 4307 possimus
1297 4237 1686 4293 internoscere.

112 4323 172 4378 Et
194 4326 257 4381 de
281 4343 515 4385 numero
534 4328 751 4398 quidem
777 4327 1079 4385 litterarum
1103 4342 1166 4382 ac
1186 4326 1514 4383 discretione
1543 4327 1689 4382 suﬁi-

109 4419 301 4478 cienter
343 4422 554 4479 dictum
604 4431 710 4490 est,
759 4438 901 4477 nunc
940 4421 1005 4474 de
1046 4433 1301 4475 mensura
1331 4420 1687 4477 monochordi

108 4511 405 4571 videamus.

221 4604 299 4661 VI.
334 4606 579 4673 Qualiter
605 4608 1014 4662 mensurandum
1039 4609 1106 4662 sit
1142 4607 1571 4663 monochordum.

172 4695 344 4755 Multae
365 4698 586 4770 quidem
610 4713 675 4755 ac
700 4698 926 4755 diversae
953 4708 1081 4755 sunt
1106 4697 1457 4754 monochordi
1480 4696 1689 4752 dimen-

105 4786 300 4856 siones,
346 4805 488 4860 quas
523 4803 712 4845 omnes
753 4803 1009 4844 enarrare
1057 4788 1271 4843 taedium
1301 4787 1482 4859 potius
1522 4803 1685 4859 quam

108 4881 397 4948 proﬁcuum
458 4882 760 4953 legentibus
820 4890 1123 4951 generaret.
1184 4879 1523 4952 Quapropter
1587 4896 1687 4938 nos

104 4976 634 5047 compendiositatem
685 4984 974 5041 sectantes,
1015 4990 1082 5032 ex
1122 4974 1305 5030 multis
1350 4990 1532 5040 unam,
1567 4977 1688 5045 quas

106 5065 308 5123 facilior
334 5077 500 5139 atque
528 5067 756 5123 celerior
780 5067 1086 5130 videbatur.
1129 5066 1330 5138 regulis
1364 5068 1565 5124 nostris
1601 5069 1685 5124 in-

103 5176 278 5218 serere
309 5161 644 5217 curavimus.
691 5160 934 5216 Primum
971 5176 1102 5232 ergo
1128 5172 1164 5217 I‘
1196 5162 1249 5217 in
1277 5161 1496 5219 sinistra
1528 5172 1686 5233 parte

104 5255 455 5313 monochordi
488 5256 594 5311 rubi
649 5254 885 5310 volueris
937 5254 1144 5325 ponito,
1188 5270 1220 5311 a
1264 5271 1372 5327 quo
1421 5271 1593 5327 usque
1628 5257 1682 5312 in

104 5345 257 5404 ﬁnem
290 5364 487 5415 novem
538 5364 728 5420 passus
758 5348 993 5419 aequales
1028 5348 1240 5407 metire.
1261 5350 1470 5417 Quibus
1497 5364 1682 5420 arqua-

103 5438 223 5494 liter
277 5442 543 5498 dimensis
597 5441 882 5513 diligenter
931 5441 1214 5497 considera
1276 5442 1419 5513 quod
1476 5443 1683 5511 primus

100 5544 287 5601 passus
311 5534 568 5589 terminat
590 5533 641 5588 in
678 5534 744 5599 A,
789 5534 1059 5589 secundus
1105 5541 1276 5596 vacat,
1311 5531 1501 5587 tertius
1532 5532 1583 5587 in
1613 5532 1678 5598 D,

168 5667 246 5739 (Ξ)
269 5667 403 5723 Haec
430 5669 495 5723 de
530 5669 694 5723 verbo
723 5667 836 5723 fere
861 5684 927 5725 ex
954 5667 1228 5722 Wilhehni
1279 5662 1528 5737 Ilirsaug.
1562 5685 1682 5739 nm-

100 5736 252 5807 siea,
320 5754 483 5806 supra
519 5778 537 5805 ,
614 5739 701 5793 ubi
747 5751 926 5794 tamen
991 5739 1106 5794 haec
1154 5740 1446 5809 interponit
1484 5736 1503 5792 ξ
1558 5738 1597 5791 Α
1644 5740 1678 5796 b

102 5809 218 5868 item
272 5810 502 5865 rotunda
556 5810 626 5863 ad
663 5810 818 5881 ﬁnem
855 5810 1081 5865 duorum
1120 5825 1369 5881 passuum
1399 5811 1547 5881 prior
1575 5821 1677 5864 ter-

1799 588 1849 653 g,
1885 579 2075 651 reliqui
2112 591 2324 638 vacant.
2354 582 2484 655 Item
2508 585 2575 640 ab
2605 585 2649 639 A
2680 600 2847 656 usque
2871 588 2936 642 ad
2967 586 3384 649 ﬁnemnovenis

1796 669 2045 739 passibus
2071 669 2355 744 aequaliter
2382 672 2617 742 partitis,
2665 675 2873 744 primus
2903 691 3092 747 passus
3125 680 3385 735 termina-

1798 761 1877 817 bit
1905 762 1958 818 in
1989 762 2049 829 Β,
2076 763 2343 821 secundus
2360 773 2537 832 vacat,
2564 765 2755 822 tertius
2784 767 2840 822 in
2863 767 2928 835 E,
2948 777 3175 838 quartus
3202 782 3381 834 vacat,

3337 850 3381 933 la

1784 922 2017 995 quintus
2047 924 2099 980 in
2121 917 2172 1021 η
2198 926 2543 997 quadratum,
2574 935 2759 984 sextus
2784 928 2836 984 in
2869 947 2914 995 e,
2953 934 3213 1002 septimus
3240 933 3293 988 in
3337 917 3388 1027 ξ

1797 1016 2378 1091 ὀιιρῑίείιιιιιιι,ἰ-ε1ἰ(ιιιί
2417 1029 2634 1076 vacant.
2668 1022 2800 1076 Item
2837 1038 2958 1078 cum
2988 1038 3018 1077 a
3046 1036 3081 1080 ι’
3109 1026 3177 1079 ad
3219 1016 3385 1081 ﬁneui

1796 1117 2031 1180 quatuor
2065 1125 2258 1182 passus
2301 1102 2582 1183 aequaliter
2625 1113 2898 1181 diviseris,
2944 1116 3151 1186 primus
3192 1132 3385 1186 passus

1798 1201 2115 1257 terminabit
2144 1202 2199 1258 in
2227 1202 2289 1269 C,
2319 1203 2589 1258 secundus
2627 1204 2679 1258 in
2718 1203 2788 1270 G,
2820 1207 3013 1261 tertius
3058 1206 3113 1261 in
3140 1210 3195 1272 d,
3221 1224 3385 1279 quar-

1797 1299 1883 1346 tus
1922 1291 2061 1346 ﬁnit.
2106 1292 2371 1349 Similiter
2409 1307 2440 1348 a
2473 1293 2515 1349 C
2548 1294 2616 1349 ad
2654 1294 2816 1350 ﬁnem
2859 1306 3094 1366 quatuor
3133 1300 3383 1369 passibus

1752 1410 1757 1415 ι
1796 1382 2078 1453 aequaliter
2121 1384 2385 1441 dimensis
2423 1387 2631 1455 primus
2672 1386 2986 1444 terminabit
3015 1390 3067 1444 in
3099 1388 3162 1454 F,
3193 1405 3387 1445 secun-

1796 1476 1897 1531 dus
1926 1476 1978 1531 in
2009 1493 2058 1542 ε,
2089 1478 2282 1533 tertius
2312 1479 2363 1533 in
2395 1483 2443 1546 ε,
2489 1488 2717 1550 quartus
2758 1480 2896 1533 ﬁnit.
2929 1481 3011 1536 Ab
3038 1482 3080 1536 F
3107 1492 3286 1538 autem
3315 1483 3384 1539 ad

1798 1566 1960 1623 finem
1983 1576 2374 1638 quaternorum
2404 1584 2681 1640 passuum,
2701 1570 3240 1641 primusterminabit
3268 1574 3324 1630 in
3354 1575 3385 1629 ὁ

1710 1697 1721 1707 .
1800 1658 1980 1727 molle,
2012 1661 2280 1716 secundus
2304 1662 2426 1732 inf,
2459 1662 2650 1733 reliqui
2676 1673 2888 1719 vacant.
2916 1664 2993 1735 (2)
3022 1664 3062 1719 Α
3090 1667 3126 1720 d
3151 1681 3282 1723 vero
3317 1668 3388 1723 ad

1786 1749 1961 1821 ﬁnem
1988 1751 2269 1820 quaternis
2305 1752 2557 1822 passibus
2597 1752 2777 1821 factis,
2825 1754 3033 1825 primus
3075 1757 3387 1815 terminabit

1726 1846 1769 1905 Β
1798 1840 1852 1895 in
1899 1858 1951 1911 g,
1998 1843 2141 1912 quod
2162 1841 2276 1911 jam
2311 1845 2547 1915 positum
2589 1854 2691 1912 est,
2721 1847 2990 1903 secundus
3021 1848 3074 1903 in
3104 1847 3155 1921 ᾖ,
3187 1849 3384 1921 reliqui

1796 1940 2013 1988 vacant.
2042 1933 2126 1990 Ab
2153 1935 2406 2006 fquoque
2436 1937 2502 1991 ad
2527 1938 2688 1992 ﬁnem
2719 1946 2955 2009 quatuor
2978 1939 3227 2010 passibus
3258 1955 3391 2009 pur-

1796 2022 1934 2087 tilis,
1961 2023 2170 2093 primus
2210 2022 2525 2081 terminabit
2554 2027 2609 2081 in
2671 2067 2687 2093 ,
2717 2029 3005 2084 rotundum
3052 2029 3389 2101 duplicatum

1798 2112 1991 2183 reliqui
2036 2123 2255 2169 vacant.
2318 2115 2383 2170 Et
2430 2117 2483 2171 in
2532 2116 2634 2172 hac
2683 2118 2900 2187 quidem
2945 2119 3227 2186 divisione,
3264 2136 3387 2191 qua:

1797 2202 2152 2259 videiicetﬁt
2187 2207 2470 2275 quaternis
2516 2208 2785 2277 passibus,
2837 2218 3010 2266 totum
3060 2196 3393 2268 munocbor-r

1796 2295 1923 2350 dum
1961 2296 2269 2353 rectissime
2310 2313 2628 2354 mensurare
2665 2301 2885 2370 poterit,
2925 2301 3018 2372 qui
3054 2302 3385 2372 diligentiam

1796 2386 2055 2443 adhibere
2081 2388 2333 2445 voluerit.
2364 2390 2406 2444 A
2437 2406 2760 2462 quacunque
2787 2393 2931 2447 enim
2960 2402 3086 2449 nota
3115 2393 3181 2450 ad
3219 2394 3393 2451 ﬁnem,

1796 2477 2150 2531 monochordi
2185 2487 2417 2547 quatuor
2462 2480 2696 2550 aequales
2730 2496 2922 2551 passus
2968 2482 3122 2549 ﬁunt,
3169 2492 3281 2539 tres
3316 2498 3387 2540 ex

1796 2559 1902 2616 illis
1954 2562 2287 2620 diatessaron
2343 2576 2399 2621 et
2426 2567 2695 2637 diapente,
2749 2584 2847 2625 nec
2878 2584 2984 2626 non
3031 2580 3087 2627 et
3123 2572 3385 2642 diapason
3476 2606 3481 2617 ι

1796 2657 2099 2727 continent,
2128 2659 2349 2717 ultimus
2378 2676 2507 2717 vero
2535 2662 2669 2718 ﬁnit.
2705 2662 2868 2720 Verbi
2894 2665 3068 2737 gratia
3100 2682 3128 2721 a
3155 2678 3191 2723 1‘
3216 2681 3388 2736 usque

1796 2748 1864 2802 ad
1902 2748 2064 2804 ﬁnem
2097 2760 2332 2821 quatuor
2361 2752 2625 2810 dimensis
2668 2755 2939 2825 passibus,
2965 2758 3171 2827 primus
3200 2759 3385 2814 termi-

1796 2836 1951 2892 nabit
1988 2838 2041 2892 in
2096 2837 2157 2905 C,
2188 2840 2331 2911 quod
2382 2850 2463 2897 est
2512 2841 2869 2909 diatessaron,
2904 2847 3174 2903 secundus
3214 2850 3267 2902 in
3314 2847 3383 2913 ϐ.

1795 2927 1939 2996 quod
1976 2937 2061 2984 est
2096 2929 2369 3000 diapente,
2399 2932 2593 2988 tertius
2637 2934 2691 2989 in
2728 2951 2780 3005 g,
2810 2936 2953 3005 quod
2984 2944 3068 2993 est
3095 2937 3383 3008 diapason,

1793 3025 2021 3085 quartus
2076 3018 2215 3075 ﬁnit.
2267 3020 2468 3079 Eodem
2525 3023 2685 3080 modo
2738 3034 2794 3081 et
2844 3026 3081 3097 reliquas
3140 3029 3385 3088 invenire

1793 3114 1968 3174 potes.

1876 3239 1985 3295 VII.
2028 3241 2181 3299 Unde
2208 3246 2419 3303 dicatur
2451 3251 2885 3373 mantelchordum,
2918 3262 2966 3308 et
2990 3253 3060 3307 ad
3092 3254 3219 3323 quid
3245 3258 3312 3309 sit

2522 3338 2554 3373 u
2582 3338 2597 3373 ι
2622 3338 2669 3373 e.

2522 3338 2669 3375 mue.

1861 3402 2090 3475 Cognita
2110 3406 2221 3475 jam
2248 3412 2604 3467 monochordi
2632 3414 2989 3483 dimensione,
3017 3419 3160 3475 unde
3188 3433 3381 3475 mono-

1792 3495 2053 3550 chordum
2084 3497 2318 3564 dicatur,
2355 3509 2411 3555 et
2441 3502 2570 3571 quid
2600 3503 2847 3560 utilitatis
2872 3506 3118 3564 conferat
3140 3510 3387 3564 animad-

1792 3585 2107 3640 vertendum
2133 3596 2237 3641 est.
2262 3588 2683 3646 Monochordum
2717 3602 2939 3664 propter
2981 3612 3172 3664 unam,
3220 3614 3381 3669 quam

1791 3674 2129 3733 solummodo
2156 3678 2349 3748 habet,
2379 3682 2639 3738 chordam
2669 3700 2867 3742 nomen
2915 3689 3146 3760 accepit.
3195 3691 3383 3748 Monos

1791 3765 1993 3840 (μόνος)
2022 3769 2289 3840 siquidem
2340 3789 2480 3830 unus
2524 3786 2579 3831 et
2610 3777 2755 3834 solus
2783 3793 2958 3850 graece
2986 3782 3209 3853 dicitur,
3241 3786 3383 3842 unde

1790 3868 1847 3915 et
1875 3863 2176 3919 monachus
2206 3864 2407 3933 dictus,
2455 3870 2598 3938 quod
2624 3871 2771 3928 solus
2819 3887 2883 3929 ac
2912 3875 3206 3946 singularis
3258 3893 3382 3935 esse

1790 3951 2004 4009 debeat.
2032 3954 2219 4025 Itaque
2250 3950 2814 4017 sicut‘decaehordum
2858 3980 2888 4017 a
2922 3966 3106 4024 decem
3132 3969 3378 4033 chordis,

1789 4052 1847 4100 et
1880 4046 2269 4103 octocbordum
2315 4050 2383 4105 ab
2408 4059 2555 4117 octo,
2586 4052 2667 4107 sic
2706 4055 3133 4112 monochordum
3172 4060 3241 4115 ab
3271 4075 3380 4115 una

1788 4133 1995 4190 chorda
2020 4145 2106 4191 est
2128 4138 2476 4209 appellatum.
2508 4142 2589 4196 Ad
2618 4144 2723 4198 hoc
2753 4153 2932 4200 autem
2959 4146 3379 4205 instrumentum

1789 4226 1932 4283 istud
1964 4231 2194 4300 perutile
2221 4241 2323 4298 est,
2363 4218 2421 4288 ut
2464 4244 2677 4304 cantus,
2709 4239 2928 4309 dequo
2972 4240 3245 4294 dubitatur
3289 4257 3382 4296 ve-

1790 4334 1954 4375 rnsne
1984 4322 2056 4377 sit
2107 4338 2174 4376 an
2216 4323 2410 4389 falsus,
2432 4325 2499 4381 'in
2527 4340 2592 4381 eo
2622 4329 2901 4397 probetur.
2934 4328 3124 4384 Pueris
3159 4345 3379 4401 quoque

1788 4410 1903 4467 sive
1924 4413 2357 4477 adolescentibus
2382 4418 2470 4496 ad.
2493 4420 2756 4475 musicam
2811 4422 3180 4491 aspirantibus
3227 4424 3382 4479 adhi-

1791 4502 2004 4570 beatur,
2056 4517 2111 4559 ut
2162 4510 2228 4563 ad
2262 4510 2334 4576 id,
2363 4513 2508 4580 quod
2536 4514 2766 4571 'discere
2808 4515 3017 4583 volunt,
3073 4517 3192 4588 ipso
3243 4517 3381 4574 duce

1792 4609 1928 4651 sono
1955 4595 2165 4653 facilius
2185 4601 2516 4673 pertingant.
2542 4604 2694 4660 Adde
2716 4611 3159 4678 praeterea,qnod
3188 4620 3377 4666 contra

1790 4691 2150 4757 quorumdam
2210 4692 2538 4752 insulsorum
2585 4698 2931 4755 rebellionem
2965 4700 3256 4772 plurimum
3286 4718 3381 4755 va-

1790 4779 1897 4847 let;
1929 4790 2054 4838 sunt
2099 4784 2303 4840 etenim
2360 4786 2609 4858 plerique
2639 4789 2821 4846 clerici
2868 4790 2954 4847 vel
2984 4794 3258 4858 monachi,
3284 4792 3379 4861 qui

1789 4885 1962 4932 artem
1994 4878 2134 4935 hanc
2169 4898 2344 4952 neque
2386 4885 2600 4952 sciunt,
2656 4903 2833 4959 neque
2888 4891 3032 4948 scire
3055 4892 3279 4956 volunt,
3320 4899 3378 4947 et

1788 4969 1931 5039 quod
1978 4973 2197 5042 gravius
2240 4986 2344 5045 est,
2388 4980 2628 5036 scientes
2677 4980 2910 5054 fugiunt,
2949 4991 3004 5038 et
3057 4984 3377 5042 abhorrent.
3450 4984 3453 4987 ’

1787 5060 1940 5128 Quod
1977 5063 2023 5118 si
2060 5062 2379 5136 aliquando,
2435 5078 2494 5125 ttt
2523 5070 2602 5136 ﬁt,
2657 5072 2897 5128 musicus
2947 5086 3043 5128 eos
3083 5072 3152 5129 de
3184 5083 3375 5141 cantu,

1786 5171 1947 5227 quem
1976 5155 2062 5212 vel
2090 5173 2195 5213 non
2227 5170 2395 5229 recte,
2420 5162 2504 5217 vel
2546 5162 2904 5233 incomposite
2941 5162 3194 5230 eﬁ‘erunt,
3219 5180 3371 5220 com-

1786 5250 1971 5321 pellat,
2004 5251 2129 5307 irati
2157 5252 2504 5323 impudenter
2528 5252 2871 5323 obstrepunt,
2903 5254 3119 5310 veritati
3147 5256 3373 5325 acquie-

1784 5356 1939 5398 scere
1977 5342 2187 5407 nolunt,
2232 5356 2496 5412 suumque
2538 5356 2782 5397 errorem
2827 5356 3041 5398 summo
3084 5343 3377 5403 conamine

1784 5431 2101 5488 defundunt.
2126 5434 2272 5500 Quos
2294 5447 2395 5503 ego
2424 5431 2645 5497 invitus,
2666 5434 2732 5487 ad
2753 5434 3157 5505 corripiendam
3185 5444 3370 5492 tamen

1785 5522 2070 5578 stultitiam
2119 5523 2273 5593 dico,
2324 5536 2468 5578 circo
2527 5521 2931 5592 insipientiores
2977 5524 3119 5579 haud
3172 5523 3370 5595 injuria

1782 5636 2000 5692 minabét
2032 5636 2087 5691 in
2112 5636 2163 5710 Β,
2206 5636 2463 5691 secundus
2495 5633 2635 5705 ﬁnit.
2667 5632 2712 5687 A
2736 5634 2772 5692 d
2810 5650 2927 5710 vero
2955 5636 3025 5690 ad
3048 5636 3206 5705 ﬁnem
3234 5635 3369 5690 dtto-
3394 5700 3403 5709 _

1783 5758 1899 5795 rum
1923 5758 2170 5812 passuum
2206 5743 2351 5811 prior
2393 5739 2709 5812 ταῖνηιίηαιτιιΔ
2741 5707 2876 5812 ing,
2921 5742 3178 5799 secundus
3221 5739 3393 5811 βςιὶιι,

1782 5807 2072 5881 Quae'vero
2100 5807 2559 5881 hic‘sequuntur:
2588 5810 2654 5867 ab
2683 5807 2711 5867 f
2742 5807 3055 5871 ibiwdesunt.
