3862 6312
509 334 649 392 1599
1925 329 1974 384 J.
2007 327 2083 385 CG

2202 326 2348 386 DNIS
3601 328 3702 384 ιιοο

507 451 912 514 :estimaverim,
939 464 1112 504 cat-cus
1144 463 1376 516 namque
1403 447 1546 518 quod
1587 447 1639 501 in
1671 459 1730 501 se
1760 459 1870 500 non
1897 445 2083 508 habet,
2113 445 2164 503 Α
2194 443 2367 507 modi,
2408 441 2614 496 scilicet
2656 438 3001 495 semitonium
3039 452 3163 492 cum
3213 435 3487 505 diapente,
3514 447 3562 491 et
3586 446 3703 497 tonus

511 545 851 600 extrinsecus
878 543 1090 611 qumrit,
1133 542 1386 596 ducatum
1431 540 1685 596 videlicet
1729 536 1967 594 hominis
2003 534 2086 589 vel
2193 548 2314 586 cum
2344 532 2622 602 diapente,
2657 529 2938 585 intervalla
2969 536 3252 584 vocantur.
3282 525 3350 582 Et
3375 532 3704 598 nota,quando

519 639 720 705 baculi,
769 640 954 708 sicque
995 639 1096 693 sibi
1148 637 1424 708 providet,
1461 651 1529 690 ne
1560 637 1613 690 in
1644 635 1851 689 foveam
1881 632 2039 688 cadat
2070 647 2084 692 ;
2191 625 2328 680 dicis
2365 624 2705 679 semitonium
2753 637 2876 678 cum
2919 623 3198 693 diapente.
3245 636 3411 675 unum
3441 623 3704 678 mOdumSi-

524 745 646 784 cum
683 729 989 802 huiusmodi
1024 728 1256 795 inutiles,
1284 745 1421 798 quos
1468 727 1639 783 (ἔτωεί
1681 725 1902 796 pulchre
1926 737 2084 777 ener—
2191 716 2434 787 gniﬁcas.
2460 715 2674 786 quando
2710 730 2839 769 Vero
2875 714 3221 769 εεῐηῖῑοηίυιη
3247 722 3301 767 ει
3327 712 3582 782 ἀίθΡθῐιιεν
3606 714 3702 770 duos

525 822 772 891 guminos
801 822 876 891 ('5)
920 832 1137 886 vocant,
1170 835 1342 890 neque
1379 835 1474 890 per
1519 832 1578 873 se
1624 818 1874 879 videant,
1915 828 2089 882 neque
2192 808 2381 862 modos
2420 807 2687 861 enuntias.
2719 805 2862 860 Idem
2895 806 2960 860 de
2991 813 3117 860 tono
3158 819 3282 859 cum
3312 803 3548 872 diapente
3573 808 3703 860 consi-

516 912 813 966 videntium
844 910 1095 964 ducatum
1129 910 1376 966 incedere
1411 907 1761 964 contendant.
1795 905 1875 959 Ad
1901 918 2085 958 eorum
2191 897 2341 952 dera.
2376 899 2443 952 Et
2481 899 2564 952 ha:
2588 898 2706 952 duae
2736 896 2989 952 clausulze
3016 897 3195 951 rarius
3225 895 3278 950 in
3298 905 3456 949 cantu
3481 894 3704 951 inveniun-

508 1005 728 1073 itaque,
788 1013 848 1058 ut
917 1002 1180 1067 diximus,
1238 1001 1657 1058 obstinationem
1706 996 2085 1052 confutandam
2193 1002 2299 1047 tur.
2337 991 2409 1047 Ut
2450 1001 2628 1046 autem
2680 991 2872 1046 borum
2903 991 3144 1046 onmium
3176 990 3243 1044 de
3293 989 3485 1060 quibus
3525 989 3706 1047 diximus

506 1093 934 1147 monochordum
967 1092 1377 1164 opponiturtut
1424 1090 1514 1159 qui
1545 1087 1728 1143 verbis
1754 1078 1947 1140 musici
1974 1099 2089 1138 cre-
2192 1082 2474 1136 modorum
2503 1083 2836 1137 intcnsiones
2881 1089 2938 1136 et
2963 1082 3314 1137 remissiones
3343 1078 3496 1134 facile
3521 1091 3707 1151 pateant,

507 1183 635 1236 dere
667 1183 875 1249 nolunt,
906 1184 1076 1253 ipsius
1108 1182 1224 1237 soni
1256 1180 1604 1235 attestatione
1634 1178 2050 1232 convincantur.
2195 1173 2362 1245 ﬁgura
2389 1174 2503 1229 haec
2527 1172 2895 1244 perspicienda
2925 1182 3028 1227 est.

579 1273 714 1328 Vill.
757 1272 909 1338 Quod
942 1271 1085 1326 modi
1109 1272 1229 1334 sint,
1257 1270 1442 1338 quibus
1462 1268 1686 1323 melodia
1708 1266 2016 1320 contexitur.

573 1365 722 1420 Inter
764 1374 962 1420 caetera
1013 1366 1115 1420 hoe
1163 1377 1378 1433 quoque
1421 1362 1564 1417 scire
1615 1359 1901 1423 convenit,
1947 1358 2090 1426 quod

504 1475 698 1515 novem
745 1460 966 1515 omnino
1021 1467 1148 1514 sunt
1198 1458 1366 1521 modi,
1402 1456 1597 1526 quibus
1625 1453 1805 1510 omnis
1859 1450 2087 1506 melodia
2200 1469 2782 1540 l——-—l
2897 1472 3359 1540 Γ--ῖ

504 1551 838 1607 contexitur.
869 1551 1165 1617 Unisonus,
1211 1548 1578 1611 semitonium,
1623 1554 1804 1610 tonus,
1849 1544 2087 1607 ditonus,
2199 1544 2209 1628 Ι
2321 1559 2361 1613 C
2469 1560 2510 1615 ρ
2617 1562 2658 1614 (ι
2771 1544 2783 1628 ι
2900 1544 2910 1628 Ι
2991 1560 3218 1614 mentio
3300 1559 3358 1628 [α
3429 1556 3640 1628 τωῑδεῑρ

504 1643 892 1708 semiditonus,
947 1642 1317 1706 diatessaron,
1380 1640 1662 1709 diapente,
1743 1635 2088 1692 semitonium
2199 1625 2380 1709 Lﬂut
2463 1641 2552 1709 ne
2602 1641 2656 1682 ut
2772 1625 2784 1709 |
2900 1625 2911 1709 |
2989 1631 3133 1685 Emi
3519 1625 3640 1680 miE

505 1749 632 1789 eum
656 1735 930 1804 diapente,
972 1742 1135 1790 tonus
1159 1749 1282 1789 cum
1312 1733 1587 1802 diapente.
1618 1731 1698 1785 Ex
1723 1731 1808 1785 his
1834 1745 1928 1785 sex
1959 1743 2090 1784 con-
2200 1726 2209 1804 |
2368 1727 2636 1780 Unisonus
2774 1726 2785 1804 ί
2902 1726 2912 1804 |
3150 1726 3498 1804 Semitgtjum

505 1826 771 1881 sonantia:
805 1827 1093 1892 dicuntur,
1150 1825 1358 1880 scilicet
1403 1839 1522 1894 quae
1575 1824 1629 1878 in
1680 1829 1842 1877 cantu
1895 1820 2092 1889 saepius
2125 1805 2167 1858 Β

504 1925 844 1981 consonant,
879 1917 932 1970 id
981 1926 1065 1972 est
1113 1915 1273 1970 simul
1330 1923 1525 1970 sonant
1563 1932 1577 1968 :
1609 1922 1703 1969 aut
1750 1921 1898 1968 certe
1946 1911 2088 1981 quod

507 2018 721 2074 sonant,
751 2009 804 2063 id
829 2008 1148 2078 quibusdam
1184 2007 1625 2077 proportionibus
1668 2013 1809 2060 naue
1857 2003 2092 2058 invicem

503 2098 807 2164 continent,
844 2115 962 2169 qua:
987 2099 1241 2154 dicuntur
1281 2097 1683 2167 sesquioctava,
1713 2093 2086 2163 sesquitertia,
2197 2102 2924 2184 I——--D—-—-l
3040 2109 3417 2184 [—-————F

505 2192 881 2262 sesquialtera,
920 2191 1104 2259 dupla,
1134 2193 1200 2246 de
1221 2192 1418 2260 quibus
1449 2200 1683 2246 tractare
1717 2190 1842 2259 quia
1866 2197 1920 2242 et
1957 2201 2083 2256 pue-

2202 2190 2208 2266 I
2293 2199 2489 2255 intens.
2533 2218 2586 2254 re
2619 2201 2830 2256 remiss.
2913 2190 2923 2266 I
3042 2190 3054 2266 I
3132 2197 3428 2266 intens.fa
3454 2199 3644 2252 remiss.

506 2284 580 2338 ris
608 2292 663 2338 et
695 2285 870 2337 minus
897 2283 1125 2337 eruditis
1150 2291 1295 2338 esset
1319 2298 1635 2348 onerosum,
1661 2282 1844 2352 pueris
1865 2279 2009 2333 enim
2035 2289 2089 2334 et
2199 2267 2208 2352 Ι
2290 2269 2330 2324 C
2356 2281 2411 2322 ut
2710 2272 2750 2325 C
2777 2282 2834 2324 ut
2913 2267 2924 2352 |
3043 2267 3055 2352 Ι
3133 2267 3176 2320 D
3209 2285 3266 2322 re
3533 2269 3566 2321 D
3593 2287 3648 2322 re

503 2376 742 2429 nondum
785 2374 1040 2444 perfectis
1105 2374 1402 2444 loquimur,
1456 2374 1923 2430 arithmeticorum
1986 2371 2089 2426 hoc
2196 2365 2208 2444 Ι
2474 2367 2657 2419 Tonus
2915 2365 2930 2444 Ι
3045 2365 3584 2444 Ι-Δᾷξεὶῐρίόίιοηιιε

502 2465 789 2521 subtilitati
821 2465 1197 2535 relinquimus.

815 2689 1202 2703 ῌ

1285 3007 1576 3018 —-—_

921 2594 1109 2662 Dupla.
1333 2593 1711 2664 Sesquitertia.

863 2693 1202 2783 Μ-
1295 2693 1708 2762 Ἤῆῑθεεθτοη.
1742 2693 1769 2694 7
3040 2743 3433 2757 ______

863 2782 926 2836 ΙΙ.
1085 2782 1126 2835 Ι.
1193 2716 1205 2853 Ι
1283 2693 1428 2857 llv.
1620 2702 1766 2850 HL,
2197 2737 2210 2857 Ι
2293 2826 2474 2857 :Mmm
2518 2758 2807 2857 “Emman-
2915 2746 2924 2857 Ι
3049 2757 3063 2857 Ι
3143 2834 3323 2857 znu-n
3382 2763 3433 2857 Ξ

863 2776 981 2836 u.‘
1085 2782 1126 2835 1.
1193 2776 1205 2853 ι
1284 2776 1428 2857 ιιγ.
1620 2776 1764 2850 lll.|

2536 2776 2578 2812 Β
3427 2776 3433 2780 η

2202 2776 2211 2902 Ι
2293 2826 2830 2902 intens.miremiss.
2914 2776 2924 2902 Ι
3048 2776 3062 2902 Ι
3143 2834 3344 2888 intens.
3378 2776 3433 2902 {Ia
3462 2835 3643 2891 remiss.

796 2917 1186 2987 Sesquialtera.
1319 2912 1726 2980 Sesquioctava.
2198 2897 2212 2987 Ι
2287 2897 2416 2952 Cui
2704 2901 2833 2956 Cut
2914 2897 2924 2987 ς
3047 2897 3058 2987 Ι
3139 2904 3269 2958 Cat
3378 2897 3388 2902 ’
3531 2905 3645 2987 :1

2170 3056 2176 3062 .
2197 2995 2213 3066 Ι
2448 2995 2674 3050 Ditonus
2913 2995 2922 3085 Ι
3045 2995 3055 3086 ί
3238 3000 3566 3056 Diatessaron

843 3093 983 3150 m.‘
1077 3093 1186 3163 11.1
1324 3095 1419 3150 ιχ.
1565 3093 1759 3169 νηιι
2115 3136 2159 3196 C

575 3205 850 3262 Unisonus
879 3205 1078 3259 dicitur
1116 3211 1269 3274 quasi
1302 3221 1441 3260 unus
1467 3219 1653 3271 sonus,
1679 3203 1825 3273 quod
1860 3217 1984 3256 cum
2013 3204 2088 3256 sit

501 3311 610 3351 una
638 3309 763 3359 vox,
791 3294 1047 3349 continue
1096 3293 1482 3362 repercutitur.
1533 3293 1718 3348 Tonus
1765 3307 1796 3346 a
1847 3292 2086 3347 tonando

502 3393 749 3450 vocatur,
779 3391 862 3438 est
892 3390 1073 3437 autem
1104 3392 1290 3436 tonare
1319 3392 1564 3453 potenter
1589 3398 1807 3450 sonare,
1839 3391 1896 3437 et
1927 3391 2086 3437 tonus
2192 3390 2205 3460 ι
2535 3394 2579 3449 G
2689 3390 2924 3460 ἡ
3039 3390 3413 3460 l~~~———c

506 3478 701 3532 fortem
747 3477 910 3532 habet
938 3491 1129 3532 sonum
1162 3485 1407 3545 respectu
1444 3477 1715 3533 semitonii
1748 3495 1762 3532 :
1803 3476 1897 3532 Vel
1935 3486 2085 3532 certe
2192 3460 2203 3556 |
2272 3460 2473 3556 ξξιιξξιεο
2503 3465 2582 3518 sol
2612 3468 2842 3556 remiss.
2904 3460 2916 3556 Ι
3038 3460 3051 3556 Ι
3128 3470 3330 3556 intens.
3367 3478 3422 3546 fa
3451 3477 3641 3556 remiss.

504 3585 533 3620 τι
565 3565 769 3622 Graecis
816 3577 1090 3635 sumptum
1118 3575 1200 3622 est
1244 3567 1348 3622 hoc
1385 3582 1618 3632 nomen;
1651 3583 1776 3622 cum
1805 3567 1948 3622 enim
1984 3566 2083 3636 ipsi

2273 3529 2474 3639 (ΖΜΝ
2715 3537 2842 3591 Cut
2904 3529 2915 3639 ι
3039 3529 3049 3639 Ι
3128 3529 3301 3597 Emi,
3367 3529 3379 3546 '
3454 3529 3644 3601 "est;

503 3655 687 3709 dicant
713 3657 875 3721 τόνος,
909 3670 1008 3710 nos
1036 3671 1064 3708 ο
1093 3655 1148 3709 in
1199 3671 1235 3708 u
1270 3663 1478 3710 mutata
1520 3663 1679 3712 tonus
1713 3656 1963 3712 dicimus.
1994 3655 2083 3712 Sic

2413 3626 2694 3695 Diapente.
3038 3626 3706 3721 Im

504 3749 731 3818 κάλαμος
787 3746 1062 3813 calamus;
1123 3746 1282 3818 ὕμνος
1321 3747 1575 3818 hymnus.
1639 3747 2003 3803 Semitonium
2056 3765 2086 3803 a

504 3839 728 3892 Platone
758 3838 944 3893 limma
990 3846 1240 3894 vocatum
1279 3848 1384 3906 est,
1417 3855 1482 3895 eo
1503 3839 1646 3910 quod
1669 3840 1740 3895 sit
1763 3855 1870 3895 non
1897 3840 2086 3908 plenus

506 3941 663 3984 tonus
692 3930 786 3985 sed
816 3930 1188 4001 imperfectus,
1232 3945 1338 3986 non
1386 3942 1448 3986 ut
1476 3931 1696 4001 quidam
1737 3932 1973 4000 imperiti
2003 3948 2086 3987 re-

503 4021 736 4090 solvant,
766 4023 1022 4079 dimidius
1051 4031 1229 4078 tonus.
1272 4021 1527 4094 Virgilius
1550 4023 1790 4078 semiviri
1821 4024 2082 4097 Phryges,
2191 4021 2203 4100 Ι
2281 4077 2512 4100 ,μη-ε-
2558 4026 2598 4100 ξ
2765 4085 2777 4097 ,
2842 4087 2855 4100 ,

501 4114 556 4168 id
605 4123 718 4178 est,
777 4129 882 4170 non
927 4113 1072 4183 pleni
1111 4114 1243 4179 viri,
1289 4114 1418 4185 quia
1470 4129 1623 4169 more
1670 4115 1994 4169 feminarum
2025 4131 2084 4170 se
2191 4082 2202 4210 Ι
2276 4095 2331 4202 an
2343 4086 2518 4202 {$1510
2553 4082 2607 4135 la
2645 4097 2893 4210 remgsgi

2972 4015 2988 4352 Ι

499 4207 752 4261 vestiunt.
811 4207 1039 4262 Ditonus
1092 4221 1268 4278 graece
1302 4207 1625 4276 appellatur,
1677 4207 1820 4278 quod
1853 4210 1987 4263 duos
2029 4209 2080 4263 in

502 4312 562 4352 se
591 4306 743 4352 tonos
774 4297 990 4353 habeat.
1023 4295 1392 4351 Semiditonus
1424 4306 1668 4361 vocatur,
1703 4298 1848 4366 quod
1883 4313 1989 4353 non
2014 4298 2084 4352 sit

497 4389 688 4457 plenus
724 4388 944 4444 ditonus
973 4405 987 4441 :
1024 4387 1184 4456 hujus
1227 4398 1353 4444 sunt
1379 4391 1590 4459 species
1616 4390 1735 4444 duae
1755 4429 1771 4454 ,
1799 4406 1905 4445 una
1956 4401 2082 4446 tono

496 4477 896 4543 ctsemitonio,
930 4477 1102 4533 altera
1154 4480 1479 4544 semitonio,
1524 4489 1580 4534 et
1621 4489 1749 4536 tono
1793 4491 2071 4537 constans.
2107 4479 2153 4538 D

497 4567 847 4622 Diatessaron
897 4567 1283 4636 interpretatur
1319 4571 1385 4624 de
1420 4579 1673 4640 quatuor,
1706 4572 1773 4625 ab
1801 4586 1906 4624 una
1934 4573 2076 4626 enim

2221 4558 2313 4612 IX.
2357 4559 2494 4626 Quot
2521 4565 2628 4620 sint
2655 4582 2839 4622 vocum
2869 4568 3252 4639 discrepantia,
3282 4584 3330 4627 et
3354 4574 3418 4628 de
3451 4575 3701 4646 diapason.

495 4672 632 4712 voce
662 4657 926 4726 incipiens
951 4657 1016 4711 ad
1039 4667 1287 4728 quartam
1311 4661 1547 4716 transilit
1563 4701 1578 4726 ,
1613 4670 1870 4718 constans
1893 4665 2080 4718 d-itono

497 4754 551 4800 et
584 4745 893 4812 semitonio,
921 4754 980 4801 ut
1013 4761 1044 4800 a
1071 4758 1108 4802 Γ
1148 4748 1216 4802 ad
1259 4748 1320 4804 C.
1370 4748 1468 4804 Est
1508 4758 1689 4806 autem
1744 4751 2077 4806 diatessaron

494 4835 806 4902 trimodum,
834 4835 982 4892 verbi
1011 4839 1186 4909 gratia
1211 4838 1294 4911 [ut
1332 4841 1413 4915 fa]
1453 4841 1534 4914 [re
1559 4841 1662 4914 sol]
1694 4841 1788 4914 [mi
1823 4842 1918 4914 Ia].
1955 4844 2079 4898 Dia-

419 4984 423 4988 _
491 4935 655 4997 pente
685 4927 851 4984 latine
881 4929 949 4985 de
978 4931 1217 5002 quinque
1233 4942 1411 5001 sonat,
1444 4948 1509 4989 eo
1531 4934 1676 5003 quod
1706 4934 1775 4988 ab
1808 4949 1910 4988 una
1939 4934 2077 4990 inei-

490 5034 804 5133 Efef‘s‘voce
840 5021 1196 5133 ad‘qtﬁnu‘m
1238 5023 1434 5133 silium
1480 5024 1631 5133 fac",
1669 5024 1876 5133 hab'ef's
1920 5026 1974 5133 ίξι
2021 5042 2080 5082 se
2182 5052 2342 5106 neudi
2373 5053 2670 5110 varietates
2705 5057 2840 5112 adeo
2880 5060 3027 5114 utilis
3047 5019 3152 5127 est,
3177 5073 3236 5117 ut
3260 5066 3442 5133 pueris
3473 5067 3628 5121 etiam
3664 5064 3725 5118 fa-

492 5109 833 5222 ὼίξίθδδθνφξ
893 5121 1202 5222 θξηιοηυηᾞ·
1261 5115 1354 5169 Est
1395 5123 1599 5222 .aulefn‘
1636 5115 2071 5222 quidrim‘zdumt
2179 5142 2439 5198 cillimum
2487 5147 2555 5200 ad
2595 5149 2856 5203 musicam
2889 5109 3168 5207 accessum
3194 5109 3374 5222 parret.
3404 5155 3652 5210 Similiter
3685 5165 3726 5208 et

489 5202 724 5267 primum
761 5202 904 5258 inter
935 5202 1009 5302 [(1I
1030 5215 1084 5258 et
1109 5204 1175 5276 Ο]
1207 5206 1501 5260 secundum
1527 5206 1667 5261 inter
1692 5205 1760 5278 [D
1786 5217 1840 5261 et
1864 5207 1919 5280 a]
1967 5218 2077 5262 ter-

2352 5233 2397 5290 G
2474 5236 2581 5292 aG
2655 5202 2793 5294 rb
2837 5202 3492 5302 c'."'i5'i;'a§b'é

491 5291 624 5344 tium
653 5293 796 5348 inter
826 5293 892 5366 [E
917 5303 972 5348 et
1002 5278 1076 5366 ὴ]
1108 5297 1452 5364 quadratum,
1494 5309 1746 5368 quartum
1771 5301 1822 5354 in
1853 5278 2076 5376 inferio-

491 5381 639 5438 ribus
671 5383 892 5454 syllabis
919 5385 1060 5440 inter
1088 5384 1145 5456 [Γ
1177 5393 1232 5439 et
1256 5385 1318 5458 C]
1347 5404 1359 5438 :
1390 5387 1495 5442 duo
1518 5396 1718 5455 autem,
1748 5390 1839 5458 qui
1865 5398 2074 5444 restant

2269 4244 2451 4300 Tonus
2487 4264 2611 4301 cum
2643 4244 2898 4318 diapente

2250 4683 2507 4742 Omnium
2549 4698 2731 4746 autem
2773 4693 2964 4748 harum
3007 4695 3376 4752 clausularum
3415 4699 3645 4768 exempla
3689 4701 3726 4753 in

2180 4786 2342 4832 cantu
2372 4793 2534 4835 nosse
2563 4781 2880 4840 desiderans
2908 4785 3081 4842 discat
3104 4789 3430 4845 cantilenam
3452 4791 3625 4846 istam.
3652 4792 3686 4845 Τ
3688 4811 3728 4844 ετ

2179 4867 2312 4920 terni
2347 4881 2468 4922 sunt
2497 4871 2640 4924 modi
2669 4873 2857 4943 quibus
2886 4876 3053 4931 omnis
3093 4878 3358 4934 cantilena
3386 4883 3660 4936 contexitur
3687 4890 3727 4933 et

2180 4967 2376 5013 caetera
2413 4959 2512 5029 (4).
2568 4961 2691 5018 llaec
2724 4966 2866 5020 enim
2909 4969 2974 5022 ad
3018 4969 3413 5040 dignoscendas
3458 4989 3639 5028 omnes
3660 4989 3727 5025 ca-

2177 5325 2296 5380 ista.
2329 5326 2426 5381 Ter
2461 5329 2565 5382 tria
2594 5330 2901 5400 junctorum
2938 5343 3057 5389 sunt
3083 5336 3358 5390 intervalla
3385 5355 3623 5393 sonorum
3643 5340 3719 5410 (ὁ).

2247 5419 2540 5488 Superius,
2569 5438 2692 5477 cum
2733 5425 2803 5480 de
2832 5427 2976 5482 notis
3013 5429 3363 5484 monochordi
3396 5437 3719 5486 tractaremus

563 5643 641 5712 (5)
689 5643 874 5725 lllelius
905 5648 1324 5722 ἆνιργουμένους,
1355 5647 1407 5703 id
1456 5657 1559 5713 est,
1617 5649 1726 5703 sine
1776 5666 1949 5719 sensu,
1979 5668 2071 5708 aut

2246 5657 2326 5725 (4)
2369 5657 2519 5711 Hanc
2546 5658 2717 5714 habes
2749 5660 2798 5714 in
2826 5660 3105 5717 HERMANNI
3139 5663 3359 5721 Musica.

492 5728 658 5780 opere,
695 5723 915 5771 inertcs.
2244 5723 2319 5798 (5)
2358 5727 2507 5782 lianc
2537 5731 2655 5783 vide
2689 5731 2906 5785 ibidem.
