  <div class='ocr_page' id='page_1' title='image "/cluster/home/n/w/nwhite01/storage/ocr_20150623/150/hvd.32044015473788/705.png"; bbox 0 0 3862 6312; ppageno 0'>
   <div class='ocr_carea' id='block_1_1' title="bbox 512 384 651 443">
    <p class='ocr_par' dir='ltr' id='par_1_1' title="bbox 512 384 651 443">
     <span class='ocr_line' id='line_1_1' title="bbox 512 384 651 443; baseline 0.014 -2"><span class='ocrx_word' id='word_1_1' title='bbox 512 384 651 443; x_wconf 65' lang='grc'><strong>4405</strong></span> 
     </span>
    </p>
   </div>
   <div class='ocr_carea' id='block_1_2' title="bbox 622 496 1989 582">
    <p class='ocr_par' dir='ltr' id='par_1_2' title="bbox 622 496 1989 582">
     <span class='ocr_line' id='line_1_2' title="bbox 622 496 1989 582; baseline 0.008 -27"><span class='ocrx_word' id='word_1_2' title='bbox 622 496 689 555; x_wconf 80' lang='lat' dir='ltr'><strong>X.</strong></span> <span class='ocrx_word' id='word_1_3' title='bbox 733 501 811 558; x_wconf 89' lang='lat' dir='ltr'><strong>De</strong></span> <span class='ocrx_word' id='word_1_4' title='bbox 840 506 1033 571; x_wconf 84' lang='lat' dir='ltr'><strong>modis,</strong></span> <span class='ocrx_word' id='word_1_5' title='bbox 1065 523 1193 576; x_wconf 81' lang='lat' dir='ltr'><strong>quos</strong></span> <span class='ocrx_word' id='word_1_6' title='bbox 1220 508 1430 564; x_wconf 81' lang='lat' dir='ltr'><strong>abusive</strong></span> <span class='ocrx_word' id='word_1_7' title='bbox 1460 517 1611 564; x_wconf 79' lang='lat' dir='ltr'><strong>tonos</strong></span> <span class='ocrx_word' id='word_1_8' title='bbox 1643 510 1989 582; x_wconf 81' lang='lat' dir='ltr'><strong>appellamus.</strong></span> 
     </span>
    </p>
   </div>
   <div class='ocr_carea' id='block_1_3' title="bbox 583 592 2091 672">
    <p class='ocr_par' dir='ltr' id='par_1_3' title="bbox 583 592 2091 672">
     <span class='ocr_line' id='line_1_3' title="bbox 583 592 2091 672; baseline 0.011 -25"><span class='ocrx_word' id='word_1_9' title='bbox 583 592 873 650; x_wconf 88' lang='lat' dir='ltr'><strong>Sciendum</strong></span> <span class='ocrx_word' id='word_1_10' title='bbox 913 612 1154 667; x_wconf 88' lang='lat' dir='ltr'><strong>quoque,</strong></span> <span class='ocrx_word' id='word_1_11' title='bbox 1186 601 1329 670; x_wconf 91' lang='lat' dir='ltr'><strong>quod</strong></span> <span class='ocrx_word' id='word_1_12' title='bbox 1376 601 1545 668; x_wconf 90' lang='lat' dir='ltr'><strong>modi,</strong></span> <span class='ocrx_word' id='word_1_13' title='bbox 1574 617 1734 672; x_wconf 87' lang='lat' dir='ltr'><strong>quos,</strong></span> <span class='ocrx_word' id='word_1_14' title='bbox 1790 604 1865 659; x_wconf 89' lang='lat' dir='ltr'><strong>uti</strong></span> <span class='ocrx_word' id='word_1_15' title='bbox 1914 604 2091 663; x_wconf 86' lang='lat' dir='ltr'><strong>Guido</strong></span> 
     </span>
    </p>
   </div>
   <div class='ocr_carea' id='block_1_4' title="bbox 511 687 2090 763">
    <p class='ocr_par' dir='ltr' id='par_1_4' title="bbox 511 687 2090 763">
     <span class='ocr_line' id='line_1_4' title="bbox 511 687 2090 763; baseline 0.009 -24"><span class='ocrx_word' id='word_1_16' title='bbox 511 687 735 754; x_wconf 88' lang='lat' dir='ltr'><strong>asserit,</strong></span> <span class='ocrx_word' id='word_1_17' title='bbox 778 688 1002 744; x_wconf 83' lang='lat' dir='ltr'><strong>abusive</strong></span> <span class='ocrx_word' id='word_1_18' title='bbox 1056 700 1213 746; x_wconf 91' lang='lat' dir='ltr'><strong>tonos</strong></span> <span class='ocrx_word' id='word_1_19' title='bbox 1260 693 1612 763; x_wconf 78' lang='lat' dir='ltr'><strong>appellamus,</strong></span> <span class='ocrx_word' id='word_1_20' title='bbox 1667 702 1790 749; x_wconf 91' lang='lat' dir='ltr'><strong>octo</strong></span> <span class='ocrx_word' id='word_1_21' title='bbox 1846 704 1990 761; x_wconf 88' lang='lat' dir='ltr'><strong>sunt,</strong></span> <span class='ocrx_word' id='word_1_22' title='bbox 2023 697 2090 753; x_wconf 90' lang='lat' dir='ltr'><strong>ad</strong></span> 
     </span>
    </p>
   </div>
   <div class='ocr_carea' id='block_1_5' title="bbox 508 778 2089 857">
    <p class='ocr_par' dir='ltr' id='par_1_5' title="bbox 508 778 2089 857">
     <span class='ocr_line' id='line_1_5' title="bbox 508 778 2089 857; baseline 0.008 -25"><span class='ocrx_word' id='word_1_23' title='bbox 508 778 872 835; x_wconf 77' lang='lat' dir='ltr'><strong>imitationem</strong></span> <span class='ocrx_word' id='word_1_24' title='bbox 902 783 1154 839; x_wconf 84' lang='lat' dir='ltr'><strong>videlicet</strong></span> <span class='ocrx_word' id='word_1_25' title='bbox 1192 795 1314 840; x_wconf 92' lang='lat' dir='ltr'><strong>octo</strong></span> <span class='ocrx_word' id='word_1_26' title='bbox 1345 788 1582 857; x_wconf 90' lang='lat' dir='ltr'><strong>partium</strong></span> <span class='ocrx_word' id='word_1_27' title='bbox 1624 788 1904 843; x_wconf 90' lang='lat' dir='ltr'><strong>orationis.</strong></span> <span class='ocrx_word' id='word_1_28' title='bbox 1950 787 2089 844; x_wconf 86' lang='lat' dir='ltr'><strong>Con-</strong></span> 
     </span>
    </p>
   </div>
   <div class='ocr_carea' id='block_1_6' title="bbox 505 874 2091 951">
    <p class='ocr_par' dir='ltr' id='par_1_6' title="bbox 505 874 2091 951">
     <span class='ocr_line' id='line_1_6' title="bbox 505 874 2091 951; baseline 0.009 -27"><span class='ocrx_word' id='word_1_29' title='bbox 505 886 698 941; x_wconf 88' lang='lat' dir='ltr'><strong>gruum</strong></span> <span class='ocrx_word' id='word_1_30' title='bbox 753 874 950 945; x_wconf 85' lang='lat' dir='ltr'><strong>quippe</strong></span> <span class='ocrx_word' id='word_1_31' title='bbox 981 876 1225 944; x_wconf 83' lang='lat' dir='ltr'><strong>videtur,</strong></span> <span class='ocrx_word' id='word_1_32' title='bbox 1261 886 1317 933; x_wconf 92' lang='lat' dir='ltr'><strong>ut</strong></span> <span class='ocrx_word' id='word_1_33' title='bbox 1361 880 1501 934; x_wconf 93' lang='lat' dir='ltr'><strong>sicut</strong></span> <span class='ocrx_word' id='word_1_34' title='bbox 1538 890 1662 937; x_wconf 92' lang='lat' dir='ltr'><strong>octo</strong></span> <span class='ocrx_word' id='word_1_35' title='bbox 1691 882 1934 951; x_wconf 87' lang='lat' dir='ltr'><strong>partibus</strong></span> <span class='ocrx_word' id='word_1_36' title='bbox 1960 898 2091 937; x_wconf 92' lang='lat' dir='ltr'><strong>con-</strong></span> 
     </span>
    </p>
   </div>
   <div class='ocr_carea' id='block_1_7' title="bbox 507 964 2089 1046">
    <p class='ocr_par' dir='ltr' id='par_1_7' title="bbox 507 964 2089 1046">
     <span class='ocr_line' id='line_1_7' title="bbox 507 964 2089 1046; baseline 0.008 -28"><span class='ocrx_word' id='word_1_37' title='bbox 507 964 921 1046; x_wconf 29' lang='lat' dir='ltr'><strong>tinetur&#39;omne</strong></span> <span class='ocrx_word' id='word_1_38' title='bbox 972 970 1115 1039; x_wconf 92' lang='lat' dir='ltr'><strong>quod</strong></span> <span class='ocrx_word' id='word_1_39' title='bbox 1170 970 1387 1039; x_wconf 89' lang='lat' dir='ltr'><strong>dicitur,</strong></span> <span class='ocrx_word' id='word_1_40' title='bbox 1424 973 1503 1028; x_wconf 92' lang='lat' dir='ltr'><strong>sic</strong></span> <span class='ocrx_word' id='word_1_41' title='bbox 1551 976 1863 1030; x_wconf 82' lang='lat' dir='ltr'><strong>moderetur</strong></span> <span class='ocrx_word' id='word_1_42' title='bbox 1913 976 2089 1033; x_wconf 89' lang='lat' dir='ltr'><strong>modis</strong></span> 
     </span>
    </p>
   </div>
   <div class='ocr_carea' id='block_1_8' title="bbox 505 1046 2086 1134">
    <p class='ocr_par' dir='ltr' id='par_1_8' title="bbox 505 1046 2086 1134">
     <span class='ocr_line' id='line_1_8' title="bbox 505 1046 2086 1134; baseline 0.008 -25"><span class='ocrx_word' id='word_1_43' title='bbox 505 1064 632 1111; x_wconf 90' lang='lat' dir='ltr'><strong>octo</strong></span> <span class='ocrx_word' id='word_1_44' title='bbox 656 1072 818 1113; x_wconf 90' lang='lat' dir='ltr'><strong>omne</strong></span> <span class='ocrx_word' id='word_1_45' title='bbox 842 1062 984 1130; x_wconf 91' lang='lat' dir='ltr'><strong>quod</strong></span> <span class='ocrx_word' id='word_1_46' title='bbox 1027 1046 1259 1116; x_wconf 82' lang='lat' dir='ltr'><strong>canitur.</strong></span> <span class='ocrx_word' id='word_1_47' title='bbox 1306 1062 1414 1119; x_wconf 92' lang='lat' dir='ltr'><strong>Sed</strong></span> <span class='ocrx_word' id='word_1_48' title='bbox 1436 1080 1561 1120; x_wconf 91' lang='lat' dir='ltr'><strong>cum</strong></span> <span class='ocrx_word' id='word_1_49' title='bbox 1602 1080 1747 1121; x_wconf 91' lang='lat' dir='ltr'><strong>nunc</strong></span> <span class='ocrx_word' id='word_1_50' title='bbox 1782 1076 1905 1121; x_wconf 91' lang='lat' dir='ltr'><strong>octo</strong></span> <span class='ocrx_word' id='word_1_51' title='bbox 1942 1077 2086 1134; x_wconf 84' lang='lat' dir='ltr'><strong>sunt,</strong></span> 
     </span>
    </p>
   </div>
   <div class='ocr_carea' id='block_1_9' title="bbox 502 1148 2086 1225">
    <p class='ocr_par' dir='ltr' id='par_1_9' title="bbox 502 1148 2086 1225">
     <span class='ocr_line' id='line_1_9' title="bbox 502 1148 2086 1225; baseline 0.011 -25"><span class='ocrx_word' id='word_1_52' title='bbox 502 1148 775 1217; x_wconf 84' lang='lat' dir='ltr'><strong>quondam</strong></span> <span class='ocrx_word' id='word_1_53' title='bbox 813 1152 1076 1207; x_wconf 80' lang='lat' dir='ltr'><strong>duntaxat</strong></span> <span class='ocrx_word' id='word_1_54' title='bbox 1124 1164 1353 1224; x_wconf 88' lang='lat' dir='ltr'><strong>quatuor</strong></span> <span class='ocrx_word' id='word_1_55' title='bbox 1377 1167 1553 1225; x_wconf 87' lang='lat' dir='ltr'><strong>erant,</strong></span> <span class='ocrx_word' id='word_1_56' title='bbox 1586 1159 1651 1213; x_wconf 88' lang='lat' dir='ltr'><strong>ad</strong></span> <span class='ocrx_word' id='word_1_57' title='bbox 1676 1158 2086 1221; x_wconf 86' lang='lat' dir='ltr'><strong>similitudinem</strong></span> 
     </span>
    </p>
   </div>
   <div class='ocr_carea' id='block_1_10' title="bbox 502 1230 2088 1315">
    <p class='ocr_par' dir='ltr' id='par_1_10' title="bbox 502 1230 2088 1315">
     <span class='ocr_line' id='line_1_10' title="bbox 502 1230 2088 1315; baseline 0.011 -26"><span class='ocrx_word' id='word_1_58' title='bbox 502 1237 736 1296; x_wconf 82' lang='lat' dir='ltr'><strong>fortasse</strong></span> <span class='ocrx_word' id='word_1_59' title='bbox 767 1252 1001 1312; x_wconf 90' lang='lat' dir='ltr'><strong>quatuor</strong></span> <span class='ocrx_word' id='word_1_60' title='bbox 1039 1230 1361 1315; x_wconf 86' lang='lat' dir='ltr'><strong>temporum.</strong></span> <span class='ocrx_word' id='word_1_61' title='bbox 1400 1246 1554 1303; x_wconf 87' lang='lat' dir='ltr'><strong>Sicut</strong></span> <span class='ocrx_word' id='word_1_62' title='bbox 1585 1249 1728 1304; x_wconf 91' lang='lat' dir='ltr'><strong>enim</strong></span> <span class='ocrx_word' id='word_1_63' title='bbox 1768 1251 1962 1306; x_wconf 68' lang='lat' dir='ltr'><strong>saecula</strong></span> <span class='ocrx_word' id='word_1_64' title='bbox 1993 1266 2088 1306; x_wconf 73' lang='lat' dir='ltr'><strong>va~</strong></span> 
     </span>
    </p>
   </div>
   <div class='ocr_carea' id='block_1_11' title="bbox 504 1326 2087 1411">
    <p class='ocr_par' dir='ltr' id='par_1_11' title="bbox 504 1326 2087 1411">
     <span class='ocr_line' id='line_1_11' title="bbox 504 1326 2087 1411; baseline 0.012 -31"><span class='ocrx_word' id='word_1_65' title='bbox 504 1326 718 1385; x_wconf 86' lang='lat' dir='ltr'><strong>riantur</strong></span> <span class='ocrx_word' id='word_1_66' title='bbox 761 1342 993 1402; x_wconf 86' lang='lat' dir='ltr'><strong>quatuor</strong></span> <span class='ocrx_word' id='word_1_67' title='bbox 1044 1338 1417 1407; x_wconf 88' lang='lat' dir='ltr'><strong>temporibus,</strong></span> <span class='ocrx_word' id='word_1_68' title='bbox 1473 1341 1553 1396; x_wconf 93' lang='lat' dir='ltr'><strong>sic</strong></span> <span class='ocrx_word' id='word_1_69' title='bbox 1620 1353 1857 1411; x_wconf 85' lang='lat' dir='ltr'><strong>quatuor</strong></span> <span class='ocrx_word' id='word_1_70' title='bbox 1915 1345 2087 1399; x_wconf 88' lang='lat' dir='ltr'><strong>modis</strong></span> 
     </span>
    </p>
   </div>
   <div class='ocr_carea' id='block_1_12' title="bbox 503 1419 2088 1504">
    <p class='ocr_par' dir='ltr' id='par_1_12' title="bbox 503 1419 2088 1504">
     <span class='ocr_line' id='line_1_12' title="bbox 503 1419 2088 1504; baseline 0.014 -33"><span class='ocrx_word' id='word_1_71' title='bbox 503 1419 852 1494; x_wconf 83' lang='lat' dir='ltr'><strong>distinguitur</strong></span> <span class='ocrx_word' id='word_1_72' title='bbox 896 1429 1075 1482; x_wconf 87' lang='lat' dir='ltr'><strong>omnis</strong></span> <span class='ocrx_word' id='word_1_73' title='bbox 1125 1440 1339 1485; x_wconf 90' lang='lat' dir='ltr'><strong>cantus.</strong></span> <span class='ocrx_word' id='word_1_74' title='bbox 1375 1432 1439 1486; x_wconf 89' lang='lat' dir='ltr'><strong>Et</strong></span> <span class='ocrx_word' id='word_1_75' title='bbox 1483 1434 1584 1489; x_wconf 83' lang='lat' dir='ltr'><strong>hos</strong></span> <span class='ocrx_word' id='word_1_76' title='bbox 1626 1445 1859 1504; x_wconf 86' lang='lat' dir='ltr'><strong>quatuor</strong></span> <span class='ocrx_word' id='word_1_77' title='bbox 1899 1440 2088 1493; x_wconf 85' lang='lat' dir='ltr'><strong>modos</strong></span> 
     </span>
    </p>
   </div>
   <div class='ocr_carea' id='block_1_13' title="bbox 502 1509 2086 1597">
    <p class='ocr_par' dir='ltr' id='par_1_13' title="bbox 502 1509 2086 1597">
     <span class='ocr_line' id='line_1_13' title="bbox 502 1509 2086 1597; baseline 0.012 -33"><span class='ocrx_word' id='word_1_78' title='bbox 502 1509 790 1569; x_wconf 78' lang='lat' dir='ltr'><strong>Psalmista</strong></span> <span class='ocrx_word' id='word_1_79' title='bbox 840 1527 1027 1572; x_wconf 82' lang='lat' dir='ltr'><strong>notare</strong></span> <span class='ocrx_word' id='word_1_80' title='bbox 1075 1520 1315 1586; x_wconf 87' lang='lat' dir='ltr'><strong>videtur,</strong></span> <span class='ocrx_word' id='word_1_81' title='bbox 1348 1523 1434 1578; x_wconf 93' lang='lat' dir='ltr'><strong>ubi</strong></span> <span class='ocrx_word' id='word_1_82' title='bbox 1489 1526 1621 1579; x_wconf 80' lang='lat' dir='ltr'><strong>dicit</strong></span> <span class='ocrx_word' id='word_1_83' title='bbox 1674 1527 1926 1597; x_wconf 84' lang='lat' dir='ltr'><strong>:psallite</strong></span> <span class='ocrx_word' id='word_1_84' title='bbox 1977 1529 2086 1584; x_wconf 84' lang='lat' dir='ltr'><strong>Deo</strong></span> 
     </span>
    </p>
   </div>
   <div class='ocr_carea' id='block_1_14' title="bbox 502 1608 2087 1688">
    <p class='ocr_par' dir='ltr' id='par_1_14' title="bbox 502 1608 2087 1688">
     <span class='ocr_line' id='line_1_14' title="bbox 502 1608 2087 1688; baseline 0.015 -33"><span class='ocrx_word' id='word_1_85' title='bbox 502 1615 682 1658; x_wconf 80' lang='lat' dir='ltr'><strong>nostra</strong></span> <span class='ocrx_word' id='word_1_86' title='bbox 710 1608 937 1675; x_wconf 82' lang='lat' dir='ltr'><strong>psallite,</strong></span> <span class='ocrx_word' id='word_1_87' title='bbox 967 1612 1172 1681; x_wconf 71' lang='lat' dir='ltr'><strong>psallite</strong></span> <span class='ocrx_word' id='word_1_88' title='bbox 1221 1617 1327 1685; x_wconf 84' lang='lat' dir='ltr'><strong>regi</strong></span> <span class='ocrx_word' id='word_1_89' title='bbox 1372 1627 1548 1672; x_wconf 81' lang='lat' dir='ltr'><strong>nostra</strong></span> <span class='ocrx_word' id='word_1_90' title='bbox 1578 1619 1806 1688; x_wconf 59' lang='lat' dir='ltr'><strong>psallite.</strong></span> <span class='ocrx_word' id='word_1_91' title='bbox 1840 1620 1946 1675; x_wconf 86' lang='lat' dir='ltr'><strong>Sed</strong></span> <span class='ocrx_word' id='word_1_92' title='bbox 1989 1638 2087 1678; x_wconf 84' lang='lat' dir='ltr'><strong>cur</strong></span> 
     </span>
    </p>
   </div>
   <div class='ocr_carea' id='block_1_15' title="bbox 504 1703 2087 1782">
    <p class='ocr_par' dir='ltr' id='par_1_15' title="bbox 504 1703 2087 1782">
     <span class='ocr_line' id='line_1_15' title="bbox 504 1703 2087 1782; baseline 0.015 -36"><span class='ocrx_word' id='word_1_93' title='bbox 504 1710 649 1751; x_wconf 89' lang='lat' dir='ltr'><strong>nunc</strong></span> <span class='ocrx_word' id='word_1_94' title='bbox 700 1708 823 1754; x_wconf 86' lang='lat' dir='ltr'><strong>octo</strong></span> <span class='ocrx_word' id='word_1_95' title='bbox 871 1703 1005 1768; x_wconf 89' lang='lat' dir='ltr'><strong>sint,</strong></span> <span class='ocrx_word' id='word_1_96' title='bbox 1056 1720 1178 1759; x_wconf 90' lang='lat' dir='ltr'><strong>cum</strong></span> <span class='ocrx_word' id='word_1_97' title='bbox 1246 1707 1375 1762; x_wconf 89' lang='lat' dir='ltr'><strong>olim</strong></span> <span class='ocrx_word' id='word_1_98' title='bbox 1437 1712 1805 1767; x_wconf 80' lang='lat' dir='ltr'><strong>tantummodo</strong></span> <span class='ocrx_word' id='word_1_99' title='bbox 1853 1722 2087 1782; x_wconf 84' lang='lat' dir='ltr'><strong>quatuor</strong></span> 
     </span>
    </p>
   </div>
   <div class='ocr_carea' id='block_1_16' title="bbox 502 1790 2081 1867">
    <p class='ocr_par' dir='ltr' id='par_1_16' title="bbox 502 1790 2081 1867">
     <span class='ocr_line' id='line_1_16' title="bbox 502 1790 2081 1867; baseline 0.012 -26"><span class='ocrx_word' id='word_1_100' title='bbox 502 1798 686 1843; x_wconf 77' lang='lat' dir='ltr'><strong>essent</strong></span> <span class='ocrx_word' id='word_1_101' title='bbox 731 1790 856 1847; x_wconf 84' lang='lat' dir='ltr'><strong>licet</strong></span> <span class='ocrx_word' id='word_1_102' title='bbox 897 1796 1172 1867; x_wconf 85' lang='lat' dir='ltr'><strong>paulisper</strong></span> <span class='ocrx_word' id='word_1_103' title='bbox 1216 1801 1597 1867; x_wconf 86' lang='lat' dir='ltr'><strong>intermittere,</strong></span> <span class='ocrx_word' id='word_1_104' title='bbox 1628 1813 1681 1857; x_wconf 90' lang='lat' dir='ltr'><strong>et</strong></span> <span class='ocrx_word' id='word_1_105' title='bbox 1705 1819 1801 1858; x_wconf 87' lang='lat' dir='ltr'><strong>Cur</strong></span> <span class='ocrx_word' id='word_1_106' title='bbox 1831 1806 1971 1859; x_wconf 91' lang='lat' dir='ltr'><strong>modi</strong></span> <span class='ocrx_word' id='word_1_107' title='bbox 2000 1806 2081 1862; x_wconf 85' lang='lat' dir='ltr'><strong>vel</strong></span> 
     </span>
    </p>
   </div>
   <div class='ocr_carea' id='block_1_17' title="bbox 502 1881 1465 1950">
    <p class='ocr_par' dir='ltr' id='par_1_17' title="bbox 502 1881 1465 1950">
     <span class='ocr_line' id='line_1_17' title="bbox 502 1881 1465 1950; baseline 0.016 -18"><span class='ocrx_word' id='word_1_108' title='bbox 502 1881 639 1949; x_wconf 76' lang='lat' dir='ltr'><strong>tropi</strong></span> <span class='ocrx_word' id='word_1_109' title='bbox 669 1882 939 1950; x_wconf 80' lang='lat' dir='ltr'><strong>dicantur,</strong></span> <span class='ocrx_word' id='word_1_110' title='bbox 963 1902 1181 1943; x_wconf 86' lang='lat' dir='ltr'><strong>causam</strong></span> <span class='ocrx_word' id='word_1_111' title='bbox 1217 1893 1465 1947; x_wconf 87' lang='lat' dir='ltr'><strong>reddere.</strong></span> 
     </span>
    </p>
   </div>
   <div class='ocr_carea' id='block_1_18' title="bbox 570 1971 2080 2055">
    <p class='ocr_par' dir='ltr' id='par_1_18' title="bbox 570 1971 2080 2055">
     <span class='ocr_line' id='line_1_18' title="bbox 570 1971 2080 2055; baseline 0.014 -31"><span class='ocrx_word' id='word_1_112' title='bbox 570 1971 708 2027; x_wconf 81' lang='lat' dir='ltr'><strong>Modi</strong></span> <span class='ocrx_word' id='word_1_113' title='bbox 756 1990 784 2027; x_wconf 89' lang='lat' dir='ltr'><strong>a</strong></span> <span class='ocrx_word' id='word_1_114' title='bbox 829 1979 1161 2036; x_wconf 88' lang='lat' dir='ltr'><strong>moderando</strong></span> <span class='ocrx_word' id='word_1_115' title='bbox 1189 1984 1303 2038; x_wconf 83' lang='lat' dir='ltr'><strong>sive</strong></span> <span class='ocrx_word' id='word_1_116' title='bbox 1348 1985 1675 2043; x_wconf 90' lang='lat' dir='ltr'><strong>modulando</strong></span> <span class='ocrx_word' id='word_1_117' title='bbox 1712 1989 1889 2044; x_wconf 83' lang='lat' dir='ltr'><strong>vocati</strong></span> <span class='ocrx_word' id='word_1_118' title='bbox 1933 2000 2080 2055; x_wconf 89' lang='lat' dir='ltr'><strong>sunt,</strong></span> 
     </span>
    </p>
   </div>
   <div class='ocr_carea' id='block_1_19' title="bbox 495 2065 2080 2154">
    <p class='ocr_par' dir='ltr' id='par_1_19' title="bbox 495 2065 2080 2154">
     <span class='ocr_line' id='line_1_19' title="bbox 495 2065 2080 2154; baseline 0.016 -39"><span class='ocrx_word' id='word_1_119' title='bbox 495 2065 623 2133; x_wconf 89' lang='lat' dir='ltr'><strong>quia</strong></span> <span class='ocrx_word' id='word_1_120' title='bbox 652 2066 902 2124; x_wconf 85' lang='lat' dir='ltr'><strong>videlicet</strong></span> <span class='ocrx_word' id='word_1_121' title='bbox 927 2086 1023 2141; x_wconf 92' lang='lat' dir='ltr'><strong>per</strong></span> <span class='ocrx_word' id='word_1_122' title='bbox 1045 2087 1139 2130; x_wconf 90' lang='lat' dir='ltr'><strong>eos</strong></span> <span class='ocrx_word' id='word_1_123' title='bbox 1160 2085 1352 2133; x_wconf 88' lang='lat' dir='ltr'><strong>cantus</strong></span> <span class='ocrx_word' id='word_1_124' title='bbox 1374 2079 1704 2146; x_wconf 86' lang='lat' dir='ltr'><strong>moderatur,</strong></span> <span class='ocrx_word' id='word_1_125' title='bbox 1741 2082 1824 2137; x_wconf 88' lang='lat' dir='ltr'><strong>vel</strong></span> <span class='ocrx_word' id='word_1_126' title='bbox 1853 2084 2080 2154; x_wconf 88' lang='lat' dir='ltr'><strong>regitur,</strong></span> 
     </span>
    </p>
   </div>
   <div class='ocr_carea' id='block_1_20' title="bbox 492 2156 2081 2245">
    <p class='ocr_par' dir='ltr' id='par_1_20' title="bbox 492 2156 2081 2245">
     <span class='ocr_line' id='line_1_20' title="bbox 492 2156 2081 2245; baseline 0.016 -37"><span class='ocrx_word' id='word_1_127' title='bbox 492 2156 580 2211; x_wconf 87' lang='lat' dir='ltr'><strong>vel</strong></span> <span class='ocrx_word' id='word_1_128' title='bbox 641 2161 970 2231; x_wconf 78' lang='lat' dir='ltr'><strong>modulatur,</strong></span> <span class='ocrx_word' id='word_1_129' title='bbox 1024 2165 1110 2221; x_wconf 89' lang='lat' dir='ltr'><strong>vel</strong></span> <span class='ocrx_word' id='word_1_130' title='bbox 1166 2173 1527 2240; x_wconf 78' lang='lat' dir='ltr'><strong>componitur.</strong></span> <span class='ocrx_word' id='word_1_131' title='bbox 1579 2172 1900 2245; x_wconf 87' lang='lat' dir='ltr'><strong>Quicunque</strong></span> <span class='ocrx_word' id='word_1_132' title='bbox 1937 2178 2081 2233; x_wconf 88' lang='lat' dir='ltr'><strong>enim</strong></span> 
     </span>
    </p>
   </div>
   <div class='ocr_carea' id='block_1_21' title="bbox 494 2250 2080 2337">
    <p class='ocr_par' dir='ltr' id='par_1_21' title="bbox 494 2250 2080 2337">
     <span class='ocr_line' id='line_1_21' title="bbox 494 2250 2080 2337; baseline 0.015 -36"><span class='ocrx_word' id='word_1_133' title='bbox 494 2250 725 2305; x_wconf 69' lang='lat' dir='ltr'><strong>musicae.</strong></span> <span class='ocrx_word' id='word_1_134' title='bbox 743 2252 948 2310; x_wconf 87' lang='lat' dir='ltr'><strong>habens</strong></span> <span class='ocrx_word' id='word_1_135' title='bbox 976 2257 1225 2313; x_wconf 88' lang='lat' dir='ltr'><strong>notitiam</strong></span> <span class='ocrx_word' id='word_1_136' title='bbox 1273 2261 1572 2330; x_wconf 87' lang='lat' dir='ltr'><strong>regularem</strong></span> <span class='ocrx_word' id='word_1_137' title='bbox 1608 2273 1826 2321; x_wconf 88' lang='lat' dir='ltr'><strong>cantum</strong></span> <span class='ocrx_word' id='word_1_138' title='bbox 1859 2282 2080 2337; x_wconf 89' lang='lat' dir='ltr'><strong>compo-</strong></span> 
     </span>
    </p>
   </div>
   <div class='ocr_carea' id='block_1_22' title="bbox 495 2348 2080 2428">
    <p class='ocr_par' dir='ltr' id='par_1_22' title="bbox 495 2348 2080 2428">
     <span class='ocr_line' id='line_1_22' title="bbox 495 2348 2080 2428; baseline 0.014 -35"><span class='ocrx_word' id='word_1_139' title='bbox 495 2356 625 2397; x_wconf 89' lang='lat' dir='ltr'><strong>nere</strong></span> <span class='ocrx_word' id='word_1_140' title='bbox 651 2355 830 2415; x_wconf 85' lang='lat' dir='ltr'><strong>curat,</strong></span> <span class='ocrx_word' id='word_1_141' title='bbox 872 2348 1024 2418; x_wconf 88' lang='lat' dir='ltr'><strong>prius</strong></span> <span class='ocrx_word' id='word_1_142' title='bbox 1059 2352 1124 2406; x_wconf 90' lang='lat' dir='ltr'><strong>ad</strong></span> <span class='ocrx_word' id='word_1_143' title='bbox 1158 2368 1319 2423; x_wconf 85' lang='lat' dir='ltr'><strong>quem</strong></span> <span class='ocrx_word' id='word_1_144' title='bbox 1374 2365 1560 2410; x_wconf 90' lang='lat' dir='ltr'><strong>tonum</strong></span> <span class='ocrx_word' id='word_1_145' title='bbox 1608 2360 1829 2415; x_wconf 79' lang='lat' dir='ltr'><strong>evenire</strong></span> <span class='ocrx_word' id='word_1_146' title='bbox 1889 2359 2080 2428; x_wconf 77' lang='lat' dir='ltr'><strong>iaciat,</strong></span> 
     </span>
    </p>
   </div>
   <div class='ocr_carea' id='block_1_23' title="bbox 493 2437 2079 2510">
    <p class='ocr_par' dir='ltr' id='par_1_23' title="bbox 493 2437 2079 2510">
     <span class='ocr_line' id='line_1_23' title="bbox 493 2437 2079 2510; baseline 0.015 -24"><span class='ocrx_word' id='word_1_147' title='bbox 493 2448 676 2489; x_wconf 89' lang='lat' dir='ltr'><strong>secum</strong></span> <span class='ocrx_word' id='word_1_148' title='bbox 710 2437 967 2495; x_wconf 82' lang='lat' dir='ltr'><strong>destinat.</strong></span> <span class='ocrx_word' id='word_1_149' title='bbox 1017 2442 1139 2500; x_wconf 88' lang='lat' dir='ltr'><strong>Ideo</strong></span> <span class='ocrx_word' id='word_1_150' title='bbox 1174 2455 1353 2502; x_wconf 90' lang='lat' dir='ltr'><strong>autem</strong></span> <span class='ocrx_word' id='word_1_151' title='bbox 1409 2449 1629 2505; x_wconf 66' lang='lat' dir='ltr'><strong>musica:</strong></span> <span class='ocrx_word' id='word_1_152' title='bbox 1681 2452 1886 2508; x_wconf 83' lang='lat' dir='ltr'><strong>habens</strong></span> <span class='ocrx_word' id='word_1_153' title='bbox 1937 2456 2079 2510; x_wconf 88' lang='lat' dir='ltr'><strong>noti—</strong></span> 
     </span>
    </p>
   </div>
   <div class='ocr_carea' id='block_1_24' title="bbox 495 2526 2081 2612">
    <p class='ocr_par' dir='ltr' id='par_1_24' title="bbox 495 2526 2081 2612">
     <span class='ocr_line' id='line_1_24' title="bbox 495 2526 2081 2612; baseline 0.015 -33"><span class='ocrx_word' id='word_1_154' title='bbox 495 2526 624 2582; x_wconf 88' lang='lat' dir='ltr'><strong>tiam</strong></span> <span class='ocrx_word' id='word_1_155' title='bbox 663 2530 914 2596; x_wconf 81' lang='lat' dir='ltr'><strong>diximus,</strong></span> <span class='ocrx_word' id='word_1_156' title='bbox 972 2537 1095 2605; x_wconf 86' lang='lat' dir='ltr'><strong>quia</strong></span> <span class='ocrx_word' id='word_1_157' title='bbox 1129 2539 1264 2593; x_wconf 91' lang='lat' dir='ltr'><strong>artis</strong></span> <span class='ocrx_word' id='word_1_158' title='bbox 1325 2555 1542 2612; x_wconf 85' lang='lat' dir='ltr'><strong>expers,</strong></span> <span class='ocrx_word' id='word_1_159' title='bbox 1571 2552 1626 2597; x_wconf 90' lang='lat' dir='ltr'><strong>et</strong></span> <span class='ocrx_word' id='word_1_160' title='bbox 1675 2544 1719 2599; x_wconf 88' lang='lat' dir='ltr'><strong>si</strong></span> <span class='ocrx_word' id='word_1_161' title='bbox 1762 2556 1909 2601; x_wconf 86' lang='lat' dir='ltr'><strong>recte</strong></span> <span class='ocrx_word' id='word_1_162' title='bbox 1953 2546 2081 2603; x_wconf 80' lang='lat' dir='ltr'><strong>facit</strong></span> 
     </span>
    </p>
   </div>
   <div class='ocr_carea' id='block_1_25' title="bbox 492 2622 2080 2710">
    <p class='ocr_par' dir='ltr' id='par_1_25' title="bbox 492 2622 2080 2710">
     <span class='ocr_line' id='line_1_25' title="bbox 492 2622 2080 2710; baseline 0.016 -40"><span class='ocrx_word' id='word_1_163' title='bbox 492 2622 634 2687; x_wconf 89' lang='lat' dir='ltr'><strong>quod</strong></span> <span class='ocrx_word' id='word_1_164' title='bbox 664 2622 816 2693; x_wconf 79' lang='lat' dir='ltr'><strong>facit,</strong></span> <span class='ocrx_word' id='word_1_165' title='bbox 847 2633 1023 2682; x_wconf 90' lang='lat' dir='ltr'><strong>tamen</strong></span> <span class='ocrx_word' id='word_1_166' title='bbox 1064 2632 1318 2698; x_wconf 90' lang='lat' dir='ltr'><strong>quoniam</strong></span> <span class='ocrx_word' id='word_1_167' title='bbox 1355 2632 1557 2690; x_wconf 89' lang='lat' dir='ltr'><strong>inscius</strong></span> <span class='ocrx_word' id='word_1_168' title='bbox 1589 2634 1740 2701; x_wconf 81' lang='lat' dir='ltr'><strong>facit,</strong></span> <span class='ocrx_word' id='word_1_169' title='bbox 1787 2640 2080 2710; x_wconf 78' lang='lat' dir='ltr'><strong>parvipen-</strong></span> 
     </span>
    </p>
   </div>
   <div class='ocr_carea' id='block_1_26' title="bbox 492 2708 2081 2801">
    <p class='ocr_par' dir='ltr' id='par_1_26' title="bbox 492 2708 2081 2801">
     <span class='ocr_line' id='line_1_26' title="bbox 492 2708 2081 2801; baseline 0.017 -41"><span class='ocrx_word' id='word_1_170' title='bbox 492 2708 659 2775; x_wconf 89' lang='lat' dir='ltr'><strong>ditur,</strong></span> <span class='ocrx_word' id='word_1_171' title='bbox 691 2715 992 2781; x_wconf 76' lang='lat' dir='ltr'><strong>praesertim</strong></span> <span class='ocrx_word' id='word_1_172' title='bbox 1044 2733 1165 2772; x_wconf 88' lang='lat' dir='ltr'><strong>cum</strong></span> <span class='ocrx_word' id='word_1_173' title='bbox 1206 2730 1262 2775; x_wconf 89' lang='lat' dir='ltr'><strong>et</strong></span> <span class='ocrx_word' id='word_1_174' title='bbox 1290 2723 1438 2779; x_wconf 89' lang='lat' dir='ltr'><strong>mimi</strong></span> <span class='ocrx_word' id='word_1_175' title='bbox 1491 2734 1547 2779; x_wconf 90' lang='lat' dir='ltr'><strong>et</strong></span> <span class='ocrx_word' id='word_1_176' title='bbox 1585 2727 1907 2783; x_wconf 86' lang='lat' dir='ltr'><strong>chorearum</strong></span> <span class='ocrx_word' id='word_1_177' title='bbox 1941 2708 2081 2801; x_wconf 67' lang='lat' dir='ltr'><strong>pra:-</strong></span> 
     </span>
    </p>
   </div>
   <div class='ocr_carea' id='block_1_27' title="bbox 492 2800 2076 2885">
    <p class='ocr_par' dir='ltr' id='par_1_27' title="bbox 492 2800 2076 2885">
     <span class='ocr_line' id='line_1_27' title="bbox 492 2800 2076 2885; baseline 0.016 -37"><span class='ocrx_word' id='word_1_178' title='bbox 492 2805 741 2853; x_wconf 87' lang='lat' dir='ltr'><strong>centores</strong></span> <span class='ocrx_word' id='word_1_179' title='bbox 785 2800 1100 2874; x_wconf 88' lang='lat' dir='ltr'><strong>plerumque</strong></span> <span class='ocrx_word' id='word_1_180' title='bbox 1149 2807 1377 2864; x_wconf 89' lang='lat' dir='ltr'><strong>dulciter</strong></span> <span class='ocrx_word' id='word_1_181' title='bbox 1424 2821 1643 2880; x_wconf 87' lang='lat' dir='ltr'><strong>canant,</strong></span> <span class='ocrx_word' id='word_1_182' title='bbox 1669 2817 1811 2885; x_wconf 91' lang='lat' dir='ltr'><strong>quod</strong></span> <span class='ocrx_word' id='word_1_183' title='bbox 1850 2800 2076 2873; x_wconf 12' lang='lat' dir='ltr'><strong>eisinon</strong></span> 
     </span>
    </p>
   </div>
   <div class='ocr_carea' id='block_1_28' title="bbox 491 2891 2078 2974">
    <p class='ocr_par' dir='ltr' id='par_1_28' title="bbox 491 2891 2078 2974">
     <span class='ocr_line' id='line_1_28' title="bbox 491 2891 2078 2974; baseline 0.015 -35"><span class='ocrx_word' id='word_1_184' title='bbox 491 2900 607 2952; x_wconf 86' lang='lat' dir='ltr'><strong>ars,</strong></span> <span class='ocrx_word' id='word_1_185' title='bbox 632 2891 724 2944; x_wconf 89' lang='lat' dir='ltr'><strong>sed</strong></span> <span class='ocrx_word' id='word_1_186' title='bbox 756 2900 947 2948; x_wconf 91' lang='lat' dir='ltr'><strong>natura</strong></span> <span class='ocrx_word' id='word_1_187' title='bbox 984 2896 1383 2953; x_wconf 87' lang='lat' dir='ltr'><strong>subministrat.</strong></span> <span class='ocrx_word' id='word_1_188' title='bbox 1442 2900 1604 2974; x_wconf 84' lang='lat' dir='ltr'><strong>Tropi</strong></span> <span class='ocrx_word' id='word_1_189' title='bbox 1647 2921 1676 2959; x_wconf 90' lang='lat' dir='ltr'><strong>a</strong></span> <span class='ocrx_word' id='word_1_190' title='bbox 1736 2895 2078 2963; x_wconf 81' lang='lat' dir='ltr'><strong>convenienti</strong></span> 
     </span>
    </p>
   </div>
   <div class='ocr_carea' id='block_1_29' title="bbox 489 2981 2077 3063">
    <p class='ocr_par' dir='ltr' id='par_1_29' title="bbox 489 2981 2077 3063">
     <span class='ocr_line' id='line_1_29' title="bbox 489 2981 2077 3063; baseline 0.015 -33"><span class='ocrx_word' id='word_1_191' title='bbox 489 2981 843 3036; x_wconf 84' lang='lat' dir='ltr'><strong>conversione</strong></span> <span class='ocrx_word' id='word_1_192' title='bbox 880 2984 1039 3052; x_wconf 89' lang='lat' dir='ltr'><strong>dicti;</strong></span> <span class='ocrx_word' id='word_1_193' title='bbox 1088 2990 1577 3063; x_wconf 85' lang='lat' dir='ltr'><strong>quomodocunqnc</strong></span> <span class='ocrx_word' id='word_1_194' title='bbox 1606 2997 1752 3051; x_wconf 89' lang='lat' dir='ltr'><strong>enim</strong></span> <span class='ocrx_word' id='word_1_195' title='bbox 1805 3008 1997 3054; x_wconf 89' lang='lat' dir='ltr'><strong>cantus</strong></span> <span class='ocrx_word' id='word_1_196' title='bbox 2022 3001 2077 3055; x_wconf 91' lang='lat' dir='ltr'><strong>in</strong></span> 
     </span>
    </p>
   </div>
   <div class='ocr_carea' id='block_1_30' title="bbox 491 3071 2078 3159">
    <p class='ocr_par' dir='ltr' id='par_1_30' title="bbox 491 3071 2078 3159">
     <span class='ocr_line' id='line_1_30' title="bbox 491 3071 2078 3159; baseline 0.014 -37"><span class='ocrx_word' id='word_1_197' title='bbox 491 3071 672 3126; x_wconf 89' lang='lat' dir='ltr'><strong>medio</strong></span> <span class='ocrx_word' id='word_1_198' title='bbox 702 3075 962 3143; x_wconf 88' lang='lat' dir='ltr'><strong>varietur,</strong></span> <span class='ocrx_word' id='word_1_199' title='bbox 1005 3078 1071 3132; x_wconf 86' lang='lat' dir='ltr'><strong>ad</strong></span> <span class='ocrx_word' id='word_1_200' title='bbox 1106 3078 1322 3136; x_wconf 89' lang='lat' dir='ltr'><strong>ﬁnalem</strong></span> <span class='ocrx_word' id='word_1_201' title='bbox 1380 3098 1594 3155; x_wconf 87' lang='lat' dir='ltr'><strong>semper</strong></span> <span class='ocrx_word' id='word_1_202' title='bbox 1632 3103 1728 3157; x_wconf 90' lang='lat' dir='ltr'><strong>per</strong></span> <span class='ocrx_word' id='word_1_203' title='bbox 1759 3098 1961 3159; x_wconf 88' lang='lat' dir='ltr'><strong>tropos,</strong></span> <span class='ocrx_word' id='word_1_204' title='bbox 1994 3090 2078 3147; x_wconf 89' lang='lat' dir='ltr'><strong>vel</strong></span> 
     </span>
    </p>
   </div>
   <div class='ocr_carea' id='block_1_31' title="bbox 1932 398 2363 455">
    <p class='ocr_par' dir='ltr' id='par_1_31' title="bbox 1932 398 2363 455">
     <span class='ocr_line' id='line_1_31' title="bbox 1932 398 2363 455; baseline 0.002 -2"><span class='ocrx_word' id='word_1_205' title='bbox 1932 398 1978 453; x_wconf 87' lang='lat' dir='ltr'><strong>J.</strong></span> <span class='ocrx_word' id='word_1_206' title='bbox 2022 398 2363 455; x_wconf 75' lang='lat' dir='ltr'><strong>COTTOMS</strong></span> 
     </span>
    </p>
   </div>
   <div class='ocr_carea' id='block_1_32' title="bbox 2127 513 3732 597">
    <p class='ocr_par' dir='ltr' id='par_1_32' title="bbox 2127 513 3732 597">
     <span class='ocr_line' id='line_1_32' title="bbox 2127 513 3732 597; baseline 0.014 -33"><span class='ocrx_word' id='word_1_207' title='bbox 2127 517 2173 575; x_wconf 79' lang='grc' dir='ltr'><strong>Α</strong></span> <span class='ocrx_word' id='word_1_208' title='bbox 2204 526 2323 581; x_wconf 83' lang='lat' dir='ltr'><strong>quae</strong></span> <span class='ocrx_word' id='word_1_209' title='bbox 2354 520 2407 569; x_wconf 90' lang='lat' dir='ltr'><strong>et</strong></span> <span class='ocrx_word' id='word_1_210' title='bbox 2433 513 2781 581; x_wconf 90' lang='lat' dir='ltr'><strong>pausationes</strong></span> <span class='ocrx_word' id='word_1_211' title='bbox 2802 515 3058 586; x_wconf 89' lang='lat' dir='ltr'><strong>appellari</strong></span> <span class='ocrx_word' id='word_1_212' title='bbox 3081 528 3331 588; x_wconf 89' lang='lat' dir='ltr'><strong>possunt,</strong></span> <span class='ocrx_word' id='word_1_213' title='bbox 3360 522 3561 580; x_wconf 87' lang='lat' dir='ltr'><strong>scilicet</strong></span> <span class='ocrx_word' id='word_1_214' title='bbox 3591 530 3732 597; x_wconf 87' lang='lat' dir='ltr'><strong>colon,</strong></span> 
     </span>
    </p>
   </div>
   <div class='ocr_carea' id='block_1_33' title="bbox 3626 420 3731 477">
    <p class='ocr_par' dir='ltr' id='par_1_33' title="bbox 3626 420 3731 477">
     <span class='ocr_line' id='line_1_33' title="bbox 3626 420 3731 477; baseline 0.038 -4"><span class='ocrx_word' id='word_1_215' title='bbox 3626 420 3731 477; x_wconf 65' lang='grc' dir='ltr'><strong>μοι</strong></span> 
     </span>
    </p>
   </div>
   <div class='ocr_carea' id='block_1_34' title="bbox 2195 603 3731 684">
    <p class='ocr_par' dir='ltr' id='par_1_34' title="bbox 2195 603 3731 684">
     <span class='ocr_line' id='line_1_34' title="bbox 2195 603 3731 684; baseline 0.014 -26"><span class='ocrx_word' id='word_1_216' title='bbox 2195 603 2280 659; x_wconf 89' lang='lat' dir='ltr'><strong>vel</strong></span> <span class='ocrx_word' id='word_1_217' title='bbox 2335 604 2660 673; x_wconf 88' lang='lat' dir='ltr'><strong>membrum,</strong></span> <span class='ocrx_word' id='word_1_218' title='bbox 2710 622 2920 665; x_wconf 91' lang='lat' dir='ltr'><strong>comma</strong></span> <span class='ocrx_word' id='word_1_219' title='bbox 2974 610 3189 678; x_wconf 89' lang='lat' dir='ltr'><strong>incisio,</strong></span> <span class='ocrx_word' id='word_1_220' title='bbox 3221 614 3479 683; x_wconf 88' lang='lat' dir='ltr'><strong>periodus</strong></span> <span class='ocrx_word' id='word_1_221' title='bbox 3527 619 3731 684; x_wconf 77' lang='lat' dir='ltr'><strong>clausura</strong></span> 
     </span>
    </p>
   </div>
   <div class='ocr_carea' id='block_1_35' title="bbox 2194 695 3731 784">
    <p class='ocr_par' dir='ltr' id='par_1_35' title="bbox 2194 695 3731 784">
     <span class='ocr_line' id='line_1_35' title="bbox 2194 695 3731 784; baseline 0.008 -35"><span class='ocrx_word' id='word_1_222' title='bbox 2194 695 2307 750; x_wconf 90' lang='lat' dir='ltr'><strong>sive</strong></span> <span class='ocrx_word' id='word_1_223' title='bbox 2331 696 2609 764; x_wconf 89' lang='lat' dir='ltr'><strong>circuitus,</strong></span> <span class='ocrx_word' id='word_1_224' title='bbox 2636 708 2690 753; x_wconf 90' lang='lat' dir='ltr'><strong>et</strong></span> <span class='ocrx_word' id='word_1_225' title='bbox 2710 700 2784 754; x_wconf 89' lang='lat' dir='ltr'><strong>ita</strong></span> <span class='ocrx_word' id='word_1_226' title='bbox 2812 702 2864 757; x_wconf 93' lang='lat' dir='ltr'><strong>in</strong></span> <span class='ocrx_word' id='word_1_227' title='bbox 2894 711 3078 757; x_wconf 89' lang='lat' dir='ltr'><strong>cantu.</strong></span> <span class='ocrx_word' id='word_1_228' title='bbox 3111 703 3168 759; x_wconf 91' lang='lat' dir='ltr'><strong>ln</strong></span> <span class='ocrx_word' id='word_1_229' title='bbox 3189 720 3352 775; x_wconf 88' lang='lat' dir='ltr'><strong>prosa</strong></span> <span class='ocrx_word' id='word_1_230' title='bbox 3381 709 3573 780; x_wconf 87' lang='lat' dir='ltr'><strong>quippe</strong></span> <span class='ocrx_word' id='word_1_231' title='bbox 3594 731 3731 784; x_wconf 81' lang='lat' dir='ltr'><strong>quan-</strong></span> 
     </span>
    </p>
   </div>
   <div class='ocr_carea' id='block_1_36' title="bbox 2194 787 3733 878">
    <p class='ocr_par' dir='ltr' id='par_1_36' title="bbox 2194 787 3733 878">
     <span class='ocr_line' id='line_1_36' title="bbox 2194 787 3733 878; baseline 0.014 -37"><span class='ocrx_word' id='word_1_232' title='bbox 2194 787 2261 841; x_wconf 90' lang='lat' dir='ltr'><strong>do</strong></span> <span class='ocrx_word' id='word_1_233' title='bbox 2310 791 2628 858; x_wconf 89' lang='lat' dir='ltr'><strong>suspensive</strong></span> <span class='ocrx_word' id='word_1_234' title='bbox 2670 792 2886 864; x_wconf 79' lang='lat' dir='ltr'><strong>legitur,</strong></span> <span class='ocrx_word' id='word_1_235' title='bbox 2932 794 3089 849; x_wconf 90' lang='lat' dir='ltr'><strong>colon</strong></span> <span class='ocrx_word' id='word_1_236' title='bbox 3121 806 3388 863; x_wconf 82' lang='lat' dir='ltr'><strong>vocatur;</strong></span> <span class='ocrx_word' id='word_1_237' title='bbox 3447 806 3643 869; x_wconf 87' lang='lat' dir='ltr'><strong>quando</strong></span> <span class='ocrx_word' id='word_1_238' title='bbox 3664 824 3733 878; x_wconf 80' lang='lat' dir='ltr'><strong>per</strong></span> 
     </span>
    </p>
   </div>
   <div class='ocr_carea' id='block_1_37' title="bbox 2191 878 3729 967">
    <p class='ocr_par' dir='ltr' id='par_1_37' title="bbox 2191 878 3729 967">
     <span class='ocr_line' id='line_1_37' title="bbox 2191 878 3729 967; baseline 0.014 -35"><span class='ocrx_word' id='word_1_239' title='bbox 2191 878 2488 950; x_wconf 83' lang='lat' dir='ltr'><strong>legitimum</strong></span> <span class='ocrx_word' id='word_1_240' title='bbox 2552 892 2813 953; x_wconf 89' lang='lat' dir='ltr'><strong>punctum</strong></span> <span class='ocrx_word' id='word_1_241' title='bbox 2881 888 3155 942; x_wconf 87' lang='lat' dir='ltr'><strong>sententia</strong></span> <span class='ocrx_word' id='word_1_242' title='bbox 3211 888 3473 945; x_wconf 88' lang='lat' dir='ltr'><strong>dividitur</strong></span> <span class='ocrx_word' id='word_1_243' title='bbox 3537 910 3729 967; x_wconf 81' lang='lat' dir='ltr'><strong>comma;</strong></span> 
     </span>
    </p>
   </div>
   <div class='ocr_carea' id='block_1_38' title="bbox 2192 970 3731 1049">
    <p class='ocr_par' dir='ltr' id='par_1_38' title="bbox 2192 970 3731 1049">
     <span class='ocr_line' id='line_1_38' title="bbox 2192 970 3731 1049; baseline 0.018 -30"><span class='ocrx_word' id='word_1_244' title='bbox 2192 970 2407 1038; x_wconf 87' lang='lat' dir='ltr'><strong>quando</strong></span> <span class='ocrx_word' id='word_1_245' title='bbox 2433 973 2701 1027; x_wconf 87' lang='lat' dir='ltr'><strong>sententia</strong></span> <span class='ocrx_word' id='word_1_246' title='bbox 2755 973 2823 1028; x_wconf 88' lang='lat' dir='ltr'><strong>ad</strong></span> <span class='ocrx_word' id='word_1_247' title='bbox 2871 974 3029 1029; x_wconf 84' lang='lat' dir='ltr'><strong>linem</strong></span> <span class='ocrx_word' id='word_1_248' title='bbox 3061 976 3351 1031; x_wconf 84' lang='lat' dir='ltr'><strong>deducitur</strong></span> <span class='ocrx_word' id='word_1_249' title='bbox 3398 981 3636 1049; x_wconf 89' lang='lat' dir='ltr'><strong>periodus</strong></span> <span class='ocrx_word' id='word_1_250' title='bbox 3658 1002 3731 1045; x_wconf 86' lang='lat' dir='ltr'><strong>est.</strong></span> 
     </span>
    </p>
   </div>
   <div class='ocr_carea' id='block_1_39' title="bbox 2195 1059 3734 1136">
    <p class='ocr_par' dir='ltr' id='par_1_39' title="bbox 2195 1059 3734 1136">
     <span class='ocr_line' id='line_1_39' title="bbox 2195 1059 3734 1136; baseline 0.011 -22"><span class='ocrx_word' id='word_1_251' title='bbox 2195 1059 2352 1115; x_wconf 85' lang='lat' dir='ltr'><strong>Verbi</strong></span> <span class='ocrx_word' id='word_1_252' title='bbox 2395 1062 2611 1133; x_wconf 87' lang='lat' dir='ltr'><strong>gratia:</strong></span> <span class='ocrx_word' id='word_1_253' title='bbox 2670 1063 2822 1117; x_wconf 80' lang='lat' dir='ltr'><strong>Anno</strong></span> <span class='ocrx_word' id='word_1_254' title='bbox 2868 1066 3257 1134; x_wconf 87' lang='lat' dir='ltr'><strong>quintodecimo</strong></span> <span class='ocrx_word' id='word_1_255' title='bbox 3321 1067 3528 1136; x_wconf 85' lang='lat' dir='ltr'><strong>imperii</strong></span> <span class='ocrx_word' id='word_1_256' title='bbox 3582 1074 3734 1135; x_wconf 75' lang='lat' dir='ltr'><strong>Tiberii</strong></span> 
     </span>
    </p>
   </div>
   <div class='ocr_carea' id='block_1_40' title="bbox 2191 1150 3733 1231">
    <p class='ocr_par' dir='ltr' id='par_1_40' title="bbox 2191 1150 3733 1231">
     <span class='ocr_line' id='line_1_40' title="bbox 2191 1150 3733 1231; baseline 0.011 -25"><span class='ocrx_word' id='word_1_257' title='bbox 2191 1150 2440 1217; x_wconf 77' lang='lat' dir='ltr'><strong>Cwsaris,</strong></span> <span class='ocrx_word' id='word_1_258' title='bbox 2469 1153 2558 1210; x_wconf 91' lang='lat' dir='ltr'><strong>hic</strong></span> <span class='ocrx_word' id='word_1_259' title='bbox 2604 1155 2656 1208; x_wconf 92' lang='lat' dir='ltr'><strong>in</strong></span> <span class='ocrx_word' id='word_1_260' title='bbox 2708 1157 2962 1213; x_wconf 89' lang='lat' dir='ltr'><strong>omnibus</strong></span> <span class='ocrx_word' id='word_1_261' title='bbox 3006 1160 3225 1225; x_wconf 88' lang='lat' dir='ltr'><strong>punctis</strong></span> <span class='ocrx_word' id='word_1_262' title='bbox 3251 1161 3410 1217; x_wconf 90' lang='lat' dir='ltr'><strong>colon</strong></span> <span class='ocrx_word' id='word_1_263' title='bbox 3458 1173 3557 1231; x_wconf 91' lang='lat' dir='ltr'><strong>est,</strong></span> <span class='ocrx_word' id='word_1_264' title='bbox 3585 1166 3733 1223; x_wconf 77' lang='lat' dir='ltr'><strong>deinde</strong></span> 
     </span>
    </p>
   </div>
   <div class='ocr_carea' id='block_1_41' title="bbox 2189 1242 3733 1316">
    <p class='ocr_par' dir='ltr' id='par_1_41' title="bbox 2189 1242 3733 1316">
     <span class='ocr_line' id='line_1_41' title="bbox 2189 1242 3733 1316; baseline 0.01 -22"><span class='ocrx_word' id='word_1_265' title='bbox 2189 1242 2279 1295; x_wconf 92' lang='lat' dir='ltr'><strong>ubi</strong></span> <span class='ocrx_word' id='word_1_266' title='bbox 2324 1242 2591 1308; x_wconf 90' lang='lat' dir='ltr'><strong>subditur,</strong></span> <span class='ocrx_word' id='word_1_267' title='bbox 2645 1243 2739 1298; x_wconf 86' lang='lat' dir='ltr'><strong>sub</strong></span> <span class='ocrx_word' id='word_1_268' title='bbox 2789 1247 3109 1316; x_wconf 74' lang='lat' dir='ltr'><strong>principibus</strong></span> <span class='ocrx_word' id='word_1_269' title='bbox 3157 1249 3494 1306; x_wconf 80' lang='lat' dir='ltr'><strong>sacerdotum</strong></span> <span class='ocrx_word' id='word_1_270' title='bbox 3537 1253 3669 1309; x_wconf 78' lang='lat' dir='ltr'><strong>Anus</strong></span> <span class='ocrx_word' id='word_1_271' title='bbox 3700 1269 3733 1311; x_wconf 69' lang='grc' dir='ltr'><em>α</em></span> 
     </span>
    </p>
   </div>
   <div class='ocr_carea' id='block_1_42' title="bbox 2195 1330 3733 1404">
    <p class='ocr_par' dir='ltr' id='par_1_42' title="bbox 2195 1330 3733 1404">
     <span class='ocr_line' id='line_1_42' title="bbox 2195 1330 3733 1404; baseline 0.014 -21"><span class='ocrx_word' id='word_1_272' title='bbox 2195 1330 2418 1401; x_wconf 77' lang='lat' dir='ltr'><strong>Caipha,</strong></span> <span class='ocrx_word' id='word_1_273' title='bbox 2455 1347 2666 1388; x_wconf 91' lang='lat' dir='ltr'><strong>comma</strong></span> <span class='ocrx_word' id='word_1_274' title='bbox 2690 1344 2812 1390; x_wconf 87' lang='lat' dir='ltr'><strong>est:</strong></span> <span class='ocrx_word' id='word_1_275' title='bbox 2848 1336 2903 1391; x_wconf 92' lang='lat' dir='ltr'><strong>in</strong></span> <span class='ocrx_word' id='word_1_276' title='bbox 2932 1336 3039 1393; x_wconf 88' lang='lat' dir='ltr'><strong>ﬁne</strong></span> <span class='ocrx_word' id='word_1_277' title='bbox 3090 1348 3274 1394; x_wconf 88' lang='lat' dir='ltr'><strong>autem</strong></span> <span class='ocrx_word' id='word_1_278' title='bbox 3312 1355 3501 1397; x_wconf 87' lang='lat' dir='ltr'><strong>versus</strong></span> <span class='ocrx_word' id='word_1_279' title='bbox 3521 1347 3650 1400; x_wconf 85' lang='lat' dir='ltr'><strong>verbi</strong></span> <span class='ocrx_word' id='word_1_280' title='bbox 3673 1360 3733 1404; x_wconf 80' lang='lat' dir='ltr'><strong>est</strong></span> 
     </span>
    </p>
   </div>
   <div class='ocr_carea' id='block_1_43' title="bbox 2189 1418 3734 1498">
    <p class='ocr_par' dir='ltr' id='par_1_43' title="bbox 2189 1418 3734 1498">
     <span class='ocr_line' id='line_1_43' title="bbox 2189 1418 3734 1498; baseline 0.013 -26"><span class='ocrx_word' id='word_1_281' title='bbox 2189 1418 2470 1475; x_wconf 67' lang='lat' dir='ltr'><strong>Zachariae</strong></span> <span class='ocrx_word' id='word_1_282' title='bbox 2514 1423 2686 1491; x_wconf 82' lang='lat' dir='ltr'><strong>ﬁlium</strong></span> <span class='ocrx_word' id='word_1_283' title='bbox 2736 1425 2790 1478; x_wconf 84' lang='lat' dir='ltr'><strong>in</strong></span> <span class='ocrx_word' id='word_1_284' title='bbox 2837 1426 3065 1493; x_wconf 83' lang='lat' dir='ltr'><strong>deserto,</strong></span> <span class='ocrx_word' id='word_1_285' title='bbox 3096 1428 3357 1498; x_wconf 85' lang='lat' dir='ltr'><strong>periodus</strong></span> <span class='ocrx_word' id='word_1_286' title='bbox 3379 1440 3484 1486; x_wconf 85' lang='lat' dir='ltr'><strong>est.</strong></span> <span class='ocrx_word' id='word_1_287' title='bbox 3519 1432 3734 1492; x_wconf 80' lang='lat' dir='ltr'><strong>Similiter</strong></span> 
     </span>
    </p>
   </div>
   <div class='ocr_carea' id='block_1_44' title="bbox 2188 1518 3724 1591">
    <p class='ocr_par' dir='ltr' id='par_1_44' title="bbox 2188 1518 3724 1591">
     <span class='ocr_line' id='line_1_44' title="bbox 2188 1518 3724 1591; baseline 0.009 -25"><span class='ocrx_word' id='word_1_288' title='bbox 2188 1528 2309 1567; x_wconf 91' lang='lat' dir='ltr'><strong>cum</strong></span> <span class='ocrx_word' id='word_1_289' title='bbox 2338 1522 2530 1570; x_wconf 84' lang='lat' dir='ltr'><strong>cantus</strong></span> <span class='ocrx_word' id='word_1_290' title='bbox 2553 1518 2605 1569; x_wconf 91' lang='lat' dir='ltr'><strong>in</strong></span> <span class='ocrx_word' id='word_1_291' title='bbox 2624 1526 2814 1585; x_wconf 88' lang='lat' dir='ltr'><strong>quarta</strong></span> <span class='ocrx_word' id='word_1_292' title='bbox 2837 1533 2867 1571; x_wconf 89' lang='lat' dir='ltr'><strong>a</strong></span> <span class='ocrx_word' id='word_1_293' title='bbox 2896 1518 3040 1573; x_wconf 88' lang='lat' dir='ltr'><strong>ﬁnali</strong></span> <span class='ocrx_word' id='word_1_294' title='bbox 3072 1534 3202 1574; x_wconf 88' lang='lat' dir='ltr'><strong>voce</strong></span> <span class='ocrx_word' id='word_1_295' title='bbox 3229 1535 3330 1590; x_wconf 89' lang='lat' dir='ltr'><strong>per</strong></span> <span class='ocrx_word' id='word_1_296' title='bbox 3359 1525 3724 1591; x_wconf 84' lang='lat' dir='ltr'><strong>suspensionem</strong></span> 
     </span>
    </p>
   </div>
   <div class='ocr_carea' id='block_1_45' title="bbox 2188 1606 3730 1672">
    <p class='ocr_par' dir='ltr' id='par_1_45' title="bbox 2188 1606 3730 1672">
     <span class='ocr_line' id='line_1_45' title="bbox 2188 1606 3730 1672; baseline 0.01 -17"><span class='ocrx_word' id='word_1_297' title='bbox 2188 1613 2400 1672; x_wconf 87' lang='lat' dir='ltr'><strong>pausat,</strong></span> <span class='ocrx_word' id='word_1_298' title='bbox 2434 1606 2592 1660; x_wconf 92' lang='lat' dir='ltr'><strong>colon</strong></span> <span class='ocrx_word' id='word_1_299' title='bbox 2615 1615 2725 1672; x_wconf 90' lang='lat' dir='ltr'><strong>est;</strong></span> <span class='ocrx_word' id='word_1_300' title='bbox 2759 1621 2882 1662; x_wconf 92' lang='lat' dir='ltr'><strong>cum</strong></span> <span class='ocrx_word' id='word_1_301' title='bbox 2916 1608 2971 1661; x_wconf 93' lang='lat' dir='ltr'><strong>in</strong></span> <span class='ocrx_word' id='word_1_302' title='bbox 2997 1608 3177 1664; x_wconf 89' lang='lat' dir='ltr'><strong>medio</strong></span> <span class='ocrx_word' id='word_1_303' title='bbox 3211 1611 3280 1665; x_wconf 90' lang='lat' dir='ltr'><strong>ad</strong></span> <span class='ocrx_word' id='word_1_304' title='bbox 3308 1610 3526 1665; x_wconf 87' lang='lat' dir='ltr'><strong>ﬁnalem</strong></span> <span class='ocrx_word' id='word_1_305' title='bbox 3558 1615 3730 1670; x_wconf 84' lang='lat' dir='ltr'><strong>reduci-</strong></span> 
     </span>
    </p>
   </div>
   <div class='ocr_carea' id='block_1_46' title="bbox 2189 1698 3731 1771">
    <p class='ocr_par' dir='ltr' id='par_1_46' title="bbox 2189 1698 3731 1771">
     <span class='ocr_line' id='line_1_46' title="bbox 2189 1698 3731 1771; baseline 0.008 -25"><span class='ocrx_word' id='word_1_306' title='bbox 2189 1702 2294 1757; x_wconf 90' lang='lat' dir='ltr'><strong>tur,</strong></span> <span class='ocrx_word' id='word_1_307' title='bbox 2324 1710 2534 1749; x_wconf 88' lang='lat' dir='ltr'><strong>comma</strong></span> <span class='ocrx_word' id='word_1_308' title='bbox 2570 1704 2686 1762; x_wconf 91' lang='lat' dir='ltr'><strong>est;</strong></span> <span class='ocrx_word' id='word_1_309' title='bbox 2717 1712 2839 1752; x_wconf 91' lang='lat' dir='ltr'><strong>cum</strong></span> <span class='ocrx_word' id='word_1_310' title='bbox 2882 1698 2935 1753; x_wconf 92' lang='lat' dir='ltr'><strong>in</strong></span> <span class='ocrx_word' id='word_1_311' title='bbox 2983 1698 3089 1756; x_wconf 90' lang='lat' dir='ltr'><strong>ﬁne</strong></span> <span class='ocrx_word' id='word_1_312' title='bbox 3145 1701 3213 1756; x_wconf 90' lang='lat' dir='ltr'><strong>ad</strong></span> <span class='ocrx_word' id='word_1_313' title='bbox 3265 1700 3483 1757; x_wconf 89' lang='lat' dir='ltr'><strong>ﬁnalem</strong></span> <span class='ocrx_word' id='word_1_314' title='bbox 3512 1708 3731 1771; x_wconf 76' lang='lat' dir='ltr'><strong>pervenit,</strong></span> 
     </span>
    </p>
   </div>
   <div class='ocr_carea' id='block_1_47' title="bbox 2187 1782 3730 1863">
    <p class='ocr_par' dir='ltr' id='par_1_47' title="bbox 2187 1782 3730 1863">
     <span class='ocr_line' id='line_1_47' title="bbox 2187 1782 3730 1863; baseline 0.006 -24"><span class='ocrx_word' id='word_1_315' title='bbox 2187 1784 2442 1852; x_wconf 84' lang='lat' dir='ltr'><strong>periodus</strong></span> <span class='ocrx_word' id='word_1_316' title='bbox 2485 1794 2590 1841; x_wconf 90' lang='lat' dir='ltr'><strong>est.</strong></span> <span class='ocrx_word' id='word_1_317' title='bbox 2636 1785 2705 1841; x_wconf 88' lang='lat' dir='ltr'><strong>Ut</strong></span> <span class='ocrx_word' id='word_1_318' title='bbox 2748 1788 2800 1843; x_wconf 93' lang='lat' dir='ltr'><strong>in</strong></span> <span class='ocrx_word' id='word_1_319' title='bbox 2838 1789 2943 1844; x_wconf 84' lang='lat' dir='ltr'><strong>hac</strong></span> <span class='ocrx_word' id='word_1_320' title='bbox 2988 1790 3310 1861; x_wconf 86' lang='lat' dir='ltr'><strong>antiphona,</strong></span> <span class='ocrx_word' id='word_1_321' title='bbox 3348 1782 3542 1846; x_wconf 68' lang='lat' dir='ltr'><strong>Petrus</strong></span> <span class='ocrx_word' id='word_1_322' title='bbox 3578 1804 3730 1863; x_wconf 71' lang='lat' dir='ltr'><strong>autem,</strong></span> 
     </span>
    </p>
   </div>
   <div class='ocr_carea' id='block_1_48' title="bbox 2111 1857 3731 1952">
    <p class='ocr_par' dir='ltr' id='par_1_48' title="bbox 2111 1857 3731 1952">
     <span class='ocr_line' id='line_1_48' title="bbox 2111 1857 3731 1952; baseline 0.007 -23"><span class='ocrx_word' id='word_1_323' title='bbox 2111 1857 2158 1914; x_wconf 75' lang='grc' dir='ltr'><strong>Β</strong></span> <span class='ocrx_word' id='word_1_324' title='bbox 2187 1876 2363 1942; x_wconf 91' lang='lat' dir='ltr'><strong>colon,</strong></span> <span class='ocrx_word' id='word_1_325' title='bbox 2392 1878 2700 1933; x_wconf 74' lang='lat' dir='ltr'><strong>servabatur</strong></span> <span class='ocrx_word' id='word_1_326' title='bbox 2721 1881 2774 1934; x_wconf 88' lang='lat' dir='ltr'><strong>in</strong></span> <span class='ocrx_word' id='word_1_327' title='bbox 2796 1897 3027 1949; x_wconf 78' lang='lat' dir='ltr'><strong>carcere,</strong></span> <span class='ocrx_word' id='word_1_328' title='bbox 3058 1897 3298 1949; x_wconf 87' lang='lat' dir='ltr'><strong>comma,</strong></span> <span class='ocrx_word' id='word_1_329' title='bbox 3321 1893 3370 1937; x_wconf 85' lang='lat' dir='ltr'><strong>et</strong></span> <span class='ocrx_word' id='word_1_330' title='bbox 3402 1885 3569 1939; x_wconf 85' lang='lat' dir='ltr'><strong>oratio</strong></span> <span class='ocrx_word' id='word_1_331' title='bbox 3593 1886 3731 1952; x_wconf 73' lang='lat' dir='ltr'><strong>fiebat,</strong></span> 
     </span>
    </p>
   </div>
   <div class='ocr_carea' id='block_1_49' title="bbox 2184 1968 3728 2042">
    <p class='ocr_par' dir='ltr' id='par_1_49' title="bbox 2184 1968 3728 2042">
     <span class='ocr_line' id='line_1_49' title="bbox 2184 1968 3728 2042; baseline 0.006 -19"><span class='ocrx_word' id='word_1_332' title='bbox 2184 1968 2364 2036; x_wconf 87' lang='lat' dir='ltr'><strong>colon,</strong></span> <span class='ocrx_word' id='word_1_333' title='bbox 2396 1987 2491 2040; x_wconf 87' lang='lat' dir='ltr'><strong>pro</strong></span> <span class='ocrx_word' id='word_1_334' title='bbox 2521 1988 2580 2026; x_wconf 90' lang='lat' dir='ltr'><strong>eo</strong></span> <span class='ocrx_word' id='word_1_335' title='bbox 2607 1972 2719 2027; x_wconf 85' lang='lat' dir='ltr'><strong>sine</strong></span> <span class='ocrx_word' id='word_1_336' title='bbox 2744 1973 3153 2041; x_wconf 72' lang='lat' dir='ltr'><strong>intermissione,</strong></span> <span class='ocrx_word' id='word_1_337' title='bbox 3194 1991 3435 2042; x_wconf 85' lang='lat' dir='ltr'><strong>comma,</strong></span> <span class='ocrx_word' id='word_1_338' title='bbox 3469 1978 3531 2030; x_wconf 90' lang='lat' dir='ltr'><strong>ab</strong></span> <span class='ocrx_word' id='word_1_339' title='bbox 3554 1982 3728 2034; x_wconf 71' lang='lat' dir='ltr'><strong>ecclesia</strong></span> 
     </span>
    </p>
   </div>
   <div class='ocr_carea' id='block_1_50' title="bbox 2184 2059 3735 2141">
    <p class='ocr_par' dir='ltr' id='par_1_50' title="bbox 2184 2059 3735 2141">
     <span class='ocr_line' id='line_1_50' title="bbox 2184 2059 3735 2141; baseline 0.008 -29"><span class='ocrx_word' id='word_1_340' title='bbox 2184 2060 2255 2113; x_wconf 85' lang='lat' dir='ltr'><strong>ad</strong></span> <span class='ocrx_word' id='word_1_341' title='bbox 2290 2059 2594 2129; x_wconf 83' lang='lat' dir='ltr'><strong>Dominum,</strong></span> <span class='ocrx_word' id='word_1_342' title='bbox 2630 2063 2908 2134; x_wconf 89' lang='lat' dir='ltr'><strong>periodus.</strong></span> <span class='ocrx_word' id='word_1_343' title='bbox 2941 2072 3056 2131; x_wconf 81' lang='lat' dir='ltr'><strong>Qua</strong></span> <span class='ocrx_word' id='word_1_344' title='bbox 3094 2066 3150 2121; x_wconf 92' lang='lat' dir='ltr'><strong>in</strong></span> <span class='ocrx_word' id='word_1_345' title='bbox 3184 2081 3247 2122; x_wconf 88' lang='lat' dir='ltr'><strong>re</strong></span> <span class='ocrx_word' id='word_1_346' title='bbox 3283 2067 3635 2124; x_wconf 79' lang='lat' dir='ltr'><strong>animadverti</strong></span> <span class='ocrx_word' id='word_1_347' title='bbox 3666 2086 3735 2141; x_wconf 85' lang='lat' dir='ltr'><strong>po-</strong></span> 
     </span>
    </p>
   </div>
   <div class='ocr_carea' id='block_1_51' title="bbox 2187 2155 3727 2227">
    <p class='ocr_par' dir='ltr' id='par_1_51' title="bbox 2187 2155 3727 2227">
     <span class='ocr_line' id='line_1_51' title="bbox 2187 2155 3727 2227; baseline 0.006 -21"><span class='ocrx_word' id='word_1_348' title='bbox 2187 2160 2312 2218; x_wconf 89' lang='lat' dir='ltr'><strong>test,</strong></span> <span class='ocrx_word' id='word_1_349' title='bbox 2338 2155 2486 2224; x_wconf 91' lang='lat' dir='ltr'><strong>quod</strong></span> <span class='ocrx_word' id='word_1_350' title='bbox 2534 2155 2681 2210; x_wconf 90' lang='lat' dir='ltr'><strong>modi</strong></span> <span class='ocrx_word' id='word_1_351' title='bbox 2709 2170 2816 2211; x_wconf 91' lang='lat' dir='ltr'><strong>non</strong></span> <span class='ocrx_word' id='word_1_352' title='bbox 2842 2157 3067 2212; x_wconf 89' lang='lat' dir='ltr'><strong>omnino</strong></span> <span class='ocrx_word' id='word_1_353' title='bbox 3090 2158 3317 2213; x_wconf 85' lang='lat' dir='ltr'><strong>abusive</strong></span> <span class='ocrx_word' id='word_1_354' title='bbox 3349 2160 3464 2213; x_wconf 90' lang='lat' dir='ltr'><strong>toni</strong></span> <span class='ocrx_word' id='word_1_355' title='bbox 3489 2173 3727 2227; x_wconf 86' lang='lat' dir='ltr'><strong>vocantur,</strong></span> 
     </span>
    </p>
   </div>
   <div class='ocr_carea' id='block_1_52' title="bbox 2184 2246 3734 2317">
    <p class='ocr_par' dir='ltr' id='par_1_52' title="bbox 2184 2246 3734 2317">
     <span class='ocr_line' id='line_1_52' title="bbox 2184 2246 3734 2317; baseline 0.008 -19"><span class='ocrx_word' id='word_1_356' title='bbox 2184 2260 2285 2299; x_wconf 88' lang='lat' dir='ltr'><strong>nec</strong></span> <span class='ocrx_word' id='word_1_357' title='bbox 2316 2246 2611 2317; x_wconf 88' lang='lat' dir='ltr'><strong>incongrue</strong></span> <span class='ocrx_word' id='word_1_358' title='bbox 2640 2248 3076 2316; x_wconf 75' lang='lat' dir='ltr'><strong>distinctionum,</strong></span> <span class='ocrx_word' id='word_1_359' title='bbox 3105 2265 3199 2305; x_wconf 88' lang='lat' dir='ltr'><strong>seu</strong></span> <span class='ocrx_word' id='word_1_360' title='bbox 3223 2262 3549 2307; x_wconf 78' lang='lat' dir='ltr'><strong>accentuum</strong></span> <span class='ocrx_word' id='word_1_361' title='bbox 3578 2269 3734 2309; x_wconf 80' lang='lat' dir='ltr'><strong>nomen</strong></span> 
     </span>
    </p>
   </div>
   <div class='ocr_carea' id='block_1_53' title="bbox 2184 2338 3735 2411">
    <p class='ocr_par' dir='ltr' id='par_1_53' title="bbox 2184 2338 3735 2411">
     <span class='ocr_line' id='line_1_53' title="bbox 2184 2338 3735 2411; baseline 0.005 -19"><span class='ocrx_word' id='word_1_362' title='bbox 2184 2338 2508 2405; x_wconf 86' lang='lat' dir='ltr'><strong>sortiuntur,</strong></span> <span class='ocrx_word' id='word_1_363' title='bbox 2536 2354 2768 2410; x_wconf 85' lang='lat' dir='ltr'><strong>quorum</strong></span> <span class='ocrx_word' id='word_1_364' title='bbox 2823 2343 3120 2399; x_wconf 77' lang='lat' dir='ltr'><strong>varietates</strong></span> <span class='ocrx_word' id='word_1_365' title='bbox 3148 2344 3457 2399; x_wconf 84' lang='lat' dir='ltr'><strong>imitantur.</strong></span> <span class='ocrx_word' id='word_1_366' title='bbox 3498 2343 3638 2411; x_wconf 85' lang='lat' dir='ltr'><strong>Quod</strong></span> <span class='ocrx_word' id='word_1_367' title='bbox 3665 2362 3735 2401; x_wconf 81' lang='lat' dir='ltr'><strong>au-</strong></span> 
     </span>
    </p>
   </div>
   <div class='ocr_carea' id='block_1_54' title="bbox 2184 2426 3733 2509">
    <p class='ocr_par' dir='ltr' id='par_1_54' title="bbox 2184 2426 3733 2509">
     <span class='ocr_line' id='line_1_54' title="bbox 2184 2426 3733 2509; baseline 0.007 -24"><span class='ocrx_word' id='word_1_368' title='bbox 2184 2437 2293 2485; x_wconf 84' lang='lat' dir='ltr'><strong>tem</strong></span> <span class='ocrx_word' id='word_1_369' title='bbox 2326 2432 2378 2486; x_wconf 92' lang='lat' dir='ltr'><strong>in</strong></span> <span class='ocrx_word' id='word_1_370' title='bbox 2418 2447 2577 2502; x_wconf 88' lang='lat' dir='ltr'><strong>prosa</strong></span> <span class='ocrx_word' id='word_1_371' title='bbox 2607 2434 2945 2503; x_wconf 80' lang='lat' dir='ltr'><strong>grammatici</strong></span> <span class='ocrx_word' id='word_1_372' title='bbox 2977 2435 3158 2504; x_wconf 90' lang='lat' dir='ltr'><strong>colon,</strong></span> <span class='ocrx_word' id='word_1_373' title='bbox 3207 2452 3451 2505; x_wconf 87' lang='lat' dir='ltr'><strong>comma,</strong></span> <span class='ocrx_word' id='word_1_374' title='bbox 3498 2426 3733 2509; x_wconf 85' lang='lat' dir='ltr'><strong>periodum</strong></span> 
     </span>
    </p>
   </div>
   <div class='ocr_carea' id='block_1_55' title="bbox 2184 2525 3737 2605">
    <p class='ocr_par' dir='ltr' id='par_1_55' title="bbox 2184 2525 3737 2605">
     <span class='ocr_line' id='line_1_55' title="bbox 2184 2525 3737 2605; baseline 0.008 -28"><span class='ocrx_word' id='word_1_375' title='bbox 2184 2533 2399 2591; x_wconf 86' lang='lat' dir='ltr'><strong>vocant,</strong></span> <span class='ocrx_word' id='word_1_376' title='bbox 2429 2525 2604 2580; x_wconf 85' lang='lat' dir='ltr'><strong>hocin</strong></span> <span class='ocrx_word' id='word_1_377' title='bbox 2625 2535 2788 2581; x_wconf 88' lang='lat' dir='ltr'><strong>cantu</strong></span> <span class='ocrx_word' id='word_1_378' title='bbox 2819 2528 3040 2597; x_wconf 90' lang='lat' dir='ltr'><strong>quidam</strong></span> <span class='ocrx_word' id='word_1_379' title='bbox 3067 2530 3261 2584; x_wconf 86' lang='lat' dir='ltr'><strong>musici</strong></span> <span class='ocrx_word' id='word_1_380' title='bbox 3294 2531 3579 2597; x_wconf 87' lang='lat' dir='ltr'><strong>diastema,</strong></span> <span class='ocrx_word' id='word_1_381' title='bbox 3601 2544 3737 2605; x_wconf 85' lang='lat' dir='ltr'><strong>syste-</strong></span> 
     </span>
    </p>
   </div>
   <div class='ocr_carea' id='block_1_56' title="bbox 2184 2614 3734 2690">
    <p class='ocr_par' dir='ltr' id='par_1_56' title="bbox 2184 2614 3734 2690">
     <span class='ocr_line' id='line_1_56' title="bbox 2184 2614 3734 2690; baseline 0.01 -25"><span class='ocrx_word' id='word_1_382' title='bbox 2184 2628 2293 2679; x_wconf 90' lang='lat' dir='ltr'><strong>ma,</strong></span> <span class='ocrx_word' id='word_1_383' title='bbox 2339 2614 2563 2670; x_wconf 80' lang='lat' dir='ltr'><strong>teleusin</strong></span> <span class='ocrx_word' id='word_1_384' title='bbox 2600 2616 2902 2674; x_wconf 84' lang='lat' dir='ltr'><strong>nominaut.</strong></span> <span class='ocrx_word' id='word_1_385' title='bbox 2950 2618 3235 2690; x_wconf 85' lang='lat' dir='ltr'><strong>Signiﬁcat</strong></span> <span class='ocrx_word' id='word_1_386' title='bbox 3285 2632 3477 2677; x_wconf 85' lang='lat' dir='ltr'><strong>autem</strong></span> <span class='ocrx_word' id='word_1_387' title='bbox 3515 2625 3734 2680; x_wconf 76' lang='lat' dir='ltr'><strong>diaStema</strong></span> 
     </span>
    </p>
   </div>
   <div class='ocr_carea' id='block_1_57' title="bbox 2182 2705 3734 2783">
    <p class='ocr_par' dir='ltr' id='par_1_57' title="bbox 2182 2705 3734 2783">
     <span class='ocr_line' id='line_1_57' title="bbox 2182 2705 3734 2783; baseline 0.008 -24"><span class='ocrx_word' id='word_1_388' title='bbox 2182 2705 2495 2762; x_wconf 86' lang='lat' dir='ltr'><strong>distinctum</strong></span> <span class='ocrx_word' id='word_1_389' title='bbox 2524 2717 2801 2776; x_wconf 89' lang='lat' dir='ltr'><strong>ornatum,</strong></span> <span class='ocrx_word' id='word_1_390' title='bbox 2831 2710 2924 2780; x_wconf 91' lang='lat' dir='ltr'><strong>qui</strong></span> <span class='ocrx_word' id='word_1_391' title='bbox 2957 2712 3040 2779; x_wconf 86' lang='lat' dir='ltr'><strong>lit,</strong></span> <span class='ocrx_word' id='word_1_392' title='bbox 3076 2713 3299 2783; x_wconf 85' lang='lat' dir='ltr'><strong>quando</strong></span> <span class='ocrx_word' id='word_1_393' title='bbox 3355 2723 3547 2772; x_wconf 90' lang='lat' dir='ltr'><strong>cantus</strong></span> <span class='ocrx_word' id='word_1_394' title='bbox 3581 2732 3670 2771; x_wconf 88' lang='lat' dir='ltr'><strong>non</strong></span> <span class='ocrx_word' id='word_1_395' title='bbox 3692 2722 3734 2771; x_wconf 91' lang='lat' dir='ltr'><strong>in</strong></span> 
     </span>
    </p>
   </div>
   <div class='ocr_carea' id='block_1_58' title="bbox 2181 2797 3738 2878">
    <p class='ocr_par' dir='ltr' id='par_1_58' title="bbox 2181 2797 3738 2878">
     <span class='ocr_line' id='line_1_58' title="bbox 2181 2797 3738 2878; baseline 0.008 -28"><span class='ocrx_word' id='word_1_396' title='bbox 2181 2797 2349 2863; x_wconf 86' lang='lat' dir='ltr'><strong>ﬁnali,</strong></span> <span class='ocrx_word' id='word_1_397' title='bbox 2382 2799 2474 2854; x_wconf 90' lang='lat' dir='ltr'><strong>sed</strong></span> <span class='ocrx_word' id='word_1_398' title='bbox 2507 2799 2559 2854; x_wconf 92' lang='lat' dir='ltr'><strong>in</strong></span> <span class='ocrx_word' id='word_1_399' title='bbox 2595 2800 2699 2855; x_wconf 92' lang='lat' dir='ltr'><strong>alia</strong></span> <span class='ocrx_word' id='word_1_400' title='bbox 2736 2802 2993 2859; x_wconf 86' lang='lat' dir='ltr'><strong>decenter</strong></span> <span class='ocrx_word' id='word_1_401' title='bbox 3017 2815 3249 2874; x_wconf 86' lang='lat' dir='ltr'><strong>pausat;</strong></span> <span class='ocrx_word' id='word_1_402' title='bbox 3285 2815 3527 2877; x_wconf 86' lang='lat' dir='ltr'><strong>systema</strong></span> <span class='ocrx_word' id='word_1_403' title='bbox 3556 2808 3738 2878; x_wconf 78' lang='lat' dir='ltr'><strong>conjun-</strong></span> 
     </span>
    </p>
   </div>
   <div class='ocr_carea' id='block_1_59' title="bbox 2180 2891 3736 2963">
    <p class='ocr_par' dir='ltr' id='par_1_59' title="bbox 2180 2891 3736 2963">
     <span class='ocr_line' id='line_1_59' title="bbox 2180 2891 3736 2963; baseline 0.006 -20"><span class='ocrx_word' id='word_1_404' title='bbox 2180 2896 2327 2944; x_wconf 89' lang='lat' dir='ltr'><strong>ctum</strong></span> <span class='ocrx_word' id='word_1_405' title='bbox 2360 2897 2609 2944; x_wconf 87' lang='lat' dir='ltr'><strong>ornatum</strong></span> <span class='ocrx_word' id='word_1_406' title='bbox 2647 2891 2869 2956; x_wconf 81' lang='lat' dir='ltr'><strong>indicat,</strong></span> <span class='ocrx_word' id='word_1_407' title='bbox 2892 2894 3110 2963; x_wconf 89' lang='lat' dir='ltr'><strong>quoties</strong></span> <span class='ocrx_word' id='word_1_408' title='bbox 3141 2896 3197 2950; x_wconf 93' lang='lat' dir='ltr'><strong>in</strong></span> <span class='ocrx_word' id='word_1_409' title='bbox 3231 2896 3383 2950; x_wconf 87' lang='lat' dir='ltr'><strong>ﬁnali</strong></span> <span class='ocrx_word' id='word_1_410' title='bbox 3421 2896 3612 2953; x_wconf 81' lang='lat' dir='ltr'><strong>decens</strong></span> <span class='ocrx_word' id='word_1_411' title='bbox 3644 2913 3736 2952; x_wconf 80' lang='lat' dir='ltr'><strong>tue-</strong></span> 
     </span>
    </p>
   </div>
   <div class='ocr_carea' id='block_1_60' title="bbox 2180 2968 3424 3050">
    <p class='ocr_par' dir='ltr' id='par_1_60' title="bbox 2180 2968 3424 3050">
     <span class='ocr_line' id='line_1_60' title="bbox 2180 2968 3424 3050; baseline 0.006 -14"><span class='ocrx_word' id='word_1_412' title='bbox 2180 2968 2337 3037; x_wconf 77' lang='lat' dir='ltr'><strong>lodia:</strong></span> <span class='ocrx_word' id='word_1_413' title='bbox 2366 2983 2614 3050; x_wconf 89' lang='lat' dir='ltr'><strong>pausatio</strong></span> <span class='ocrx_word' id='word_1_414' title='bbox 2640 3000 2655 3049; x_wconf 92' lang='lat'><strong>;</strong></span> <span class='ocrx_word' id='word_1_415' title='bbox 2692 2983 2913 3040; x_wconf 82' lang='lat' dir='ltr'><strong>teleusis</strong></span> <span class='ocrx_word' id='word_1_416' title='bbox 2937 2985 3062 3041; x_wconf 88' lang='lat' dir='ltr'><strong>ﬁnis</strong></span> <span class='ocrx_word' id='word_1_417' title='bbox 3088 2996 3175 3043; x_wconf 91' lang='lat' dir='ltr'><strong>est</strong></span> <span class='ocrx_word' id='word_1_418' title='bbox 3198 2998 3424 3043; x_wconf 90' lang='lat' dir='ltr'><strong>cantus.</strong></span> 
     </span>
    </p>
   </div>
   <div class='ocr_carea' id='block_1_61' title="bbox 2243 3074 3740 3151">
    <p class='ocr_par' dir='ltr' id='par_1_61' title="bbox 2243 3074 3740 3151">
     <span class='ocr_line' id='line_1_61' title="bbox 2243 3074 3740 3151; baseline 0.005 -22"><span class='ocrx_word' id='word_1_419' title='bbox 2243 3074 2386 3130; x_wconf 89' lang='lat' dir='ltr'><strong>Sane</strong></span> <span class='ocrx_word' id='word_1_420' title='bbox 2434 3077 2579 3147; x_wconf 85' lang='lat' dir='ltr'><strong>quod</strong></span> <span class='ocrx_word' id='word_1_421' title='bbox 2624 3092 2771 3133; x_wconf 90' lang='lat' dir='ltr'><strong>nunc</strong></span> <span class='ocrx_word' id='word_1_422' title='bbox 2815 3086 2939 3134; x_wconf 90' lang='lat' dir='ltr'><strong>octo</strong></span> <span class='ocrx_word' id='word_1_423' title='bbox 2977 3088 3104 3135; x_wconf 86' lang='lat' dir='ltr'><strong>sunt</strong></span> <span class='ocrx_word' id='word_1_424' title='bbox 3134 3081 3307 3147; x_wconf 84' lang='lat' dir='ltr'><strong>modi,</strong></span> <span class='ocrx_word' id='word_1_425' title='bbox 3346 3096 3471 3136; x_wconf 91' lang='lat' dir='ltr'><strong>cum</strong></span> <span class='ocrx_word' id='word_1_426' title='bbox 3504 3083 3740 3151; x_wconf 83' lang='lat' dir='ltr'><strong>quondam</strong></span> 
     </span>
    </p>
   </div>
   <div class='ocr_carea' id='block_1_62' title="bbox 491 3168 3742 3265">
    <p class='ocr_par' dir='ltr' id='par_1_62' title="bbox 491 3168 3742 3265">
     <span class='ocr_line' id='line_1_62' title="bbox 491 3168 3742 3265; baseline 0.01 -51"><span class='ocrx_word' id='word_1_427' title='bbox 491 3168 647 3218; x_wconf 89' lang='lat' dir='ltr'><strong>tonos</strong></span> <span class='ocrx_word' id='word_1_428' title='bbox 698 3169 1086 3225; x_wconf 90' lang='lat' dir='ltr'><strong>convenienter</strong></span> <span class='ocrx_word' id='word_1_429' title='bbox 1128 3174 1481 3229; x_wconf 88' lang='lat' dir='ltr'><strong>convertitur.</strong></span> <span class='ocrx_word' id='word_1_430' title='bbox 1551 3176 1698 3244; x_wconf 89' lang='lat' dir='ltr'><strong>Quos</strong></span> <span class='ocrx_word' id='word_1_431' title='bbox 1759 3189 1939 3234; x_wconf 89' lang='lat' dir='ltr'><strong>autem</strong></span> <span class='ocrx_word' id='word_1_432' title='bbox 1978 3196 2075 3237; x_wconf 87' lang='lat' dir='ltr'><strong>nos</strong></span> <span class='ocrx_word' id='word_1_433' title='bbox 2102 3201 2148 3265; x_wconf 70' lang='grc' dir='ltr'>ο</span> <span class='ocrx_word' id='word_1_434' title='bbox 2178 3183 2285 3235; x_wconf 68' lang='lat'><strong>1.10&quot;</strong></span> <span class='ocrx_word' id='word_1_435' title='bbox 2320 3177 2504 3225; x_wconf 58' lang='lat' dir='ltr'><strong>essent</strong></span> <span class='ocrx_word' id='word_1_436' title='bbox 2532 3170 2633 3227; x_wconf 75' lang='grc' dir='ltr'><strong>ηίεί</strong></span> <span class='ocrx_word' id='word_1_437' title='bbox 2673 3179 2929 3242; x_wconf 55' lang='lat' dir='ltr'><strong>quatuor.</strong></span> <span class='ocrx_word' id='word_1_438' title='bbox 2970 3172 3038 3227; x_wconf 73' lang='lat' dir='ltr'><strong>de</strong></span> <span class='ocrx_word' id='word_1_439' title='bbox 3068 3174 3173 3228; x_wconf 70' lang='lat' dir='ltr'><strong>hac</strong></span> <span class='ocrx_word' id='word_1_440' title='bbox 3206 3188 3266 3227; x_wconf 69' lang='grc' dir='ltr'><strong>τε</strong></span> <span class='ocrx_word' id='word_1_441' title='bbox 3309 3173 3392 3229; x_wconf 70' lang='grc' dir='ltr'><strong>δίο</strong></span> <span class='ocrx_word' id='word_1_442' title='bbox 3424 3184 3507 3229; x_wconf 72' lang='grc' dir='ltr'><strong>εει</strong></span> <span class='ocrx_word' id='word_1_443' title='bbox 3531 3174 3742 3230; x_wconf 48' lang='lat' dir='ltr'><strong>“ﬁdem</strong></span> 
     </span>
    </p>
   </div>
   <div class='ocr_carea' id='block_1_63' title="bbox 490 3254 2076 3342">
    <p class='ocr_par' dir='ltr' id='par_1_63' title="bbox 490 3254 2076 3342">
     <span class='ocr_line' id='line_1_63' title="bbox 490 3254 2076 3342; baseline 0.016 -38"><span class='ocrx_word' id='word_1_444' title='bbox 490 3254 680 3311; x_wconf 88' lang='lat' dir='ltr'><strong>modos</strong></span> <span class='ocrx_word' id='word_1_445' title='bbox 711 3258 795 3311; x_wconf 84' lang='lat' dir='ltr'><strong>vel</strong></span> <span class='ocrx_word' id='word_1_446' title='bbox 854 3265 1035 3330; x_wconf 76' lang='lat' dir='ltr'><strong>tropos</strong></span> <span class='ocrx_word' id='word_1_447' title='bbox 1058 3264 1421 3333; x_wconf 89' lang='lat' dir='ltr'><strong>nominamus,</strong></span> <span class='ocrx_word' id='word_1_448' title='bbox 1451 3266 1621 3323; x_wconf 71' lang='lat' dir='ltr'><strong>Cra-ci</strong></span> <span class='ocrx_word' id='word_1_449' title='bbox 1658 3270 1965 3342; x_wconf 75' lang='lat' dir='ltr'><strong>plitltongos</strong></span> <span class='ocrx_word' id='word_1_450' title='bbox 1985 3289 2076 3329; x_wconf 87' lang='lat' dir='ltr'><strong>vo-</strong></span> 
     </span>
    </p>
   </div>
   <div class='ocr_carea' id='block_1_64' title="bbox 489 3349 2071 3433">
    <p class='ocr_par' dir='ltr' id='par_1_64' title="bbox 489 3349 2071 3433">
     <span class='ocr_line' id='line_1_64' title="bbox 489 3349 2071 3433; baseline 0.017 -37"><span class='ocrx_word' id='word_1_451' title='bbox 489 3357 636 3401; x_wconf 77' lang='lat' dir='ltr'><strong>cant.</strong></span> <span class='ocrx_word' id='word_1_452' title='bbox 670 3349 736 3403; x_wconf 84' lang='lat' dir='ltr'><strong>Et</strong></span> <span class='ocrx_word' id='word_1_453' title='bbox 765 3352 1064 3421; x_wconf 82' lang='lat' dir='ltr'><strong>sciendum,</strong></span> <span class='ocrx_word' id='word_1_454' title='bbox 1097 3358 1237 3427; x_wconf 89' lang='lat' dir='ltr'><strong>quod</strong></span> <span class='ocrx_word' id='word_1_455' title='bbox 1264 3373 1357 3415; x_wconf 90' lang='lat' dir='ltr'><strong>eos</strong></span> <span class='ocrx_word' id='word_1_456' title='bbox 1396 3371 1551 3417; x_wconf 89' lang='lat' dir='ltr'><strong>tonos</strong></span> <span class='ocrx_word' id='word_1_457' title='bbox 1573 3363 1834 3433; x_wconf 88' lang='lat' dir='ltr'><strong>appellari</strong></span> <span class='ocrx_word' id='word_1_458' title='bbox 1865 3364 2071 3422; x_wconf 83' lang='lat' dir='ltr'><strong>Gnido-</strong></span> 
     </span>
    </p>
   </div>
   <div class='ocr_carea' id='block_1_65' title="bbox 491 3436 2074 3523">
    <p class='ocr_par' dir='ltr' id='par_1_65' title="bbox 491 3436 2074 3523">
     <span class='ocr_line' id='line_1_65' title="bbox 491 3436 2074 3523; baseline 0.015 -34"><span class='ocrx_word' id='word_1_459' title='bbox 491 3436 543 3490; x_wconf 82' lang='lat' dir='ltr'><strong>ni</strong></span> <span class='ocrx_word' id='word_1_460' title='bbox 577 3438 928 3511; x_wconf 86' lang='lat' dir='ltr'><strong>incongruum</strong></span> <span class='ocrx_word' id='word_1_461' title='bbox 961 3446 1196 3515; x_wconf 85' lang='lat' dir='ltr'><strong>videtur,</strong></span> <span class='ocrx_word' id='word_1_462' title='bbox 1231 3459 1285 3504; x_wconf 91' lang='lat' dir='ltr'><strong>et</strong></span> <span class='ocrx_word' id='word_1_463' title='bbox 1312 3452 1617 3507; x_wconf 84' lang='lat' dir='ltr'><strong>abusivum.</strong></span> <span class='ocrx_word' id='word_1_464' title='bbox 1647 3452 1756 3509; x_wconf 90' lang='lat' dir='ltr'><strong>Nos</strong></span> <span class='ocrx_word' id='word_1_465' title='bbox 1780 3465 1986 3523; x_wconf 89' lang='lat' dir='ltr'><strong>autem,</strong></span> <span class='ocrx_word' id='word_1_466' title='bbox 2029 3459 2074 3515; x_wconf 90' lang='lat' dir='ltr'><strong>si</strong></span> 
     </span>
    </p>
   </div>
   <div class='ocr_carea' id='block_1_66' title="bbox 490 3532 2074 3609">
    <p class='ocr_par' dir='ltr' id='par_1_66' title="bbox 490 3532 2074 3609">
     <span class='ocr_line' id='line_1_66' title="bbox 490 3532 2074 3609; baseline 0.017 -28"><span class='ocrx_word' id='word_1_467' title='bbox 490 3544 604 3583; x_wconf 87' lang='lat' dir='ltr'><strong>rem</strong></span> <span class='ocrx_word' id='word_1_468' title='bbox 662 3532 969 3602; x_wconf 84' lang='lat' dir='ltr'><strong>diligentius</strong></span> <span class='ocrx_word' id='word_1_469' title='bbox 1022 3539 1318 3609; x_wconf 89' lang='lat' dir='ltr'><strong>intuamur,</strong></span> <span class='ocrx_word' id='word_1_470' title='bbox 1362 3560 1470 3601; x_wconf 91' lang='lat' dir='ltr'><strong>non</strong></span> <span class='ocrx_word' id='word_1_471' title='bbox 1506 3548 1730 3602; x_wconf 92' lang='lat' dir='ltr'><strong>omnino</strong></span> <span class='ocrx_word' id='word_1_472' title='bbox 1790 3549 2074 3608; x_wconf 89' lang='lat' dir='ltr'><strong>abusivum</strong></span> 
     </span>
    </p>
   </div>
   <div class='ocr_carea' id='block_1_67' title="bbox 488 3610 2075 3714">
    <p class='ocr_par' dir='ltr' id='par_1_67' title="bbox 488 3610 2075 3714">
     <span class='ocr_line' id='line_1_67' title="bbox 488 3610 2075 3714; baseline 0.017 -43"><span class='ocrx_word' id='word_1_473' title='bbox 488 3621 762 3714; x_wconf 84' lang='lat' dir='ltr'><strong>videbitur</strong></span> <span class='ocrx_word' id='word_1_474' title='bbox 818 3610 1138 3685; x_wconf 79' lang='lat' dir='ltr'><strong>vocabulum</strong></span> <span class='ocrx_word' id='word_1_475' title='bbox 1197 3634 1360 3691; x_wconf 90' lang='lat' dir='ltr'><strong>istud.</strong></span> <span class='ocrx_word' id='word_1_476' title='bbox 1416 3637 1595 3694; x_wconf 89' lang='lat' dir='ltr'><strong>Latini</strong></span> <span class='ocrx_word' id='word_1_477' title='bbox 1629 3640 1830 3711; x_wconf 89' lang='lat' dir='ltr'><strong>quippe</strong></span> <span class='ocrx_word' id='word_1_478' title='bbox 1894 3643 2075 3714; x_wconf 91' lang='lat' dir='ltr'><strong>inopia</strong></span> 
     </span>
    </p>
   </div>
   <div class='ocr_carea' id='block_1_68' title="bbox 488 3711 2078 3807">
    <p class='ocr_par' dir='ltr' id='par_1_68' title="bbox 488 3711 2078 3807">
     <span class='ocr_line' id='line_1_68' title="bbox 488 3711 2078 3807; baseline 0.017 -45"><span class='ocrx_word' id='word_1_479' title='bbox 488 3711 684 3781; x_wconf 90' lang='lat' dir='ltr'><strong>cloquii</strong></span> <span class='ocrx_word' id='word_1_480' title='bbox 736 3715 1049 3788; x_wconf 88' lang='lat' dir='ltr'><strong>plerumque</strong></span> <span class='ocrx_word' id='word_1_481' title='bbox 1086 3726 1319 3792; x_wconf 88' lang='lat' dir='ltr'><strong>propriis</strong></span> <span class='ocrx_word' id='word_1_482' title='bbox 1340 3738 1529 3783; x_wconf 89' lang='lat' dir='ltr'><strong>carent</strong></span> <span class='ocrx_word' id='word_1_483' title='bbox 1569 3729 1804 3807; x_wconf 79' lang='lat' dir='ltr'><strong>indiciis,</strong></span> <span class='ocrx_word' id='word_1_484' title='bbox 1830 3747 1952 3786; x_wconf 92' lang='lat' dir='ltr'><strong>cum</strong></span> <span class='ocrx_word' id='word_1_485' title='bbox 1982 3711 2078 3788; x_wconf 82' lang='lat' dir='ltr'><strong>de-</strong></span> 
     </span>
    </p>
   </div>
   <div class='ocr_carea' id='block_1_69' title="bbox 489 3806 2079 3893">
    <p class='ocr_par' dir='ltr' id='par_1_69' title="bbox 489 3806 2079 3893">
     <span class='ocr_line' id='line_1_69' title="bbox 489 3806 2079 3893; baseline 0.017 -41"><span class='ocrx_word' id='word_1_486' title='bbox 489 3806 971 3862; x_wconf 88' lang='lat' dir='ltr'><strong>monstrationibus</strong></span> <span class='ocrx_word' id='word_1_487' title='bbox 1008 3809 1277 3869; x_wconf 90' lang='lat' dir='ltr'><strong>interdum</strong></span> <span class='ocrx_word' id='word_1_488' title='bbox 1303 3819 1628 3876; x_wconf 82' lang='lat' dir='ltr'><strong>necessitate</strong></span> <span class='ocrx_word' id='word_1_489' title='bbox 1656 3806 1916 3893; x_wconf 89' lang='lat' dir='ltr'><strong>compulsi</strong></span> <span class='ocrx_word' id='word_1_490' title='bbox 1950 3824 2079 3878; x_wconf 80' lang='lat' dir='ltr'><strong>alie-</strong></span> 
     </span>
    </p>
   </div>
   <div class='ocr_carea' id='block_1_70' title="bbox 488 3893 2075 3984">
    <p class='ocr_par' dir='ltr' id='par_1_70' title="bbox 488 3893 2075 3984">
     <span class='ocr_line' id='line_1_70' title="bbox 488 3893 2075 3984; baseline 0.02 -41"><span class='ocrx_word' id='word_1_491' title='bbox 488 3906 557 3944; x_wconf 88' lang='lat' dir='ltr'><strong>na</strong></span> <span class='ocrx_word' id='word_1_492' title='bbox 584 3893 685 3947; x_wconf 87' lang='lat' dir='ltr'><strong>sibi</strong></span> <span class='ocrx_word' id='word_1_493' title='bbox 712 3898 965 3955; x_wconf 88' lang='lat' dir='ltr'><strong>vocabula</strong></span> <span class='ocrx_word' id='word_1_494' title='bbox 1002 3909 1311 3973; x_wconf 88' lang='lat' dir='ltr'><strong>usurpando</strong></span> <span class='ocrx_word' id='word_1_495' title='bbox 1356 3911 1662 3979; x_wconf 91' lang='lat' dir='ltr'><strong>asciscunt,</strong></span> <span class='ocrx_word' id='word_1_496' title='bbox 1709 3917 1849 3984; x_wconf 85' lang='lat' dir='ltr'><strong>quod</strong></span> <span class='ocrx_word' id='word_1_497' title='bbox 1904 3917 2075 3974; x_wconf 61' lang='lat' dir='ltr'><strong>Graeci</strong></span> 
     </span>
    </p>
   </div>
   <div class='ocr_carea' id='block_1_71' title="bbox 487 3990 2076 4080">
    <p class='ocr_par' dir='ltr' id='par_1_71' title="bbox 487 3990 2076 4080">
     <span class='ocr_line' id='line_1_71' title="bbox 487 3990 2076 4080; baseline 0.018 -44"><span class='ocrx_word' id='word_1_498' title='bbox 487 3991 814 4061; x_wconf 74' lang='grc' dir='ltr'><strong>καταχρησὶν</strong></span> <span class='ocrx_word' id='word_1_499' title='bbox 843 3990 920 4061; x_wconf 89' lang='grc'>(8)</span> <span class='ocrx_word' id='word_1_500' title='bbox 972 4004 1195 4050; x_wconf 89' lang='lat' dir='ltr'><strong>vocant.</strong></span> <span class='ocrx_word' id='word_1_501' title='bbox 1257 3998 1393 4054; x_wconf 82' lang='lat' dir='ltr'><strong>Cum</strong></span> <span class='ocrx_word' id='word_1_502' title='bbox 1447 4018 1577 4074; x_wconf 86' lang='lat' dir='ltr'><strong>ergo</strong></span> <span class='ocrx_word' id='word_1_503' title='bbox 1628 4004 1804 4061; x_wconf 88' lang='lat' dir='ltr'><strong>Latini</strong></span> <span class='ocrx_word' id='word_1_504' title='bbox 1867 4009 2076 4080; x_wconf 88' lang='lat' dir='ltr'><strong>antiqui</strong></span> 
     </span>
    </p>
   </div>
   <div class='ocr_carea' id='block_1_72' title="bbox 487 4083 2129 4158">
    <p class='ocr_par' dir='ltr' id='par_1_72' title="bbox 487 4083 2129 4158">
     <span class='ocr_line' id='line_1_72' title="bbox 487 4083 2129 4158; baseline 0.013 -24"><span class='ocrx_word' id='word_1_505' title='bbox 487 4083 898 4138; x_wconf 88' lang='lat' dir='ltr'><strong>consonantiam</strong></span> <span class='ocrx_word' id='word_1_506' title='bbox 924 4086 1217 4155; x_wconf 88' lang='lat' dir='ltr'><strong>quamdam</strong></span> <span class='ocrx_word' id='word_1_507' title='bbox 1248 4090 1302 4144; x_wconf 94' lang='lat' dir='ltr'><strong>in</strong></span> <span class='ocrx_word' id='word_1_508' title='bbox 1333 4095 1537 4150; x_wconf 88' lang='lat' dir='ltr'><strong>musica</strong></span> <span class='ocrx_word' id='word_1_509' title='bbox 1592 4102 1969 4157; x_wconf 89' lang='lat' dir='ltr'><strong>tantummodo</strong></span> <span class='ocrx_word' id='word_1_510' title='bbox 2001 4111 2079 4158; x_wconf 80' lang='lat' dir='ltr'><strong>to-</strong></span> <span class='ocrx_word' id='word_1_511' title='bbox 2118 4144 2129 4155; x_wconf 89' lang='lat'><strong>.</strong></span> 
     </span>
    </p>
   </div>
   <div class='ocr_carea' id='block_1_73' title="bbox 486 4184 2079 4259">
    <p class='ocr_par' dir='ltr' id='par_1_73' title="bbox 486 4184 2079 4259">
     <span class='ocr_line' id='line_1_73' title="bbox 486 4184 2079 4259; baseline 0.013 -29"><span class='ocrx_word' id='word_1_512' title='bbox 486 4193 614 4232; x_wconf 91' lang='lat' dir='ltr'><strong>num</strong></span> <span class='ocrx_word' id='word_1_513' title='bbox 645 4189 921 4247; x_wconf 87' lang='lat' dir='ltr'><strong>vocarent,</strong></span> <span class='ocrx_word' id='word_1_514' title='bbox 956 4184 1294 4251; x_wconf 77' lang='lat' dir='ltr'><strong>grammatici</strong></span> <span class='ocrx_word' id='word_1_515' title='bbox 1323 4194 1379 4240; x_wconf 89' lang='lat' dir='ltr'><strong>et</strong></span> <span class='ocrx_word' id='word_1_516' title='bbox 1408 4197 1666 4247; x_wconf 85' lang='lat' dir='ltr'><strong>accentus</strong></span> <span class='ocrx_word' id='word_1_517' title='bbox 1686 4193 1969 4259; x_wconf 87' lang='lat' dir='ltr'><strong>orationis,</strong></span> <span class='ocrx_word' id='word_1_518' title='bbox 1995 4201 2079 4257; x_wconf 82' lang='lat' dir='ltr'><strong>vel</strong></span> 
     </span>
    </p>
   </div>
   <div class='ocr_carea' id='block_1_74' title="bbox 485 4272 2063 4353">
    <p class='ocr_par' dir='ltr' id='par_1_74' title="bbox 485 4272 2063 4353">
     <span class='ocr_line' id='line_1_74' title="bbox 485 4272 2063 4353; baseline 0.013 -28"><span class='ocrx_word' id='word_1_519' title='bbox 485 4272 860 4331; x_wconf 89' lang='lat' dir='ltr'><strong>distinctiones</strong></span> <span class='ocrx_word' id='word_1_520' title='bbox 891 4285 1047 4333; x_wconf 90' lang='lat' dir='ltr'><strong>tonos</strong></span> <span class='ocrx_word' id='word_1_521' title='bbox 1088 4281 1359 4352; x_wconf 88' lang='lat' dir='ltr'><strong>appellare</strong></span> <span class='ocrx_word' id='word_1_522' title='bbox 1390 4294 1648 4353; x_wconf 90' lang='lat' dir='ltr'><strong>usurpato</strong></span> <span class='ocrx_word' id='word_1_523' title='bbox 1687 4287 1908 4343; x_wconf 92' lang='lat' dir='ltr'><strong>nomine</strong></span> <span class='ocrx_word' id='word_1_524' title='bbox 1950 4303 2063 4344; x_wconf 70' lang='lat' dir='ltr'><strong>cte-</strong></span> 
     </span>
    </p>
   </div>
   <div class='ocr_carea' id='block_1_75' title="bbox 484 4365 2077 4445">
    <p class='ocr_par' dir='ltr' id='par_1_75' title="bbox 484 4365 2077 4445">
     <span class='ocr_line' id='line_1_75' title="bbox 484 4365 2077 4445; baseline 0.01 -29"><span class='ocrx_word' id='word_1_525' title='bbox 484 4375 700 4431; x_wconf 87' lang='lat' dir='ltr'><strong>perunt.</strong></span> <span class='ocrx_word' id='word_1_526' title='bbox 755 4365 968 4424; x_wconf 81' lang='lat' dir='ltr'><strong>Rursus</strong></span> <span class='ocrx_word' id='word_1_527' title='bbox 1016 4368 1167 4425; x_wconf 92' lang='lat' dir='ltr'><strong>latini</strong></span> <span class='ocrx_word' id='word_1_528' title='bbox 1214 4381 1469 4429; x_wconf 91' lang='lat' dir='ltr'><strong>cantores</strong></span> <span class='ocrx_word' id='word_1_529' title='bbox 1513 4390 1620 4429; x_wconf 92' lang='lat' dir='ltr'><strong>non</strong></span> <span class='ocrx_word' id='word_1_530' title='bbox 1677 4390 1899 4445; x_wconf 86' lang='lat' dir='ltr'><strong>parvam</strong></span> <span class='ocrx_word' id='word_1_531' title='bbox 1955 4392 2077 4432; x_wconf 88' lang='lat' dir='ltr'><strong>esse</strong></span> 
     </span>
    </p>
   </div>
   <div class='ocr_carea' id='block_1_76' title="bbox 484 4454 2075 4539">
    <p class='ocr_par' dir='ltr' id='par_1_76' title="bbox 484 4454 2075 4539">
     <span class='ocr_line' id='line_1_76' title="bbox 484 4454 2075 4539; baseline 0.011 -33"><span class='ocrx_word' id='word_1_532' title='bbox 484 4454 891 4539; x_wconf 78' lang='lat' dir='ltr'><strong>similitudinem</strong></span> <span class='ocrx_word' id='word_1_533' title='bbox 937 4458 1079 4514; x_wconf 90' lang='lat' dir='ltr'><strong>inter</strong></span> <span class='ocrx_word' id='word_1_534' title='bbox 1117 4472 1309 4518; x_wconf 89' lang='lat' dir='ltr'><strong>cantus</strong></span> <span class='ocrx_word' id='word_1_535' title='bbox 1334 4472 1390 4519; x_wconf 91' lang='lat' dir='ltr'><strong>et</strong></span> <span class='ocrx_word' id='word_1_536' title='bbox 1429 4473 1686 4520; x_wconf 88' lang='lat' dir='ltr'><strong>accentus</strong></span> <span class='ocrx_word' id='word_1_537' title='bbox 1711 4465 1973 4532; x_wconf 78' lang='lat' dir='ltr'><strong>prosaica:</strong></span> <span class='ocrx_word' id='word_1_538' title='bbox 1997 4466 2075 4522; x_wconf 91' lang='lat' dir='ltr'><strong>lo-</strong></span> 
     </span>
    </p>
   </div>
   <div class='ocr_carea' id='block_1_77' title="bbox 2181 3259 3743 3333">
    <p class='ocr_par' dir='ltr' id='par_1_77' title="bbox 2181 3259 3743 3333">
     <span class='ocr_line' id='line_1_77' title="bbox 2181 3259 3743 3333; baseline 0.004 -20"><span class='ocrx_word' id='word_1_539' title='bbox 2181 3259 2329 3313; x_wconf 71' lang='lat' dir='ltr'><strong>duim.</strong></span> <span class='ocrx_word' id='word_1_540' title='bbox 2359 3261 2462 3327; x_wconf 88' lang='lat' dir='ltr'><strong>Qui</strong></span> <span class='ocrx_word' id='word_1_541' title='bbox 2518 3262 2772 3331; x_wconf 86' lang='lat' dir='ltr'><strong>primitus</strong></span> <span class='ocrx_word' id='word_1_542' title='bbox 2802 3262 2869 3318; x_wconf 89' lang='lat' dir='ltr'><strong>de</strong></span> <span class='ocrx_word' id='word_1_543' title='bbox 2913 3263 3122 3318; x_wconf 88' lang='lat' dir='ltr'><strong>musica</strong></span> <span class='ocrx_word' id='word_1_544' title='bbox 3175 3264 3533 3333; x_wconf 88' lang='lat' dir='ltr'><strong>scripserunt,</strong></span> <span class='ocrx_word' id='word_1_545' title='bbox 3577 3274 3743 3319; x_wconf 85' lang='lat' dir='ltr'><strong>natura</strong></span> 
     </span>
    </p>
   </div>
   <div class='ocr_carea' id='block_1_78' title="bbox 2180 3354 3741 3427">
    <p class='ocr_par' dir='ltr' id='par_1_78' title="bbox 2180 3354 3741 3427">
     <span class='ocr_line' id='line_1_78' title="bbox 2180 3354 3741 3427; baseline 0.001 -20"><span class='ocrx_word' id='word_1_546' title='bbox 2180 3369 2373 3427; x_wconf 86' lang='lat' dir='ltr'><strong>vocum</strong></span> <span class='ocrx_word' id='word_1_547' title='bbox 2397 3354 2685 3424; x_wconf 76' lang='lat' dir='ltr'><strong>diligenter</strong></span> <span class='ocrx_word' id='word_1_548' title='bbox 2714 3354 3081 3421; x_wconf 88' lang='lat' dir='ltr'><strong>considerata,</strong></span> <span class='ocrx_word' id='word_1_549' title='bbox 3109 3364 3272 3425; x_wconf 90' lang='lat' dir='ltr'><strong>prout</strong></span> <span class='ocrx_word' id='word_1_550' title='bbox 3300 3364 3430 3409; x_wconf 89' lang='lat' dir='ltr'><strong>tunc</strong></span> <span class='ocrx_word' id='word_1_551' title='bbox 3453 3356 3588 3411; x_wconf 83' lang='lat' dir='ltr'><strong>vires</strong></span> <span class='ocrx_word' id='word_1_552' title='bbox 3610 3356 3741 3426; x_wconf 77' lang='lat' dir='ltr'><strong>inge-</strong></span> 
     </span>
    </p>
   </div>
   <div class='ocr_carea' id='block_1_79' title="bbox 2180 3444 3746 3515">
    <p class='ocr_par' dir='ltr' id='par_1_79' title="bbox 2180 3444 3746 3515">
     <span class='ocr_line' id='line_1_79' title="bbox 2180 3444 3746 3515; baseline -0.001 -16"><span class='ocrx_word' id='word_1_553' title='bbox 2180 3444 2328 3501; x_wconf 89' lang='lat' dir='ltr'><strong>nium</strong></span> <span class='ocrx_word' id='word_1_554' title='bbox 2361 3445 2845 3513; x_wconf 62' lang='lat' dir='ltr'><strong>praebuit,omnem</strong></span> <span class='ocrx_word' id='word_1_555' title='bbox 2873 3445 3181 3502; x_wconf 89' lang='lat' dir='ltr'><strong>modulandi</strong></span> <span class='ocrx_word' id='word_1_556' title='bbox 3213 3446 3531 3501; x_wconf 87' lang='lat' dir='ltr'><strong>varietatem</strong></span> <span class='ocrx_word' id='word_1_557' title='bbox 3554 3446 3601 3500; x_wconf 91' lang='lat' dir='ltr'><strong>in</strong></span> <span class='ocrx_word' id='word_1_558' title='bbox 3630 3461 3746 3515; x_wconf 83' lang='lat' dir='ltr'><strong>qua-</strong></span> 
     </span>
    </p>
   </div>
   <div class='ocr_carea' id='block_1_80' title="bbox 2180 3536 3746 3609">
    <p class='ocr_par' dir='ltr' id='par_1_80' title="bbox 2180 3536 3746 3609">
     <span class='ocr_line' id='line_1_80' title="bbox 2180 3536 3746 3609; baseline 0.001 -20"><span class='ocrx_word' id='word_1_559' title='bbox 2180 3544 2306 3590; x_wconf 90' lang='lat' dir='ltr'><strong>tuor</strong></span> <span class='ocrx_word' id='word_1_560' title='bbox 2319 3536 2681 3592; x_wconf 83' lang='lat' dir='ltr'><strong>distinxerunt</strong></span> <span class='ocrx_word' id='word_1_561' title='bbox 2697 3538 2907 3603; x_wconf 90' lang='lat' dir='ltr'><strong>modos,</strong></span> <span class='ocrx_word' id='word_1_562' title='bbox 2926 3542 3066 3594; x_wconf 87' lang='lat' dir='ltr'><strong>unde</strong></span> <span class='ocrx_word' id='word_1_563' title='bbox 3082 3548 3133 3593; x_wconf 90' lang='lat' dir='ltr'><strong>et</strong></span> <span class='ocrx_word' id='word_1_564' title='bbox 3148 3550 3385 3609; x_wconf 89' lang='lat' dir='ltr'><strong>quatuor</strong></span> <span class='ocrx_word' id='word_1_565' title='bbox 3416 3550 3606 3592; x_wconf 84' lang='lat' dir='ltr'><strong>tantum</strong></span> <span class='ocrx_word' id='word_1_566' title='bbox 3626 3542 3746 3591; x_wconf 83' lang='lat' dir='ltr'><strong>ﬁna-</strong></span> 
     </span>
    </p>
   </div>
   <div class='ocr_carea' id='block_1_81' title="bbox 2181 3629 3748 3703">
    <p class='ocr_par' dir='ltr' id='par_1_81' title="bbox 2181 3629 3748 3703">
     <span class='ocr_line' id='line_1_81' title="bbox 2181 3629 3748 3703; baseline 0 -19"><span class='ocrx_word' id='word_1_567' title='bbox 2181 3630 2258 3684; x_wconf 88' lang='lat' dir='ltr'><strong>les</strong></span> <span class='ocrx_word' id='word_1_568' title='bbox 2277 3630 2560 3685; x_wconf 82' lang='lat' dir='ltr'><strong>habentur.</strong></span> <span class='ocrx_word' id='word_1_569' title='bbox 2577 3629 2814 3687; x_wconf 77' lang='lat' dir='ltr'><strong>Moderni</strong></span> <span class='ocrx_word' id='word_1_570' title='bbox 2830 3640 3010 3688; x_wconf 88' lang='lat' dir='ltr'><strong>autem</strong></span> <span class='ocrx_word' id='word_1_571' title='bbox 3025 3633 3268 3703; x_wconf 87' lang='lat' dir='ltr'><strong>priorum</strong></span> <span class='ocrx_word' id='word_1_572' title='bbox 3287 3632 3502 3686; x_wconf 85' lang='lat' dir='ltr'><strong>inventa</strong></span> <span class='ocrx_word' id='word_1_573' title='bbox 3525 3630 3748 3685; x_wconf 82' lang='lat' dir='ltr'><strong>subtilius</strong></span> 
     </span>
    </p>
   </div>
   <div class='ocr_carea' id='block_1_82' title="bbox 2180 3721 3745 3789">
    <p class='ocr_par' dir='ltr' id='par_1_82' title="bbox 2180 3721 3745 3789">
     <span class='ocr_line' id='line_1_82' title="bbox 2180 3721 3745 3789; baseline -0.002 -12"><span class='ocrx_word' id='word_1_574' title='bbox 2180 3721 2582 3789; x_wconf 76' lang='lat' dir='ltr'><strong>cxaminantes,</strong></span> <span class='ocrx_word' id='word_1_575' title='bbox 2625 3723 3051 3780; x_wconf 89' lang='lat' dir='ltr'><strong>considerabant</strong></span> <span class='ocrx_word' id='word_1_576' title='bbox 3096 3723 3442 3779; x_wconf 84' lang='lat' dir='ltr'><strong>harmoniam</strong></span> <span class='ocrx_word' id='word_1_577' title='bbox 3488 3725 3745 3777; x_wconf 86' lang='lat' dir='ltr'><strong>modorum</strong></span> 
     </span>
    </p>
   </div>
   <div class='ocr_carea' id='block_1_83' title="bbox 2181 3815 3749 3885">
    <p class='ocr_par' dir='ltr' id='par_1_83' title="bbox 2181 3815 3749 3885">
     <span class='ocr_line' id='line_1_83' title="bbox 2181 3815 3749 3885; baseline -0.003 -13"><span class='ocrx_word' id='word_1_578' title='bbox 2181 3815 2462 3874; x_wconf 76' lang='lat' dir='ltr'><strong>confusam</strong></span> <span class='ocrx_word' id='word_1_579' title='bbox 2489 3830 2611 3871; x_wconf 89' lang='lat' dir='ltr'><strong>esse</strong></span> <span class='ocrx_word' id='word_1_580' title='bbox 2651 3830 2714 3870; x_wconf 91' lang='lat' dir='ltr'><strong>ac</strong></span> <span class='ocrx_word' id='word_1_581' title='bbox 2743 3815 3040 3872; x_wconf 86' lang='lat' dir='ltr'><strong>dissonam.</strong></span> <span class='ocrx_word' id='word_1_582' title='bbox 3074 3815 3347 3872; x_wconf 79' lang='lat' dir='ltr'><strong>Videbant</strong></span> <span class='ocrx_word' id='word_1_583' title='bbox 3376 3831 3602 3885; x_wconf 86' lang='lat' dir='ltr'><strong>namque</strong></span> <span class='ocrx_word' id='word_1_584' title='bbox 3634 3830 3749 3869; x_wconf 78' lang='lat' dir='ltr'><strong>can-</strong></span> 
     </span>
    </p>
   </div>
   <div class='ocr_carea' id='block_1_84' title="bbox 2184 3906 3749 3980">
    <p class='ocr_par' dir='ltr' id='par_1_84' title="bbox 2184 3906 3749 3980">
     <span class='ocr_line' id='line_1_84' title="bbox 2184 3906 3749 3980; baseline -0.002 -18"><span class='ocrx_word' id='word_1_585' title='bbox 2184 3916 2295 3962; x_wconf 88' lang='lat' dir='ltr'><strong>tum</strong></span> <span class='ocrx_word' id='word_1_586' title='bbox 2337 3906 2580 3976; x_wconf 89' lang='lat' dir='ltr'><strong>ejusdem</strong></span> <span class='ocrx_word' id='word_1_587' title='bbox 2607 3907 2749 3962; x_wconf 92' lang='lat' dir='ltr'><strong>modi</strong></span> <span class='ocrx_word' id='word_1_588' title='bbox 2780 3924 2923 3965; x_wconf 91' lang='lat' dir='ltr'><strong>nunc</strong></span> <span class='ocrx_word' id='word_1_589' title='bbox 2952 3909 3004 3963; x_wconf 93' lang='lat' dir='ltr'><strong>in</strong></span> <span class='ocrx_word' id='word_1_590' title='bbox 3032 3910 3290 3980; x_wconf 88' lang='lat' dir='ltr'><strong>gravibus</strong></span> <span class='ocrx_word' id='word_1_591' title='bbox 3320 3909 3632 3979; x_wconf 82' lang='lat' dir='ltr'><strong>principium</strong></span> <span class='ocrx_word' id='word_1_592' title='bbox 3660 3906 3749 3960; x_wconf 80' lang='lat' dir='ltr'><strong>ha-</strong></span> 
     </span>
    </p>
   </div>
   <div class='ocr_carea' id='block_1_85' title="bbox 2179 3996 3749 4069">
    <p class='ocr_par' dir='ltr' id='par_1_85' title="bbox 2179 3996 3749 4069">
     <span class='ocr_line' id='line_1_85' title="bbox 2179 3996 3749 4069; baseline -0.001 -16"><span class='ocrx_word' id='word_1_593' title='bbox 2179 3998 2331 4064; x_wconf 75' lang='lat' dir='ltr'><strong>bere,</strong></span> <span class='ocrx_word' id='word_1_594' title='bbox 2356 4006 2412 4053; x_wconf 90' lang='lat' dir='ltr'><strong>et</strong></span> <span class='ocrx_word' id='word_1_595' title='bbox 2440 3997 2584 4052; x_wconf 89' lang='lat' dir='ltr'><strong>circa</strong></span> <span class='ocrx_word' id='word_1_596' title='bbox 2616 3998 2761 4067; x_wconf 86' lang='lat' dir='ltr'><strong>ipsas</strong></span> <span class='ocrx_word' id='word_1_597' title='bbox 2786 3999 2993 4069; x_wconf 89' lang='lat' dir='ltr'><strong>vagari,</strong></span> <span class='ocrx_word' id='word_1_598' title='bbox 3022 4015 3165 4054; x_wconf 87' lang='lat' dir='ltr'><strong>nunc</strong></span> <span class='ocrx_word' id='word_1_599' title='bbox 3210 3999 3264 4054; x_wconf 90' lang='lat' dir='ltr'><strong>in</strong></span> <span class='ocrx_word' id='word_1_600' title='bbox 3305 4000 3479 4055; x_wconf 87' lang='lat' dir='ltr'><strong>acutis</strong></span> <span class='ocrx_word' id='word_1_601' title='bbox 3506 3996 3749 4060; x_wconf 81' lang='lat' dir='ltr'><strong>inchoari,</strong></span> 
     </span>
    </p>
   </div>
   <div class='ocr_carea' id='block_1_86' title="bbox 2181 4086 3753 4160">
    <p class='ocr_par' dir='ltr' id='par_1_86' title="bbox 2181 4086 3753 4160">
     <span class='ocr_line' id='line_1_86' title="bbox 2181 4086 3753 4160; baseline -0.003 -17"><span class='ocrx_word' id='word_1_602' title='bbox 2181 4097 2236 4143; x_wconf 87' lang='lat' dir='ltr'><strong>et</strong></span> <span class='ocrx_word' id='word_1_603' title='bbox 2263 4087 2459 4143; x_wconf 83' lang='lat' dir='ltr'><strong>ibidem</strong></span> <span class='ocrx_word' id='word_1_604' title='bbox 2490 4086 2727 4143; x_wconf 80' lang='lat' dir='ltr'><strong>maxime</strong></span> <span class='ocrx_word' id='word_1_605' title='bbox 2746 4090 3095 4145; x_wconf 88' lang='lat' dir='ltr'><strong>commorari.</strong></span> <span class='ocrx_word' id='word_1_606' title='bbox 3120 4089 3271 4145; x_wconf 82' lang='lat' dir='ltr'><strong>Hanc</strong></span> <span class='ocrx_word' id='word_1_607' title='bbox 3298 4090 3461 4160; x_wconf 85' lang='lat' dir='ltr'><strong>igitur</strong></span> <span class='ocrx_word' id='word_1_608' title='bbox 3490 4089 3753 4143; x_wconf 80' lang='lat' dir='ltr'><strong>dissonan-</strong></span> 
     </span>
    </p>
   </div>
   <div class='ocr_carea' id='block_1_87' title="bbox 2184 4178 3751 4255">
    <p class='ocr_par' dir='ltr' id='par_1_87' title="bbox 2184 4178 3751 4255">
     <span class='ocr_line' id='line_1_87' title="bbox 2184 4178 3751 4255; baseline -0.002 -16"><span class='ocrx_word' id='word_1_609' title='bbox 2184 4185 2312 4239; x_wconf 86' lang='lat' dir='ltr'><strong>tiam</strong></span> <span class='ocrx_word' id='word_1_610' title='bbox 2368 4184 2612 4239; x_wconf 87' lang='lat' dir='ltr'><strong>volentes</strong></span> <span class='ocrx_word' id='word_1_611' title='bbox 2663 4192 2932 4251; x_wconf 85' lang='lat' dir='ltr'><strong>avertere,</strong></span> <span class='ocrx_word' id='word_1_612' title='bbox 2974 4200 3416 4255; x_wconf 84' lang='lat' dir='ltr'><strong>unumquemque</strong></span> <span class='ocrx_word' id='word_1_613' title='bbox 3475 4178 3751 4239; x_wconf 66' lang='lat' dir='ltr'><strong>modum&#39;ia</strong></span> 
     </span>
    </p>
   </div>
   <div class='ocr_carea' id='block_1_88' title="bbox 2181 4274 3750 4347">
    <p class='ocr_par' dir='ltr' id='par_1_88' title="bbox 2181 4274 3750 4347">
     <span class='ocr_line' id='line_1_88' title="bbox 2181 4274 3750 4347; baseline -0.001 -17"><span class='ocrx_word' id='word_1_614' title='bbox 2181 4275 2317 4332; x_wconf 91' lang='lat' dir='ltr'><strong>duos</strong></span> <span class='ocrx_word' id='word_1_615' title='bbox 2340 4278 2522 4347; x_wconf 90' lang='lat' dir='ltr'><strong>partiti</strong></span> <span class='ocrx_word' id='word_1_616' title='bbox 2564 4286 2712 4342; x_wconf 86' lang='lat' dir='ltr'><strong>sunt,</strong></span> <span class='ocrx_word' id='word_1_617' title='bbox 2753 4285 2814 4332; x_wconf 91' lang='lat' dir='ltr'><strong>ut</strong></span> <span class='ocrx_word' id='word_1_618' title='bbox 2864 4276 3121 4332; x_wconf 87' lang='lat' dir='ltr'><strong>videlicet</strong></span> <span class='ocrx_word' id='word_1_619' title='bbox 3176 4276 3266 4331; x_wconf 92' lang='lat' dir='ltr'><strong>ille</strong></span> <span class='ocrx_word' id='word_1_620' title='bbox 3295 4276 3521 4332; x_wconf 86' lang='lat' dir='ltr'><strong>canendi</strong></span> <span class='ocrx_word' id='word_1_621' title='bbox 3554 4274 3750 4338; x_wconf 86' lang='lat' dir='ltr'><strong>modus,</strong></span> 
     </span>
    </p>
   </div>
   <div class='ocr_carea' id='block_1_89' title="bbox 2179 4368 3751 4439">
    <p class='ocr_par' dir='ltr' id='par_1_89' title="bbox 2179 4368 3751 4439">
     <span class='ocr_line' id='line_1_89' title="bbox 2179 4368 3751 4439; baseline 0.001 -18"><span class='ocrx_word' id='word_1_622' title='bbox 2179 4369 2269 4439; x_wconf 84' lang='lat' dir='ltr'><strong>qui</strong></span> <span class='ocrx_word' id='word_1_623' title='bbox 2304 4370 2355 4423; x_wconf 92' lang='lat' dir='ltr'><strong>in</strong></span> <span class='ocrx_word' id='word_1_624' title='bbox 2378 4370 2554 4427; x_wconf 88' lang='lat' dir='ltr'><strong>acutis</strong></span> <span class='ocrx_word' id='word_1_625' title='bbox 2582 4378 2915 4435; x_wconf 88' lang='lat' dir='ltr'><strong>versaretur,</strong></span> <span class='ocrx_word' id='word_1_626' title='bbox 2943 4370 3265 4436; x_wconf 84' lang='lat' dir='ltr'><strong>authenlus,</strong></span> <span class='ocrx_word' id='word_1_627' title='bbox 3298 4368 3351 4424; x_wconf 90' lang='lat' dir='ltr'><strong>id</strong></span> <span class='ocrx_word' id='word_1_628' title='bbox 3387 4378 3488 4436; x_wconf 88' lang='lat' dir='ltr'><strong>est,</strong></span> <span class='ocrx_word' id='word_1_629' title='bbox 3520 4378 3751 4423; x_wconf 86' lang='lat' dir='ltr'><strong>auctora-</strong></span> 
     </span>
    </p>
   </div>
   <div class='ocr_carea' id='block_1_90' title="bbox 2179 4460 3753 4534">
    <p class='ocr_par' dir='ltr' id='par_1_90' title="bbox 2179 4460 3753 4534">
     <span class='ocr_line' id='line_1_90' title="bbox 2179 4460 3753 4534; baseline -0.001 -20"><span class='ocrx_word' id='word_1_630' title='bbox 2179 4460 2245 4516; x_wconf 90' lang='lat' dir='ltr'><strong>lis</strong></span> <span class='ocrx_word' id='word_1_631' title='bbox 2294 4463 2406 4518; x_wconf 88' lang='lat' dir='ltr'><strong>sive</strong></span> <span class='ocrx_word' id='word_1_632' title='bbox 2459 4463 2775 4534; x_wconf 90' lang='lat' dir='ltr'><strong>principalis</strong></span> <span class='ocrx_word' id='word_1_633' title='bbox 2817 4471 3130 4526; x_wconf 87' lang='lat' dir='ltr'><strong>vocaretur,</strong></span> <span class='ocrx_word' id='word_1_634' title='bbox 3182 4461 3278 4531; x_wconf 90' lang='lat' dir='ltr'><strong>qui</strong></span> <span class='ocrx_word' id='word_1_635' title='bbox 3331 4476 3463 4518; x_wconf 89' lang='lat' dir='ltr'><strong>vero</strong></span> <span class='ocrx_word' id='word_1_636' title='bbox 3513 4461 3677 4531; x_wconf 86' lang='lat' dir='ltr'><strong>magis</strong></span> <span class='ocrx_word' id='word_1_637' title='bbox 3706 4460 3753 4513; x_wconf 90' lang='lat' dir='ltr'><strong>in</strong></span> 
     </span>
    </p>
   </div>
   <div class='ocr_carea' id='block_1_91' title="bbox 485 4546 3755 4632">
    <p class='ocr_par' dir='ltr' id='par_1_91' title="bbox 485 4546 3755 4632">
     <span class='ocr_line' id='line_1_91' title="bbox 485 4546 3755 4632; baseline 0.005 -34"><span class='ocrx_word' id='word_1_638' title='bbox 485 4546 721 4603; x_wconf 87' lang='lat' dir='ltr'><strong>cutionis</strong></span> <span class='ocrx_word' id='word_1_639' title='bbox 756 4556 1049 4622; x_wconf 89' lang='lat' dir='ltr'><strong>modosque</strong></span> <span class='ocrx_word' id='word_1_640' title='bbox 1090 4555 1351 4625; x_wconf 90' lang='lat' dir='ltr'><strong>psallendi</strong></span> <span class='ocrx_word' id='word_1_641' title='bbox 1388 4556 1815 4623; x_wconf 86' lang='lat' dir='ltr'><strong>considerantes,</strong></span> <span class='ocrx_word' id='word_1_642' title='bbox 1872 4573 2067 4614; x_wconf 92' lang='lat' dir='ltr'><strong>nomen</strong></span> <span class='ocrx_word' id='word_1_643' title='bbox 2106 4577 2152 4632; x_wconf 81' lang='grc' dir='ltr'><strong>ι)</strong></span> <span class='ocrx_word' id='word_1_644' title='bbox 2178 4554 2430 4624; x_wconf 63' lang='lat' dir='ltr'><strong>gravibus</strong></span> <span class='ocrx_word' id='word_1_645' title='bbox 2469 4571 2673 4609; x_wconf 75' lang='lat' dir='ltr'><strong>moram</strong></span> <span class='ocrx_word' id='word_1_646' title='bbox 2716 4555 2940 4621; x_wconf 62' lang='lat' dir='ltr'><strong>facerm.</strong></span> <span class='ocrx_word' id='word_1_647' title='bbox 2990 4552 3166 4624; x_wconf 74' lang='lat' dir='ltr'><strong>plagis</strong></span> <span class='ocrx_word' id='word_1_648' title='bbox 3191 4551 3274 4606; x_wconf 59' lang='lat' dir='ltr'><strong>vel</strong></span> <span class='ocrx_word' id='word_1_649' title='bbox 3322 4552 3561 4623; x_wconf 64' lang='lat'><strong>[31388138.</strong></span> <span class='ocrx_word' id='word_1_650' title='bbox 3587 4553 3637 4607; x_wconf 76' lang='lat' dir='ltr'><strong>id</strong></span> <span class='ocrx_word' id='word_1_651' title='bbox 3660 4562 3755 4614; x_wconf 66' lang='lat' dir='ltr'><strong>est.</strong></span> 
     </span>
    </p>
   </div>
   <div class='ocr_carea' id='block_1_92' title="bbox 486 4636 2070 4715">
    <p class='ocr_par' dir='ltr' id='par_1_92' title="bbox 486 4636 2070 4715">
     <span class='ocr_line' id='line_1_92' title="bbox 486 4636 2070 4715; baseline 0.009 -26"><span class='ocrx_word' id='word_1_652' title='bbox 486 4636 589 4691; x_wconf 86' lang='lat' dir='ltr'><strong>hoc</strong></span> <span class='ocrx_word' id='word_1_653' title='bbox 612 4652 900 4696; x_wconf 90' lang='lat' dir='ltr'><strong>commune</strong></span> <span class='ocrx_word' id='word_1_654' title='bbox 939 4644 1182 4715; x_wconf 88' lang='lat' dir='ltr'><strong>utrisque</strong></span> <span class='ocrx_word' id='word_1_655' title='bbox 1218 4661 1341 4701; x_wconf 89' lang='lat' dir='ltr'><strong>esse</strong></span> <span class='ocrx_word' id='word_1_656' title='bbox 1369 4656 1689 4701; x_wconf 80' lang='lat' dir='ltr'><strong>sanxerunt.</strong></span> <span class='ocrx_word' id='word_1_657' title='bbox 1741 4647 1894 4703; x_wconf 89' lang='lat' dir='ltr'><strong>Sicut</strong></span> <span class='ocrx_word' id='word_1_658' title='bbox 1924 4649 2070 4704; x_wconf 84' lang='lat' dir='ltr'><strong>enim</strong></span> 
     </span>
    </p>
   </div>
   <div class='ocr_carea' id='block_1_93' title="bbox 487 4728 2073 4809">
    <p class='ocr_par' dir='ltr' id='par_1_93' title="bbox 487 4728 2073 4809">
     <span class='ocr_line' id='line_1_93' title="bbox 487 4728 2073 4809; baseline 0.011 -30"><span class='ocrx_word' id='word_1_659' title='bbox 487 4728 597 4781; x_wconf 90' lang='lat' dir='ltr'><strong>toni</strong></span> <span class='ocrx_word' id='word_1_660' title='bbox 624 4730 703 4784; x_wconf 83' lang='lat' dir='ltr'><strong>vel</strong></span> <span class='ocrx_word' id='word_1_661' title='bbox 726 4743 983 4790; x_wconf 88' lang='lat' dir='ltr'><strong>accentus</strong></span> <span class='ocrx_word' id='word_1_662' title='bbox 1006 4736 1057 4790; x_wconf 92' lang='lat' dir='ltr'><strong>in</strong></span> <span class='ocrx_word' id='word_1_663' title='bbox 1099 4745 1209 4793; x_wconf 88' lang='lat' dir='ltr'><strong>tres</strong></span> <span class='ocrx_word' id='word_1_664' title='bbox 1234 4738 1548 4793; x_wconf 89' lang='lat' dir='ltr'><strong>dividuntur</strong></span> <span class='ocrx_word' id='word_1_665' title='bbox 1584 4740 1816 4809; x_wconf 89' lang='lat' dir='ltr'><strong>species,</strong></span> <span class='ocrx_word' id='word_1_666' title='bbox 1866 4741 2073 4797; x_wconf 89' lang='lat' dir='ltr'><strong>scilicet</strong></span> 
     </span>
    </p>
   </div>
   <div class='ocr_carea' id='block_1_94' title="bbox 485 4828 2074 4898">
    <p class='ocr_par' dir='ltr' id='par_1_94' title="bbox 485 4828 2074 4898">
     <span class='ocr_line' id='line_1_94' title="bbox 485 4828 2074 4898; baseline 0.011 -26"><span class='ocrx_word' id='word_1_667' title='bbox 485 4834 725 4889; x_wconf 84' lang='lat' dir='ltr'><strong>gravem,</strong></span> <span class='ocrx_word' id='word_1_668' title='bbox 778 4828 1210 4897; x_wconf 82' lang='lat' dir='ltr'><strong>circumﬂexum,</strong></span> <span class='ocrx_word' id='word_1_669' title='bbox 1246 4840 1486 4898; x_wconf 87' lang='lat' dir='ltr'><strong>acutum,</strong></span> <span class='ocrx_word' id='word_1_670' title='bbox 1533 4833 1604 4887; x_wconf 87' lang='lat' dir='ltr'><strong>ita</strong></span> <span class='ocrx_word' id='word_1_671' title='bbox 1645 4833 1696 4887; x_wconf 93' lang='lat' dir='ltr'><strong>in</strong></span> <span class='ocrx_word' id='word_1_672' title='bbox 1744 4843 1907 4889; x_wconf 82' lang='lat' dir='ltr'><strong>cantu</strong></span> <span class='ocrx_word' id='word_1_673' title='bbox 1962 4842 2074 4890; x_wconf 87' lang='lat' dir='ltr'><strong>tres</strong></span> 
     </span>
    </p>
   </div>
   <div class='ocr_carea' id='block_1_95' title="bbox 487 4912 2074 4994">
    <p class='ocr_par' dir='ltr' id='par_1_95' title="bbox 487 4912 2074 4994">
     <span class='ocr_line' id='line_1_95' title="bbox 487 4912 2074 4994; baseline 0.009 -29"><span class='ocrx_word' id='word_1_674' title='bbox 487 4912 898 4986; x_wconf 86' lang='lat' dir='ltr'><strong>distinguuntur</strong></span> <span class='ocrx_word' id='word_1_675' title='bbox 920 4920 1233 4976; x_wconf 86' lang='lat' dir='ltr'><strong>varietates.</strong></span> <span class='ocrx_word' id='word_1_676' title='bbox 1264 4920 1397 4976; x_wconf 85' lang='lat' dir='ltr'><strong>Nam</strong></span> <span class='ocrx_word' id='word_1_677' title='bbox 1427 4932 1618 4979; x_wconf 88' lang='lat' dir='ltr'><strong>cantus</strong></span> <span class='ocrx_word' id='word_1_678' title='bbox 1645 4940 1789 4979; x_wconf 89' lang='lat' dir='ltr'><strong>nunc</strong></span> <span class='ocrx_word' id='word_1_679' title='bbox 1813 4924 1865 4979; x_wconf 93' lang='lat' dir='ltr'><strong>in</strong></span> <span class='ocrx_word' id='word_1_680' title='bbox 1896 4925 2074 4994; x_wconf 83' lang='lat' dir='ltr'><strong>gravi-</strong></span> 
     </span>
    </p>
   </div>
   <div class='ocr_carea' id='block_1_96' title="bbox 488 5004 2072 5082">
    <p class='ocr_par' dir='ltr' id='par_1_96' title="bbox 488 5004 2072 5082">
     <span class='ocr_line' id='line_1_96' title="bbox 488 5004 2072 5082; baseline 0.008 -24"><span class='ocrx_word' id='word_1_681' title='bbox 488 5004 588 5061; x_wconf 84' lang='lat' dir='ltr'><strong>bus</strong></span> <span class='ocrx_word' id='word_1_682' title='bbox 624 5019 851 5081; x_wconf 86' lang='lat' dir='ltr'><strong>vagatur</strong></span> <span class='ocrx_word' id='word_1_683' title='bbox 877 5021 938 5067; x_wconf 92' lang='lat' dir='ltr'><strong>ut</strong></span> <span class='ocrx_word' id='word_1_684' title='bbox 978 5011 1032 5066; x_wconf 91' lang='lat' dir='ltr'><strong>in</strong></span> <span class='ocrx_word' id='word_1_685' title='bbox 1063 5011 1341 5069; x_wconf 76' lang='lat' dir='ltr'><strong>oﬁ‘ertorio</strong></span> <span class='ocrx_word' id='word_1_686' title='bbox 1368 5014 1479 5082; x_wconf 91' lang='lat' dir='ltr'><strong>illo,</strong></span> <span class='ocrx_word' id='word_1_687' title='bbox 1505 5016 1573 5071; x_wconf 87' lang='lat' dir='ltr'><strong>In</strong></span> <span class='ocrx_word' id='word_1_688' title='bbox 1600 5034 1804 5072; x_wconf 86' lang='lat' dir='ltr'><strong>omnem</strong></span> <span class='ocrx_word' id='word_1_689' title='bbox 1830 5027 2025 5071; x_wconf 83' lang='lat' dir='ltr'><strong>terram</strong></span> <span class='ocrx_word' id='word_1_690' title='bbox 2054 5036 2072 5082; x_wconf 88' lang='lat'><strong>;</strong></span> 
     </span>
    </p>
   </div>
   <div class='ocr_carea' id='block_1_97' title="bbox 483 5103 2075 5177">
    <p class='ocr_par' dir='ltr' id='par_1_97' title="bbox 483 5103 2075 5177">
     <span class='ocr_line' id='line_1_97' title="bbox 483 5103 2075 5177; baseline 0.007 -25"><span class='ocrx_word' id='word_1_691' title='bbox 483 5113 629 5156; x_wconf 89' lang='lat' dir='ltr'><strong>nunc</strong></span> <span class='ocrx_word' id='word_1_692' title='bbox 654 5103 800 5159; x_wconf 88' lang='lat' dir='ltr'><strong>circa</strong></span> <span class='ocrx_word' id='word_1_693' title='bbox 824 5104 1012 5161; x_wconf 89' lang='lat' dir='ltr'><strong>ﬁnales</strong></span> <span class='ocrx_word' id='word_1_694' title='bbox 1031 5108 1182 5174; x_wconf 89' lang='lat' dir='ltr'><strong>quasi</strong></span> <span class='ocrx_word' id='word_1_695' title='bbox 1210 5108 1442 5177; x_wconf 88' lang='lat' dir='ltr'><strong>quadam</strong></span> <span class='ocrx_word' id='word_1_696' title='bbox 1478 5109 1923 5165; x_wconf 57' lang='lat' dir='ltr'><strong>‘circumﬁexione</strong></span> <span class='ocrx_word' id='word_1_697' title='bbox 1953 5122 2075 5162; x_wconf 85' lang='lat' dir='ltr'><strong>ver-</strong></span> 
     </span>
    </p>
   </div>
   <div class='ocr_carea' id='block_1_98' title="bbox 485 5194 2074 5263">
    <p class='ocr_par' dir='ltr' id='par_1_98' title="bbox 485 5194 2074 5263">
     <span class='ocr_line' id='line_1_98' title="bbox 485 5194 2074 5263; baseline 0.007 -21"><span class='ocrx_word' id='word_1_698' title='bbox 485 5197 661 5256; x_wconf 84' lang='lat' dir='ltr'><strong>satur,</strong></span> <span class='ocrx_word' id='word_1_699' title='bbox 701 5201 762 5247; x_wconf 89' lang='lat' dir='ltr'><strong>ut</strong></span> <span class='ocrx_word' id='word_1_700' title='bbox 806 5194 860 5248; x_wconf 90' lang='lat' dir='ltr'><strong>in</strong></span> <span class='ocrx_word' id='word_1_701' title='bbox 905 5196 1202 5263; x_wconf 87' lang='lat' dir='ltr'><strong>antiphona</strong></span> <span class='ocrx_word' id='word_1_702' title='bbox 1234 5197 1343 5263; x_wconf 86' lang='lat' dir='ltr'><strong>illa,</strong></span> <span class='ocrx_word' id='word_1_703' title='bbox 1372 5198 1639 5253; x_wconf 87' lang='lat' dir='ltr'><strong>benedicat</strong></span> <span class='ocrx_word' id='word_1_704' title='bbox 1685 5216 1811 5263; x_wconf 82' lang='lat' dir='ltr'><strong>nos;</strong></span> <span class='ocrx_word' id='word_1_705' title='bbox 1848 5199 2074 5253; x_wconf 88' lang='lat' dir='ltr'><strong>nuncin</strong></span> 
     </span>
    </p>
   </div>
   <div class='ocr_carea' id='block_1_99' title="bbox 486 5284 2071 5360">
    <p class='ocr_par' dir='ltr' id='par_1_99' title="bbox 486 5284 2071 5360">
     <span class='ocr_line' id='line_1_99' title="bbox 486 5284 2071 5360; baseline 0.006 -26"><span class='ocrx_word' id='word_1_706' title='bbox 486 5284 659 5337; x_wconf 89' lang='lat' dir='ltr'><strong>acutis</strong></span> <span class='ocrx_word' id='word_1_707' title='bbox 687 5284 840 5353; x_wconf 90' lang='lat' dir='ltr'><strong>quasi</strong></span> <span class='ocrx_word' id='word_1_708' title='bbox 880 5285 1129 5342; x_wconf 82' lang='lat' dir='ltr'><strong>saltando</strong></span> <span class='ocrx_word' id='word_1_709' title='bbox 1161 5299 1425 5355; x_wconf 89' lang='lat' dir='ltr'><strong>movetur,</strong></span> <span class='ocrx_word' id='word_1_710' title='bbox 1464 5300 1524 5344; x_wconf 92' lang='lat' dir='ltr'><strong>ut</strong></span> <span class='ocrx_word' id='word_1_711' title='bbox 1548 5290 1601 5344; x_wconf 92' lang='lat' dir='ltr'><strong>in</strong></span> <span class='ocrx_word' id='word_1_712' title='bbox 1632 5290 1931 5360; x_wconf 89' lang='lat' dir='ltr'><strong>antiphona</strong></span> <span class='ocrx_word' id='word_1_713' title='bbox 1959 5290 2071 5356; x_wconf 88' lang='lat' dir='ltr'><strong>illa,</strong></span> 
     </span>
    </p>
   </div>
   <div class='ocr_carea' id='block_1_100' title="bbox 485 5376 2077 5437">
    <p class='ocr_par' dir='ltr' id='par_1_100' title="bbox 485 5376 2077 5437">
     <span class='ocr_line' id='line_1_100' title="bbox 485 5376 2077 5437; baseline 0.006 -10"><span class='ocrx_word' id='word_1_714' title='bbox 485 5382 703 5428; x_wconf 81' lang='lat' dir='ltr'><strong>veterem</strong></span> <span class='ocrx_word' id='word_1_715' title='bbox 728 5376 1006 5432; x_wconf 85' lang='lat' dir='ltr'><strong>hominem.</strong></span> <span class='ocrx_word' id='word_1_716' title='bbox 1038 5377 1134 5434; x_wconf 82' lang='lat' dir='ltr'><strong>Vel</strong></span> <span class='ocrx_word' id='word_1_717' title='bbox 1177 5390 1325 5437; x_wconf 88' lang='lat' dir='ltr'><strong>certe</strong></span> <span class='ocrx_word' id='word_1_718' title='bbox 1353 5383 1464 5437; x_wconf 89' lang='lat' dir='ltr'><strong>toni</strong></span> <span class='ocrx_word' id='word_1_719' title='bbox 1507 5382 1761 5437; x_wconf 91' lang='lat' dir='ltr'><strong>dicuntur</strong></span> <span class='ocrx_word' id='word_1_720' title='bbox 1788 5382 1854 5435; x_wconf 90' lang='lat' dir='ltr'><strong>ad</strong></span> <span class='ocrx_word' id='word_1_721' title='bbox 1886 5381 2077 5436; x_wconf 87' lang='lat' dir='ltr'><strong>simili-</strong></span> 
     </span>
    </p>
   </div>
   <div class='ocr_carea' id='block_1_101' title="bbox 489 5463 2073 5541">
    <p class='ocr_par' dir='ltr' id='par_1_101' title="bbox 489 5463 2073 5541">
     <span class='ocr_line' id='line_1_101' title="bbox 489 5463 2073 5541; baseline 0.009 -29"><span class='ocrx_word' id='word_1_722' title='bbox 489 5463 730 5517; x_wconf 85' lang='lat' dir='ltr'><strong>tudinem</strong></span> <span class='ocrx_word' id='word_1_723' title='bbox 760 5472 1032 5534; x_wconf 89' lang='lat' dir='ltr'><strong>tonorum,</strong></span> <span class='ocrx_word' id='word_1_724' title='bbox 1059 5485 1194 5541; x_wconf 90' lang='lat' dir='ltr'><strong>quos</strong></span> <span class='ocrx_word' id='word_1_725' title='bbox 1220 5473 1459 5528; x_wconf 86' lang='lat' dir='ltr'><strong>Donatus</strong></span> <span class='ocrx_word' id='word_1_726' title='bbox 1485 5472 1869 5528; x_wconf 89' lang='lat' dir='ltr'><strong>distinctiones</strong></span> <span class='ocrx_word' id='word_1_727' title='bbox 1882 5480 2073 5538; x_wconf 88' lang='lat' dir='ltr'><strong>vocat;</strong></span> 
     </span>
    </p>
   </div>
   <div class='ocr_carea' id='block_1_102' title="bbox 489 5552 2073 5639">
    <p class='ocr_par' dir='ltr' id='par_1_102' title="bbox 489 5552 2073 5639">
     <span class='ocr_line' id='line_1_102' title="bbox 489 5552 2073 5639; baseline 0.008 -35"><span class='ocrx_word' id='word_1_728' title='bbox 489 5552 631 5607; x_wconf 83' lang='lat' dir='ltr'><strong>sicut</strong></span> <span class='ocrx_word' id='word_1_729' title='bbox 657 5554 801 5608; x_wconf 85' lang='lat' dir='ltr'><strong>enim</strong></span> <span class='ocrx_word' id='word_1_730' title='bbox 830 5556 905 5639; x_wconf 31' lang='lat' dir='ltr'><strong>in.</strong></span> <span class='ocrx_word' id='word_1_731' title='bbox 929 5558 1042 5631; x_wconf 86' lang='lat' dir='ltr'><strong>ipsa</strong></span> <span class='ocrx_word' id='word_1_732' title='bbox 1074 5571 1185 5616; x_wconf 85' lang='lat' dir='ltr'><strong>tres</strong></span> <span class='ocrx_word' id='word_1_733' title='bbox 1218 5563 1640 5618; x_wconf 88' lang='lat' dir='ltr'><strong>considerantur</strong></span> <span class='ocrx_word' id='word_1_734' title='bbox 1675 5562 2073 5629; x_wconf 89' lang='lat' dir='ltr'><strong>distinctiones,</strong></span> 
     </span>
    </p>
   </div>
   <div class='ocr_carea' id='block_1_103' title="bbox 562 5683 2073 5765">
    <p class='ocr_par' dir='ltr' id='par_1_103' title="bbox 562 5683 2073 5765">
     <span class='ocr_line' id='line_1_103' title="bbox 562 5683 2073 5765; baseline 0.01 -27"><span class='ocrx_word' id='word_1_735' title='bbox 562 5683 640 5754; x_wconf 85' lang='lat'><strong>(3)</strong></span> <span class='ocrx_word' id='word_1_736' title='bbox 666 5685 737 5765; x_wconf 74' lang='lat' dir='ltr'><strong>id</strong></span> <span class='ocrx_word' id='word_1_737' title='bbox 779 5700 883 5765; x_wconf 84' lang='lat' dir='ltr'><strong>est,</strong></span> <span class='ocrx_word' id='word_1_738' title='bbox 916 5692 1075 5747; x_wconf 91' lang='lat' dir='ltr'><strong>alieni</strong></span> <span class='ocrx_word' id='word_1_739' title='bbox 1120 5696 1357 5750; x_wconf 88' lang='lat' dir='ltr'><strong>nominis</strong></span> <span class='ocrx_word' id='word_1_740' title='bbox 1384 5696 1815 5765; x_wconf 89' lang='lat' dir='ltr'><strong>usurpationem.</strong></span> <span class='ocrx_word' id='word_1_741' title='bbox 1847 5694 2073 5753; x_wconf 89' lang='lat' dir='ltr'><strong>Festus:</strong></span> 
     </span>
    </p>
   </div>
   <div class='ocr_carea' id='block_1_104' title="bbox 491 5750 2076 5831">
    <p class='ocr_par' dir='ltr' id='par_1_104' title="bbox 491 5750 2076 5831">
     <span class='ocr_line' id='line_1_104' title="bbox 491 5750 2076 5831; baseline 0.009 -25"><span class='ocrx_word' id='word_1_742' title='bbox 491 5750 1029 5831; x_wconf 13' lang='lat' dir='ltr'><strong>Gala&#39;chresisitropus</strong></span> <span class='ocrx_word' id='word_1_743' title='bbox 1060 5774 1158 5826; x_wconf 82' lang='lat' dir='ltr'><strong>est,</strong></span> <span class='ocrx_word' id='word_1_744' title='bbox 1188 5781 1282 5818; x_wconf 84' lang='lat' dir='ltr'><strong>nos</strong></span> <span class='ocrx_word' id='word_1_745' title='bbox 1333 5750 1656 5820; x_wconf 14' lang='lat' dir='ltr'><strong>abusionem,</strong></span> <span class='ocrx_word' id='word_1_746' title='bbox 1679 5766 1925 5831; x_wconf 84' lang='lat' dir='ltr'><strong>dicimus,</strong></span> <span class='ocrx_word' id='word_1_747' title='bbox 1956 5784 2076 5821; x_wconf 86' lang='lat' dir='ltr'><strong>cum</strong></span> 
     </span>
    </p>
   </div>
   <div class='ocr_carea' id='block_1_105' title="bbox 495 5822 2078 5907">
    <p class='ocr_par' dir='ltr' id='par_1_105' title="bbox 495 5822 2078 5907">
     <span class='ocr_line' id='line_1_105' title="bbox 495 5822 2078 5907; baseline 0.011 -34"><span class='ocrx_word' id='word_1_748' title='bbox 495 5822 681 5879; x_wconf 81' lang='lat' dir='ltr'><strong>alienis</strong></span> <span class='ocrx_word' id='word_1_749' title='bbox 701 5822 967 5884; x_wconf 73' lang='lat' dir='ltr'><strong>abutimur</strong></span> <span class='ocrx_word' id='word_1_750' title='bbox 995 5822 1206 5888; x_wconf 72' lang='lat' dir='ltr'><strong>ueriua&#39;e</strong></span> <span class='ocrx_word' id='word_1_751' title='bbox 1231 5852 1290 5889; x_wconf 91' lang='lat' dir='ltr'><strong>ac</strong></span> <span class='ocrx_word' id='word_1_752' title='bbox 1321 5837 1561 5903; x_wconf 78' lang='lat' dir='ltr'><strong>m&#39;ouriis,</strong></span> <span class='ocrx_word' id='word_1_753' title='bbox 1589 5852 1705 5891; x_wconf 86' lang='lat' dir='ltr'><strong>cum</strong></span> <span class='ocrx_word' id='word_1_754' title='bbox 1745 5822 1959 5907; x_wconf 79' lang='lat' dir='ltr'><strong>propria</strong></span> <span class='ocrx_word' id='word_1_755' title='bbox 1992 5839 2078 5891; x_wconf 86' lang='lat' dir='ltr'><strong>dc-</strong></span> 
     </span>
    </p>
   </div>
   <div class='ocr_carea' id='block_1_106' title="bbox 2178 4646 3758 4717">
    <p class='ocr_par' dir='ltr' id='par_1_106' title="bbox 2178 4646 3758 4717">
     <span class='ocr_line' id='line_1_106' title="bbox 2178 4646 3758 4717; baseline -0.001 -17"><span class='ocrx_word' id='word_1_756' title='bbox 2178 4646 2527 4714; x_wconf 86' lang='lat' dir='ltr'><strong>collatcralis,</strong></span> <span class='ocrx_word' id='word_1_757' title='bbox 2581 4663 2679 4703; x_wconf 88' lang='lat' dir='ltr'><strong>seu</strong></span> <span class='ocrx_word' id='word_1_758' title='bbox 2723 4647 3025 4717; x_wconf 81' lang='lat' dir='ltr'><strong>subjugalis</strong></span> <span class='ocrx_word' id='word_1_759' title='bbox 3056 4646 3352 4702; x_wconf 82' lang='lat' dir='ltr'><strong>diceretur.</strong></span> <span class='ocrx_word' id='word_1_760' title='bbox 3401 4647 3758 4715; x_wconf 85' lang='lat' dir='ltr'><strong>Distinguntor</strong></span> 
     </span>
    </p>
   </div>
   <div class='ocr_carea' id='block_1_107' title="bbox 2174 4736 3759 4807">
    <p class='ocr_par' dir='ltr' id='par_1_107' title="bbox 2174 4736 3759 4807">
     <span class='ocr_line' id='line_1_107' title="bbox 2174 4736 3759 4807; baseline -0.001 -18"><span class='ocrx_word' id='word_1_761' title='bbox 2174 4745 2354 4790; x_wconf 88' lang='lat' dir='ltr'><strong>autem</strong></span> <span class='ocrx_word' id='word_1_762' title='bbox 2373 4736 2472 4791; x_wconf 90' lang='lat' dir='ltr'><strong>sic.</strong></span> <span class='ocrx_word' id='word_1_763' title='bbox 2486 4737 2793 4792; x_wconf 76' lang='lat' dir='ltr'><strong>Autlientus</strong></span> <span class='ocrx_word' id='word_1_764' title='bbox 2809 4744 2996 4807; x_wconf 88' lang='lat' dir='ltr'><strong>protus</strong></span> <span class='ocrx_word' id='word_1_765' title='bbox 3013 4736 3154 4805; x_wconf 87' lang='lat' dir='ltr'><strong>apud</strong></span> <span class='ocrx_word' id='word_1_766' title='bbox 3175 4736 3376 4790; x_wconf 88' lang='lat' dir='ltr'><strong>latinos</strong></span> <span class='ocrx_word' id='word_1_767' title='bbox 3402 4744 3645 4791; x_wconf 85' lang='lat' dir='ltr'><strong>cantores</strong></span> <span class='ocrx_word' id='word_1_768' title='bbox 3660 4736 3759 4805; x_wconf 88' lang='lat' dir='ltr'><strong>pri-</strong></span> 
     </span>
    </p>
   </div>
   <div class='ocr_carea' id='block_1_108' title="bbox 2175 4825 3760 4897">
    <p class='ocr_par' dir='ltr' id='par_1_108' title="bbox 2175 4825 3760 4897">
     <span class='ocr_line' id='line_1_108' title="bbox 2175 4825 3760 4897; baseline -0.002 -18"><span class='ocrx_word' id='word_1_769' title='bbox 2175 4838 2298 4881; x_wconf 83' lang='lat' dir='ltr'><strong>mus</strong></span> <span class='ocrx_word' id='word_1_770' title='bbox 2322 4834 2482 4881; x_wconf 88' lang='lat' dir='ltr'><strong>tonus</strong></span> <span class='ocrx_word' id='word_1_771' title='bbox 2505 4825 2951 4897; x_wconf 84' lang='lat' dir='ltr'><strong>vocatur;plagis</strong></span> <span class='ocrx_word' id='word_1_772' title='bbox 2973 4834 3161 4894; x_wconf 90' lang='lat' dir='ltr'><strong>protus</strong></span> <span class='ocrx_word' id='word_1_773' title='bbox 3177 4825 3470 4888; x_wconf 89' lang='lat' dir='ltr'><strong>secundus;</strong></span> <span class='ocrx_word' id='word_1_774' title='bbox 3485 4825 3760 4879; x_wconf 79' lang='lat' dir='ltr'><strong>autltentus</strong></span> 
     </span>
    </p>
   </div>
   <div class='ocr_carea' id='block_1_109' title="bbox 2176 4914 3757 4988">
    <p class='ocr_par' dir='ltr' id='par_1_109' title="bbox 2176 4914 3757 4988">
     <span class='ocr_line' id='line_1_109' title="bbox 2176 4914 3757 4988; baseline -0.003 -16"><span class='ocrx_word' id='word_1_775' title='bbox 2176 4918 2457 4984; x_wconf 91' lang='lat' dir='ltr'><strong>deuterus,</strong></span> <span class='ocrx_word' id='word_1_776' title='bbox 2490 4918 2713 4983; x_wconf 91' lang='lat' dir='ltr'><strong>tertius;</strong></span> <span class='ocrx_word' id='word_1_777' title='bbox 2744 4917 2917 4988; x_wconf 90' lang='lat' dir='ltr'><strong>plagis</strong></span> <span class='ocrx_word' id='word_1_778' title='bbox 2940 4916 3215 4983; x_wconf 89' lang='lat' dir='ltr'><strong>deuterus,</strong></span> <span class='ocrx_word' id='word_1_779' title='bbox 3248 4926 3507 4985; x_wconf 88' lang='lat' dir='ltr'><strong>quartus;</strong></span> <span class='ocrx_word' id='word_1_780' title='bbox 3545 4914 3757 4969; x_wconf 83' lang='lat' dir='ltr'><strong>authen-</strong></span> 
     </span>
    </p>
   </div>
   <div class='ocr_carea' id='block_1_110' title="bbox 2177 5006 3760 5079">
    <p class='ocr_par' dir='ltr' id='par_1_110' title="bbox 2177 5006 3760 5079">
     <span class='ocr_line' id='line_1_110' title="bbox 2177 5006 3760 5079; baseline -0.003 -17"><span class='ocrx_word' id='word_1_781' title='bbox 2177 5019 2265 5065; x_wconf 89' lang='lat' dir='ltr'><strong>tus</strong></span> <span class='ocrx_word' id='word_1_782' title='bbox 2333 5009 2513 5077; x_wconf 86' lang='lat' dir='ltr'><strong>tritus,</strong></span> <span class='ocrx_word' id='word_1_783' title='bbox 2538 5009 2591 5065; x_wconf 86' lang='lat' dir='ltr'><strong>id</strong></span> <span class='ocrx_word' id='word_1_784' title='bbox 2659 5018 2761 5075; x_wconf 90' lang='lat' dir='ltr'><strong>est,</strong></span> <span class='ocrx_word' id='word_1_785' title='bbox 2800 5009 3061 5079; x_wconf 88' lang='lat' dir='ltr'><strong>quintus;</strong></span> <span class='ocrx_word' id='word_1_786' title='bbox 3116 5007 3291 5078; x_wconf 78' lang='lat' dir='ltr'><strong>plagis</strong></span> <span class='ocrx_word' id='word_1_787' title='bbox 3356 5009 3536 5072; x_wconf 88' lang='lat' dir='ltr'><strong>tritus,</strong></span> <span class='ocrx_word' id='word_1_788' title='bbox 3582 5006 3633 5059; x_wconf 88' lang='lat' dir='ltr'><strong>id</strong></span> <span class='ocrx_word' id='word_1_789' title='bbox 3682 5015 3760 5059; x_wconf 89' lang='lat' dir='ltr'><strong>est</strong></span> 
     </span>
    </p>
   </div>
   <div class='ocr_carea' id='block_1_111' title="bbox 2177 5084 3759 5170">
    <p class='ocr_par' dir='ltr' id='par_1_111' title="bbox 2177 5084 3759 5170">
     <span class='ocr_line' id='line_1_111' title="bbox 2177 5084 3759 5170; baseline -0.005 -12"><span class='ocrx_word' id='word_1_790' title='bbox 2177 5113 2399 5169; x_wconf 78' lang='lat' dir='ltr'><strong>sextus;</strong></span> <span class='ocrx_word' id='word_1_791' title='bbox 2430 5102 2721 5158; x_wconf 85' lang='lat' dir='ltr'><strong>autheutus</strong></span> <span class='ocrx_word' id='word_1_792' title='bbox 2753 5084 3059 5166; x_wconf 70' lang='lat' dir='ltr'><strong>tetrardu‘s,</strong></span> <span class='ocrx_word' id='word_1_793' title='bbox 3086 5099 3139 5153; x_wconf 90' lang='lat' dir='ltr'><strong>id</strong></span> <span class='ocrx_word' id='word_1_794' title='bbox 3168 5108 3250 5154; x_wconf 88' lang='lat' dir='ltr'><strong>est</strong></span> <span class='ocrx_word' id='word_1_795' title='bbox 3273 5100 3568 5170; x_wconf 89' lang='lat' dir='ltr'><strong>septimus;</strong></span> <span class='ocrx_word' id='word_1_796' title='bbox 3596 5096 3759 5167; x_wconf 82' lang='lat' dir='ltr'><strong>plagis</strong></span> 
     </span>
    </p>
   </div>
   <div class='ocr_carea' id='block_1_112' title="bbox 2183 5190 3857 5279">
    <p class='ocr_par' dir='ltr' id='par_1_112' title="bbox 2183 5190 3857 5279">
     <span class='ocr_line' id='line_1_112' title="bbox 2183 5190 3857 5279; baseline -0.005 -30"><span class='ocrx_word' id='word_1_797' title='bbox 2183 5195 2479 5263; x_wconf 86' lang='lat' dir='ltr'><strong>tetrardus,</strong></span> <span class='ocrx_word' id='word_1_798' title='bbox 2516 5193 2570 5249; x_wconf 90' lang='lat' dir='ltr'><strong>id</strong></span> <span class='ocrx_word' id='word_1_799' title='bbox 2617 5200 2701 5248; x_wconf 91' lang='lat' dir='ltr'><strong>est</strong></span> <span class='ocrx_word' id='word_1_800' title='bbox 2730 5193 2991 5262; x_wconf 65' lang='lat' dir='ltr'><strong>:octavus.</strong></span> <span class='ocrx_word' id='word_1_801' title='bbox 3030 5190 3426 5262; x_wconf 84' lang='lat' dir='ltr'><strong>Interpretatur</strong></span> <span class='ocrx_word' id='word_1_802' title='bbox 3448 5198 3617 5245; x_wconf 84' lang='lat' dir='ltr'><strong>autem</strong></span> <span class='ocrx_word' id='word_1_803' title='bbox 3645 5202 3761 5258; x_wconf 82' lang='lat' dir='ltr'><strong>pro-</strong></span> <span class='ocrx_word' id='word_1_804' title='bbox 3856 5274 3857 5279; x_wconf 10' lang='grc' dir='ltr'><strong>η</strong></span> 
     </span>
    </p>
   </div>
   <div class='ocr_carea' id='block_1_113' title="bbox 2183 5283 3759 5355">
    <p class='ocr_par' dir='ltr' id='par_1_113' title="bbox 2183 5283 3759 5355">
     <span class='ocr_line' id='line_1_113' title="bbox 2183 5283 3759 5355; baseline -0.003 -15"><span class='ocrx_word' id='word_1_805' title='bbox 2183 5296 2267 5341; x_wconf 91' lang='lat' dir='ltr'><strong>lus</strong></span> <span class='ocrx_word' id='word_1_806' title='bbox 2304 5286 2534 5355; x_wconf 89' lang='lat' dir='ltr'><strong>primus,</strong></span> <span class='ocrx_word' id='word_1_807' title='bbox 2570 5286 2829 5340; x_wconf 90' lang='lat' dir='ltr'><strong>deuterus</strong></span> <span class='ocrx_word' id='word_1_808' title='bbox 2867 5286 3166 5349; x_wconf 88' lang='lat' dir='ltr'><strong>secundus,</strong></span> <span class='ocrx_word' id='word_1_809' title='bbox 3211 5284 3375 5338; x_wconf 91' lang='lat' dir='ltr'><strong>tritus</strong></span> <span class='ocrx_word' id='word_1_810' title='bbox 3424 5283 3628 5347; x_wconf 88' lang='lat' dir='ltr'><strong>tertius,</strong></span> <span class='ocrx_word' id='word_1_811' title='bbox 3688 5291 3759 5335; x_wconf 54' lang='lat' dir='ltr'><strong>te.</strong></span> 
     </span>
    </p>
   </div>
   <div class='ocr_carea' id='block_1_114' title="bbox 2182 5374 3857 5448">
    <p class='ocr_par' dir='ltr' id='par_1_114' title="bbox 2182 5374 3857 5448">
     <span class='ocr_line' id='line_1_114' title="bbox 2182 5374 3857 5448; baseline -0.002 -19"><span class='ocrx_word' id='word_1_812' title='bbox 2182 5380 2400 5432; x_wconf 88' lang='lat' dir='ltr'><strong>trardus</strong></span> <span class='ocrx_word' id='word_1_813' title='bbox 2456 5385 2706 5448; x_wconf 90' lang='lat' dir='ltr'><strong>quartus.</strong></span> <span class='ocrx_word' id='word_1_814' title='bbox 2731 5376 3038 5431; x_wconf 83' lang='lat' dir='ltr'><strong>Authentus</strong></span> <span class='ocrx_word' id='word_1_815' title='bbox 3069 5390 3201 5431; x_wconf 89' lang='lat' dir='ltr'><strong>vero</strong></span> <span class='ocrx_word' id='word_1_816' title='bbox 3257 5374 3548 5429; x_wconf 88' lang='lat' dir='ltr'><strong>auctoralis</strong></span> <span class='ocrx_word' id='word_1_817' title='bbox 3589 5386 3760 5442; x_wconf 68' lang='lat' dir='ltr'><strong>grate:</strong></span> <span class='ocrx_word' id='word_1_818' title='bbox 3856 5392 3857 5439; x_wconf 52' lang='grc' dir='ltr'><strong>ἦ</strong></span> 
     </span>
    </p>
   </div>
   <div class='ocr_carea' id='block_1_115' title="bbox 2179 5464 3760 5537">
    <p class='ocr_par' dir='ltr' id='par_1_115' title="bbox 2179 5464 3760 5537">
     <span class='ocr_line' id='line_1_115' title="bbox 2179 5464 3760 5537; baseline -0.006 -11"><span class='ocrx_word' id='word_1_819' title='bbox 2179 5470 2420 5530; x_wconf 61' lang='lat' dir='ltr'><strong>dubium;</strong></span> <span class='ocrx_word' id='word_1_820' title='bbox 2447 5478 2626 5533; x_wconf 88' lang='lat' dir='ltr'><strong>sonat,</strong></span> <span class='ocrx_word' id='word_1_821' title='bbox 2655 5468 3035 5523; x_wconf 89' lang='lat' dir='ltr'><strong>auctoritatem</strong></span> <span class='ocrx_word' id='word_1_822' title='bbox 3067 5481 3303 5537; x_wconf 85' lang='lat' dir='ltr'><strong>namque</strong></span> <span class='ocrx_word' id='word_1_823' title='bbox 3356 5467 3455 5536; x_wconf 89' lang='lat' dir='ltr'><strong>ipsi</strong></span> <span class='ocrx_word' id='word_1_824' title='bbox 3503 5464 3760 5521; x_wconf 68' lang='grc' dir='ltr'><strong>ἆνθέντω</strong></span> 
     </span>
    </p>
   </div>
   <div class='ocr_carea' id='block_1_116' title="bbox 2181 5554 3753 5633">
    <p class='ocr_par' dir='ltr' id='par_1_116' title="bbox 2181 5554 3753 5633">
     <span class='ocr_line' id='line_1_116' title="bbox 2181 5554 3753 5633; baseline -0.007 -17"><span class='ocrx_word' id='word_1_825' title='bbox 2181 5574 2398 5619; x_wconf 87' lang='lat' dir='ltr'><strong>vocant.</strong></span> <span class='ocrx_word' id='word_1_826' title='bbox 2424 5561 2642 5632; x_wconf 85' lang='lat' dir='ltr'><strong>Plagius</strong></span> <span class='ocrx_word' id='word_1_827' title='bbox 2668 5561 2746 5633; x_wconf 87' lang='lat'><strong>(9)</strong></span> <span class='ocrx_word' id='word_1_828' title='bbox 2775 5569 2955 5615; x_wconf 83' lang='lat' dir='ltr'><strong>autem</strong></span> <span class='ocrx_word' id='word_1_829' title='bbox 3005 5561 3158 5630; x_wconf 87' lang='lat' dir='ltr'><strong>quasi</strong></span> <span class='ocrx_word' id='word_1_830' title='bbox 3191 5559 3454 5630; x_wconf 85' lang='lat' dir='ltr'><strong>partialis,</strong></span> <span class='ocrx_word' id='word_1_831' title='bbox 3495 5557 3570 5611; x_wconf 84' lang='lat' dir='ltr'><strong>vel</strong></span> <span class='ocrx_word' id='word_1_832' title='bbox 3591 5554 3753 5609; x_wconf 68' lang='lat' dir='ltr'><strong>colla-</strong></span> 
     </span>
    </p>
   </div>
   <div class='ocr_carea' id='block_1_117' title="bbox 2180 5698 3754 5843">
    <p class='ocr_par' dir='ltr' id='par_1_117' title="bbox 2180 5698 3754 5843">
     <span class='ocr_line' id='line_1_117' title="bbox 2180 5698 3754 5843; baseline -0.006 -21"><span class='ocrx_word' id='word_1_833' title='bbox 2180 5698 2579 5843; x_wconf 51' lang='lat' dir='ltr'><strong>ﬁczg?(m&amp;1t06</strong></span> <span class='ocrx_word' id='word_1_834' title='bbox 2614 5767 2767 5840; x_wconf 88' lang='lat' dir='ltr'><strong>quasi</strong></span> <span class='ocrx_word' id='word_1_835' title='bbox 2797 5766 3059 5839; x_wconf 82' lang='lat' dir='ltr'><strong>obliquus.</strong></span> <span class='ocrx_word' id='word_1_836' title='bbox 3083 5765 3165 5823; x_wconf 84' lang='lat' dir='ltr'><strong>vel</strong></span> <span class='ocrx_word' id='word_1_837' title='bbox 3187 5782 3254 5823; x_wconf 73' lang='lat' dir='ltr'><strong>ex</strong></span> <span class='ocrx_word' id='word_1_838' title='bbox 3274 5776 3435 5821; x_wconf 78' lang='lat' dir='ltr'><strong>tutere</strong></span> <span class='ocrx_word' id='word_1_839' title='bbox 3464 5764 3754 5835; x_wconf 59' lang='lat' dir='ltr'><strong>adjunctus.</strong></span> 
     </span>
    </p>
   </div>
  </div>
