3862 6312
26 432 137 499 1405

1504 416 1778 474 MUSICA.

3117 407 3256 467 1106

26 542 174 606 letalis
198 536 388 609 θη)οηί
422 541 631 606 Ροιθει;
666 532 907 599 dide
949 529 1130 586 enim:
1180 528 1234 583 Ῐη
1261 527 1350 583 illa
1374 528 1563 601 plaga,
1596 554 1646 611 Α
1670 530 1714 586 G
1745 526 1959 600 septimi
2002 534 2059 582 et
2101 526 2299 583 octavi.
2351 525 2474 582 Ideo
2515 537 2696 583 autem
2734 527 2943 599 proprie
2995 525 3258 594 diximus,

24 641 71 715 ξι]¹
87 640 156 691 est
180 629 233 684 in
266 626 357 682 illo
379 626 577 692 latere,
603 624 718 680 sive
743 624 797 678 in
830 620 919 676 illa
941 628 1117 690 parte.
1168 615 1343 675 Graeci
1388 627 1568 675 autem

24 712 281 800 pbtongos,
318 718 371 774 id
423 724 509 773 est
530 726 712 784 tonos,
743 713 986 786 gentium
1025 709 1309 767 vocabulis
1337 711 1418 766 sic
1441 708 1576 766 ede-

26 824 164 876 runt:

107 909 141 962 I.
374 902 440 957 Il.
691 900 776 955 111.
1064 895 1175 953 1111.
1446 894 1509 949 ν.

24 994 583 1068 Dorias,hypodorius;
612 992 890 1064 phrygius,
912 989 1354 1063 hypOphrygius;
1383 987 1580 1061 lydius,

141 1089 220 1144 Vl.
473 1085 583 1141 VII.
898 1083 1032 1139 VIII.
1104 1078 1109 1084 ’

26 1180 343 1258 liypolydius;
377 1176 707 1241 mixolidius.
733 1173 1231 1247 hypomixolydius.

60 1276 137 1332 XI.
188 1273 262 1327 De
306 1271 573 1327 tenoribus
627 1269 924 1335 modorum,
960 1276 1007 1321 et
1052 1265 1301 1336 ﬁnalibus
1329 1281 1528 1321 eorum.

81 1369 218 1423 Sicut
246 1372 428 1419 autem
452 1370 579 1419 octo
606 1372 733 1418 sunt
760 1360 896 1426 toni,
936 1359 1011 1415 ita
1042 1367 1099 1414 et
1119 1367 1243 1415 octo
1266 1358 1585 1415 eorumdem

24 1468 130 1517 sunt
154 1468 391 1511 tenores.
440 1454 622 1511 Tener
675 1461 854 1508 autem
914 1468 944 1506 a
984 1461 1163 1518 teneo,
1206 1451 1348 1507 sicut
1385 1450 1587 1505 nitora

24 1554 164 1615 niteo,
197 1556 253 1602 et
283 1565 310 1603 a
341 1548 619 1618 splendor.
668 1546 734 1600 Et
760 1557 977 1599 tenores
1030 1544 1245 1613 quidem
1285 1543 1339 1596 in
1382 1541 1588 1596 musica

23 1655 269 1704 vocamus,
297 1638 388 1693 ubi
411 1639 584 1709 prima
605 1637 832 1708 syllaba,
859 1635 1175 1690 saeculorum
1198 1648 1372 1698 amen,
1404 1630 1591 1700 cujus-

21 1736 126 1789 libet
158 1731 270 1785 toni
307 1728 587 1798 incipitur.
634 1727 796 1793 Quasi
865 1725 1010 1779 enim
1058 1722 1239 1778 claves
1269 1720 1591 1777 modulatio-

24 1824 91 1879 nis
112 1827 315 1885 tenent,
347 1828 401 1873 et
440 1818 508 1872 ad
556 1825 777 1872 cantum
807 1811 1245 1884 cognoscendum
1295 1810 1451 1864 nobis
1474 1808 1592 1863 adi-

1680 622 1826 692 qnod
1848 630 1904 677 et
1932 620 2066 676 alias
2094 619 2286 687 ﬁnales
2328 618 2599 673 interdum
2632 628 2827 677 cantus
2853 619 2955 676 sibi
2982 628 3268 690 usurpant.

1682 712 1834 782 Quod
1866 711 2139 787 quomodo
2162 720 2217 767 et
2241 725 2339 766 cur
2376 710 2610 776 eveniat,
2654 711 2711 766 in
2747 712 2991 783 sequenti
3026 722 3269 766 annueu-
3370 730 3375 731 ί

1685 819 1738 864 te
1777 808 1888 863 Deo
1937 806 2267 863 suliicienter
2295 804 2812 862 demonstrabimus.
2847 804 3139 859 Sciendum
3173 817 3271 857 au-

1686 911 1793 957 tem
1826 900 1968 971 quod
1999 909 2110 956 tota
2166 901 2246 954 vis
2280 906 2474 954 cantus
2520 898 2588 973 ad
2626 896 2816 952 ﬁnales
2862 896 3100 967 respicit.
3136 894 3273 949 Nam

1686 992 1993 1061 ubicunque
2019 999 2211 1045 cautus
2238 989 2553 1059 incipiatur,
2581 995 2635 1041 et
2658 986 3149 1057 quomodocunque
3173 1001 3271 1038 va-

1686 1083 1881 1149 rietur,
1906 1096 2121 1150 semper
2166 1082 2217 1136 ei
2264 1081 2424 1159 modo
2449 1078 2866 1151 adjudicandum
2905 1064 3011 1143 est,
3036 1077 3089 1131 in
3121 1075 3275 1144 cujus

1689 1174 1837 1229 ﬁnali
1863 1168 2182 1230 cessaverit.
2236 1172 2392 1228 Unde
2421 1179 2477 1226 et
2521 1169 2665 1225 istud
2700 1170 2757 1239 ἢ]
2786 1167 3092 1236 Prceparate
3114 1166 3277 1221 corda

1688 1274 1884 1330 vestra,
1913 1262 2045 1318 licet
2070 1276 2292 1317 cursum
2326 1260 2468 1329 proti
2516 1257 2719 1313 habere
2745 1256 3017 1320 videatur,
3048 1262 3279 1307 tantum-

1689 1374 1795 1429 que
1831 1358 1886 1412 in
1930 1357 1974 1411 E
2020 1355 2167 1411 ﬁnali
2197 1355 2331 1420 exit,
2386 1342 2626 1424 legitime
2676 1351 2902 1406 deutero
2942 1346 3280 1401 attribuitur.

1689 1450 1822 1507 Item
1846 1446 1992 1506 istud
2044 1449 2079 1518 ἢ
2131 1446 2356 1501 Factum
2396 1456 2470 1501 est
2501 1444 2800 1508 silentium,
2855 1440 3104 1512 quamvis
3134 1438 3283 1493 ince-

1689 1541 1932 1611 ptionem
1961 1536 2162 1593 babc'at
2202 1538 2432 1593 similem
2470 1548 2856 1605 responsorum
2894 1531 3112 1602 septimi
3141 1529 3279 1593 toni,

1693 1648 1752 1691 ut
1812 1636 1866 1690 in
1912 1636 1947 1705 ιῆ
1995 1634 2191 1689 Missus
2233 1643 2307 1687 est
2356 1630 2587 1695 Gabriel,
2632 1629 2668 1699 ἢ
2718 1626 2941 1697 Lapides
3005 1624 3275 1685 torrentis,

1691 1728 1726 1796 ἡ
1754 1727 1950 1781 Ductus
1973 1736 2046 1780 est
2069 1724 2263 1789 Iesus;
2289 1732 2466 1777 tamen
2490 1719 2615 1775 linis
2650 1719 2792 1774 istud
2824 1717 3001 1784 primo
3041 1715 3281 1769 abdicat.

1695 1820 2135 1889 Nec'incongrue
2184 1817 2289 1871 hoc
2332 1814 2658 1869 musicorum
2705 1807 3057 1880 providentiae
3102 1806 3281 1860 visum

22 1931 117 1975 tum
144 1917 297 1971 dant.
336 1914 443 1970 Sed
474 1922 525 1987 et
558 1926 765 1968 moram
811 1909 1014 1964 ultimae
1044 1907 1194 1962 vocis
1226 1905 1402 1961 Guido
1439 1914 1591 1959 teno-

1699 1922 1798 1977 est,
1831 1913 1908 1966 uti
1941 1906 2223 1966 modorum
2252 1904 2743 1963 considerationem
2771 1899 2866 1955 ﬁni
2896 1898 3286 1962 attribuerent,

21 2023 117 2065 rem
140 2012 318 2060 vocat.
356 2001 662 2057 Notandum
692 2007 872 2054 autem
917 1997 1086 2068 quod,
1121 1996 1263 2052 sicut
1303 1996 1439 2050 lines
1466 2003 1617 2049 octo-

22 2107 251 2152 tonorum
309 2094 367 2147 in
404 2100 638 2162 quatuor
686 2088 851 2152 notis,
897 2101 1017 2156 quae
1074 2086 1144 2140 ob
1182 2085 1235 2140 id
1298 2093 1353 2140 et
1401 2082 1609 2138 ﬁnaIes

22 2188 278 2249 dicuntur,
310 2182 557 2254 dispositi
589 2188 733 2243 sunt,
762 2179 842 2234 sic
872 2184 996 2232 octo
1052 2173 1350 2237 tenoribus,
1396 2173 1592 2228 videli-

18 2288 93 2335 cet
112 2286 366 2332 tonorum
408 2273 802 2345 aptitudinibus
849 2277 993 2323 nota:
1042 2266 1594 2337 quatuor‘attributae

20 2380 150 2434 sunt,
174 2370 276 2424 sed
302 2367 521 2422 diverso
551 2365 733 2421 modo.
776 2362 1010 2432 Semper
1040 2361 1185 2415 enim
1222 2361 1451 2415 duorum
1476 2366 1593 2413 tro-

17 2477 189 2533 porum
220 2458 350 2515 ﬁnis
396 2458 463 2512 ad
503 2472 665 2511 unam
713 2453 954 2523 respicit.
984 2451 1225 2520 itemque
1251 2451 1479 2505 duorum
1527 2446 1593 2502 ad

20 2568 188 2615 unam,
231 2559 291 2605 et
313 2550 392 2603 sic
418 2564 513 2619 per
540 2556 757 2601 caetera.
802 2544 859 2598 In
893 2544 1175 2599 tenoribus
1210 2556 1341 2596 vero
1372 2556 1480 2596 non
1517 2539 1592 2593 ita

17 2655 117 2711 est;
148 2659 277 2697 nam
306 2644 448 2697 nunc
471 2641 687 2711 quidem
720 2654 859 2693 unus
907 2638 959 2690 in
999 2650 1126 2698 una,
1154 2650 1295 2689 nunc
1322 2650 1454 2690 vero
1484 2642 1595 2688 tres

19 2738 63 2791 in
91 2750 191 2791 una
220 2734 661 2790 considerantur.
684 2730 781 2785 Est
803 2739 984 2783 autem
1012 2727 1064 2781 in
1103 2725 1143 2780 F
1169 2737 1327 2782 tenor
1371 2726 1593 2781 secundi

18 2836 138 2900 toni,
192 2834 255 2888 in
282 2830 339 2887 a'
368 2840 528 2886 acuta
563 2829 751 2900 primi,
810 2827 1010 2897 quarti,
1050 2822 1211 2880 sexti.
1251 2821 1308 2875 In
1339 2818 1381 2874 ι]
1426 2817 1594 2885 tertii,

15 2926 200 2998 quinti,
258 2925 454 2985 octavi,
486 2924 540 2978 in
590 2920 887 2992 dseptimi.
932 2916 1044 2973 Nec
1093 2917 1392 2984 incongrue
1441 2920 1597 2965 tenor

14 3017 229 3073 secundi
264 3026 319 3071 et
358 3015 575 3085 septimi
607 3012 901 3084 singularia
929 3010 1033 3065 sibi
1069 3009 1187 3064 loca
1223 3005 1595 3070 vindicarunt,

13 3110 266 3180 quoniam
292 3109 397 3163 iste
434 3088 705 3163 secundus
746 3105 799 3159 in
830 3114 1081 3173 quartam
1108 3099 1345 3154 maxime
1373 3097 1598 3151 descen-

13 3206 104 3265 dit,
126 3210 182 3255 et
210 3199 481 3269 septimus
506 3214 617 3269 prae
646 3196 861 3253 caneris
888 3193 1141 3249 omnibus
1166 3188 1433 3244 ascendit.
1459 3186 1599 3240 Sunt

12 3306 186 3348 autem
212 3294 463 3364 proprie,
511 3302 569 3347 ut
599 3306 758 3361 supra
793 3288 1052 3351 diximus,
1090 3295 1342 3340 tonorum
1367 3289 1600 3352 quatuor

9 3384 195 3441 ﬁnales
226 3387 375 3449 istae,
400 3384 463 3449 D,
504 3382 570 3448 Ε,
601 3382 666 3447 F,
696 3380 762 3446 G,
785 3387 840 3434 et
868 3378 909 3432 Ι)
940 3377 1157 3446 quidem
1188 3372 1361 3427 funalis
1387 3378 1472 3425 es:
1492 3369 1605 3439 pri-

9 3476 78 3532 mi
102 3485 158 3532 et
181 3476 441 3541 secundi,
473 3475 514 3529 E
543 3473 687 3529 tertii
714 3480 769 3528 et
825 3469 1026 3541 quarti,
1060 3468 1101 3523 F
1128 3466 1303 3537 quinti
1332 3473 1389 3520 et
1439 3462 1602 3528 sexti,

464 3807 631 3864 Primi
744 3802 754 3864 Ι
910 3802 969 3856 F.

846 3871 1031 3929 Gloria
1099 3866 1145 3930 ,Ι
1224 3866 1546 3924 Seculorum

1402 3952 1564 3991 amen

464 4089 634 4146 Tertii
748 4083 760 4146 I
912 4083 976 4140 G.

850 4154 1038 4211 Gloria
1139 4147 1147 4211 Ι
1228 4147 1549 4207 Seculorum

1406 4232 1565 4274 amen

460 4370 646 4439 Quinti
749 4366 763 4439 Ι
862 4366 962 4439 __F

851 4436 1036 4493 Gloria
1143 4428 1152 4493 I
1232 4428 1558 4486 Seculorum

884 4513 897 4521 ’
1144 4511 1153 4553 I
1407 4511 1566 4553 amen

462 4650 690 4718 Septimi
752 4650 768 4718 ι
917 4662 965 4703 c.

853 4718 1039 4775 Gloria
1144 4711 1152 4775 1
1235 4711 1557 4769 Seculorum

1408 4796 1567 4836 amen

370 4815 877 5018 Li

65 5211 155 5264 De
199 5203 471 5260 ﬁnalibus
512 5210 691 5257 autem
722 5196 968 5267 exempla
1001 5193 1178 5251 daturi
1205 5176 1426 5263 dignum
1460 5189 1618 5245 duxi-

0 5316 124 5375 mus
171 5295 254 5354 ad
293 5291 773 5349 demonstrandam
807 5288 1017 5358 plenius
1052 5295 1330 5355 troporum
1354 5280 1621 5353 cdgnitio-
1728 5275 1969 5331 Primum
1999 5272 2225 5343 quaerite
2247 5285 2472 5343 regnum
2500 5267 2594 5324 Dei

0 5408 156 5457 nem,
229 5383 626 5444 cantiunculas
660 5381 921 5451 quasdam
949 5379 1037 5433 hic
1084 5375 1444 5439 subscribere,
1483 5386 1623 5442 quas

0 5484 174 5538 etiam
208 5474 564 5548 aptitudines
591 5473 706 5529 sive
752 5469 1013 5526 formulas
1038 5467 1319 5523 modorum
1351 5461 1623 5535 appellare

0 5574 311 5647 possimus
360 5566 493 5638 (10).

884 4984 2632 5015 ———-_—_—L_——l‘—_—_

1693 2019 1816 2060 eum
1844 2004 1896 2057 in
1928 1998 2180 2073 gerendis
2208 1988 2512 2054 rebussola
2536 1994 2657 2072 linis
2680 1990 3048 2048 consideratio
3070 1988 3285 2058 sapien-

1696 2106 1779 2151 tes
1821 2094 1891 2150 ab
1921 2092 2157 2148 incautis
2206 2096 2483 2152 secernat,
2536 2094 2675 2141 teste
2723 2083 2939 2149 Boetio,
2972 2080 3066 2152 qui
3113 2078 3287 2135 dicit:

1694 2188 1895 2242 Rerum
1919 2186 2097 2241 exitus
2118 2181 2460 2254 providentia
2482 2178 2727 2235 metitur.
2763 2175 2918 2231 Sicut
2940 2187 3071 2243 ergo
3098 2184 3282 2226 rerum

1697 2279 1838 2335 actio
1866 2277 1933 2331 ad
1965 2275 2129 2330 linem
2171 2272 2418 2342 respicit,
2446 2270 2525 2326 sic
2550 2260 2807 2325 cantuum
2844 2261 3137 2320 modulatio
3176 2274 3286 2314 non

1697 2368 2146 2425 inconvenienter
2179 2366 2246 2420 ad
2272 2366 2434 2419 linem
2466 2362 2658 2417 tendit.
2682 2359 2838 2417 Unde
2876 2357 3146 2426 hodieque
3171 2353 3293 2407 vul-

1696 2478 1827 2534 gare
1866 2459 2210 2532 proverbium
2242 2465 2365 2512 est:
2393 2455 2584 2512 Omnis
2626 2453 2742 2507 laus
2771 2452 2825 2505 in
2883 2449 2992 2503 line
3031 2447 3280 2503 canitur.

1699 2553 1808 2609 Sed
1829 2567 1952 2607 cum
1974 2551 2086 2620 jam
2118 2550 2186 2605 de
2210 2548 2496 2604 tenoribus
2521 2544 2804 2599 modorum
2832 2550 2995 2610 atque
3039 2534 3292 2593 ﬁnalibus

1696 2645 1901 2717 aliquid
1937 2644 2140 2700 dictum
2187 2642 2279 2705 sit,
2331 2638 2468 2694 nihil
2509 2638 2685 2702 obest,
2718 2635 2761 2690 si
2812 2634 2977 2688 etiam
3008 2631 3075 2685 de
3121 2626 3299 2699 gloria

1697 2735 1987 2804 cujuslibet
2016 2732 2155 2799 toni,
2192 2731 2283 2787 ubi
2311 2731 2382 2786 sit
2412 2727 2779 2799 incipiendum
2830 2724 3090 2778 lectorem
3128 2718 3294 2774 celti-

1698 2830 1943 2886 licemus.

1770 2920 2005 2977 Secundi
2039 2934 2170 2990 ergo
2203 2916 2316 2973 toni
2339 2915 2579 2987 gloriain
2611 2913 2653 2969 (Ξ
2689 2910 2839 2983 gravi
2871 2908 3094 2977 incipit,
3126 2919 3293 2974 quar-

1699 3016 1739 3070 ti
1770 3014 1824 3069 in
1856 3014 1898 3069 Ε
1920 3013 2091 3074 linali.
2129 3011 2311 3082 primi,
2341 3010 2537 3079 quinti,
2561 3008 2698 3063 sexti
2730 3007 2781 3059 in
2807 3004 2871 3069 F,
2917 3001 3081 3065 tertii,
3112 2996 3293 3053 octavi

1701 3108 1755 3163 in
1788 3108 1855 3171 G,
1886 3105 2101 3175 septimi
2132 3104 2185 3156 in
2220 3118 2270 3157 c.
2293 3108 2475 3156 acuta.
2505 3098 2656 3153 Nunc
2692 3095 2759 3149 de
2790 3092 3021 3163 singulis
3056 3098 3115 3143 ut
3142 3098 3295 3143 leno-

1703 3197 1852 3251 ribus
1883 3193 2135 3248 ﬁnalibus
2190 3199 2245 3246 et
2293 3189 2463 3260 gloria
2514 3195 2763 3242 tonorum
2814 3180 3059 3251 exempla
3098 3177 3299 3235 subda-

1708 3300 1849 3346 mus,
1891 3298 1955 3337 ac
1987 3283 2217 3353 primum
2259 3279 2325 3333 de
2358 3278 2528 3348 gloria
2558 3285 2612 3331 et
2634 3275 2779 3331 forte
2804 3270 3117 3328 structorum
3142 3282 3297 3323 amen

1709 3392 1809 3448 per
1847 3374 2027 3429 omnia
2050 3371 2534 3443 exemplilicemus.

1726 3789 1965 3848 Secundi
2029 3787 2050 3848 1
2199 3787 2261 3840 (Ξ.

2129 3856 2315 3913 Gloria
2423 3851 2435 3913 Ι
2515 3851 2834 3909 Seculorum

2694 3935 2852 3976 amen

1744 4071 1934 4141 Quarti
2042 4071 2052 4141 |
2152 4071 2266 4141 7E.

2131 4140 2319 4197 Gloria
2424 4134 2436 4197 Ι
2517 4134 2837 4191 Seculorum

2707 4218 2863 4259 amen

1776 4353 1930 4411 Sexti
2042 4351 2111 4411 Iv
2200 4351 2259 4406 F.

2144 4422 2329 4478 Gloria
2427 4414 2437 4478 I
2518 4414 2836 4472 Seculorum

2242 4534 2249 4535 κ
2426 4498 2437 4539 1
2698 4498 2853 4539 amen

1757 4633 1946 4692 Octavi
2041 4633 2053 4692 I
2205 4633 2267 4689 G.

2146 4703 2347 4760 Gloria
2429 4696 2439 4760 I
2520 4696 2839 4753 Seculorum

2696 4782 2855 4821 amen

2634 4840 2961 4995 __l

3071 5170 3310 5228 Finales.

3264 5263 3309 5315 D

1731 5366 2044 5423 Secundum
2078 5375 2257 5420 autem
2283 5362 2459 5420 simile
2474 5369 2558 5417 est
2587 5359 2714 5414 huic
2798 5396 2799 5399 η
3264 5356 3308 5408 D

1731 5458 1914 5514 Tertia
1942 5466 2027 5514 est
2058 5457 2175 5512 dies
2203 5455 2343 5525 quod
2366 5456 2482 5510 haec
2514 5452 2653 5507 facta
2680 5458 2824 5506 sunt.
2972 5502 2973 5507 η
3265 5446 3310 5501 Ε

3266 5537 3311 5591 Ε

1731 5550 1937 5619 Quarta
1959 5548 2137 5621 vigilia
2162 5547 2308 5602 venit
2325 5548 2391 5600 ad
2419 5559 2529 5599 eos.

1732 5642 1978 5711 Quinque
1999 5641 2288 5712 prudentes
2314 5636 2548 5707 virgines
2574 5629 2994 5689 intraveruntad
3010 5639 3247 5702 nuptias.
3269 5627 3314 5683 Ρ

71 5841 205 5915 (10)
250 5832 525 5906 Exempla
547 5832 670 5900 iSIa,
701 5843 767 5886 ex
786 5827 1050 5887 Bcrnonis
1076 5825 1313 5885 Tonario
1352 5824 1655 5894 desumpta,
1689 5821 1741 5877 in
1772 5820 1959 5880 codice
1983 5836 2106 5879 eum
2135 5815 2334 5874 notulis
2354 5812 2591 5885 antiquis
2611 5811 2912 5885 signantur.
