3862 6312
555 371 580 427 1
594 370 691 425 107

554 490 723 543 Sexta
756 486 890 541 hora
912 483 1048 539 sedit
1075 495 1237 550 super
1263 489 1508 551 puteum.

554 577 778 647 Septem
804 582 931 630 sunt
957 572 1180 647 spiritus
1206 583 1332 643 ante
1366 574 1617 628 thronum
1648 570 1741 627 Dei
2093 569 2135 624 G

553 671 690 725 Octo
722 676 848 739 sunt
871 665 1231 739 beatitudines
1392 720 1393 723 η
2092 659 2135 714 G

623 760 778 815 Scire
832 766 1092 828 praeterea
1137 757 1412 823 convenit,
1464 757 1610 826 quod
1674 754 1815 825 apud
1874 752 2136 824 quosdam

550 852 837 924 phthongi,
857 852 910 906 id
942 861 1047 915 est,
1081 850 1190 906 toni
1215 848 1510 915 vocalibus,
1546 859 1794 902 tonorum
1824 856 2003 902 autem
2034 846 2141 901 dif“

551 945 813 1009 ferentia,
845 959 979 1013 quas
1022 944 1239 1013 quidam
1270 942 1493 997 abusive
1541 940 1889 997 diflinitiones
1916 949 2135 1005 vocant,

550 1039 974 1093 consonantibus
995 1037 1278 1107 signantur
1319 1036 1422 1091 hoc
1457 1036 1638 1090 modo.
1671 1034 1913 1088 Primum
1951 1042 2137 1088 tonum

549 1146 580 1184 a
605 1139 775 1193 notat,
807 1129 1108 1186 secundum
1131 1143 1182 1193 e,
1211 1128 1435 1183 tertium
1465 1127 1503 1193 i,
1530 1127 1781 1197 quintum
1807 1142 1862 1194 o,
1886 1127 2150 1195 quintum

547 1237 606 1288 u,
629 1228 841 1277 sextum
874 1220 915 1275 ll
940 1236 1194 1292 grtecum,
1220 1221 1509 1289 septimum
1536 1237 1590 1292 y,
1618 1227 1869 1276 octavum
1903 1243 1962 1274 ω.
2022 1219 2139 1273 Pri-

551 1330 697 1368 mam
737 1322 919 1369 autem
972 1311 1395 1381 cujusqueotoni
1444 1311 1808 1368 differentiam
1847 1312 1879 1365 b
1910 1310 2136 1376 indicat,

550 1407 841 1461 secundam
872 1420 922 1470 c,
969 1404 1184 1458 tertiam
1209 1404 1264 1469 d,
1303 1414 1554 1474 quartam
1588 1420 1638 1476 g,
1658 1413 1713 1460 et
1742 1404 1815 1459 ita
1853 1415 2015 1459 mum
2044 1419 2140 1474 per

549 1495 820 1559 ordinem.
852 1495 945 1549 llis
975 1495 1046 1549 ita
1089 1495 1297 1550 utiliter
1323 1496 1572 1566 digestis,
1604 1495 1716 1565 iam
1753 1512 1902 1552 nunc
1930 1504 2140 1566 tempus

549 1598 654 1653 est,
696 1595 753 1641 ut
780 1586 845 1651 de
896 1586 1129 1656 regulari
1174 1587 1288 1643 sive
1334 1588 1519 1644 licenti
1551 1590 1796 1644 omnium
1853 1590 2137 1646 modorum

551 1699 713 1738 cursu
747 1684 958 1756 regulas
984 1687 1194 1739 demus.

608 1775 719 1830 XII.
765 1776 840 1831 De
872 1775 1099 1845 regulari
1136 1792 1293 1845 cursu
1324 1775 1599 1830 modorum
1628 1784 1784 1845 atque
1827 1774 2064 1829 licentia.

621 1867 756 1923 Cum
790 1868 956 1938 igitur
977 1869 1043 1927 de
1067 1884 1229 1923 cursu
1258 1868 1543 1923 modorum
1581 1866 1780 1933 dicturi
1801 1867 1990 1932 simus,
2013 1868 2142 1939 quid

548 1973 770 2013 cursum
799 1972 987 2014 eorum
1017 1973 1294 2035 vocemus,
1320 1956 1574 2027 primitus
1610 1957 2009 2013 discutiendum
2034 1968 2139 2013 est.

530 2049 1104 2129 Cursumrnodorum
1127 2050 1244 2106 sive
1266 2059 1514 2121 tonorum
1549 2050 1780 2106 dicimus
1812 2050 2008 2119 legem,
2033 2066 2143 2120 qua

547 2143 652 2197 sub
687 2150 834 2201 certa
871 2141 1055 2213 regula
1079 2151 1424 2208 coercentur,
1451 2151 1716 2212 quantum
1752 2141 1961 2199 scilicet
1995 2141 2144 2212 quis-

548 2250 657 2302 que
691 2237 985 2293 ascendere
1018 2234 1104 2290 vel
1138 2235 1899 2303 desecndcre,quantumque
1938 2231 2141 2290 intendi

548 2324 636 2381 vel
662 2325 868 2380 remitti
898 2325 1112 2381 debeat.
1153 2324 1259 2380 Sed
1285 2324 1564 2394 quoniam,
1597 2340 1723 2381 cum
1747 2333 1944 2380 cantus
1966 2325 2143 2381 inten-

548 2415 698 2471 ditur
736 2426 791 2472 et
843 2416 1164 2484 remittitur,
1199 2417 1447 2481 ascensio
1496 2425 1553 2473 et
1588 2417 1870 2474 descensio
1915 2418 2019 2474 dici
2052 2433 2144 2488 po-

548 2516 681 2574 test,
710 2509 854 2579 quod
903 2508 957 2564 in
1002 2524 1165 2567 cursu
1207 2511 1491 2566 modorum
1520 2510 1892 2566 ascensionem
1925 2519 1979 2565 et
2020 2510 2143 2567 des-

504 2674 507 2677 _
554 2601 869 2675 censionem
903 2602 1143 2672 itemque
1177 2602 1529 2665 intentionem
1563 2617 1628 2659 ac
1650 2603 2023 2659 remissionem
2050 2619 2145 2659 vo-

548 2708 758 2757 cemus,
807 2694 1249 2766 distinguendum
1281 2704 1384 2759 est,
1430 2710 1502 2751 ne
1554 2695 1661 2750 ulla
1704 2710 1771 2759 ex
1814 2704 1969 2765 parte
2021 2695 2141 2750 rudi

548 2782 739 2839 lectori
772 2784 990 2840 occasio
1026 2784 1314 2838 vacillandi
1351 2782 1649 2854 ingeratur.
1694 2784 1837 2854 Ergo
1864 2783 2134 2839 ascensio-

550 2891 678 2933 nem
740 2885 991 2953 tonorum
1051 2885 1106 2931 et
1161 2874 1573 2933 descensionem
1623 2891 1881 2931 vocamus
1935 2883 2139 2930 certam

551 2966 791 3036 ipsorum
846 2967 1172 3023 ascendendi
1223 2976 1276 3021 et
1315 2966 1679 3039 descendendi
1721 2967 1915 3038 legem,
1949 2967 2000 3021 id
2035 2973 2156 3039 est,f

552 3068 813 3128 quantum
851 3072 881 3113 a
909 3056 1159 3112 finalibus
1182 3058 1297 3113 suis
1318 3060 1618 3125 ascendant
1647 3058 1761 3113 sive
1790 3057 2137 3112 descendant.

2098 479 2137 533 F

553 3150 915 3206 intensionem
954 3164 1081 3204 vero
1125 3156 1182 3205 et
1220 3149 1594 3205 remissionem
1626 3158 1877 3205 tonorum
1909 3148 2139 3205 dirimus
2168 3175 2214 3236 ο

552 3241 934 3298 certitudinem
971 3241 1141 3309 illam,
1191 3256 1288 3312 per
1313 3251 1515 3313 quanta
1547 3257 1738 3297 vocum
1780 3240 2063 3295 intervalla
2111 3259 2142 3295 a

556 3335 704 3388 finali
741 3350 839 3390 suo
871 3335 1101 3405 quisque
1138 3350 1295 3389 suum
1327 3335 1653 3404 principium
1684 3334 1891 3399 habere
1923 3335 2142 3389 debeat.

557 3426 769 3491 Quibus
795 3426 866 3479 ita
890 3426 1202 3480 necessario
1231 3425 1548 3496 praemissis,
1571 3424 1638 3479 de
1668 3438 1830 3479 cursu
1864 3414 2147 3479 modorum

553 3527 715 3588 pruut
778 3518 1194 3588 pr0posuimus,
1271 3517 1622 3573 disseramus.
1692 3515 1896 3572 Omnes
1962 3518 2145 3586 itaque

556 3607 800 3661 auhtenti
829 3622 859 3660 a
898 3606 1042 3661 finali
1075 3623 1173 3661 suo
1197 3606 1263 3660 ad
1284 3615 1555 3672 octavam,
1579 3607 1721 3677 quod
1749 3615 1831 3661 est
1862 3606 2141 3674 diapason,

556 3697 883 3766 regulariter
916 3698 1239 3763 ascendunt,
1269 3696 1497 3752 licenter
1534 3699 1602 3753 ad
1650 3713 1851 3753 nonam
1878 3696 1961 3750 vel
2003 3698 2145 3751 deci-

557 3801 724 3840 mam.
764 3786 1062 3841 Licentiam
1103 3794 1282 3841 autem
1329 3786 1532 3842 idcirco
1576 3804 1606 3842 a
1660 3786 1845 3858 regula
1895 3787 2134 3841 secrevi-

557 3893 704 3944 mus,
724 3886 781 3932 ut
804 3878 1033 3949 sciatur,
1058 3878 1184 3947 quia
1209 3877 1312 3933 illre
1339 3894 1500 3933 voces
1526 3894 1748 3947 perraro
1773 3878 2145 3948 contingendte

559 3977 709 4032 sunt,
755 3983 876 4037 quae
904 3982 1003 4037 per
1041 3967 1316 4022 licentiam
1346 3970 1720 4022 conceduntur
1752 3982 1766 4020 :
1804 3969 1955 4032 Quod
2000 3967 2143 4021 enim

558 4058 683 4128 quis
710 4074 806 4129 per
832 4058 1070 4128 regulam
1107 4058 1292 4122 habet,
1317 4059 1470 4128 quasi
1501 4072 1565 4111 ex
1595 4058 1776 4113 debito
1809 4057 1994 4117 habet,
2025 4056 2146 4110 ideo

558 4148 782 4205 liberius
830 4164 895 4205 eo
938 4148 1039 4204 frui
1081 4158 1290 4218 potest;
1348 4163 1468 4218 quae
1519 4157 1698 4201 autem
1740 4162 1837 4217 per
1874 4146 2143 4200 licentiam

558 4241 928 4310 possidentur,
953 4256 1017 4297 ea
1064 4248 1340 4307 tamquam
1371 4254 1468 4309 per
1490 4239 1720 4309 gratiam
1752 4253 1999 4308 possessa
2042 4236 2143 4289 litt-

561 4330 741 4385 milius
776 4340 938 4400 atque
966 4329 1287 4400 prudentius
1311 4338 1436 4384 sunt
1465 4329 1765 4385 tractanda.
1803 4326 2147 4381 Descendunt

563 4440 592 4479 a
625 4424 769 4479 finali
802 4427 866 4479 ad
891 4424 1213 4492 proximam,
1246 4424 1335 4479 ubi
1362 4422 1675 4479 nonnullam
1711 4422 1791 4476 eis
1816 4420 2142 4474 licentiama

563 4518 751 4587 peritis
793 4517 1015 4570 musicis
1062 4508 1375 4571 concessam
1426 4515 1623 4584 reperi.
1682 4513 1971 4584 Excipitur
2027 4510 2153 4564 inde

565 4610 860 4663 autbentus
890 4608 1073 4669 tritus,
1092 4609 1181 4677 qui
1203 4606 1525 4676 simpliciter
1550 4606 1771 4675 quintus
1800 4604 2109 4659 nominatur
2135 4617 2148 4654 :

564 4701 693 4755 huic
728 4699 876 4754 nulla
907 4698 1044 4754 inf‘ra
1076 4698 1293 4754 finalem
1319 4696 1602 4754 descensio
1629 4695 1891 4751 attributa
1918 4702 2023 4758 est,
2046 4708 2152 4747 non

568 4793 728 4847 aliam
764 4792 834 4848 ob
863 4807 1105 4855 causam,
1163 4790 1264 4845 nisi
1313 4790 1456 4860 quod
1494 4789 1767 4845 semitonii
1816 4785 2155 4858 imperfeclio

566 4893 963 4956 competentem
994 4885 1112 4939 fieri
1149 4885 1466 4939 descensum
1509 4899 1614 4937 non
1649 4881 1935 4952 permittit.
1969 4880 2159 4949 Plaga-

568 4979 649 5034 les
669 4988 848 5035 autem
880 4993 1069 5034 omnes
1095 4992 1125 5031 a
1165 4977 1310 5031 finali
1340 4991 1509 5044 usque
1538 4975 1604 5030 ad
1631 4974 1901 5043 quintam,
1929 4987 2048 5042 quae
2074 4978 2158 5026 est

570 5070 846 5141 diapente,
872 5070 1196 5133 ascendunt,
1242 5076 1295 5123 et
1334 5066 1559 5121 licenter
1589 5074 1799 5120 sextam
1854 5073 2157 5119 assumunt.

570 5163 684 5220 Nec
730 5173 815 5220 est
858 5163 1187 5227 mirandum,
1214 5160 1357 5229 quod
1402 5158 1641 5229 plagales
1671 5158 1933 5213 minorem
1971 5171 2162 5212 ascen-

572 5256 732 5312 dendi
755 5254 1031 5310 licentiam
1052 5252 1275 5316 habent,
1293 5265 1456 5319 quam
1474 5248 1742 5311 authenti,
1769 5248 1895 5319 quia
1923 5246 2161 5317 plagales

574 5362 791 5419 semper
817 5347 869 5401 in
907 5343 1256 5401 inferioribus
1284 5342 1485 5398 morari
1523 5341 1740 5406 debent,
1788 5349 1842 5396 et
1875 5353 2099 5409 perraro
2131 5353 2162 5393 a

574 5439 720 5494 finali
744 5440 808 5494 ad
833 5440 1078 5509 quintam
1100 5434 1414 5491 ascendere.
1440 5435 1575 5490 Nam
1597 5444 1651 5491 et
1679 5435 1811 5489 ordo
1837 5431 1996 5501 hujus
2024 5431 2159 5486 artis

573 5527 1105 5598 expcrientissimus,
1164 5534 1220 5580 et
1261 5542 1292 5581 a
1341 5525 1587 5582 Guidone
1625 5526 1680 5580 in
1733 5525 1843 5580 fine
1888 5531 2158 5579 tractatus

576 5620 660 5674 sui
726 5618 1148 5691 comprobatur,
1193 5626 1434 5681 cantum,
1464 5616 1555 5685 qui
1599 5630 1630 5669 a
1677 5614 1820 5670 finali
1861 5612 2160 5683 ascendens

577 5713 824 5782 quintam
851 5719 936 5767 ter
962 5710 1043 5765 vel
1065 5724 1258 5780 quater
1285 5709 1597 5779 repercutit,
1629 5706 1891 5761 authento
1918 5705 2158 5775 deputat.

1994 366 2042 422 J.
2074 360 2413 422 COTTON|3

3670 363 3761 421 “98

2170 481 2214 537 Α
2245 476 2397 530 Unde
2431 485 2483 529 et
2506 474 2618 529 haec
2652 473 2965 544 antiphona.
2994 476 3135 527 Ecce
3153 484 3204 525 tu
3222 471 3445 541 pulchra
3474 484 3761 541 :quanquam

2242 572 2294 625 in
2333 584 2551 626 cursum
2579 569 2800 623 secundi
2845 569 2957 623 toni
2992 569 3225 631 decidat,
3262 579 3475 631 tamen,
3506 567 3617 636 quia
3646 585 3763 639 supe-

2240 666 2355 719 rius
2381 661 2624 732 quintam
2659 676 2688 714 a
2719 660 2863 714 finali
2895 661 3089 731 szepius
3120 659 3459 723 reverberat,
3498 660 3653 729 primo
3675 671 3763 718 tono

2240 752 2549 822 deputatur.
2610 751 2743 805 Item
2776 768 2790 804 :
2826 750 2939 804 Rea:
2990 750 3253 804 Dominus
3290 751 3542 815 omnium,
3580 751 3686 819 quia
3726 754 3763 810 in

2239 842 2485 913 superius
2514 841 2851 911 frequentius
2878 850 3148 905 versatur,
3192 841 3246 895 in
3274 841 3517 894 unctione
3542 842 3599 895 ad
3640 844 3676 895 Δ
3702 858 3765 899 ca-

2239 935 2405 1005 pitale
2456 934 2772 1001 descendat,
2816 934 2993 1005 primo
3031 943 3211 989 tamen
3269 942 3398 987 tono
3447 932 3762 993 adscribitur:

2240 1027 2386 1095 quod
2452 1025 2573 1080 ideo
2632 1025 2691 1079 fit
2746 1033 2803 1080 ut
2846 1025 3023 1081 honor
3069 1025 3408 1096 principibus
3455 1036 3762 1083 conservetur.
3856 1076 3857 1085 χ

2243 1117 2504 1173 D0tninus
2544 1133 2782 1188 namque
2817 1117 2929 1173 sive
2965 1118 3227 1188 magister
3251 1132 3359 1171 non
3389 1123 3586 1171 tantum
3614 1114 3659 1168 in
3682 1132 3765 1186 pro-
3856 1104 3857 1143 Τ

2239 1208 2356 1278 pria
2393 1216 2717 1278 potestatem
2762 1207 2944 1272 habet,
2987 1208 3079 1263 sed
3110 1208 3277 1263 etiam
3326 1206 3383 1260 in
3418 1220 3502 1269 ea,
3544 1219 3647 1273 quae
3678 1216 3765 1260 sunt
3856 1264 3857 1285 η

2240 1298 2440 1352 subditi
2470 1296 2606 1366 ejus.
2634 1296 2865 1353 Subdito
2892 1306 3074 1352 autem
3107 1294 3359 1351 sufﬁcere
3388 1293 3561 1359 debet,
3590 1294 3626 1348 si
3649 1310 3765 1349 ama-
3856 1296 3857 1315 ‘

2241 1386 2413 1458 gistro
2441 1386 2546 1442 sibi
2576 1386 2852 1441 concessis
2883 1385 3160 1441 humiliter
3199 1384 3275 1439 uti
3310 1380 3492 1447 liceat,
3534 1383 3699 1436 nedum
3720 1384 3764 1436 ad
3856 1436 3857 1441 η

2240 1494 2326 1546 ea,
2352 1496 2471 1550 quae
2500 1468 2627 1535 sunt
2664 1478 2898 1550 praelati,
2931 1488 3136 1535 temere
3175 1493 3236 1534 se
3260 1472 3545 1549 proripiat.
3590 1474 3640 1531 Si
3675 1493 3765 1547 ergo
3850 1504 3857 1555 τ

2239 1571 2477 1642 plagales
2508 1572 2563 1627 in
2593 1585 2823 1626 ascensu
2854 1571 3099 1641 quintam
3126 1584 3355 1641 perraro
3394 1568 3586 1623 debent
3606 1570 3763 1622 contin-
3856 1590 3857 1593 η

2242 1676 2393 1732 gere,
2419 1671 2624 1733 quanto
2654 1662 2834 1717 rarius
2874 1671 3104 1717 sextam.
3135 1660 3486 1726 Descendunt
3511 1668 3666 1712 autem
3685 1673 3766 1711 om-
3856 1650 3857 1689 ³

2242 1765 2340 1805 nes
2391 1749 2701 1822 subjugales
2754 1766 2786 1805 a
2836 1749 2986 1805 finali
3015 1750 3082 1804 ad
3114 1758 3392 1819 quartam,
3423 1747 3560 1817 quod
3596 1756 3665 1801 est
3684 1747 3766 1801 dia-
3856 1742 3857 1801 ἶ

2170 1827 2217 1886 Β
2247 1851 2511 1909 tessaron,
2544 1842 2629 1897 vel
2666 1842 2831 1896 etiam
2882 1842 2948 1897 ad
3000 1842 3250 1911 quintam
3301 1838 3634 1908 regulariter.
3670 1836 3767 1893 Nam
3856 1874 3857 1877 η

2244 1932 2517 1989 licentiam
2544 1934 2905 1991 descendendi
2926 1948 3101 2003 neque
3120 1932 3420 1996 authentis,
3452 1944 3616 1999 neque
3638 1929 3770 2000 plaga-

2242 2024 2384 2082 libus
2434 2034 2698 2097 nusquam
2760 2027 2863 2097 legi
2915 2041 3254 2083 concessam.
3307 2023 3598 2080 Sciendum
3639 2032 3770 2079 tamen
3856 2014 3857 2017 “

2243 2118 2386 2187 quod
2411 2118 2631 2187 quidam
2662 2118 2852 2173 musici
2889 2119 3033 2172 haud
3059 2119 3359 2187 incongrue
3383 2114 3664 2185 regularem
3680 2128 3768 2167 cur-

2245 2225 2365 2266 sum
2396 2200 2703 2276 modorum,
2747 2211 2837 2281 qui
2874 2221 3000 2265 snnt
3027 2219 3175 2274 octo,
3202 2223 3300 2279 per
3329 2206 3553 2262 totidem
3577 2204 3768 2274 diapason

2244 2302 2620 2358 dimetiuntur.
2646 2302 2713 2356 Et
2738 2302 3033 2357 secundum
3062 2300 3278 2355 illorum
3314 2297 3655 2353 assertionem
3676 2311 3771 2364 pene

2244 2409 2436 2469 omnes
2482 2394 2627 2448 modi
2670 2408 2831 2447 unam
2889 2390 3026 2447 infra
3076 2390 3297 2446 finalem
3330 2398 3610 2444 assumunt
3638 2388 3771 2457 perli-

2245 2486 2505 2552 centiam,
2551 2500 2714 2556 quam
2758 2484 2911 2555 prius
2960 2484 3040 2538 eis
3090 2481 3419 2553 regulariter
3470 2478 3769 2534 attribuimus.

2246 2576 2381 2631 Cum
2416 2590 2547 2649 ergo
2585 2585 2709 2631 octo
2748 2576 2855 2630 toni
2897 2590 2995 2644 per
3038 2574 3269 2641 totidem
3301 2573 3565 2642 diapason
3592 2581 3770 2634 currant,

2244 2669 2322 2722 sic
2346 2669 2450 2722 duo
2477 2668 2586 2723 toni
2616 2676 2675 2721 ut
2717 2668 2978 2738 magister
3013 2675 3070 2721 et
3098 2664 3400 2737 discipulus
3426 2664 3687 2726 cohaerent,
3717 2663 3776 2717 sic
3856 2688 3857 2737 i

2243 2770 2510 2841 eteorum
2537 2761 2797 2829 diapason
2827 2767 3253 2824 connectuntur,
3292 2759 3368 2811 ita
3401 2765 3459 2811 ut
3490 2756 3541 2810 in
3564 2756 3634 2810 eis
3656 2755 3775 2810 facile
3856 2764 3857 2803 ξ

2243 2853 2601 2909 animadverti
2628 2853 2823 2924 possit,
2864 2868 2983 2922 qua:
3005 2865 3167 2906 voces
3195 2849 3422 2921 proprie
3462 2848 3568 2904 sint
3590 2847 3777 2918 plagalis,
3856 2892 3857 2924 1

2243 2959 2365 3014 qua:
2393 2918 2665 3010 aiithenti,
2695 2960 2815 3014 qua:
2839 2918 3158 2999 communes
3187 2918 3435 3013 utrique,
3463 2942 3600 3012 quod
3652 2940 3779 3011 figura

2245 3035 2439 3089 harum
2461 3050 2599 3105 quas
2616 3034 2948 3105 subjecimus
2978 3043 3104 3089 octo
3134 3042 3381 3087 rotarum
3410 3032 3613 3087 cautius
3633 3031 3779 3084 intuiu

2244 3126 2582 3195 apertissime
2604 3127 2931 3180 demonstrat
2960 3125 3004 3196 (l
3022 3126 3093 3193 l).

2322 3218 2436 3272 Hoc
2480 3233 2699 3287 quoque
2764 3216 3123 3270 intimandum
3176 3215 3414 3280 videtur,
3445 3213 3781 3283 qualiteraeci-

2247 3312 2503 3381 piendum
2534 3313 2627 3376 sit,
2650 3311 2794 3381 quod
2818 3310 3068 3371 dicimus,
3103 3308 3401 3363 authentos
3426 3309 3492 3361 ad
3522 3317 3720 3367 octavas,
3742 3316 3781 3356 et
3807 3366 3815 3373 ε

2249 3402 2558 3476 subiugales
2612 3405 2678 3457 ad
2722 3402 2941 3472 quintas
2992 3399 3288 3455 ascendere
3331 3416 3346 3452 :
3397 3405 3459 3451 ut
3491 3399 3623 3451 enim
3657 3411 3779 3464 supra

2249 3484 2434 3552 testati
2482 3510 2691 3560 sumus,
2720 3489 2904 3563 pu'eris
2943 3492 2995 3546 in
3034 3493 3137 3546 hoc
3173 3489 3443 3561 opusculo
3484 3490 3616 3541 viam
3650 3488 3782 3554 signa-

2248 3601 2388 3642 mus.
2443 3585 2499 3640 Si
2545 3600 2675 3656 ergo
2699 3582 3107 3652 intelligendum
3155 3591 3272 3644 est,
3329 3579 3550 3648 quando
3604 3576 3694 3631 toni
3732 3574 3782 3628 ad

2248 3688 2476 3734 octavas
2500 3678 2583 3732 vel
2614 3676 2833 3746 quintas
2859 3673 3157 3729 ascendere
3181 3673 3459 3733 dicuntur,
3486 3668 3677 3739 quando
3698 3675 3783 3719 tam

2247 3772 2357 3827 alte
2408 3770 2728 3833 ascendant,
2763 3777 2820 3821 ut
2863 3765 3189 3822 ascendendi
3231 3764 3532 3835 potentiam
3581 3761 3783 3815 habeant.

2249 3864 2435 3934 Neque
2466 3862 2612 3917 enim
2648 3859 2827 3914 omnis
2856 3865 3050 3913 cantus
3085 3856 3481 3911 autbentorum
3503 3853 3567 3907 ad
3593 3860 3781 3911 octavas,

2248 3972 2425 4026 neque
2460 3953 2751 4025 pla‘galium
2782 3952 2963 4006 omnis
3003 3964 3172 4005 canor
3204 3949 3270 4003 ad
3311 3947 3534 4016 quintas
3561 3942 3781 4015 pertingit,

2248 4050 2396 4105 sicut
2425 4055 2573 4117 patet
2614 4046 2666 4100 in
2700 4046 2805 4100 hac
2834 4043 2995 4114 primi
3028 4041 3137 4096 toni
3170 4048 3285 4094 ant.
3316 4037 3384 4091 In
3407 4048 3498 4091 tuo
3518 4036 3725 4095 adventu,
3747 4040 3785 4084 et

2250 4142 2305 4196 in
2363 4142 2465 4195 hac
2515 4137 2736 4193 secundi
2791 4144 2901 4189 ant.
2945 4130 3329 4196 Consolamini,
3358 4125 3693 4182 consolamim'.
3726 4122 3786 4175 In-

2252 4234 2504 4288 tensione
2527 4239 2706 4285 autem
2726 4238 2781 4284 et
2811 4225 3133 4282 remissione
3152 4223 3439 4277 modorum
3466 4220 3539 4273 sic
3564 4227 3635 4272 est
3651 4215 3786 4269 anim.

2251 4323 2659 4379 advertendum.
2691 4317 2979 4374 Authentis
3026 4302 3279 4370 omnibus
3313 4311 3442 4366 licet
3470 4324 3611 4363 suum
3634 4305 3785 4373 cuique

2251 4414 2580 4485 principium
2622 4428 2651 4466 a
2709 4409 2857 4465 finali
2912 4409 2981 4461 ad
3026 4406 3271 4475 quintam
3323 4400 3611 4462 intendere,
3651 4404 3711 4449 et°
3732 4393 3782 4445 ad

2186 4514 2231 4571 [)
2259 4523 2402 4571 eam,
2440 4520 2560 4574 quae
2588 4503 2689 4559 sub
2719 4500 2864 4556 finali
2903 4487 3149 4568 proxima
3189 4502 3294 4558 est,
3325 4491 3609 4547 remittere.
3637 4486 3683 4539 Si
3710 4500 3782 4538 au-

2261 4607 2366 4652 tem
2408 4596 2473 4650 ad
2501 4597 2746 4665 quintam
2778 4592 2925 4655 licet,
2958 4597 3161 4660 quanto
3189 4584 3363 4655 magis
3391 4584 3459 4638 ad
3488 4589 3702 4651 quartam
3720 4574 3784 4628 vd

2260 4688 2519 4743 tertiam?
2566 4685 2728 4741 Solus
2777 4691 2958 4739 autem
2998 4680 3294 4734 autbentus
3330 4675 3600 4734 deuterus,
3625 4669 3668 4722 id
3705 4674 3783 4731 est,

2262 4783 2452 4837 tertius
2483 4781 2644 4841 istam
2687 4777 2861 4847 legem
2900 4772 3293 4844 transgreditur
3320 4788 3333 4822 :
3358 4768 3426 4822 ad
3455 4775 3642 4821 sextam
3664 4775 3785 4816 nam-

2262 4887 2367 4941 que
2391 4871 2712 4939 plerumque
2736 4863 3062 4935 principium
3110 4876 3264 4915 suum
3299 4856 3544 4915 intendit,
3572 4862 3623 4906 ut
3644 4853 3685 4904 in

2264 4938 2589 5017 antaTertia
2622 4960 2731 5012 dies
2751 4966 2848 5011 est.
2878 4951 3257 5024 Suhjugalibus
3280 4965 3411 5003 vero
3437 4948 3553 5001 licet
3573 4938 3785 5012 principia

2264 5072 2382 5119 sua,
2420 5054 2501 5109 vel
2540 5054 2705 5109 etiam
2745 5049 3046 5105 hemitonia
3093 5046 3157 5100 ad
3212 5052 3438 5113 quartas
3467 5036 3722 5094 intendere.
3746 5040 3785 5080 εί

2266 5150 2333 5203 ad
2356 5147 2578 5217 quintas
2607 5143 2878 5199 interdum
2918 5139 3216 5194 remittere.
3246 5131 3544 5188 tlcmitonia
3569 5135 3716 5180 autem
3738 5134 3786 5173 re

2268 5248 2519 5310 respectu
2554 5252 2661 5308 quo
2690 5246 2746 5291 et
2774 5244 2929 5290 tonos
2966 5230 3239 5302 tequivocc
3296 5224 3598 5294 accipimus,
3637 5228 3786 5310 vocent

2269 5333 2605 5402 inceptiones
2638 5340 2919 5389 vocamus,
2950 5338 3070 5395 qua:
3102 5321 3240 5375 ﬁunt
3265 5332 3364 5388 per
3394 5312 3721 5402 pausationcm
3747 5316 3785 5401 in

2268 5397 2460 5481 cantus
2502 5419 2727 5476 medio:
2776 5413 3072 5471 hemitonia
3118 5409 3262 5465 enim
3316 5404 3526 5478 pr0pric
3558 5397 3784 5491 semilauta

2268 5502 2550 5571 vocamus.
2592 5492 2994 5566 Attendendum
3033 5511 3317 5574 praeterea,
3342 5497 3485 5568 quod
3511 5508 3615 5549 cum
3639 5485 3787 5559 praedio

2269 5619 2358 5664 cta
2379 5608 2465 5661 lex
2488 5614 2545 5661 et
2566 5613 2715 5660 certa
2738 5599 2922 5672 regula
2947 5595 3205 5667 disposita
3222 5593 3293 5648 sit
3313 5600 3556 5646 tonorum
3574 5577 3785 5637 cursihBS.

2273 5700 2515 5771 plerique
2560 5695 2684 5752 novi
2732 5691 3098 5749 modulatores
3154 5686 3207 5742 id
3246 5692 3456 5739 tantum
3495 5672 3783 5733 attendentes.

651 5828 762 5897 (ll)
792 5826 996 5885 Desunt
1026 5824 1229 5895 figurae,
1258 5820 1395 5879 forte
1425 5820 1625 5876 eaedem
1653 5824 1778 5875 sunt
1802 5834 1920 5889 qua:
1955 5817 2007 5873 in
2037 5815 2238 5871 musica
2270 5811 2539 5879 Aribonis,
2572 5821 2756 5879 supra.
