3862 6312
552 228 684 283 HM

547 364 687 421 XIV.
730 364 869 430 Quid
906 339 1310 435 faciendumsit
1350 364 1627 435 decantu,
1657 363 1745 433 qui
1784 363 1837 417 in
1875 376 2131 433 perpetuo

1146 451 1304 490 cursu
1332 434 1531 503 tte/icit.

618 522 896 593 Expositis
929 522 1111 593 itaque
1163 531 1416 579 notarum
1448 522 1746 589 vocabulis,
1776 525 1842 579 de
1884 523 2140 580 cantibus

550 612 837 667 dicendum
869 620 973 677 est,
1006 614 1096 682 qui
1122 612 1176 666 in
1205 612 1425 683 pr0prio
1452 628 1615 668 cursu
1650 613 1976 670 deﬁcientes
2004 613 2142 668 alias

551 705 651 759 sibi
687 703 874 759 ﬁnales
913 712 1197 772 usurpant.
1238 702 1328 758 Fit
1362 713 1543 760 autem
1585 704 1689 760 ista
1720 713 1980 760 cantuum
2022 705 2145 760 ille-

552 796 749 866 galitas
779 796 835 849 in
867 794 1194 864 quihusdam
1218 796 1508 861 venaliter,
1558 797 1610 851 in
1642 797 1965 865 quibusdam
2012 810 2143 852 vero

552 887 797 941 minime.
830 886 1105 941 Interdum
1139 886 1196 940 ﬁt
1220 901 1286 941 ex
1322 895 1603 942 cantorum
1640 887 1793 952 vitio,
1827 886 2145 958 plerumque

555 992 624 1032 ex
647 976 972 1032 irrefntabili
1001 977 1344 1046 antiquitate.
1370 976 1425 1031 In
1457 977 1655 1046 quibus
1682 986 1861 1033 autem
1885 986 2143 1034 cantuum

556 1068 897 1138 perturbatio
931 1068 1290 1125 tolerabiliter
1321 1068 1520 1131 evenit,
1557 1069 1609 1123 hi
1639 1079 1749 1124 tres
1787 1069 1930 1125 modi
1959 1086 1972 1123 :
2007 1068 2144 1125 Pro-

560 1167 668 1224 tus,
701 1160 976 1224 deuterus‘,
1009 1161 1185 1214 tritus.
1213 1158 1308 1213 His
1332 1166 1513 1212 autem
1538 1157 1803 1228 legalibus
1836 1167 2141 1230 transgres-

568 1253 778 1307 sionem
803 1252 993 1307 musici
1018 1252 1218 1307 idcirco
1241 1250 1550 1321 ignoscunt,
1578 1251 1703 1319 quia
1735 1249 1921 1306 amnes
1948 1251 2150 1307 habent

563 1359 748 1397 voces.
779 1343 980 1397 Atlines
1006 1351 1186 1396 autem
1221 1341 1341 1396 illas
1368 1356 1531 1396 voces
1554 1341 1804 1407 dicimus,
1827 1357 1949 1412 qua:
1975 1341 2029 1397 in
2058 1341 2153 1396 de-

560 1433 833 1501 positione
859 1441 915 1488 et
953 1431 1256 1488 elevatione
1299 1424 1639 1489 concordant
1684 1447 1700 1487 :
1733 1434 1881 1489 verbi
1908 1432 2082 1505 gratia
2110 1432 2153 1486 D

562 1521 739 1578 ﬁnaiis
784 1522 927 1593 proli
977 1537 1102 1577 cum
1152 1537 1182 1576 a
1214 1531 1374 1578 acuta
1408 1523 1741 1590 concordat;
1780 1523 1956 1579 amba:
2005 1522 2153 1578 enim

563 1626 692 1670 tono
719 1616 1084 1684 deponuntur,
1135 1624 1189 1670 et
1230 1624 1358 1672 tono
1394 1625 1449 1671 et
1507 1615 1799 1672 semitonio
1845 1616 2151 1672 elevantur.

564 1708 696 1763 Item
749 1708 788 1762 E
836 1708 1013 1764 ﬁnalis
1043 1709 1254 1765 deuteri
1307 1724 1432 1765 cum
1521 1710 1790 1781 quadrato
1834 1710 2152 1767 afﬁnitatem

567 1798 772 1865 habet,
840 1815 964 1853 cum
1034 1800 1291 1857 similiter
1346 1802 1691 1873 deponantur
1746 1814 1801 1859 et
1846 1804 2150 1863 eleventur.

565 1890 658 1946 Sic
706 1902 762 1946 et
812 1891 851 1946 F
908 1892 1088 1949 ﬁnalis
1136 1909 1260 1950 cum
1325 1909 1356 1950 c
1391 1903 1550 1950 acuta
1606 1896 1658 1949 in
1713 1896 2047 1967 depositione
2098 1908 2155 1954 et

560 1982 862 2040 elevatione
920 1985 1195 2041 convenit.
1242 1985 1468 2056 Propria
1517 1996 1699 2042 autem
1753 1988 1989 2045 atlinitas
2046 2006 2153 2046 non

559 2081 649 2130 est
719 2074 771 2129 in
847 2075 1227 2145 depositione,
1271 2077 1397 2148 [nisi
1469 2086 1760 2148 utrumque
1814 2079 1897 2134 vel
1962 2079 2153 2135 saltem

561 2166 798 2221 elevatis
823 2167 1152 2237 duplicetur.
1192 2168 1300 2223 Sed
1327 2170 1586 2239 quoniam
1620 2170 1798 2225 ﬁnalis
1826 2173 2152 2228 tetrachordi

565 2255 873 2326 hujusmodi
902 2258 1219 2313 allinitatem
1273 2276 1379 2315 non
1410 2261 1594 2329 habet,
1643 2262 1762 2317 ideo
1794 2264 1974 2319 delicti
1999 2265 2154 2319 venia

562 2356 736 2403 caret.
772 2348 998 2419 Oportet
1027 2368 1283 2423 namque,
1322 2362 1379 2407 ut
1401 2354 1489 2424 qui
1526 2354 1787 2410 vicarium
1816 2356 2018 2412 habere
2045 2372 2152 2414 non

564 2451 764 2509 potest,
793 2443 908 2513 ipse
940 2460 1097 2500 suum
1141 2461 1238 2516 per
1274 2461 1333 2501 se
1357 2447 1595 2501 olliciutn
1650 2451 2037 2505 convenienter
2063 2451 2157 2506 ad-

565 2530 879 2600 ministret;
934 2535 979 2590 si
1024 2549 1157 2606 ergo
1215 2536 1506 2607 aliquoties
1549 2537 1601 2591 in
1634 2548 1795 2593 cantu
1825 2541 2154 2596 tetrachordi

563 2621 671 2677 ulla
726 2626 905 2680 evenit
949 2625 1250 2693 aberratio,
1306 2628 1542 2683 dicimus
1579 2645 1699 2683 eam
1741 2632 2038 2699 procedere
2088 2646 2157 2687 ex

564 2724 849 2771 cantorum
885 2718 1125 2785 inscitia,
1154 2730 1208 2775 et
1232 2721 1611 2791 corrigendum
1662 2736 1783 2777 esse
1822 2724 2155 2778 musicorum

564 2808 777 2875 peritia.
808 2809 866 2863 ln
891 2820 1053 2866 cantu
1085 2822 1263 2866 autem
1294 2813 1678 2882 praedictorum
1717 2815 2024 2883 modorum,
2048 2816 2157 2871 sci-

566 2898 698 2955 licet
743 2902 905 2969 proti,
953 2900 1184 2967 deuteri,
1228 2903 1366 2970 triti,
1404 2905 1616 2974 quoties
1661 2921 1799 2975 opus
1833 2905 2012 2971 fuerit,
2040 2907 2157 2963 vice

566 2990 809 3046 ﬁnalium
873 2991 1060 3047 allines
1105 2993 1251 3048 haud
1315 2995 1614 3065 incongrue
1660 2996 2041 3067 subrogantur.
2087 2998 2157 3054 Ut

566 3096 747 3141 autem
771 3088 914 3155 quod
942 3087 1174 3142 dicimus
1201 3086 1403 3143 clarius
1424 3089 1719 3156 elucescat,
1747 3091 1992 3161 exempla
2022 3091 2154 3147 sub-

566 3176 787 3232 dimus:
821 3175 1174 3231 Gaudendum
1203 3188 1278 3232 est
1310 3178 1477 3242 nobis,
1509 3194 1631 3234 cum
1665 3180 1736 3235 sit
1773 3182 1934 3251 proti,
1972 3183 2024 3237 in
2058 3198 2157 3238 suo

570 3267 691 3323 loco
721 3269 933 3322 cantari
992 3285 1098 3323 non
1153 3280 1355 3339 potest,
1392 3272 1518 3342 quia
1553 3274 1604 3327 in
1654 3274 1975 3343 quibusdam
2028 3275 2160 3332 locis

569 3361 671 3416 sub
700 3364 1001 3433 parhypate
1031 3364 1271 3434 hypaton
1303 3364 1343 3420 Ο
1373 3367 1715 3437 gravitonum
1769 3368 2017 3437 requirit,
2067 3370 2157 3440 qui

570 3452 642 3507 ibi
670 3468 775 3507 non
803 3462 932 3507 est:
980 3464 1237 3511 eteterum
1264 3452 1343 3511 ‘in
1402 3470 1571 3521 mese,
1620 3456 1673 3513 id
1730 3465 1815 3512 est
1860 3472 1912 3522 a,
1947 3458 2159 3530 incepta

568 3543 779 3614 absque
798 3560 987 3601 errore
1019 3546 1086 3600 ad
1122 3548 1374 3602 eamdem
1400 3547 1444 3601 A
1497 3546 1550 3601 in
1581 3546 1687 3602 line
1727 3548 2043 3605 deducetur.
2074 3551 2162 3605 Si-

568 3636 771 3691 militer
792 3647 848 3690 et
873 3637 975 3691 ista
1004 3645 1119 3692 ant.
1149 3636 1404 3708 Magnum
1428 3638 1776 3694 hwreditatis.
1793 3639 1947 3706 Quod
1978 3648 2158 3695 autem

458 3776 465 3781 ,
568 3726 789 3796 quidam
835 3727 1043 3781 evitare
1088 3727 1585 3798 volentesjponunt
1629 3729 1675 3782 A
1722 3738 1777 3784 et
1817 3728 1858 3783 Β
1901 3744 2159 3801 graecum,

569 3819 717 3888 quod
745 3820 909 3873 etiam
936 3834 1329 3889 synemmenon
1350 3832 1570 3887 vocant,
1595 3823 1647 3878 id
1691 3833 1778 3879 est
1825 3822 2159 3893 adiunctum,

569 3918 632 3963 ut
654 3910 728 3963 ita
755 3911 855 3965 sub
876 3910 918 3965 Ο
949 3920 1139 3966 tonum
1171 3912 1409 3968 habeant
1440 3930 1455 3979 ;
1506 3924 1884 3970 verumtamen
1934 3915 2080 3970 nulla
2110 3918 2163 3970 id

571 4004 898 4058 auctoritate
922 4004 1252 4059 conﬁrmare
1286 4016 1493 4076 queunt
1523 4024 1538 4073 ;
1574 4023 1699 4062 nam
1728 4007 1927 4074 Guido,
1973 4010 2065 4079 qui
2096 4009 2163 4062 ad

573 4095 674 4149 hoc
706 4095 879 4150 solum
903 4096 1135 4160 studuit,
1168 4106 1227 4150 ut
1257 4098 1435 4154 nullus
1487 4100 1540 4154 in
1597 4102 1971 4157 monochordo
2014 4111 2163 4157 esset

572 4188 840 4251 defectus,
866 4189 1007 4243 hanc
1032 4192 1221 4260 procul
1244 4190 1407 4245 dubio
1446 4192 1873 4259 intersernisset,
1906 4195 1948 4247 si
1976 4208 2167 4249 neces-

572 4279 773 4333 sariam
800 4280 1045 4335 vidisset.
1088 4282 1183 4335 Est
1233 4290 1289 4335 et
1329 4280 1473 4335 aliud
1507 4283 1650 4349 quod
1709 4284 2069 4337 assertionem
2102 4284 2167 4337 il-

572 4359 747 4424 lorum
772 4372 1064 4439 improbat,
1095 4373 1198 4426 hoc
1222 4372 1495 4435 videlicet,
1534 4372 1677 4441 quod
1706 4381 1898 4426 cantus
1925 4372 2165 4442 plerum-

573 4475 680 4529 que
702 4476 809 4515 non
836 4462 997 4517 modo
1026 4463 1126 4517 sub
1143 4463 1440 4533 parhypate
1467 4463 1726 4534 hypaton,
1754 4463 1849 4519 sed
1878 4466 2042 4519 etiam
2064 4465 2164 4520 sub

576 4560 837 4620 parypate
886 4566 1073 4606 meson
1131 4562 1300 4607 totum
1360 4553 1627 4622 requirit,
1680 4569 1787 4623 qua
1842 4554 2167 4610 necessitate

578 4644 1069 4712 compellimnrtad
1117 4646 1431 4714 superiores
1478 4644 1795 4717 confugere,
1846 4656 1905 4701 ut
1956 4648 2009 4703 in
2062 4649 2165 4703 hac

578 4748 721 4788 com.
749 4735 917 4801 Aufer
941 4753 972 4788 η
1008 4753 1109 4802 me,
1151 4746 1204 4791 et
1238 4737 1289 4790 in
1341 4738 1441 4791 hac
1472 4746 1584 4791 ant.
1640 4736 1981 4795 Germinavit.
2033 4740 2165 4794 Item

580 4837 771 4880 cantus
803 4828 856 4880 in
882 4829 1103 4899 proprio
1133 4845 1295 4883 cursu
1340 4828 1547 4896 deﬁcit,
1594 4839 1651 4883 ut
1689 4831 1742 4884 in
1798 4832 1899 4887 hac
1938 4830 2162 4901 Antiplt.

582 4913 659 4969 Tu
688 4916 910 4971 Domine
948 4918 1338 4972 universorum.
1377 4921 1482 4973 Sed
1525 4931 1580 4973 et
1605 4929 1798 4975 cantus
1827 4920 1939 4975 triti
1967 4921 2018 4975 in
2047 4921 2166 4977 loco

580 5022 679 5061 suo
721 5009 1009 5079 aliquoties
1066 5010 1278 5064 cantari
1325 5010 1533 5080 nequit,
1568 5012 2020 5079 quemadmodum
2052 5012 2167 5067 lucc

579 5102 890 5155 communio
922 5119 935 5155 :
974 5100 1050 5155 De
1078 5102 1274 5170 fructu.
1308 5100 1435 5155 llmc
1459 5101 1641 5155 omnia
1682 5101 1929 5171 quisquis
1962 5102 2014 5157 in
2054 5101 2168 5156 alli-

581 5193 739 5275 nibns
790 5193 1027 5247 linalium
1056 5193 1381 5260 cantavcrit,
1413 5192 1619 5261 absque
1668 5209 1859 5248 errore
1906 5196 1974 5248 ad
2007 5194 2167 5248 linem

581 5284 881 5351 perveniet.

583 5393 697 5450 XV.
739 5395 892 5462 Quod
945 5396 1226 5452 stultorum
1274 5400 1573 5469 ignorantia
1623 5416 1760 5469 sirpe
1815 5410 2026 5454 cantum
2079 5401 2167 5455 de-

1288 5479 1466 5540 pravat
1478 5507 1494 5524 .

654 5555 809 5623 Quod
866 5566 1046 5614 autem
1093 5560 1179 5614 illa
1225 5569 1279 5616 et
1323 5561 1427 5616 alia
1486 5560 1788 5615 istiusmodi
1839 5561 1891 5616 in
1942 5561 2163 5631 proprio

584 5661 747 5704 cursu
774 5648 981 5704 cantari
1016 5662 1307 5720 nequeunt,
1364 5663 1546 5708 utrum
1583 5668 1648 5708 cx
1697 5660 1981 5708 cantorum
2030 5655 2160 5709 vitio

1965 184 2380 286 ιίοοττοκιδ

2168 348 2213 403 Α
2243 341 2591 410 processerit,
2643 359 2711 399 an
2763 343 2843 400 sic
2882 360 2911 398 a
2962 341 3276 399 modulante
3330 343 3552 413 primum
3594 348 3758 415 prolata

3656 234 3758 294 iiii

2249 434 2481 500 fuerint,
2537 436 2804 491 incertum
2860 436 3145 492 habemus.
3179 433 3448 491 Caeterum
3490 435 3584 491 hoc
3617 443 3760 498 cenb-

3836 0 3839 143 l

2247 524 2386 579 sime
2423 523 2695 591 novimus,
2752 525 2895 596 quod
2924 541 3023 596 per
3073 524 3440 595 quorumdam
3473 523 3760 594 ignorantiam
3842 580 3843 593 χ

2253 618 2531 673 multoties
2586 627 2781 675 cantus
2833 619 3183 690 depravatur,
3240 617 3666 688 quemadmodum
3684 623 3760 691 jam

2249 708 2433 777 plures
2459 709 2725 766 habemus
2750 710 3096 781 depravatos,
3126 726 3292 780 quam
3343 724 3644 767 enumerare
3676 731 3763 783 pos.

2249 798 2445 854 simus.
2472 797 2623 866 Quos
2672 814 2864 855 revera
2910 815 3015 855 non
3065 800 3162 863 ita,
3196 807 3257 852 ut
3305 813 3454 853 nunc
3502 797 3551 852 in
3581 799 3761 859 ecclesiis

2248 898 2474 955 canunt,
2504 889 2895 947 modulantium
2930 890 3232 946 auctoritas
3260 889 3506 961 protulit,
3532 891 3614 946 sed
3636 908 3763 961 prava

2249 981 2533 1036 hominum
2564 997 2727 1039 voces
2755 991 2961 1037 motum
2989 982 3157 1036 animi
3207 982 3292 1036 sui
3325 982 3641 1050 sequentium
3662 998 3762 1039 reue

2250 1070 2556 1141 composita
2586 1082 2925 1142 pervertere,
2967 1085 3343 1143 perversaque
3379 1071 3434 1124 in
3474 1086 3614 1125 usum
3637 1071 3764 1127 ineor-

2253 1159 2525 1230 rigibilem
2552 1161 2847 1228 deduxere,
2882 1160 3016 1216 adeo
3043 1170 3103 1215 ut
3118 1159 3233 1229 jam
3273 1159 3541 1229 pessimus
3567 1176 3674 1216 usus
3697 1178 3766 1232 pro

2253 1253 2578 1310 auctoritate
2644 1263 2912 1310 teneatur.
2961 1252 3244 1324 Siquidem
3298 1252 3530 1322 imperiti
3569 1262 3766 1309 cantors

2255 1344 2550 1413 aliquando
2579 1344 2808 1401 canendi
2832 1343 2992 1400 taedio
3029 1343 3377 1414 praegravati,
3405 1356 3521 1412 qua
3567 1342 3765 1400 elevanda

2253 1446 2432 1504 erant,
2456 1436 2800 1508 depressere,
2829 1444 2886 1492 et
2925 1437 3249 1509 plerumque
3279 1436 3570 1507 petulantia
3601 1436 3767 1505 inducti,

2254 1543 2376 1598 quae
2404 1526 2634 1583 inferius
2660 1534 2823 1583 erant
2866 1527 3134 1591 canenda,
3167 1524 3313 1580 ultra
3355 1526 3523 1596 legem
3551 1525 3769 1589 extulere;

2260 1627 2320 1673 ut
2348 1626 2499 1688 patet
2527 1618 2581 1673 in
2618 1618 2723 1673 hoc
2761 1616 3004 1689 graduali
3033 1634 3047 1671 :
3109 1615 3213 1683 Qui
3249 1615 3397 1672 sedes
3424 1615 3641 1671 Domine.
3675 1616 3772 1671 Nam

2186 1701 2229 1755 Β
2261 1725 2423 1779 super
2449 1707 2756 1775 Cherubim,
2814 1708 2958 1778 quod
3007 1707 3060 1762 in
3109 1714 3373 1777 paranete
3421 1705 3772 1776 diezeugmenon

2257 1800 2633 1870 incipiendum
2658 1809 2762 1864 est,
2807 1799 2862 1853 in
2902 1811 3052 1853 mese
3099 1796 3341 1866 incipere
3368 1794 3557 1864 solent,
3603 1799 3773 1867 ideoque

2257 1894 2337 1962 tit,
2367 1902 2429 1948 ut
2453 1901 2648 1949 cantus
2678 1892 2732 1948 in
2763 1890 3012 1947 lichanos
3032 1891 3271 1961 hypaton
3302 1901 3493 1948 contra
3530 1890 3611 1960 jus
3642 1900 3773 1946 exeat

2254 1983 2389 2040 Item
2417 1985 2471 2039 in
2496 1984 2600 2040 hac
2640 1997 2921 2039 commun.
2974 1979 3250 2051 Principes
3290 1981 3542 2051 persecuti
3574 1990 3677 2033 stntt
3702 1996 3774 2045 ire,

2256 2080 2500 2150 plerique
2567 2092 2676 2133 non
2754 2076 3039 2132 minimum
3079 2083 3292 2130 errant.
3339 2074 3475 2130 Nam
3513 2074 3775 2144 Couapitit,

2256 2173 2399 2243 quod
2432 2172 2486 2227 in
2512 2171 2638 2227 trite
2665 2170 3088 2240 diezeugmenon
3119 2167 3485 2238 incipiendum
3518 2175 3613 2233 est,
3636 2166 3718 2235 ipsi
3739 2166 3776 2219 in

2258 2266 2291 2320 b
2319 2263 2468 2319 molli
2500 2261 2786 2332 incipiunt,
2803 2261 2992 2330 sicque
3018 2258 3299 2313 insolitum
3322 2257 3463 2312 inter
3482 2257 3524 2311 Ε
3543 2265 3593 2312 et
3611 2258 3643 2311 b
3666 2257 3778 2311 molle

2257 2353 2605 2409 intervallum
2639 2351 2867 2417 faciunt,
2919 2361 3252 2421 cautumque
3282 2348 3439 2419 legali
3481 2363 3629 2403 cursu
3652 2349 3779 2403 desti-

2258 2453 2438 2498 tuunt.
2503 2441 2769 2497 Similiter
2813 2440 3059 2496 nonnulli
3111 2437 3555 2495 inconvenienter
3603 2434 3781 2490 ederunt

2257 2538 2416 2607 grad.
2453 2532 2703 2588 Probasti
2733 2532 2976 2600 Domine,
3008 2547 3225 2587 versum
3276 2544 3509 2599 namque
3549 2529 3655 2599 ejus
3688 2528 3781 2598 Igne

2255 2624 2586 2678 meexamin.
2624 2623 2678 2677 in
2721 2623 2848 2677 trite
2900 2623 3327 2693 diezeugmenon
3375 2617 3724 2689 incipiendum,
3745 2619 3783 2671 in

2257 2722 2521 2786 parypate
2547 2728 2737 2768 meson
2766 2712 3045 2776 inchoant,
3086 2714 3277 2782 sicque
3321 2709 3603 2780 legitimam
3634 2719 3785 2763 cantus

2256 2808 2453 2863 seriem
2485 2821 2553 2861 ex
2584 2814 2695 2860 toto
2725 2804 3072 2860 conturbant.
3106 2804 3237 2870 Sed,
3274 2819 3400 2859 cum
3448 2804 3501 2858 in
3546 2801 3641 2855 hoc
3664 2809 3787 2854 cantu

2256 2909 2530 2968 peccetur,
2560 2897 2687 2951 dum
2718 2911 2785 2952 ea
2819 2911 2940 2967 qua:
2964 2897 3227 2952 elevanda
3258 2907 3390 2952 sunt
3413 2894 3783 2965 deprimuntur;

2259 2989 2312 3041 in
2363 2987 2486 3042 aliis
2529 2986 2855 3057 quihusdam
2908 2986 3152 3042 nonnulli
3198 2995 3407 3052 errant,
3449 2988 3566 3041 dum
3600 2998 3790 3053 ea,qsz

2182 3047 2225 3103 C
2262 3047 2615 3147 deprimenda
2669 3091 2819 3147 sunt,
2852 3079 3071 3137 elevare
3122 3079 3445 3144 moliuntur,
3513 3085 3570 3130 ut
3615 3077 3667 3130 in
3718 3076 3790 3128 hoc

2259 3174 2294 3238 vi]
2327 3174 2529 3228 Ductus
2577 3183 2652 3229 est
2678 3174 2835 3231 Iesus
2867 3174 2921 3227 in
2962 3173 3244 3235 desertum,
3278 3186 3401 3226 cum
3427 3170 3562 3226 enim
3593 3184 3609 3222 :
3652 3166 3731 3221 Dic
3752 3178 3791 3219 st

2261 3265 2482 3335 lapides,
2514 3266 2566 3320 in
2591 3266 2719 3322 trite
2745 3266 3171 3335 diezeugmenon
3216 3263 3290 3317 sit
3325 3262 3693 3333 incipiendum,
3719 3259 3792 3329 ipsi

2262 3356 2394 3412 illud
2422 3358 2475 3412 in
2507 3358 2633 3412 trite
2667 3357 3039 3429 hyperboleon
3081 3355 3372 3427 incipiunt.
3422 3355 3477 3409 ln
3527 3354 3627 3409 hoc
3666 3352 3793 3407 etiam

2260 3450 2296 3519 ἢ
2354 3448 2650 3504 Terribiiis.
2687 3449 2934 3520 plerique
2965 3447 3288 3517 delinquunt
3317 3447 3372 3502 in
3398 3461 3461 3501 eo
3480 3445 3596 3501 loco
3622 3444 3700 3499 ubi
3718 3452 3795 3507 est,

2262 3552 2309 3595 et
2332 3552 2485 3609 porta
2525 3540 2640 3595 caeli
2676 3553 2696 3593 :
2734 3539 2952 3596 elevant
2981 3539 3129 3594 enim
3164 3539 3271 3596 hoc
3313 3538 3488 3594 subito
3538 3537 3602 3591 ad
3654 3544 3796 3589 acutas

2265 3632 2662 3699 transilientes,
2687 3647 2812 3688 cum
2845 3631 3025 3702 potius
3046 3631 3192 3687 circa
3217 3629 3435 3685 ﬁnalem
3464 3630 3507 3684 ι)
3531 3630 3601 3684 sit
3644 3642 3798 3682 canen-

2265 3725 2413 3779 dum.
2440 3723 2731 3779 Falluntur
2767 3724 2934 3781 etiam
2983 3737 3229 3794 persaepe
3279 3722 3478 3776 indocti
3516 3720 3797 3776 cantoresin

2256 3813 2570 3882 judicandis
2598 3815 2761 3880 tonis,
2785 3824 2842 3869 et
2877 3814 3148 3869 similibus
3171 3823 3430 3867 cantuum
3463 3811 3740 3882 principiis,
3758 3820 3798 3859 nt

2263 3906 2414 3961 verbi
2442 3907 2614 3978 gratia
2650 3924 2664 3960 :
2699 3906 2848 3960 multi
2880 3906 3019 3961 hanc
3061 3913 3179 3959 ant.
3228 3903 3340 3957 Iste
3390 3920 3519 3972 puer
3560 3901 3799 3972 plagideu-

2268 4004 2383 4051 tero
2412 3995 2750 4064 adjudicant,
2799 3997 2926 4066 quia
2955 3996 3010 4050 in
3064 3995 3377 4065 inceptione
3426 3995 3672 4051 convenit
3710 4007 3800 4045 cum

2268 4088 2372 4142 ista
2412 4097 2526 4142 ant.
2559 4087 2625 4142 In
2652 4088 2888 4153 odorem,
2922 4096 3007 4142 est
3025 4095 3208 4142 autem
3247 4087 3355 4139 iste
3378 4101 3525 4155 puer,
3554 4080 3799 4137 anthrnlici

2268 4178 2450 4251 proti:
2485 4178 2553 4233 In
2598 4179 2809 4232 odorem
2855 4177 3032 4247 plagis
3080 4176 3316 4231 deuteri.
3381 4173 3639 4229 Similiter
3663 4182 3709 4226 et
3734 4172 3802 4223 ius

2266 4269 2643 4339 antiphonas:
2694 4268 2815 4339 Ipse
2869 4269 3098 4339 prwibit.
3130 4268 3392 4337 Dirupisti
3440 4266 3675 4328 Domine,
3713 4278 3800 4315 cum

2268 4363 2377 4416 sint
2423 4360 2801 4432 mixolydium,
2849 4376 2958 4415 non
3013 4358 3154 4414 bene
3204 4360 3428 4429 quidam
3478 4354 3801 4428 hypophrygio

2267 4454 2600 4521 adscribunt,
2628 4454 2756 4522 quia
2779 4468 2900 4509 cum
2929 4451 3253 4523 quibusdam
3308 4451 3615 4523 autipbona:
3667 4449 3797 4517 hypo-

2265 4545 2477 4617 phrygii
2505 4520 2841 4601 concordare
2865 4520 3121 4599 videntur
3145 4559 3160 4609 ;
3196 4520 3647 4613 quemadmodum
3678 4558 3691 4592 :
3718 4537 3802 4604 Ιμι

2265 4637 2638 4708 ρνωὶὺὶι.‹;ιιιη
2674 4637 2790 4706 ipsa
2839 4645 2954 4691 ant.
3006 4634 3198 4690 Rorate
3250 4633 3382 4688 caeli.
3420 4632 3687 4702 Dirupisti.
3714 4645 3801 4683 cum

2267 4729 2372 4784 ista
2402 4738 2513 4783 ant.
2545 4728 2626 4782 Da
2656 4729 2945 4783 mercedem
2987 4725 3228 4789 Domine,
3263 4735 3372 4780 etc.
3436 4725 3562 4780 Item
3604 4725 3680 4779 ha:
3701 4721 3805 4775 anti-

2268 4821 2501 4891 phonte:
2556 4819 2731 4875 Malos
2758 4819 2917 4884 male,
2972 4827 3026 4874 et
3043 4820 3131 4889 qui
3156 4818 3290 4883 odit,
3319 4826 3375 4872 et
3404 4818 3538 4871 novit
3575 4815 3802 4871 Dominus,

2270 4928 2393 4968 cum
2416 4913 2526 4968 sint
2553 4910 3009 4983 ltypomixolydii,
3035 4917 3088 4965 et
3137 4911 3243 4965 hoc
3273 4909 3510 4978 ipsarum
3532 4907 3803 4963 diastemata

2270 5012 2325 5060 et
2353 5013 2648 5075 systemata
2672 5003 3013 5073 apertissime
3066 5010 3333 5058 testentur
3385 5000 3529 5070 (nam
3567 4994 3801 5053 deteleosi

2270 5096 2442 5167 patet)
2477 5111 2509 5150 a
2560 5095 2886 5165 quibusdam
2935 5094 3165 5166 phrygio
3212 5093 3546 5154 tribuuntur,
3597 5086 3803 5157 quoniam

2271 5192 2325 5247 in
2355 5190 2627 5263 principio
2673 5189 3005 5244 conveniunt
3045 5203 3167 5244 cum
3215 5187 3341 5241 istis
3381 5183 3585 5253 antiph.
3632 5178 3803 5235 Domine

2270 5301 2386 5355 spes
2405 5282 2745 5339 Sanctorum.
2780 5281 2860 5338 Tu
2889 5280 3191 5337 Betltlehem
3216 5289 3378 5335 terra.
3404 5276 3663 5333 Similiter
3687 5281 3733 5326 et
3750 5270 3805 5323 hx

2271 5377 2482 5448 antiph.
2516 5373 2841 5430 Ascendente
2892 5374 2968 5428 in.
3000 5372 3288 5427 Benedicta
3330 5370 3397 5424 sit
3433 5365 3676 5422 Cloriosi.
3716 5373 3805 5415 eum

2272 5469 2382 5524 sint
2412 5464 2865 5539 ltypomixolydii,
2920 5479 2950 5517 a
3006 5460 3283 5518 nonnullis
3331 5458 3560 5530 phrygio
3588 5454 3805 5521 adeptae-

2272 5570 2381 5616 tur.
2413 5538 2522 5614 Sed
2550 5556 2781 5612 Gloriosi
2804 5553 3021 5625 quidem
3045 5552 3217 5623 magis
3247 5549 3536 5621 hypolydio
3561 5538 3805 5600 convenire

2273 5653 2509 5709 videtur.
2568 5647 2686 5709 Non
2747 5646 2921 5705 solum
2966 5653 3143 5702 autem
3193 5643 3417 5715 quidam
3463 5656 3527 5696 es
3584 5631 3805 5695 similibus
