3862 6312
124 271 248 330 Ill?)

1581 267 1861 329 MUSICA.
1902 248 1909 255 ’

3223 282 3363 339 NH

117 377 378 453 principiis
405 375 760 440 seducuntur,
787 374 882 430 sed
913 373 1016 444 ipsi
1056 372 1197 432 ultro
1247 375 1426 447 pravis
1451 378 1677 433 vocibus
1703 382 1755 440 Α
1782 380 1949 436 dicat.
1976 378 2180 439 Cantus
2232 384 2341 439 toni
2392 383 2697 454 hujusmodi
2736 397 2979 456 monent,
3028 405 3096 447 ne
3149 396 3277 463 quis
3303 399 3372 454 de

117 473 216 530 suis
230 469 485 541 quosdam
514 482 544 522 a
574 482 673 523 suo
702 482 866 523 cursu
895 468 1220 538 detorquent
1253 478 1469 537 cantus,
1497 485 1682 539 quem-

118 562 392 621 admodum
422 560 581 615 ‘istas
630 568 743 615 aut.
778 560 919 626 Quid
956 560 1260 617 retribuam.
1289 560 1422 617 Cum
1463 564 1680 619 induce-

115 668 233 713 rent.
264 654 395 710 Cum
420 655 653 709 audisset
696 654 819 709 Job.
854 655 995 712 Cum
1026 656 1171 711 enim
1229 656 1346 713 ista:
1380 659 1491 714 sint
1517 660 1676 726 dorii,

113 758 162 804 et
186 746 370 802 leniter
399 745 506 801 sint
528 746 867 817 incipiendae,
900 747 1001 817 ipsi
1044 763 1138 803 eas
1171 764 1306 805 voce
1348 752 1549 806 acriter
1585 768 1676 807 su-

114 837 346 908 spensiva
367 837 434 890 ad
469 848 658 893 acutas
689 838 999 903 sustollant,
1036 839 1113 894 ita
1153 850 1214 895 ut
1240 858 1365 897 cum
1393 842 1512 897 istis
1547 859 1679 898 con-

112 927 355 982 veniant:
396 926 465 981 In
493 928 768 999 principio.
806 929 910 995 Qui
940 931 1005 984 de
1039 942 1204 985 terra.
1246 931 1474 998 Quando
1523 944 1677 989 natus

112 1036 176 1074 es.
212 1016 317 1073 Nec
347 1020 543 1073 mirum
567 1020 632 1075 de
660 1020 969 1091 principiis,
1021 1037 1145 1078 cum
1181 1024 1345 1079 etiam
1386 1024 1522 1079 lines
1551 1040 1679 1080 can-

113 1116 245 1163 tuum
276 1118 614 1176 pervertant,
678 1121 839 1178 atque
866 1126 895 1164 a
926 1126 1024 1166 SIIO
1052 1122 1199 1168 statu
1241 1129 1406 1183 prave
1432 1117 1677 1171 canendo

110 1196 397 1263 deﬂectant,
424 1208 482 1252 ut
508 1208 620 1253 ant.
647 1197 835 1255 Petrus
866 1211 1062 1256 autem.
1093 1202 1253 1271 Nam,
1300 1221 1422 1261 cum
1455 1220 1672 1262 cursum

108 1288 233 1359 proti
264 1289 482 1357 habeat,
535 1292 694 1361 idque
725 1293 1046 1349 diastemata
1103 1297 1242 1367 ejus,
1291 1308 1454 1369 atque
1501 1310 1675 1371 syste-

108 1390 236 1436 mata
270 1390 453 1451 aperte
500 1384 912 1453 demonstrent;
952 1390 1194 1445 nonnulli
1238 1405 1357 1445 eam
1392 1393 1443 1447 in
1477 1394 1675 1465 hypate

107 1487 280 1527 meson
304 1475 437 1527 satis
470 1474 672 1529 absone
702 1477 853 1531 exire
875 1476 1102 1535 iaciunt.

198 1559 332 1614 XVI.
376 1560 531 1626 Quod
562 1564 752 1618 diversi
787 1565 1004 1621 diversis
1030 1568 1353 1625 delectentur
1371 1573 1561 1627 modis.

168 1650 293 1706 Cum
327 1662 509 1706 autem
552 1652 665 1721 jam
724 1669 819 1723 per
847 1657 1013 1711 multa
1053 1660 1300 1731 exempla
1353 1662 1424 1717 sit
1451 1662 1672 1719 demon-

1784 471 1927 528 tonis
1953 480 2157 529 temere
2178 475 2406 546 jndicet,
2438 479 2533 533 sed
2560 479 2740 549 potius
2764 482 2949 547 linem,
2983 483 3036 537 in
3078 498 3184 554 quo
3206 501 3369 545 omne
3444 482 3451 493 ’

1782 561 2292 630 canendijudicium
2343 568 2557 635 pendet,
2588 570 2846 639 providus
2878 584 3179 644 exspectet,
3208 594 3293 645 ne,
3313 571 3368 635 ἐἰ

1781 664 1908 708 ante
1940 662 2151 725 tempus
2179 664 2363 711 tonum
2388 659 2640 725 edixerit,
2657 660 2763 718 llne
2785 664 2929 719 dicta
2961 665 3076 735 ejus
3098 668 3369 729 refutante

1779 745 2044 814 poeniteat
2070 762 2195 802 eum
2226 763 2333 803 non
2374 750 2628 808 tacuisse.
2662 754 2741 808 Ad
2772 756 2873 811 hoc
2904 759 3065 813 etiam
3114 763 3368 820 conside-

1782 836 2010 890 randum
2065 847 2169 906 est,
2238 840 2380 908 quod
2430 850 2624 897 cautus
2668 847 3025 913 quorumdam
3082 828 3364 907 modorum

1782 935 1929 983 tanta
1959 929 2251 1000 aliquando
2284 934 2537 989 videntur
2590 937 2942 996 similitudine
2968 948 3280 1012 convenire,
3309 956 3368 1002 ut

1779 1019 1892 1084 vix,
1918 1032 2008 1075 aut
2031 1038 2305 1094 nunquam
2337 1026 2541 1082 nullum
2592 1038 2784 1086 cantor
2813 1035 3120 1091 discernere
3172 1042 3362 1107 possit,

1784 1112 1871 1166 cui
1908 1122 2033 1170 tono
2059 1118 2261 1172 rectius
2283 1133 2377 1175 eos
2406 1120 2668 1191 adaptare
2697 1124 2913 1179 debeat.
2943 1126 3055 1183 IIoc
3095 1140 3278 1184 autem
3311 1132 3363 1186 in

1780 1200 2093 1257 authentico
2117 1204 2264 1270 trito,
2288 1207 2602 1264 amhrntico
2627 1213 2865 1268 letrardo
2887 1214 3105 1271 evenire
3127 1218 3282 1289 solet,
3310 1230 3366 1276 et

1777 1302 2038 1361 praeterea
2094 1296 2146 1349 in
2195 1296 2498 1368 plagalibns
2529 1301 2794 1368 istorum;
2827 1310 3276 1374 quemadmodum
3310 1313 3366 1369 in

1778 1382 1864 1437 his
1886 1384 2197 1453 antiphon's
2221 1389 2554 1446 considerari
2584 1402 2794 1462 potest:
2823 1394 3053 1453 Gloriosi
3081 1402 3367 1473 principes,

1775 1486 1832 1532 et
1857 1495 1953 1548 pro
1978 1482 2125 1535 nobis
2153 1480 2361 1537 Gallus.
2394 1483 2488 1539 ηπ
2520 1487 2664 1541 enim
2696 1497 2805 1543 tam
2859 1502 3237 1560 competenter
3268 1497 3369 1568 hy—

1778 1570 2016 1641 polydio,
2071 1582 2233 1644 atque
2285 1574 2724 1650 bypomixolydio
2749 1584 3096 1651 conveniunt,
3152 1596 3232 1653 ut,
3277 1589 3365 1644 cui

1781 1662 1966 1730 potius
1989 1664 2213 1719 attribui
2245 1664 2497 1733 debeant,
2527 1667 2670 1724 haud
2698 1672 2856 1727 facile
2893 1675 3192 1732 discernas.
3230 1679 3365 1735 Item

108 1750 349 1807 stratum,
406 1744 679 1812 quomodo
709 1746 847 1817 tropi
878 1748 1180 1816 variantur,
1208 1753 1481 1821 quomodo
1510 1755 1672 1810 etiam
1706 1745 1749 1805 Β
1780 1750 1882 1807 hoc
1908 1753 1943 1821 ti)
1990 1751 2148 1808 Genti
2194 1760 2494 1826 peccatrici,
2526 1768 2636 1815 tam
2668 1761 2830 1835 lydio,
2874 1782 3037 1837 quam
3069 1770 3367 1841 mixolydio

106 1849 190 1904 per
216 1833 427 1905 ineptos
449 1844 702 1891 cantores
757 1839 1142 1908 depravantur,
1195 1842 1299 1897 hoc
1344 1859 1563 1916 quoque
1607 1847 1673 1902 de

106 1925 331 1996 ipsorum
362 1927 622 1996 qualitate
667 1929 1090 1987 subnectendum
1121 1934 1358 2001 videtur,
1404 1940 1545 2005 quod
1593 1936 1676 1992 di-

106 2017 233 2072 versi
263 2018 501 2074 diversis
524 2019 880 2077 delectentur.
933 2021 1087 2079 Sicut
1110 2026 1255 2080 enim
1295 2042 1401 2083 non
1431 2029 1673 2084 omnium

105 2122 187 2163 ora
214 2108 402 2163 eodem
450 2110 575 2166 cibo
602 2112 913 2183 capiuntur,
939 2116 1033 2170 sed
1064 2115 1156 2170 ille
1201 2118 1417 2187 quidem
1448 2120 1673 2176 acriori-

104 2206 213 2275 bus,
246 2207 349 2264 iste
378 2224 508 2266 vero
528 2210 825 2269 lenioribus
853 2216 995 2271 escis
1020 2214 1244 2284 juvatur
1268 2236 1282 2274 :
1329 2219 1405 2274 ita
1429 2221 1674 2290 profecto

105 2314 197 2351 non
231 2301 476 2356 omnium
505 2318 665 2360 aures
698 2305 1096 2375 ejusdemmodi
1135 2325 1269 2366 sono
1305 2313 1679 2376 oblectamur.

102 2388 237 2445 Alios
259 2406 495 2463 namque
524 2411 740 2452 morosa
787 2407 842 2452 et
885 2399 1109 2455 curialis
1138 2404 1352 2474 vagatio
1382 2407 1542 2476 primi
1572 2407 1670 2464 de-

103 2477 266 2543 lectat,
323 2482 460 2537 alios
508 2498 673 2548 rauca
717 2488 941 2542 secundi
990 2491 1229 2561 gravitas
1288 2497 1479 2564 capit;
1535 2497 1672 2553 alios

103 2586 271 2627 severa
295 2583 353 2629 et
382 2576 539 2645 quasi
588 2579 874 2649 indignans
917 2583 1237 2651 persultatio
1287 2588 1435 2643 tertii
1471 2588 1665 2658 juvat;

100 2661 223 2718 alios
249 2664 583 2722 adulatorius
607 2672 787 2738 quarti
822 2685 990 2726 sonus
1015 2676 1240 2729 attrahit
1269 2692 1284 2741 ;
1311 2677 1400 2732 alii
1428 2680 1672 2734 modesta

101 2755 257 2822 quinti
282 2756 582 2824 petulantia
619 2775 684 2815 ac
714 2762 1002 2818 subitaneo
1039 2765 1106 2820 ad
1150 2766 1366 2823 finalem
1397 2785 1528 2825 casu
1560 2789 1673 2827 ruo-

99 2856 280 2901 ventur
310 2864 326 2911 ;
361 2849 451 2903 alii
494 2850 796 2923 lacrymosa
822 2858 964 2912 sexti
994 2872 1126 2914 voce
1191 2860 1534 2926 mulcentur;
1581 2866 1673 2920 alii

99 2938 574 3011 mimicos‘septimi
612 2944 1034 3003 saltuslibenter
1071 2952 1448 3018 audiunt;alii
1477 2955 1675 3011 decen-

97 3037 219 3091 tem,
274 3038 335 3083 et
370 3032 524 3098 quasi
575 3033 868 3089 intonalem
905 3041 1080 3093 octavi
1131 3055 1383 3095 canorem
1422 3043 1670 3114 diligunt.

97 3118 460 3194 Quapropter,
481 3125 531 3179 in
555 3131 940 3199 componendis
959 3134 1209 3189 cautibus
1226 3146 1413 3190 cautus
1436 3139 1676 3195 musicus

100 3210 167 3266 ita
195 3214 295 3269 szbi
327 3217 614 3285 providere
659 3219 837 3288 debet,
892 3232 951 3276 ut
978 3238 1043 3278 eo
1089 3227 1250 3281 modo
1275 3243 1436 3297 quam
1482 3230 1675 3286 decen-

100 3305 295 3361 tissime
342 3317 541 3371 utatur,
613 3326 719 3380 quo
773 3327 866 3368 eos
908 3316 1143 3371 maxime
1194 3318 1452 3375 delectari
1503 3322 1672 3390 videt,

96 3396 282 3466 quibus
301 3408 525 3455 cantum
560 3417 717 3457 suum
746 3404 960 3473 placere
988 3408 1285 3464 desiderat.
1318 3409 1428 3467 Nec
1464 3414 1673 3469 mirum

94 3487 248 3557 aliqui
280 3490 458 3546 videri
486 3492 666 3559 debet,
698 3498 840 3565 quod
868 3498 1114 3554 diversos
1147 3500 1379 3558 diversis
1414 3504 1671 3559 delectari

96 3579 487 3652 dicimus.quia
519 3600 584 3639 ex
609 3586 724 3655 ipsa
756 3600 945 3642 natura
976 3591 1283 3648 hominibus
1312 3604 1395 3650 est
1417 3595 1670 3664 inditum,

92 3678 145 3721 ut
165 3686 268 3726 non
297 3675 544 3728 omnium
575 3691 767 3732 sensus
787 3680 1039 3735 eumdem
1083 3682 1317 3739 habeant
1346 3689 1668 3757 appetitum.

95 3756 235 3813 Unde
261 3761 583 3833 plerumque
605 3767 805 3835 evenit,
838 3777 895 3824 ut
939 3769 1066 3824 dum
1090 3774 1232 3841 quod
1279 3756 1550 3844 cantatur,
1584 3780 1669 3835 isti

46 3874 55 3877 -
90 3853 333 3911 videatur
365 3858 763 3927 dulcissimum,
803 3863 871 3917 ab
906 3864 1013 3919 alio
1049 3867 1325 3922 dissonum
1374 3870 1669 3941 judicetnr,

89 3955 240 4014 atque
270 3950 498 4004 omnino
547 3952 987 4022 incompositum.
1034 3955 1193 4013 Certe
1239 3975 1340 4029 ego
1383 3963 1496 4031 ipse
1552 3980 1666 4018 mc-

91 4040 241 4105 miui,
267 4057 359 4097 me
389 4043 671 4101 cautiones
720 4047 929 4116 aliquot
957 4064 1140 4105 coram
1178 4054 1496 4122 quibusdam
1529 4058 1674 4111 ceci-

89 4129 246 4197 nisse,
277 4144 335 4188 et
357 4137 500 4205 quod
535 4153 673 4192 unus
700 4154 1046 4211 summopere
1087 4147 1398 4213 extollebat,
1451 4149 1539 4202 alii
1585 4165 1673 4218 pc-

88 4223 224 4280 nitus
268 4227 634 4295 displicuisse.
669 4229 880 4285 Habent
918 4242 1098 4288 autem
1133 4236 1274 4290 modi
1316 4238 1577 4305 speciales
1616 4250 1671 4292 et

84 4314 218 4370 inter
252 4333 316 4373 se
343 4318 588 4375 diversas
637 4336 892 4376 sonorum
926 4326 1306 4395 proprietates,
1348 4328 1482 4383 adeo
1510 4340 1561 4383 ut
1588 4329 1670 4381 di-

82 4404 259 4475 ligenti
291 4410 525 4475 musico,
552 4426 646 4467 seu
678 4413 843 4467 etiam
894 4417 1197 4471 exercitato
1229 4420 1436 4473 cantori
1484 4422 1667 4491 cogni-

83 4500 279 4555 tionem
305 4504 387 4557 sni
421 4502 563 4558 ultro
587 4504 856 4575 iugerant.
890 4508 956 4563 Et
996 4512 1447 4579 quemadmodum
1471 4514 1666 4582 aliquis

82 4603 279 4657 mores,
296 4593 624 4662 habitusque
646 4596 983 4653 diversarum
1010 4601 1247 4671 gentium
1275 4613 1665 4671 perscrutatus,

82 4677 451 4750 cujuscunque
482 4684 718 4739 nationis
768 4688 1043 4742 hominem
1081 4691 1248 4756 videt,
1300 4692 1455 4746 docte
1506 4692 1668 4747 inter-

81 4773 255 4827 noscit
289 4789 305 4838 ;
345 4774 599 4830 videlicet
628 4778 772 4833 hunc
797 4793 916 4834 esse
941 4779 1215 4847 Graecum,
1269 4790 1323 4836 et
1357 4783 1501 4838 hunc
1531 4783 1667 4839 Ger-

79 4879 297 4921 manum
326 4883 343 4932 ;
371 4867 522 4923 illum
567 4869 887 4941 Hispanum,
920 4872 1068 4927 illum
1105 4888 1235 4929 vero
1263 4872 1476 4930 Gallum
1526 4876 1667 4932 iridi-

77 4971 206 5012 caus
238 4974 254 5021 ;
283 4958 363 5013 ita
389 4960 652 5025 musicus,
677 4977 783 5017 non
835 4972 1013 5019 autem
1045 4965 1162 5023 solo
1210 4968 1451 5034 nomine,
1481 4970 1665 5027 audita

76 5049 320 5116 qualibet
355 5051 642 5108 harmonia
693 5055 875 5109 statim
903 5056 1055 5126 cujus
1108 5059 1216 5114 toni
1260 5060 1351 5127 sit,
1400 5066 1663 5133 agDOSt'll.

75 5137 340 5205 Quamvis
364 5148 543 5197 tamen
575 5142 680 5200 hoc
732 5145 784 5199 iu
832 5145 1128 5217 aliquantis
1172 5149 1346 5205 fallat.
1383 5151 1517 5207 Nam
1569 5155 1667 5208 ali-

74 5231 292 5297 quando
347 5241 541 5288 cantus
597 5249 701 5289 non
751 5244 960 5291 tantum
1012 5238 1190 5307 initio,
1248 5244 1341 5297 sed
1388 5246 1552 5298 etiam
1609 5247 1663 5301 in

74 5319 251 5375 medio
279 5319 517 5391 alicujus
550 5324 662 5379 toni
695 5340 856 5381 cursu
881 5327 1079 5394 utitur,
1133 5331 1221 5385 cui
1250 5340 1426 5388 tamen
1473 5335 1525 5389 in
1560 5336 1666 5391 line

72 5412 453 5480 contradicit;
496 5416 641 5485 quod
692 5417 862 5488 liquet
902 5419 957 5475 in
1002 5419 1108 5477 hoc
1155 5423 1191 5493 ἢ
1248 5422 1451 5492 Gaude,
1487 5426 1664 5483 Maria

70 5502 204 5571 airg.
248 5519 383 5559 cum
425 5506 572 5562 enim
618 5507 671 5562 iu
704 5510 992 5580 principio,
1040 5521 1096 5569 et
1124 5514 1178 5569 in
1216 5515 1393 5572 medio
1440 5518 1665 5576 deutero

73 5596 398 5652 authentico
422 5598 748 5666 subserviat,
799 5602 853 5657 in
884 5602 991 5661 ﬁne
1018 5613 1200 5663 tamen
1255 5622 1318 5666 se
1341 5609 1482 5683 plagi
1536 5613 1664 5669 trito

140 5751 256 5827 (η)
298 5750 511 5809 Desunt
536 5763 676 5812 nota:
706 5756 947 5813 musicae.

1780 1846 2071 1902 convenire
2094 1848 2328 1904 videtur.
2369 1849 2522 1906 Unde
2544 1856 2683 1924 apud
2709 1860 2971 1926 quosdam
2996 1877 3125 1917 usus
3151 1875 3255 1931 est,
3287 1866 3368 1921 sic

1777 1943 2071 1991 cantatur:
2128 1938 2259 1993 Esto
2293 1939 2611 2011 placabilis;
2675 1950 2815 2017 apud
2862 1950 3149 2022 plerosque
3185 1967 3364 2011 autem

1776 2027 1855 2083 sic
1891 2046 1905 2082 :
1939 2027 2089 2084 Esto.
2115 2030 2401 2087 lntroitum
2428 2037 2592 2091 etiam
2628 2038 2791 2094 istum
2820 2055 2835 2094 :
2864 2042 3122 2099 Dominus
3151 2047 3363 2116 inloco,

1780 2121 1994 2191 quidam
2045 2123 2189 2193 lydio
2218 2166 2232 2188 ,
2289 2127 2509 2197 quidam
2565 2131 2860 2203 mixolydio
2907 2137 3213 2207 adaptant:
3262 2156 3367 2213 ego

1778 2226 1911 2267 vero
1942 2214 2065 2269 illos
2087 2220 2405 2286 sequendos
2432 2218 2640 2288 judico,
2687 2226 2778 2295 qui
2822 2235 3119 2299 utrumque
3172 2232 3365 2290 horum

1777 2300 1922 2371 lydio
1972 2305 2297 2360 attribuunt.
2359 2307 2679 2379 Hujusmodi
2748 2323 2927 2370 autem
2978 2319 3361 2385 prazdictorum

1779 2400 2055 2463 troporum
2105 2401 2518 2455 consonantiam
2563 2401 2759 2470 Graeci,
2792 2406 2847 2460 ni
2896 2406 3074 2477 fallor,
3117 2414 3364 2466 animad-

1776 2493 2076 2550 verterunt,
2108 2488 2324 2557 quando
2352 2489 2431 2544 eis
2455 2505 2645 2560 parum
2676 2494 2930 2561 discreta,
2962 2506 3016 2552 et
3036 2496 3150 2553 fere
3172 2501 3361 2555 eadem

1777 2575 2036 2630 vocabula
2088 2577 2482 2645 imposuerunt.
2516 2582 2572 2637 In
2601 2584 2723 2639 aliis
2766 2585 2928 2642 talem
2979 2588 3179 2643 nullam
3232 2606 3365 2645 con-

1777 2666 2119 2722 venientiam
2150 2672 2409 2740 reperies,
2456 2686 2703 2745 excepto,
2742 2680 2882 2747 quod
2913 2691 3104 2737 cantus
3128 2685 3267 2751 proti
3310 2686 3366 2742 in

1779 2755 1976 2827 hypate
2008 2775 2219 2826 meson,
2252 2777 2371 2832 quae
2408 2765 2583 2821 linalis
2625 2776 2709 2822 est
2758 2771 2965 2825 deuteri
3007 2812 3020 2836 ,
3080 2773 3367 2843 aliquotits

1778 2852 2063 2905 commode
2086 2866 2300 2921 pausat,
2348 2865 2406 2910 ut
2441 2856 2494 2911 in
2542 2858 2777 2915 alleluia.
2832 2862 3039 2918 Iuravit
3085 2865 3361 2924 Dominus.

1776 2948 1831 2991 et
1854 2938 1906 2992 in
1940 2941 2041 2995 hac
2061 2946 2444 3001 communione
2470 2963 2485 3002 :
2519 2947 2790 3018 Principes
2807 2957 3066 3021 persecuti
3104 2969 3245 3012 sunt.
3273 2959 3366 3015 Sic

1778 3036 1940 3089 etiam
1976 3038 2141 3108 aliqui
2168 3050 2364 3096 cantus
2398 3052 2545 3097 tanta
2575 3045 2928 3104 similitudine
2953 3053 3361 3123 convenientes,

1780 3140 1835 3181 ut
1859 3132 2156 3186 secundum
2195 3135 2437 3191 diversas
2468 3137 2789 3194 emissiones
2840 3140 3072 3198 diversis
3102 3146 3243 3201 tonis
3273 3162 3366 3201 co-

1774 3220 1946 3290 pulari
1973 3236 2211 3293 congrue
2247 3226 2478 3295 possint,
2510 3231 2970 3298 quemadmodum
3014 3235 3096 3290 hae
3119 3238 3342 3308 antipho

1775 3325 1859 3365 na:
1887 3324 1906 3363 :
1946 3311 2013 3366 Et
2066 3316 2414 3384 respicientes.
2470 3317 2651 3389 Lupus
2698 3325 2856 3392 rapit.
2911 3324 3067 3380 Prior
3112 3328 3254 3380 enim
3290 3330 3358 3383 ad

1774 3398 2036 3469 plagalem
2069 3406 2393 3474 tetrardum,
2447 3411 2720 3477 posterior
2756 3414 2823 3468 ad
2870 3413 3132 3486 plagalcm
3175 3418 3362 3474 tritum

1775 3492 2018 3558 respicit,
2038 3494 2092 3567 psi
2134 3494 2238 3550 hoc
2274 3496 2436 3551 modo
2458 3508 2749 3554 canuntur.

1846 3582 1957 3651 (l2)
2001 3582 2131 3637 Erat
2160 3586 2370 3655 quidem
2397 3603 2619 3657 magnus
2642 3592 2809 3658 valde,
2836 3592 3074 3650 alleluia.

1971 3674 2102 3729 Oves
2123 3678 2373 3747 propriae,
2407 3678 2659 3737 alleluia..

1773 3764 1993 3837 Phrygii
2022 3775 2207 3823 autem
2231 3770 2404 3825 ambae
2426 3782 2608 3839 erunt,
2637 3774 2683 3828 si
2711 3775 2790 3831 sic
2820 3778 3162 3835 emittuntur.

1845 3856 2069 3926 Magnus
2096 3858 2247 3913 valde
2277 3859 2515 3916 alleluia.
2543 3861 2675 3919 Oves
2697 3868 2926 3935 preprite
2952 3868 3190 3925 alleluia.

1775 3967 1931 4025 XVII.
1977 3970 2052 4025 De
2099 3974 2331 4052 potentia
2384 3977 2645 4052 musicaz,_
2680 3989 2727 4032 et
2776 3981 2865 4049 qui
2910 3983 3153 4052 primitus
3200 4002 3261 4042 ea
3302 3988 3361 4046 in

2210 4041 2441 4099 llomana
2465 4041 2681 4102 ecclesia
2710 4041 2798 4104 usi
2821 4041 2943 4106 sini.

1843 4132 1952 4188 Sed
1980 4149 2081 4190 nec
2104 4135 2207 4190 hoc
2240 4136 2457 4191 reticeri
2495 4148 2727 4207 oportet,
2768 4142 2912 4211 quod
2952 4158 3198 4211 magnam
3247 4147 3356 4202 vim

1772 4228 2148 4281 commovendi
2193 4227 2501 4281 auditorum
2532 4231 2746 4296 animos
2776 4233 3015 4303 musicus
3046 4245 3236 4291 cantus
3262 4238 3365 4291 ha;

1769 4314 1880 4379 bet,
1924 4317 2190 4385 siquidem
2228 4333 2390 4373 aures
2417 4318 2634 4385 mulcet,
2673 4331 2908 4377 mentem
2932 4325 3115 4395 erigit,
3142 4327 3355 4396 praelia-

1773 4416 1918 4461 tores
1943 4410 2009 4461 ad
2047 4408 2186 4463 bella
2221 4410 2433 4475 incitat,
2454 4410 2632 4481 lapsos
2660 4422 2716 4467 et
2741 4413 3095 4484 desperantes
3115 4430 3353 4484 revocat,

1699 4477 2014 4555 Dviatores
2069 4487 2346 4556 cunfortat
2379 4543 2394 4567 ,
2449 4502 2687 4559 latrones
2745 4516 3013 4572 exarmat,
3066 4509 3357 4568 iracundos

1773 4593 2004 4661 mitigat,
2037 4593 2220 4649 tristes
2268 4603 2322 4649 et
2366 4596 2557 4650 anxios
2600 4596 2861 4664 laetiﬁcat,
2896 4599 3176 4657 discordes
3208 4605 3357 4673 paci-

1774 4682 1924 4744 licat,
1967 4698 2136 4738 vanas
2194 4686 2552 4755 cogitationes
2601 4685 2868 4754 eliminat,
2913 4689 3355 4760 phrenetieornm

1764 4774 1979 4829 rabiem
2013 4784 2299 4847 temperat.
2359 4778 2511 4833 Unde
2554 4794 2609 4837 et
2657 4782 2721 4835 de
2778 4798 2902 4851 rege
2954 4783 3083 4837 Suttl
3132 4785 3183 4838 in
3218 4786 3355 4839 libro

1776 4868 1982 4939 Regum
2016 4869 2230 4939 legitur,
2257 4870 2399 4939 quod
2445 4887 2474 4925 a
2505 4872 2770 4928 diernouio
2802 4885 3083 4945 correptus
3112 4878 3275 4931 David
3300 4878 3353 4932 in

1770 4958 1985 5012 cithara
2018 4968 2250 5014 canente
2304 4961 2672 5032 mitigabatur,
2705 4976 2956 5020 cessante
3004 4981 3130 5020 vero
3157 4967 3357 5022 nihilo-

1773 5052 1957 5106 minus
1983 5054 2307 5109 vexabatur.
2349 5054 2482 5110 Item
2526 5058 2876 5127 phreneticus
2905 5060 3122 5129 quidam
3172 5061 3354 5115 Ascle-

1769 5145 1926 5213 piade
1958 5147 2166 5201 medico
2189 5157 2419 5203 canente
2441 5149 2509 5203 ab
2530 5149 2744 5203 insania
2778 5149 2950 5204 fertur
3000 5152 3167 5207 fuisse
3217 5153 3353 5209 libe-

1770 5247 1939 5293 ratus.
1969 5238 2072 5294 Sed
2099 5250 2154 5295 et
2177 5241 2245 5296 de.
2264 5240 2569 5313 Pythagora
2602 5254 2951 5313 memoratur,
2997 5248 3139 5317 quod
3193 5247 3354 5301 luxu-

1769 5329 1970 5384 riosum
2001 5333 2567 5403 quemdamjuvenem
2615 5336 2684 5391 ab
2731 5337 3088 5394 immoderata
3130 5339 3353 5396 libidine

1770 5421 1977 5477 musica
2017 5424 2388 5481 modulatione
2424 5428 2783 5483 revocaverit.
2832 5429 3004 5487 liabet
3028 5443 3208 5487 autem
3234 5449 3355 5489 mu-

1767 5512 1877 5569 sica
1906 5512 2202 5569 secundum
2249 5515 2495 5571 diversos
2522 5518 2714 5574 modos
2759 5517 3008 5577 diversas
3046 5524 3343 5592 potentias.

1767 5606 1861 5664 Sic
1898 5606 2042 5665 enim
2066 5622 2164 5679 per
2194 5623 2361 5666 unum
2406 5610 2638 5668 canendi
2688 5627 2858 5685 genus
2881 5614 3085 5687 poteris
3107 5614 3347 5686 aliquem
