3836 6320
2 4477 8 4484 ’
47 4495 74 4520 ο
99 4485 236 4536 mus,
270 4479 328 4526 ut
369 4471 679 4527 secundum
725 4485 942 4525 sensum
972 4470 1258 4522 verborqu
1295 4473 1488 4522 cantus
1514 4467 1693 4520 varie—

149 275 259 338 1117

147 399 203 454 ιιι
249 387 502 445 luxuriam
563 397 864 456 provocare
901 423 915 446 ,
971 383 1314 453 eundemque
1385 399 1484 454 per
1538 383 1682 437 aliud
1715 389 1759 445 Α

121 478 436 558 --quautocius
485 474 805 546 pmnitentia
875 474 1095 530 ductum
1155 488 1416 530 revocare
1465 491 1479 529 :
1539 474 1691 543 cujus

147 579 212 634 rei
256 569 671 643 experimentum
699 565 874 621 Guido
903 565 970 620 de
1002 563 1202 634 juvene
1239 565 1472 635 quodam
1503 565 1688 621 refert.

202 666 321 721 Cum
358 673 485 730 ergo
530 657 584 711 in
635 657 1040 711 commovendis
1097 657 1367 713 mentibus
1412 659 1690 713 hominum

141 765 270 811 tanta
306 752 372 805 sit
405 749 626 803 musicae
657 747 919 816 potentia.
987 748 1182 803 merito
1207 747 1332 816 ejus
1357 761 1490 804 usus
1535 765 1692 804 acce-

139 859 248 918 ptus
291 851 370 898 est
405 841 456 894 in
493 848 681 893 sancta
725 838 985 894 Ecclesia.
1035 839 1278 895 Primum
1327 849 1510 895 autem
1566 857 1594 895 a
1627 843 1686 897 S.

139 937 322 1009 Ignatio
351 941 608 1003 martyre,
649 946 748 985 nec
773 946 878 985 non
932 941 981 986 et
1011 947 1040 986 a
1073 932 1132 987 S.
1179 933 1467 989 Ambrosio
1492 934 1692 990 Medio-

141 1026 412 1084 lanensinm
437 1023 682 1078 antistite
711 1039 839 1078 usus
865 1025 916 1078 in
941 1023 1188 1080 Romana
1215 1026 1443 1081 ecclesia
1472 1027 1692 1082 musica:

136 1119 302 1174 haberi
326 1116 504 1186 etrapit.
529 1114 654 1170 Post
712 1117 820 1171 hos-
860 1115 1217 1173 Beatissimus
1267 1118 1370 1174 PP.
1395 1119 1692 1192 Gregorius

132 1210 318 1280 Spiritu
346 1217 534 1262 sancto
569 1207 640 1273 ei,
671 1216 729 1261 ut
751 1207 1004 1272 refertur,
1036 1208 1307 1264 assidente
1353 1220 1408 1264 et
1454 1211 1693 1268 dictante

133 1312 327 1357 cantum
366 1299 676 1354 modulatus
704 1307 808 1366 est,
845 1311 1174 1371 cautumque
1201 1303 1459 1360 Romamn
1508 1304 1692 1361 Eccle-

136 1394 237 1455 siue,
260 1406 361 1460 quo
390 1405 488 1459 per
531 1391 658 1444 anui
702 1391 1031 1446 curriculum
1083 1393 1336 1448 Divinum
1386 1397 1692 1451 celebratur

129 1481 364 1541 cilicium,
395 1479 564 1534 dedit.
595 1480 748 1547 Quod
776 1491 956 1536 autem
999 1484 1244 1538 canendo
1292 1485 1590 1541 laudandus
1620 1488 1692 1542 sit

130 1573 388 1636 Dominus,
411 1587 518 1626 non
548 1587 768 1643 parvam
805 1572 859 1627 in
890 1576 1058 1628 veteri
1086 1576 1280 1647 pagina
1311 1579 1688 1634 auctoritatem

130 1666 417 1729 habemus;
473 1664 700 1735 legimus
731 1681 962 1736 namque
1017 1667 1068 1719 in
1118 1667 1254 1722 libro
1303 1669 1497 1734 Exodi,
1543 1673 1687 1739 quod

129 1758 391 1810 submerso
421 1755 702 1810 Pharaone
728 1755 939 1817 Movses
965 1765 1021 1812 et
1074 1758 1168 1812 lilii
1219 1759 1387 1814 Israel
1417 1737 1690 1818 canticum
1725 1737 1764 1792 Β

123 1850 352 1903 cecinere
379 1848 616 1902 domino.
654 1847 759 1903 Sed
787 1848 1149 1905 ctPsalmista
1176 1851 1308 1906 artis
1349 1852 1506 1921 hujus
1545 1855 1690 1910 haud
1743 1839 1748 1844 I

123 1939 329 2010 ignarus
383 1940 435 1995 in
497 1940 876 2006 decacbordo,
939 1944 1081 2010 quod
1137 1953 1222 1998 est
1271 1943 1690 2001 instrumentum

128 2032 392 2098 musicum,
427 2030 615 2085 laudes
658 2032 884 2085 Domino
933 2033 1153 2097 cecinit,
1210 2048 1416 2104 nosque
1468 2036 1534 2090 ad
1562 2051 1694 2090 con-

121 2123 390 2177 cinendum
419 2123 672 2176 hortatur
714 2123 940 2177 dicens:
973 2122 1195 2178 Cautale
1249 2123 1478 2178 Domino
1523 2125 1693 2180 canti-

119 2229 230 2266 rum
251 2231 452 2274 norum,
491 2212 636 2268 Laus
684 2215 800 2283 ejus
829 2215 883 2268 in
917 2213 1158 2268 Ecclesia
1206 2227 1532 2270 sanctorum.
1580 2216 1691 2273 Nec

121 2304 276 2359 solum
313 2305 548 2359 naturali
581 2319 718 2359 sono
742 2305 815 2359 uti
843 2322 940 2360 nos
986 2309 1035 2360 in
1073 2305 1231 2361 laude
1261 2309 1470 2362 Domini
1499 2308 1689 2377 voluit,

121 2404 309 2450 cumet
356 2411 456 2466 per
507 2396 820 2451 manulacta
871 2397 1093 2450 musica:
1146 2397 1281 2452 artis
1335 2397 1691 2454 instrumenta

119 2485 388 2541 Dominum
417 2487 630 2542 laudari
667 2502 1018 2543 commoncns
1055 2489 1130 2542 ait
1162 2505 1175 2541 :
1227 2486 1468 2543 Laudate
1514 2489 1694 2544 Domi-

122 2595 230 2634 num
255 2583 306 2635 in
332 2597 464 2636 sono
497 2582 658 2646 labre,
682 2583 735 2635 in
764 2582 1012 2652 psalterio
1043 2591 1089 2634 et
1115 2581 1415 2646 cithara,in
1442 2590 1690 2652 tympano

113 2683 161 2725 et
192 2674 360 2736 choro,
409 2676 468 2729 in
516 2674 728 2728 chordis
777 2684 825 2728 et
884 2689 1105 2745 organo.
1165 2672 1301 2729 Cum
1342 2689 1475 2742 ergo
1530 2675 1692 2744 hujus

121 2766 398 2836 disciplina:
422 2769 482 2822 in
513 2765 690 2822 Veteri
743 2765 1428 2837 Testamentolinveniatur
1457 2768 1693 2823 auctori-

118 2869 211 2921 tas,
243 2876 476 2930 cumque
502 2876 620 2914 eam
649 2870 756 2914 tam
788 2859 1024 2930 religiosi
1055 2861 1151 2914 viri
1204 2861 1258 2915 in
1310 2861 1535 2916 ecclesia
1565 2877 1691 2917 san-

115 2959 314 3008 xerunt,
349 2964 474 3002 cum
502 2947 736 3016 denique
791 2946 982 3002 ellicax
1031 2947 1098 3001 ad
1140 2949 1590 3015 commovendos,
1635 2958 1694 3003 ut

113 3040 306 3095 dictum
333 3050 440 3106 est,
467 3049 682 3094 mentes
707 3039 982 3094 hominum
1009 3039 1081 3094 sit
1105 3039 1222 3109 ejus
1250 3040 1686 3109 potentia,quem
1716 3078 1764 3136 ,ο

119 3132 264 3200 hujus
291 3135 535 3189 scientia:
558 3149 749 3188 sanum
775 3133 1004 3203 pigeat?
1037 3135 1158 3202 quis
1187 3132 1236 3187 ei
1265 3149 1369 3187 non
1406 3141 1518 3187 toto
1544 3131 1690 3187 ~all‘e-

114 3238 194 3281 cui
221 3230 498 3284 studiosus
547 3229 880 3283 adhaereat?
940 3225 1138 3282 Verum
1193 3229 1317 3298 quia
1355 3245 1460 3284 non
1515 3229 1688 3284 solum

117 3321 308 3388 pia-fati
357 3323 501 3378 sacri
552 3329 746 3376 cautus
800 3319 1056 3376 ollieiales
1101 3321 1154 3374 in
1210 3330 1396 3375 sancta
1448 3321 1689 3376 Ecclesia

117 3411 358 3466 modulati
412 3420 568 3479 sunt,
602 3413 696 3467 sed
727 3423 783 3468 et
826 3411 918 3466 alii
958 3411 1178 3482 quidam
1215 3427 1320 3466 non
1373 3411 1528 3482 longe
1565 3420 1692 3466 ante

111 3512 286 3557 nostra
346 3512 598 3574 tempora
656 3515 915 3560 cantuum
967 3503 1362 3573 compositores
1417 3504 1688 3568 extitere;

115 3589 244 3655 quod
275 3605 372 3644 nos
431 3603 655 3660 quoque
702 3598 920 3645 cantum
958 3599 1104 3644 vetet
1153 3587 1444 3646 contexere
1478 3604 1582 3644 non
1613 3589 1694 3642 vi-

109 3682 223 3736 deo.
247 3682 380 3737 Nam
411 3685 520 3738 etsi
554 3699 705 3738 nova:
728 3685 1123 3741 modulationes
1170 3697 1312 3739 nunc
1362 3683 1415 3738 in
1448 3681 1690 3737 Ecclesia

113 3789 210 3828 non
231 3786 355 3831 sunt
389 3778 744 3842 necessariae,
776 3779 1047 3848 possimus
1087 3787 1265 3833 tamen
1303 3778 1356 3832 in
1398 3777 1688 3848 rhythmis,

109 3876 158 3919 et
202 3868 527 3938 lugubribus
572 3868 820 3923 vers-ibus
865 3878 1146 3938 poeta-rum
1198 3868 1554 3923 decantandis
1606 3865 1691 3920 in-

107 3950 252 4017 genia
286 3963 476 4008 nostra
533 3968 812 4008 exemere.
843 3952 1107 4018 Quoniam
1155 3961 1332 4006 autem
1381 3950 1692 4008 modulandi

107 4040 377 4097 licentiam
402 4043 652 4098 vicissim
677 4050 731 4097 et
755 4043 991 4112 petimus
1012 4051 1066 4097 et
1081 4042 1144 4096 da
1155 4057 1292 4104 mus,
1307 4056 1603 4110 congruum
1621 4040 1698 4096 vi-

105 4133 272 4199 detur,
286 4143 347 4189 ut
361 4135 430 4190 de
452 4141 620 4189 cantu
634 4133 1009 4204 componendo
1025 4141 1291 4204 praecepta
1306 4135 1694 4202 s‘u'pponamus.

295 4270 490 4326 XVIII.
527 4269 796 4340 Prwrepta
827 4270 892 4322 de
925 4278 1083 4321 cantu
1112 4265 1489 4336 componendo.

164 4379 409 4437 Primum
447 4381 618 4453 igitur
661 4389 989 4450 praeceptum
1043 4370 1355 4434 modulandi
1416 4377 1694 4432 subnecti-

106 4569 202 4616 tur.
229 4563 368 4631 Quis
396 4575 590 4618 antcm
627 4563 861 4617 canendi
912 4561 1136 4626 modus,
1182 4560 1405 4614 cuilibet
1449 4559 1695 4614 materia:

100 4659 410 4726 conveniat,
458 4659 618 4731 prius
647 4657 952 4720 docuimus,
1006 4670 1128 4710 cum
1174 4655 1418 4708 diversos
1465 4652 1695 4707 diversis

99 4749 350 4806 delrctari
384 4751 637 4805 diximus
666 4766 678 4801 :
713 4749 985 4816 Quosdam
1007 4748 1156 4802 enim
1185 4745 1500 4810 curialitati,
1533 4758 1694 4813 quos-

101 4841 216 4894 dam
245 4843 492 4898 lasciviae
512 4885 528 4908 ,
584 4843 844 4912 quosdam
877 4843 1038 4896 etiam
1093 4840 1326 4895 tristitiae
1356 4849 1510 4910 aptos
1541 4853 1694 4892 mon-

102 4935 414 4990 stravimus.
459 4937 622 4990 Sicut
665 4949 848 4992 autem
901 4935 1111 4990 laudem
1142 4934 1474 4990 desideranti
1525 4942 1696 5004 poeltc

95 5025 422 5081 studendum
456 5036 572 5093 est,
600 5035 656 5080 ut
688 5026 827 5081 facta
866 5027 1029 5081 dictis
1071 5035 1338 5094 exzequet,
1386 5038 1522 5078 neve
1556 5023 1694 5092 (‘le8,

2 5129 4 5132 '
95 5128 250 5183 quem
289 5118 601 5186 describit,
656 5117 882 5173 fortunis
927 5119 1137 5172 absona
1176 5118 1350 5180 dicat;
1402 5117 1481 5169 sic
1521 5115 1698 5169 laudis

99 5209 248 5263 avido
281 5212 627 5264 modulatori
653 5211 1192 5264 animadvertendum
1216 5218 1318 5273 est,
1352 5209 1427 5262 uti
1471 5208 1542 5261 ita
1573 5223 1698 5278 pro-

97 5301 205 5366 prie
257 5314 488 5356 r-autu».
529 5314 833 5372 proponat,
869 5303 1091 5371 utquod
1122 5301 1288 5356 verba
1319 5309 1534 5364 sonant,
1567 5313 1696 5354 can-

99 5401 177 5440 tus
205 5395 527 5460 esprimere
571 5394 831 5446 videatur.
881 5393 1067 5462 itaque
1107 5391 1150 5447 si
1193 5392 1452 5462 juveuum
1503 5398 1692 5461 rogati:

93 5495 308 5540 cautum
385 5502 729 5554 componere
770 5481 1020 5550 vulneris,
1079 5483 1333 5556 juvenilis
1389 5483 1457 5536 sit
1499 5483 1585 5537 ille
1634 5492 1687 5538 et

163 5641 271 5712 (l3)
317 5639 846 5710 IIem-nepistolar.
881 5640 974 5695 lib.
1009 5656 1068 5704 ιι,
1100 5638 1259 5709 epist.
1285 5637 1338 5704 i,
1374 5635 1495 5693 ΠΟ.
1559 5647 1566 5654 ’

417 5761 706 5820 ΡΑτιιοιη
753 5755 852 5817 CL
933 5761 940 5765 ’

1578 269 1833 326 IIUSICA

1727 4435 1774 4490 D

3221 281 3384 364 ine

1791 379 2024 436 lascivus
2055 399 2068 435 :
2099 383 2181 437 sin
2215 395 2394 439 autem
2438 400 2648 450 senum,
2687 403 2934 443 morosus
2981 391 3084 454 sit,
3127 401 3182 448 et
3224 409 3380 450 seve-

1795 468 2006 522 ritatem
2060 469 2385 538 exprimens.
2434 470 2897 539 Quemadmodum
2968 477 3111 532 enim
3171 493 3380 534 conite-

1794 563 2004 618 diarum
2049 565 2302 635 scriptor,
2354 567 2398 620 si
2455 579 2639 637 partes
2664 568 2880 637 juvenis
2925 571 3065 637 seni,
3120 573 3202 627 vel
3227 574 3383 629 luxu-

1795 656 1922 710 riosi
1973 671 2138 710 avaro
2197 659 2574 726 mandaverit,
2631 662 2836 717 derisui
2898 663 3164 733 subiacet,
3195 668 3384 736 quales

1793 748 1933 817 apud
1949 747 2202 803 Flaccum
2233 750 2346 820 (l3)
2372 751 2594 807 Plautus
2617 762 2670 808 et
2699 755 3008 813 Dorsennus
3031 759 3378 825 inducuntur,

1793 838 1867 891 ita
1904 839 2224 908 reprehendi
2255 849 2432 910 potest
2465 842 2796 911 modulator,
2834 849 2877 900 si
2907 848 2958 902 iu
2988 850 3123 904 tristi
3153 849 3381 906 materia

1794 929 2072 985 salientem
2106 932 2324 986 modum
2353 934 2659 999 adduxerit,
2703 937 2788 992 vel
2845 939 2895 993 in
2949 941 3068 996 lieta
3111 941 3382 1014 lacryma-

1795 1019 1974 1074 bilem.
2005 1019 2404 1078 Provideudum
2429 1041 2559 1090 ergo
2593 1036 2677 1081 est
2707 1029 2936 1106 musico,
2967 1041 3024 1085 ut
3055 1033 3125 1085 ita
3162 1045 3378 1088 cantum

1795 1113 2128 1178 moderetur,
2164 1124 2222 1168 ut
2251 1115 2304 1170 in
2334 1119 2576 1173 adversis
2611 1118 2950 1189 deprimatur
2980 1132 3035 1177 et
3080 1124 3132 1177 in
3163 1141 3378 1195 prospe-

1795 1207 1869 1261 ris
1891 1207 2176 1262 exaltetur.
2229 1207 2340 1264 Iloc
2371 1219 2547 1264 autem
2593 1227 2702 1266 non
2756 1215 2890 1268 adeo
2924 1217 3290 1286 przecipiinus.
3324 1226 3385 1272 ut

1792 1313 2010 1370 semper
2043 1315 2263 1355 necesse
2289 1301 2358 1356 sit
2389 1303 2523 1366 lieri,
2547 1305 2641 1359 sed
2661 1305 2876 1376 quando
2904 1306 2984 1370 lit,
3027 1309 3238 1363 ornatui
3265 1325 3386 1364 esse

1793 1393 2045 1447 dicimus.
2077 1391 2352 1448 llabemns
2385 1404 2561 1450 tamen
2595 1396 2661 1451 de
2703 1397 2810 1462 bis,
2843 1414 2962 1469 qurc
2984 1400 3251 1465 diximus,
3284 1402 3386 1456 ali-

1793 1499 1898 1555 qua
1922 1483 2190 1556 exempla.
2217 1485 2496 1557 Siquidem
2531 1489 2856 1560 Antiphonti:
2895 1492 2946 1546 in
2991 1493 3387 1549 resurrectione

1797 1577 2006 1633 Domini
2059 1579 2449 1635 exultationem
2483 1580 2535 1634 in
2579 1581 2697 1651 ipso
2745 1597 2878 1636 sono
2918 1586 3256 1653 praetendere
3309 1587 3388 1640 vi-

1796 1671 2012 1725 dentur.
2043 1671 2150 1726 Ista
2199 1679 2379 1727 autem
2429 1673 2655 1743 Antiph.
2704 1672 2819 1728 Rea:
2852 1684 3025 1728 autem
3060 1674 3249 1743 David,
3281 1693 3384 1732 non

1797 1772 2002 1816 tanttun
2043 1764 2094 1818 in
2119 1763 2323 1830 verbis,
2355 1764 2446 1820 sed
2483 1765 2648 1820 etiam
2697 1766 2750 1819 in
2791 1775 2952 1820 cantu
2985 1781 3272 1822 mmrorem
3300 1784 3388 1823 so-

1795 1869 1930 1908 nare
1971 1854 2208 1909 videtur.
2273 1853 2379 1909 Sed
2435 1855 2488 1908 in
2532 1853 2847 1910 auctoribus
2876 1858 3245 1926 qurcriinonite
3290 1873 3388 1928 per

1793 1944 2164 2015 hypolydium,
2199 1946 2324 2014 quia
2351 1947 2396 2001 is
2426 1946 2788 2002 miserabilem
2823 1964 3018 2005 sonum
3048 1951 3234 2020 habet,
3279 1953 3388 2009 fre-

1795 2038 2150 2106 quentissime
2175 2037 2552 2093 decantantur.

1865 2125 1997 2180 Illud
2028 2135 2294 2196 praeterea
2334 2129 2511 2186 laudis
2559 2133 2757 2202 cupido
2795 2135 3114 2190 modulatori
3157 2136 3388 2208 iniungi-

1794 2234 1938 2284 mus,
1968 2234 2034 2274 ne
2057 2219 2112 2273 in
2141 2235 2246 2278 una
2264 2235 2458 2276 nenma
2487 2223 2712 2279 nim-ium
2737 2241 2859 2280 eam
2888 2226 3205 2282 iuculcando
3233 2230 3387 2283 ohcr-

1796 2322 1900 2380 ret,
1929 2323 1987 2368 ut
2009 2321 2211 2384 quanta
2245 2327 2410 2382 opera
2463 2315 2672 2383 peritus
2702 2326 2859 2386 poeta
2901 2318 3071 2373 vitare
3106 2321 3387 2375 contendit

1795 2403 1988 2458 vitium
2016 2401 2166 2466 illud,
2199 2401 2341 2472 quod
2377 2400 2548 2456 Graeci
2577 2403 2766 2458 dicunt
2786 2405 3168 2476 ὀμοεώπτωτον,
3199 2407 3251 2461 id
3277 2418 3380 2475 esr,

1795 2495 2055 2550 simi-lium
2084 2509 2350 2558 casuum;
2407 2502 2556 2549 tanto
2596 2496 2719 2550 nisu
2759 2509 3017 2553 cantuum
3053 2503 3386 2570 compositor

1794 2586 2010 2650 vitium,
2043 2585 2184 2654 quod
2211 2583 2349 2654 apud
2399 2586 2636 2641 musicos
2680 2586 3050 2664 iuuiéqﬂoyyw,
3095 2591 3144 2644 id
3171 2601 3277 2656 est,
3309 2593 3386 2646 si-

1796 2676 2003 2730 milium
2041 2691 2297 2730 sonorum
2337 2676 2660 2746 appellatur,
2700 2690 2942 2736 cantare.
2970 2681 3076 2736 Sed
3109 2685 3175 2738 de
3204 2683 3386 2752 priore

1795 2767 1930 2822 vitio
1949 2767 2302 2837 grammatici
2330 2767 2442 2838 (14)
2487 2768 2604 2824 sive
2641 2771 2807 2825 etiam
2843 2773 3130 2828 rhethores
3166 2775 3384 2829 videan-

1799 2867 1906 2911 tur.
1942 2857 2048 2912 Nos
2077 2867 2257 2912 autem
2280 2858 2344 2912 de
2375 2861 2692 2932 posteriori;
2733 2864 2875 2932 quod
2921 2864 3143 2920 musicis
3192 2866 3376 2920 vitan-

1797 2952 1924 3006 dum
1949 2968 2070 3007 esse
2089 2954 2352 3019 diximus,
2373 2955 2680 3024 exemplum
2707 2956 2918 3021 damus,
2949 2967 3008 3012 nt
3036 2959 3138 3013 hoc
3181 2959 3216 3027 ιῆ
3248 2958 3384 3013 Ecce

1798 3045 1948 3097 odor.
1983 3043 2117 3098 Nam
2165 3047 2216 3098 in
2257 3061 2323 3099 eo
2374 3047 2491 3102 loco
2543 3047 2630 3102 ubi
2658 3057 2743 3103 est
2783 3047 3068 3104 :Crescere
3114 3061 3164 3104 le
3221 3050 3385 3120 furiat

1798 3133 1942 3187 Deus
1965 3151 2112 3188 meus
2164 3136 2354 3190 vitiosa
2399 3147 2482 3193 est
2516 3138 2677 3193 unius
2708 3155 2916 3194 neumm
2955 3136 3261 3196 incu'lealio.
3297 3141 3384 3196 Si-

1797 3223 2004 3278 militer‘
2029 3224 2082 3278 in
2117 3224 2156 3294 ri)
2221 3226 2311 3280 illo
2355 3225 2459 3293 Qui
2485 3228 2718 3296 habitat,
2758 3231 2950 3284 vitiosa
2985 3240 3070 3286 est
3101 3233 3258 3288 unius
3289 3249 3386 3302 po-

1796 3316 2112 3372 daticrebra
2143 3320 2483 3388 repercussit)
2509 3319 2560 3374 in
2582 3335 2646 3374 eo
2663 3321 2781 3377 loco
2813 3341 2824 3376 :
2851 3333 2898 3376 et
2912 3323 3170 3392 refugium
3190 3341 3382 3380 meum.

1796 3407 1852 3462 Si
1892 3417 2071 3464 autem
2118 3410 2384 3465 interdum
2425 3411 2618 3483 aliqua:
2653 3411 2908 3469 decentes
2964 3431 3175 3472 neumzc
3213 3417 3384 3474 semel

1795 3508 2129 3568 repetantur,
2161 3516 2266 3555 non
2303 3501 2696 3573 vituperamus,
2739 3515 2797 3558 ut
2819 3505 2871 3559 iu
2899 3505 3003 3560 line
3035 3507 3069 3575 ii
3125 3507 3230 3573 Qui
3261 3526 3382 3564 cum

1796 3591 2093 3655 audissent,
2129 3590 2220 3644 ubi
2253 3600 2357 3655 est,
2405 3592 2682 3648 laudantes
2728 3593 3064 3649 Clementiam
3088 3610 3107 3647 :
3142 3597 3384 3666 itemque

1796 3682 1850 3736 in
1886 3682 1993 3736 line
2045 3683 2080 3752 ἢ
2133 3681 2253 3738 Sint
2297 3681 2458 3737 lumbi
2502 3687 2678 3751 vestri,
2739 3686 2831 3740 tibi
2889 3695 3003 3749 cst,
3073 3704 3105 3741 a
3159 3690 3375 3758 nuptiis.

1797 3773 2089 3829 Sciendum
2145 3784 2352 3842 autem,
2403 3778 2546 3846 quod
2587 3777 2642 3832 in
2691 3778 3079 3848 principalibus
3118 3781 3189 3835 ad
3221 3781 3381 3836 linem

1794 3878 2013 3926 cantum
2053 3870 2312 3942 paulatim
2349 3873 2547 3929 dueere
2577 3872 2694 3928 laus
2734 3884 2854 3929 est:
2889 3875 2941 3928 in
2967 3874 3384 3931 Collatcralibus

1793 3975 1926 4017 vero
1954 3965 2021 4018 ad
2048 3963 2208 4020 linem
2229 3975 2455 4021 cantum
2489 3967 2823 4036 praecipitare
2846 3967 3020 4022 decet.

2008 4077 2151 4131 XIX.
2183 4077 2314 4144 Qua:
2341 4080 2409 4134 sit
2438 4079 2634 4149 optima
2654 4079 2962 4156 modulandi
2991 4079 3184 4149 forma.

1867 4190 2084 4264 Optima
2121 4202 2304 4247 autem
2337 4193 2646 4249 modulandi
2683 4193 2856 4248 forma
2903 4195 3020 4250 haec
3069 4205 3176 4260 est,
3207 4195 3251 4249 si
3309 4195 3378 4249 ibi

1794 4293 1991 4338 cantus
2035 4282 2413 4352 pausationem
2457 4283 2634 4338 linalis
2667 4284 2882 4354 recipit,
2913 4283 3002 4337 tibi
3031 4298 3223 4340 sensus
3260 4299 3384 4339 ver-

1799 4376 1990 4430 borum
2019 4377 2424 4434 distinetiouem
2471 4375 2617 4431 facit.
2645 4375 2799 4443 Quod
2839 4376 3185 4430 considerare
3221 4385 3378 4446 potes

1801 4467 1853 4520 in
1893 4468 1995 4522 hac
2043 4467 2268 4537 Autiph.
2314 4467 2446 4522 Cum
2505 4477 2637 4522 esset
2681 4470 3014 4537 desponsata.
3046 4466 3158 4521 lloc
3187 4475 3368 4520 autem

1798 4571 2126 4630 prmceptum
2176 4577 2283 4617 non
2336 4563 2472 4617 bene
2517 4561 2772 4630 inspexit,
2806 4561 2896 4630 qui
2938 4559 3236 4615 versiculos
3263 4559 3382 4613 illos

1801 4652 2108 4707 modulatus
2132 4663 2234 4717 est,
2276 4667 2506 4723 quorum
2533 4653 2743 4706 inititun
2778 4663 2863 4706 est
2909 4670 2923 4706 :
2969 4651 3142 4705 Homo
3163 4651 3384 4720 quidam

1801 4755 1912 4798 erat
1949 4745 2087 4799 diues
2123 4763 2142 4800 :
2176 4763 2300 4800 nam
2351 4747 2452 4800 iste
2487 4747 2629 4800 idem
2673 4745 2971 4800 versiculus
3015 4760 3278 4813 nusquam
3330 4743 3381 4795 iu

1783 4844 1948 4890 'recta
1973 4836 2320 4894 distinctione
2334 4838 2550 4893 linalem
2564 4837 2964 4908 rontiugit.Setl
2984 4837 3150 4892 ethoc
3167 4837 3383 4889 harmo—

1802 4928 1948 4982 niam
1980 4944 2084 4984 non
2113 4930 2392 4985 minimum
2422 4940 2673 4992 exornat,
2699 4930 2743 4984 si
2775 4931 2826 4983 in
2863 4930 3112 4983 cantibus
3147 4927 3383 4995 discipu-

1788 5019 1974 5076 lorum
2030 5023 2084 5078 id
2132 5023 2483 5092 observetur,
2547 5033 2606 5078 ut
2656 5023 2868 5077 finalem
2923 5036 3064 5090 saepe
3115 5029 3380 5086 repetant,

1803 5113 2060 5183 circaque
2085 5114 2170 5168 illa
2216 5127 2516 5182 versentur,
2550 5126 2604 5171 et
2635 5117 2688 5170 in
2720 5125 2914 5184 quarta
2948 5113 3226 5167 rarissime
3250 5126 3383 5179 pau-

1803 5213 1946 5270 sent,
1980 5207 2030 5260 iu
2055 5206 2240 5276 quinta
2269 5223 2398 5262 vero
2429 5207 2575 5264 nullo
2605 5208 2782 5263 modo.
2815 5206 2920 5260 Seu
2971 5216 3024 5259 et
3065 5204 3108 5258 si
3137 5203 3382 5272 quintam

1805 5296 2096 5366 aliquando
2128 5300 2493 5368 contigerint,
2533 5299 2725 5368 raptim
2765 5307 2822 5351 et
2848 5297 3002 5367 quasi
3042 5293 3384 5349 formidanda

1804 5405 1922 5444 eam
1967 5392 2343 5462 contingentes
2379 5402 2732 5462 properanter
2769 5398 3082 5452 recurrant,
3115 5388 3251 5441 utin
3285 5388 3386 5440 hac

1802 5482 2027 5553 Antiph.
2061 5485 2148 5536 Ait
2177 5483 2385 5539 Petrus.
2431 5482 2484 5538 in
2512 5483 2763 5539 cantibus
2793 5495 2972 5538 autem
2999 5482 3380 5554 magistrorum

1875 5637 1989 5709 (14)
2030 5639 2119 5694 Uti
2147 5641 2536 5702 Qemmsaus
2584 5679 2600 5696 .
2634 5655 2709 5708 ιι,
2741 5658 2790 5697 c.
2819 5643 2874 5696 5.

2819 5755 2897 5820 45
