3862 6312
521 325 660 382 1419

1918 314 1964 369 J.
2004 315 2342 370 (JO'I'TUNIS

3597 328 3693 392 H20

520 439 577 494 id
602 439 993 510 providendum
1021 446 1124 498 est,
1165 446 1223 490 ιιι
1253 436 1302 489 in
1337 434 1512 489 acutis
1537 433 1771 489 maxime
1796 443 2099 500 versentur,
2139 443 2181 499 Α
2214 448 2307 487 eos
2340 450 2367 486 a
2406 433 2549 488 ﬁnali
2576 434 2768 490 crebro
2790 448 2883 505 per
2908 433 3162 503 diapente
3185 433 3372 502 deponi
3403 445 3451 490 et
3475 441 3692 502 cleVariJn

515 543 571 588 et
602 542 884 602 postquam
916 533 966 585 in
1003 532 1190 600 quinta
1225 545 1252 582 a
1288 527 1430 582 ﬁnali
1481 528 1562 582 bis
1590 527 1672 580 vel
1721 538 1802 582 ter
1831 543 2095 596 pausare-

515 623 657 685 rint,
709 621 923 676 ﬁnalem
983 620 1294 690 requirant,
1339 633 1635 687 rursusque
1674 617 1738 672 ad
1788 616 2096 685 superiores

516 711 823 766 festinando
870 725 926 763 se
977 710 1336 773 transferant;
1375 708 1501 776 quia
1533 708 1673 761 sicut
1729 705 2089 775 subjugalium

510 811 592 857 est
628 803 861 855 maxime
893 802 1232 869 iugravibus,
1265 801 1337 853 ita
1362 801 1750 854 authentorum
1779 797 2014 851 maxime
2040 796 2091 849 in

511 893 685 945 acutis
733 892 1064 945 cnuversari.
1095 889 1266 960 Hujus
1302 906 1428 944 vero
1480 889 1728 958 prmccpti
1783 887 2091 959 exemplum

512 982 680 1036 hach
720 981 769 1034 in
812 982 912 1035 hac
940 981 1159 1050 Antiph.
1214 980 1519 1034 Muneribus
1565 980 1726 1031 datis.
1780 975 2092 1033 Observan-

511 1071 635 1125 dum
669 1073 832 1126 ctiam
863 1073 928 1127 de
957 1074 1226 1142 diapente,
1254 1074 1385 1126 utin
1415 1071 1640 1126 mclodia
1669 1070 2028 1141 subjugalium
2062 1086 2092 1124 a

509 1160 653 1216 ﬁnali
700 1180 974 1233 nunquam
1033 1165 1100 1219 ad
1155 1165 1460 1233 superiores
1509 1163 1695 1228 saliat;
1758 1162 2091 1218 diatessaron

508 1268 639 1308 vero
670 1270 830 1324 supra
860 1266 912 1308 et
944 1254 1080 1308 infra
1111 1255 1278 1310 libere
1307 1256 1418 1309 ﬁat.
1450 1255 1638 1322 Quarti
1681 1263 1858 1309 tamen
1901 1264 2092 1309 cantus

507 1360 606 1415 per
660 1348 913 1416 diapente
968 1349 1360 1418 competentior
1402 1363 1561 1416 quam
1609 1362 1704 1416 per
1751 1345 2090 1400 diatessaron

509 1438 762 1500 cadit,ct
814 1441 1065 1509 resurgit.
1127 1439 1236 1493 Nec
1291 1439 1513 1502 mirum,
1570 1453 1691 1492 cum
1739 1446 1792 1493 et.
1843 1437 2090 1505 magistri

508 1527 666 1596 huius
693 1531 978 1585 harmonia
1034 1533 1232 1602 scepius
1267 1541 1321 1587 et
1358 1531 1552 1586 melius
1597 1531 1662 1584 ad
1693 1538 1900 1585 sextam
1930 1545 2091 1599 quam

506 1617 574 1670 ad
619 1620 860 1688 quintam
917 1621 1232 1676 intendatur
1286 1629 1340 1676 et
1397 1620 1727 1675 remittatur.
1787 1617 2092 1674 Notandum

505 1701 738 1779 quoque,
762 1713 903 1780 quod
928 1713 978 1767 in
1005 1714 1254 1769 cantibus
1279 1715 1660 1769 authentorum
1677 1712 1970 1782 plurimum
2000 1712 2091 1778 sit,

1657 2223 1955 2441 vr”
2019 2248 2057 2293 ³
2155 2183 2167 2338 ¹
2248 2202 2306 2342 ξ
2368 2244 2412 2352 ξ
2462 2269 2610 2407 /.

1516 2404 1660 2539 \Q’
1806 2440 1976 2526 θύμω
2028 2433 2153 2474 om
2244 2426 2340 2479 0.1;,-
2338 2451 2368 2490 ,ι
2477 2513 2512 2552 9
2601 2400 2819 2586 agy/

1480 2509 1535 2561 αλ
1635 2521 1789 2654 θὶς)
2503 2533 2625 2651 φθῗφ
2869 2607 2906 2644 ὁ

1363 2596 1487 2674 \
1564 2636 1644 2721 ὕφ’
2812 2644 2848 2683 εδ

1291 2698 1404 2844 αξξ
1473 2684 1938 2996 §\
2697 2722 2787 2841 ἓν
2893 2710 3048 2884 63/

1202 2914 1358 2946 χ
1420 2863 1500 3033 3.”
1983 2965 2038 3015 \
2074 2921 2116 2963 tt
2161 2903 2175 2972 Ι
2220 2923 2347 3022 νηί
2427 2886 2889 3031 //%
2963 2940 3029 3042 ,ἰ

1205 3017 1312 3060 -ΣΓ
1417 3041 1453 3068 η
1946 3019 2001 3089 5
2350 3042 2387 3078 ι.
2807 3034 2860 3088 ξ,

1409 3069 1452 3226 Ξ
1913 2981 2412 3320 ;@_
2446 3092 2921 3164 _______:..
2946 3128 3099 3142 ...-

1244 3209 1297 3249 ⁸⁵⁵
1377 3227 1877 3322 /
1937 3205 1979 3264 ’9
2335 3205 2388 3268 Ξ
2814 3203 2858 3294 ἓ
2997 3226 3051 3264 an

1208 3331 1354 3429 κζ
1422 3261 1501 3429 ἒ
1973 3293 2140 3397 /”M
2183 3336 2193 3405 Ι
2251 3279 2343 3359 ‘\
2423 3261 3060 3442 \Q‘I;

1293 3443 1371 3551 ἀὲ
1475 3350 1952 3644 ῗοῢήβ
2864 3497 2964 3571 eo

2930 3567 2970 3600 ιν

1306 3545 1448 3687 /o
1558 3583 1614 3673 Io
1630 3639 1737 3739 »ἠδ
2535 3643 2644 3744 “se
2747 3605 2894 3783 \Q

1564 3792 1617 3848 ζ’
1769 3732 1936 3847 libere
2257 3813 2268 3824 -
2346 3795 2406 3843 re
2704 3765 2742 3816 ‘

2014 3833 2135 3879 raro
2237 3810 2346 3868 hbe
2652 3831 2687 3867 ιδ

565 4532 1114 4587 Animadvertendum
1147 4539 1406 4604 prazterea
1432 4571 1448 4596 ,
1495 4533 1639 4602 quod
1681 4532 1976 4587 maximam
2027 4533 2081 4588 in
2119 4515 2161 4568 Β

497 4630 658 4679 cantu
697 4621 1086 4692 iucunditatem
1137 4621 1343 4677 faciunt
1391 4622 1508 4677 istae
1542 4622 1669 4677 duae
1713 4622 2089 4678 consonantiae

497 4713 834 4768 diatessaron
879 4725 934 4769 et
990 4715 1280 4784 diapente,
1339 4713 1382 4768 si
1434 4714 1822 4769 convenienter
1870 4714 1921 4768 in
1977 4713 2090 4768 suis

496 4804 629 4862 locis
645 4806 1019 4876 disponantur;
1043 4807 1324 4875 pulchrum
1355 4821 1590 4875 namque
1615 4822 1807 4862 sonum
1833 4807 2082 4873 reddunt,

497 4900 541 4954 si
605 4901 828 4955 remissa
870 4899 1214 4969 aliquotiens,
1265 4900 1450 4954 statim
1497 4899 1552 4952 in
1610 4899 1814 4954 eisdem
1863 4898 2088 4954 vocibus

497 4991 808 5055 elevantur;
837 4990 1289 5060 quemadmodum
1307 4989 1517 5059 patetin
1549 4989 1757 5060 antiph.
1780 4987 1896 5044 Vox
1913 4990 2077 5044 exuli.

497 5083 882 5138 Verumtamen
897 5085 1230 5138 diatessaron
1261 5085 1429 5138 multo
1461 5081 1756 5137 dulciorem
1789 5080 2081 5136 melodiam

495 5176 648 5239 facit,
675 5184 728 5229 et
749 5175 1050 5229 maximein
1067 5176 1333 5229 autheuto
1365 5174 1607 5239 deutero,
1639 5173 1682 5227 si
1703 5173 1968 5228 interdum
2000 5181 2082 5228 ter

494 5266 577 5319 vel
627 5274 839 5335 quater,
889 5265 976 5320 vel
1019 5280 1084 5319 eo
1125 5265 1358 5333 amplius
1416 5265 1563 5320 varie
1627 5265 2075 5335 repercutiatur:

493 5356 707 5411 sicutin
729 5356 844 5411 ﬁne
883 5353 1042 5423 hujus
1067 5355 1373 5425 antiphonaa
1403 5373 1416 5409 :
1449 5354 1492 5408 0
1539 5355 1823 5424 gloriosum
1877 5353 2074 5408 lumen.

494 5447 634 5503 bene
657 5448 1022 5505 consideranti
1045 5447 1212 5518 liquet
1239 5446 1342 5503 hoc
1370 5445 1530 5502 modo
1557 5445 1668 5518 (15)
1697 5459 1712 5498 :

732 5536 874 5601 Quos
901 5537 1064 5604 fecisti
1093 5537 1323 5592 veritatis
1339 5537 1511 5591 lumen
1537 5550 1836 5605 agnoscere.

566 5626 696 5680 item
724 5625 964 5693 plllt'l'lllll
999 5635 1098 5687 est,
1148 5627 1192 5681 si
1240 5642 1338 5695 per
1388 5641 1525 5696 quas
1554 5632 1712 5678 notas
1757 5636 1949 5678 neuma
1979 5622 2077 5678 dc-

570 5832 680 5904 (159
722 5833 926 5889 Desunt
951 5841 1091 5890 nota:
1125 5836 1366 5892 mus-iac.

2201 527 2360 579 tertio
2392 526 2441 579 id
2472 526 2849 581 ineoncinnius
2877 535 2980 592 est,
3006 527 3100 579 sed
3131 527 3182 580 in
3235 528 3415 596 quinto
3454 530 3695 594 decentissi.

2201 631 2368 670 mum.
2416 615 2470 670 in
2526 633 2634 687 quo
2684 627 2737 672 et
2792 619 2895 673 hoc
2942 620 3154 673 ornatui
3201 627 3305 683 est,
3363 621 3403 675 si
3460 624 3696 699 plerumque

2197 716 2390 761 cantus
2447 707 2566 777 ejus
2620 707 2819 762 aﬁnali
2870 723 2967 778 per
3016 708 3284 774 ditonum,
3311 719 3364 763 et
3389 715 3694 775 semidilonum

2197 809 2407 868 surgat,
2468 810 2525 854 ut
2579 810 2730 870 patet
2775 801 2827 854 in
2879 805 3002 856 Ant.
3042 801 3400 870 Paganorum.
3442 803 3536 860 Hoc
3569 820 3694 866 autem

2196 902 2523 962 przeceptum
2564 893 2628 946 de
2671 894 2919 962 utrisque
2971 893 3212 946 breviter
3241 893 3446 957 damus,
3473 906 3519 948 ut
3559 911 3696 954 cantus

2196 984 2558 1055 subjugalium
2613 993 2668 1040 et
2725 984 2862 1039 infra
2898 985 3114 1038 ﬁnalem
3147 994 3201 1038 et
3231 1000 3387 1053 supra
3417 988 3695 1056 quintamra-

2196 1075 2410 1131 rissime
2430 1077 2709 1147 contingat
2733 1095 2744 1129 :
2771 1075 2908 1130 inira
2945 1083 3165 1147 pr0pter
3186 1076 3401 1130 nimiam
3421 1080 3696 1148 gravitatem,

2197 1182 2358 1236 supra
2383 1179 2604 1238 propter
2649 1169 2871 1222 nimiam
2921 1170 3299 1232 sonoritatem,
3329 1184 3390 1222 ne
3406 1171 3616 1226 authento
3639 1177 3698 1227 tri-

2196 1259 2412 1314 buatur.
2442 1259 2647 1315 Cantus
2680 1276 2806 1315 vero
2835 1259 3235 1330 principalium,
3283 1260 3326 1314 si
3358 1275 3453 1314 non
3480 1262 3536 1315 sit
3557 1266 3696 1332 quinti,

2197 1352 2262 1405 ad
2317 1353 2619 1421 proximam
2663 1352 2808 1406 ﬁnaii
2849 1352 3158 1422 deponatur
3195 1350 3302 1404 :ad
3331 1360 3546 1406 octavam
3571 1365 3697 1409 autem

2199 1451 2307 1496 tam
2335 1443 2556 1513 quintus
2602 1459 2766 1513 quam
2823 1442 2911 1497 alii
2960 1441 3288 1512 principales
3317 1451 3538 1510 potenter
3565 1459 3697 1497 ascen-

2195 1534 2345 1599 dant,
2382 1536 2476 1589 sed
2501 1550 2698 1590 nonam
2729 1536 2812 1591 vel
2842 1536 3108 1591 decimam
3137 1535 3414 1590 rarissime
3439 1538 3695 1607 contingant;

2195 1627 2338 1696 quod
2367 1636 2420 1683 te
2448 1628 2562 1684 haec
2592 1629 2761 1700 ﬁgura
2784 1628 3082 1685 luculenter
3117 1629 3334 1684 edocet.

2654 2317 2746 2384 \

2654 2451 2712 2502 ιν

2462 2269 2654 2455 0.

2557 2569 2625 2651 99

2197 4556 2449 4618 scentlat,
2504 4569 2602 4624 per
2673 4558 2890 4612 easdem
2948 4556 3134 4612 statim
3200 4555 3494 4622 ascendat,
3534 4565 3584 4610 ut
3616 4553 3718 4610 hic:

2193 4644 2393 4760 31‘:qu
2414 4659 2615 4762 ﬁdicina
2666 4709 2995 4764 revelatioue.
3048 4709 3179 4765 Item
3249 4710 3651 4766 decentissimus
3684 4708 3720 4759 in

2190 4807 2353 4853 cantu
2398 4815 2564 4854 sonus
2605 4809 2710 4862 est,
2757 4802 2799 4854 si
2832 4802 3171 4856 diatessaron
3206 4802 3481 4858 interdum
3508 4804 3571 4856 ita
3592 4799 3722 4854 varie-

2189 4899 2296 4956 tur,
2330 4900 2389 4945 ut
2416 4891 2772 4947 scmiditonus
2796 4892 2877 4946 vel
2909 4893 3121 4948 ditonus
3150 4908 3293 4948 nunc
3320 4894 3600 4962 praecedat,
3620 4902 3720 4944 nunc

2187 4991 2568 5060 subsequatur,
2601 5001 2660 5046 ut
2691 4994 2792 5048 hoc
2814 4993 3063 5063 exemplo
3090 4990 3444 5047 manifestum
3479 4995 3588 5041 est:

2258 5082 2430 5138 Ilodie
2466 5101 2645 5152 proces
2716 5113 2744 5126 -
2815 5114 2839 5124 -
2911 5085 3068 5138 sitad
3094 5094 3287 5137 ortum.

2187 5164 2321 5218 Sunt
2351 5174 2401 5218 ct
2435 5165 2552 5220 alite
2586 5165 2896 5220 modulandi
2922 5166 3130 5235 species
3157 5160 3568 5234 quamplurima:
3606 5166 3723 5222 egre-

2183 5256 2303 5326 giaa,
2340 5271 2479 5326 quas
2509 5273 2719 5326 omnes,
2747 5273 2814 5312 ne
2853 5259 3065 5312 taedium
3123 5257 3302 5326 potius
3360 5267 3521 5322 quam
3571 5244 3724 5301 doctri-

2184 5363 2311 5402 nam
2359 5347 2656 5404 lectoribus
2704 5351 3038 5420 ingeramus,
3074 5361 3337 5404 enarrare
3387 5354 3493 5400 non
3542 5343 3720 5410 oportet

2184 5437 2387 5494 Cantus
2417 5449 2600 5495 autem
2633 5439 2940 5509 huiusmodi
2995 5439 3188 5495 musici
3222 5446 3511 5494 accuratos
3555 5436 3720 5486 vocant,

2183 5530 2326 5598 quod
2372 5530 2424 5585 in
2466 5547 2655 5587 eorum
2705 5532 3092 5604 compositione
3118 5545 3248 5586 cura
3283 5529 3620 5583 adhibeatur.
3646 5518 3724 5572 llos

2182 5621 2346 5676 ctiam
2400 5622 2657 5679 metricos
2703 5638 2803 5690 per
2853 5622 3260 5678 similitudinem
3300 5617 3594 5688 appellant,
3619 5605 3722 5675 Φιοά
