3836 6320
152 389 266 445 1121

147 589 489 649 Ambrosiani.

180 683 285 739 XX.
326 679 564 748 Qualiter
587 696 679 750 per
704 678 905 734 vocales
946 688 1131 732 cantus
1154 685 1374 747 possunt
1399 674 1659 745 componi.

130 782 136 796 ‘
205 775 385 830 Adhuc
436 781 493 827 et
548 770 709 827 aliam
768 769 1078 827 modulandi
1136 778 1501 824 monstramus
1536 766 1697 833 viam

144 866 404 938 pulchram
440 878 592 930 sane,
644 863 737 918 sed
800 872 927 917 ante
991 860 1293 917 Guidonem
1364 858 1699 914 inusitatam.

144 955 377 1027 Inprimis
435 954 491 1010 in
552 952 708 1023 cujus
761 952 871 1009 toni
925 961 1145 1007 cantum
1193 942 1514 1020 componere
1570 947 1704 1002 velis

144 1061 302 1105 tecum
350 1049 624 1103 destinato
661 1065 674 1102 :
706 1055 761 1102 et
810 1047 1050 1117 quinque
1096 1045 1247 1099 tonis
1300 1058 1423 1098 cum
1480 1040 1701 1095 totidem

141 1140 399 1196 vocalibus
422 1154 524 1209 per
571 1138 818 1195 ordinem
869 1137 1256 1209 suprascriptis
1291 1135 1488 1190 collato
1533 1131 1587 1187 in
1623 1140 1705 1186 ta-

142 1231 288 1296 bulis,
339 1240 393 1285 et
449 1230 745 1285 secundum
797 1230 942 1300 quod
1002 1235 1053 1283 te
1096 1226 1431 1297 singularum
1489 1221 1704 1277 vocales

141 1324 378 1379 duxerint
424 1322 800 1394 syllabarum,
858 1320 1105 1377 canendo
1154 1320 1259 1375 rite
1328 1318 1551 1374 incedas
1598 1317 1706 1371 hoc

140 1414 284 1473 modo
311 1432 327 1469 :

1628 370 1900 429 MUSICA.

149 515 283 558 more
315 505 603 553 metrorum
639 494 804 550 certis
831 493 1042 565 legibus
1088 492 1466 557 dimetiantur,
1495 500 1554 544 ut
1578 499 1702 545 sunt
1734 488 1778 542 Δ

1851 694 1893 753 ὶτ

1850 1275 1892 1332 F

3109 520 3161 558 tu
3286 524 3315 560 u

2302 622 2361 657 τυ
3173 616 3237 656 OS
3286 615 3318 653 0

2141 704 2182 754 ri
2263 704 2303 752 ri
2383 701 2447 752 lis
2663 709 2693 752 Ιι
3300 694 3314 748 i

1920 774 3239 850 W‘
3288 806 3318 843 e

1993 895 2074 947 Ma
2152 909 2180 945 a
2470 908 2552 944 nia
2754 910 2808 944 ra

1928 1083 2071 1159 ‘Sup
2722 1058 3337 1134 *ἶ

2751 1192 2783 1230 0
2999 1191 3033 1229 0
3291 1189 3323 1226 0

1938 1261 2169 1344 ""pli
2319 1275 2369 1327 in
2693 1274 2727 1325 ιε
2948 1254 3042 1323 ii‘
3214 1256 3219 1265 '
3307 1266 3319 1319 i

2173 1383 2264 1417 ('th
2372 1380 2463 1417 ('t‘S
3150 1378 3213 1409 ειν
3293 1370 3322 1409 e

199 1599 324 1655 Item
356 1599 589 1658 alterius
620 1599 763 1656 modi
799 1614 898 1670 per
930 1597 1158 1655 eandem
1204 1595 1446 1669 regulam
1483 1594 1527 1649 F
1563 1593 1608 1650 G
1644 1593 1689 1648 A
1722 1580 1771 1685 ﬁ
1806 1607 1858 1648 c.

202 1730 3378 1758 Μ

190 1826 3252 1853 W

192 2112 3245 2138 Μ

1561 1770 1647 1811 tus
2002 1771 2096 1808 sus
3265 1760 3272 1821 ι
3301 1766 3333 1803 tt
3358 1752 3368 1821 ᾖ

1830 1861 1933 1903 tros
2905 1848 2930 1856 "
3098 1923 3199 1924 77777
3263 1848 3328 1924 |o

1611 1948 1683 2000 mi

2434 1946 2442 1954 α
3303 1939 3314 1950 I

2397 1960 2443 1997 tfl
3262 1939 3270 2023 Ι
3302 1955 3317 1992 ι

133 2042 173 2097 F
372 2066 472 2104 cer
775 2058 887 2104 stes
958 2047 1037 2102 De
1406 2058 1474 2097 ne
1549 2057 1613 2112 ge
1830 2060 1831 2063 η
2443 2053 2534 2107 pe.
2570 2047 2625 2088 et
3260 2042 3327 2112 le

298 2143 365 2198 Sa
460 2202 461 2205 γ
536 2218 561 2219 ί
583 2143 667 2219 Au
1095 2141 3350 2219 itar______‘__________li‘.

395 2330 491 2381 dul

1830 2302 3349 2381 Ἵῤ--ᾐτ-Γῖῑ

3303 2431 3335 2469 0

282 2521 385 2574 ηἰη
470 2512 569 2513 7i
677 2512 827 2573 tibi
933 2521 1004 2572 im
1964 2515 2013 2576 ei
2164 2513 2200 2564 ti
3266 2512 3322 2576 Ii

136 2610 175 2667 ἲ
537 2625 638 2679 gen
1033 2623 1100 2674 pe
1315 2622 1531 2675 semper
2380 2610 2433 2654 te
3262 2610 3275 2679 ι
3303 2622 3334 2660 ε

683 2717 770 2757 am
962 2698 975 2699 ί
1107 2712 1188 2755 tra
1218 2698 1317 2699 7’
1342 2698 1361 2699 ί
1794 2698 1860 2751 ila
2007 2707 2099 2751 tan
3263 2698 3274 2757 Ι
3302 2717 3332 2753 a

186 2768 3352 2796 ,_________________________—_—__

127 2855 373 2923 Quoniam
404 2865 590 2912 autem
616 2856 742 2925 ista,
769 2873 932 2930 quam
959 2859 1229 2926 dedimus,
1259 2825 1581 2916 modulandi
1608 2874 1699 2913 re-
1729 2843 1776 2902 Β

128 2948 453 3018 ευισηιίηιιε
491 2950 681 3005 stricta
732 2951 1023 3017 videretur,
1061 2952 1297 3023 qualiter
1324 2951 1583 3007 laxiorem
1614 2958 1700 3005 at-

122 3052 223 3106 que
250 3039 560 3096 liberiorem
594 3042 949 3112 componendi
994 3043 1138 3098 viam
1172 3053 1227 3098 tu
1274 3044 1451 3114 possis
1485 3055 1702 3114 parare,

126 3130 481 3187 edocebimus.
514 3132 749 3203 Dispone
775 3148 890 3200 sex,
916 3134 1001 3190 vel
1028 3143 1174 3201 octo,
1197 3135 1280 3190 vel
1308 3135 1471 3191 etiam
1498 3135 1701 3206 plures,

124 3219 166 3273 si
195 3220 371 3287 libeat,
398 3237 500 3292 per
523 3222 767 3279 ordinem
800 3234 986 3292 notas,
1016 3225 1203 3295 eisque
1226 3226 1444 3282 vocales
1477 3224 1705 3295 duplici-

1806 2859 1917 2928 (17)
1954 2858 2189 2913 Nuntius
2227 2856 2366 2911 celso
2419 2857 2625 2912 ueniens
2659 2828 2867 2927 olympo
2893 2865 2943 2911 te
2971 2858 3241 2928 petrinum
3272 2876 3393 2932 mag

1801 2950 1942 3006 Fore
1971 2952 2296 3005 nasciturum
2324 2965 2508 3003 nomen
2533 2958 2584 3004 et
2613 2950 2929 3021 uittejeriem
2948 2952 3191 3020 gerenda
3212 2952 3393 3009 ordine

3077 3043 3101 3116 ί
3103 3045 3323 3113 promis.

1800 3135 2029 3193 Possem
2057 3145 2236 3194 tamen
2264 3134 2477 3193 vocales
2500 3134 2593 3190 tali
2617 3135 2775 3190 modo
2803 3134 2967 3190 etiam
2997 3136 3280 3206 triplicari,
3312 3138 3394 3193 vel

1804 3225 2232 3297 quadruplicari,
2261 3226 2366 3281 nisi
2393 3224 2536 3296 quod
2567 3232 2698 3283 tunc
2727 3223 2894 3293 nimia
2925 3224 3169 3282 confusio
3200 3227 3394 3283 modu-

127 3320 203 3364 ter
227 3312 529 3379 adscribas,
560 3313 633 3367 ita
675 3314 907 3382 scilicet,
942 3324 1001 3369 ut
1046 3314 1338 3387 unicuique
1384 3323 1523 3371 nota:
1570 3315 1706 3371 duas
1803 3317 1948 3373 laudi
1977 3319 2289 3374 obsisteret.
2319 3318 2451 3373 Cum
2496 3316 2702 3386 itaque,
2732 3323 2790 3368 ut
2813 3324 3088 3370 ostensum
3118 3325 3222 3384 est,
3266 3333 3394 3373 can-

122 3402 350 3459 terialim
379 3405 653 3461 attribuas
680 3407 782 3462 hoc
812 3409 971 3463 modo
1017 3406 1130 3479 (16)
1158 3421 1175 3461 :

474 3499 1211 3555 iouaeiou

471 3590 1267 3649 FGabcd.ef~

471 3699 1213 3741 00861003

193 3793 299 3852 Vox
324 3797 608 3854 clamantis
630 3800 684 3853 in
711 3800 937 3865 deserto,
963 3808 1145 3867 parate
1172 3799 1307 3854 riam
1340 3797 1563 3854 Domino
1580 3840 1596 3867 ,
1696 3804 1697 3807 “

188 3887 370 3945 Rectus
400 3890 565 3961 facile
592 3891 805 3945 semitas
834 3890 928 3945 Dei
958 3891 1142 3945 nostri.

187 3978 315 4036 Vide
354 3992 563 4050 autem,
595 3999 664 4039 ne
710 3993 764 4038 te
820 3982 955 4047 ista,
988 3997 1153 4052 quam
1197 3981 1581 4052 prmmisimus,
1610 3997 1706 4038 vo-

118 4070 306 4127 calium
338 4074 628 4144 dispositio
656 4073 723 4127 ad
756 4075 858 4129 hoc
884 4073 1137 4138 inducat,
1164 4083 1222 4129 ut
1241 4090 1335 4130 eas
1362 4090 1578 4145 semper
1612 4091 1705 4130 ne—

114 4165 348 4221 cessario
391 4166 470 4221 ita
522 4166 888 4235 disponendas
957 4167 1233 4222 existimes
1288 4185 1301 4221 :

115 4254 410 4321 pictoribus
441 4266 603 4326 atque
648 4257 823 4327 poetis
852 4257 980 4312 licet
1021 4256 1259 4326 incipere
1293 4257 1436 4328 quod
1482 4257 1699 4324 volunt;

1367 4168 1510 4222 sicut
1556 4167 1699 4221 enim
1728 4199 1776 4262 ο

1780 3418 1893 3464 οιυε
1922 3425 2020 3479 per
2043 3409 2255 3466 vocales
2283 3416 2659 3479 componatur,
2704 3406 2886 3474 sitque
2920 3406 3268 3461 manifestum
3286 3448 3302 3473 ,
3327 3423 3394 3464 ex

1804 3501 2080 3557 vocalibus
2105 3510 2384 3565 constare,
2408 3513 2745 3569 quaecunque
2774 3498 3044 3562 dicuntur,
3092 3499 3394 3557 rectissime

1805 3592 1878 3647 ait
1906 3592 2101 3659 Guido,
2128 3594 2272 3664 quod
2296 3592 2362 3647 ad
2400 3599 2623 3646 cantum
2652 3591 2929 3663 redigatur
2953 3606 3113 3646 omne
3144 3593 3286 3661 quod
3313 3593 3388 3648 di-

1805 3686 1968 3741 citur.

1839 3794 1981 3852 XXI.
2037 3794 2178 3862 Quid
2217 3794 2462 3851 utilitatis
2487 3795 2734 3879 .nlfernnt
2788 3808 2992 3849 neuma:
3044 3812 3080 3850 α
3116 3793 3355 3852 Guidone

2480 3875 2726 3920 inuenta.

1877 3962 1955 4020 Ne
2007 3963 2146 4019 forte
2198 3978 2331 4019 vero
2384 3970 2601 4018 moveat
2649 3961 2931 4029 lectorem,
2962 3963 3106 4033 quod
3140 3962 3193 4018 in
3218 3963 3398 4035 primo

1806 4056 2043 4126 capitulo
2070 4056 2122 4116 ei
2171 4055 2524 4126 injunximus,
2557 4062 2618 4108 ut
2657 4062 2884 4121 cantare
2918 4068 3014 4125 per
3042 4055 3280 4109 musicas
3306 4070 3397 4110 as-

1809 4144 2083 4203 suesceret
2111 4161 2357 4210 neumas,
2398 4153 2453 4201 et
2480 4146 2546 4200 de
2575 4145 2654 4199 eis
2685 4153 2924 4201 tractare
2964 4145 3244 4214 hucusque
3281 4144 3396 4200 dis-

1807 4240 2054 4299 tulimus;
2095 4238 2341 4293 attendat
2368 4237 2510 4306 quod
2556 4251 2663 4292 non
2709 4237 2807 4291 abs
2858 4252 2918 4291 re
2970 4235 3241 4293 fecimus:
3291 4239 3395 4299 nisi

115 4346 189 4401 sic
229 4348 488 4403 nimirum
527 4349 607 4403 sic
654 4347 947 4403 modulanti
981 4362 1075 4418 per
1105 4348 1319 4404 vocales
1354 4365 1509 4420 aequa
1552 4358 1698 4419 pote-

1830 4330 1948 4385 :nim
1976 4329 2128 4399 prius
2166 4327 2332 4383 sciret
2376 4328 2582 4381 musice
2631 4341 2864 4391 canere,
2896 4327 3147 4397 exempla
3188 4331 3398 4397 passim

112 4446 220 4492 atas
247 4449 329 4495 est
361 4456 464 4511 pro
493 4439 629 4495 velle
682 4454 781 4494 suo
825 4454 920 4495 eas
960 4439 1012 4494 in
1063 4440 1329 4510 principio
1373 4441 1698 4512 disponere:

114 4528 345 4602 itemque
370 4532 829 4605 quemadmodum
857 4532 963 4588 illis
988 4533 1374 4602 providendum
1401 4543 1502 4599 est,
1536 4543 1595 4588 ut
1625 4534 1698 4603 id,

114 4625 250 4689 quod
280 4625 623 4694 inceperunt,
654 4623 960 4695 perﬁciant,
991 4624 1079 4679 isti
1127 4624 1201 4678 ita
1233 4624 1555 4679 studendum
1588 4634 1700 4692 est,

112 4722 168 4767 ut
189 4716 438 4771 ordinem
473 4717 749 4787 inceptum
791 4718 1060 4774 finetenus
1105 4718 1356 4774 deducat.
1387 4716 1547 4773 Verbi
1579 4734 1706 4789 gra-

111 4804 179 4859 tia
213 4825 227 4861 :
256 4807 396 4863 Cum
425 4809 569 4864 enim
600 4823 700 4879 ego
728 4809 779 4863 in
811 4809 1093 4879 praemisso
1116 4818 1277 4864 cantu
1310 4819 1568 4880 parypate
1591 4825 1704 4865 me-

110 4910 204 4951 son
238 4899 288 4952 oi
318 4899 690 4966 attribuerim,
721 4908 774 4954 tu
812 4900 1012 4955 ibidem
1036 4901 1117 4966 ei,
1145 4899 1230 4955 vel
1258 4916 1345 4969 ao,
1380 4900 1460 4954 vel
1501 4900 1703 4979 ait,ch

107 4990 367 5061 quidquid
420 4992 526 5047 tale
567 4993 841 5058 volueris,
892 4992 1076 5048 locare
1120 4993 1353 5063 poteris,
1412 4993 1703 5047 dummodo

106 5082 369 5147 persistas
402 5085 453 5137 in
487 5084 698 5147 ordine,
729 5099 887 5153 quem
941 5084 1222 5153 inceperis.
1258 5081 1410 5149 Quod
1439 5091 1495 5135 ut
1530 5084 1703 5152 magis

106 5182 307 5241 pateat,
339 5175 540 5233 melum
567 5175 790 5231 alterius
813 5174 955 5229 modi
985 5175 1215 5244 exempli
1240 5175 1413 5247 gratia
1444 5175 1701 5244 supponi-

106 5279 222 5321 111118
252 5285 266 5321 ε

458 5356 1107 5414 eiouaei

458 5448 1123 5507 CDEFGab

468 5555 1120 5601 10113810

1178 5371 1214 5411 0

1184 5464 1214 5503 c

1182 5554 1215 5592 ll

171 5718 285 5789 (16)
314 5719 446 5777 Haec
464 5720 651 5777 eadem
677 5720 789 5775 fere
816 5735 975 5789 supra
1001 5719 1054 5774 in
1086 5717 1330 5773 Guidone
1349 5723 1403 5770 et
1428 5714 1685 5789 Aribone.

105 5785 406 5848 Nutze'vero
432 5795 663 5864 antiquae
706 5785 901 5847 iterum
926 5790 1126 5862 passim
1169 5789 1221 5842 in
1252 5786 1497 5856 exemplo
1526 5785 1691 5857 allato

1805 4422 1876 4478 ob
1903 4421 2147 4476 diversas
2173 4434 2367 4474 causas
2401 4418 2707 4473 introducta
2753 4418 3061 4475 nullatenus
3097 4430 3283 4490 posset
3317 4423 3399 4477 in-

1804 4513 2067 4585 telligere.
2116 4512 2228 4569 Cur
2258 4522 2439 4567 autem
2466 4527 2496 4566 a
2525 4511 2769 4568 Guidone
2794 4511 3028 4568 iuventte
3070 4514 3180 4570 sint
3215 4512 3400 4582 hujus-

1805 4606 1950 4662 modi
1989 4619 2217 4673 neumaz,
2252 4620 2357 4660 non
2390 4605 2574 4660 statim
2606 4604 2847 4674 oportuit
2870 4605 3008 4671 dici;
3055 4621 3177 4662 cum
3209 4621 3397 4663 earum

1805 4713 1969 4754 causa
2003 4706 2059 4753 et
2087 4697 2293 4752 utilitas
2321 4712 2419 4766 per
2459 4711 2560 4762 ea,
2603 4711 2723 4766 quae
2759 4696 2871 4767 jam
2911 4698 3190 4767 praemissa
3236 4707 3398 4762 sunt,

1804 4792 1940 4846 satis
1962 4792 2133 4861 possit
2153 4790 2391 4861 experiri
2425 4806 2439 4844 :
2469 4805 2593 4844 cum
2618 4788 2763 4843 enim
2794 4788 2847 4843 in
2876 4789 3158 4846 usualibus
3184 4790 3398 4845 neurnis

1804 4882 2088 4937 intervalla
2127 4879 2361 4936 discerni
2394 4894 2501 4934 non
2530 4878 2743 4934 valeant
2767 4920 2783 4945 ,
2810 4888 3115 4949 cantusque
3142 4919 3157 4944 ,
3187 4880 3277 4948 qui
3303 4895 3400 4949 per

1796 4988 1897 5040 eas
1919 4985 2193 5050 dicuntur,
2215 4982 2394 5038 stabili
2418 4981 2695 5036 memoria:
2710 4982 3077 5037 commendari
3102 4991 3395 5051 nequeant,

1803 5079 2031 5147 ideoque
2062 5077 2113 5131 in
2145 5076 2396 5131 cantibus
2427 5073 2673 5145 plurima:
2708 5073 2973 5129 falsitates
2998 5075 3280 5144 obrepunt,
3314 5075 3399 5130 hac

1804 5179 1984 5223 autem
2008 5167 2189 5223 omnia
2216 5165 2497 5221 intervalla
2523 5165 2778 5220 distincte
2803 5166 3196 5229 demonstrent,
3222 5182 3398 5236 usque

1804 5259 1973 5320 adeo.
2005 5267 2065 5311 ut
2096 5271 2339 5311 errorem
2376 5255 2592 5323 penitus
2632 5253 2950 5319 excludant,
2981 5262 3040 5309 et
3067 5254 3396 5310 oblivionem

1802 5350 2055 5415 canendi,
2082 5350 2125 5404 si
2157 5348 2324 5404 semel
2353 5345 2592 5417 perfecte
2620 5345 2731 5399 sint
2767 5346 3029 5415 cognitae,
3063 5361 3169 5402 non
3197 5346 3400 5403 admit-

1804 5456 1954 5511 tant;
1987 5447 2109 5517 quis
2135 5460 2242 5501 non
2267 5457 2517 5513 magnam
2546 5441 2598 5494 in
2618 5441 2700 5495 eis
2721 5440 3006 5497 utilitatem
3034 5457 3154 5497 esse
3179 5442 3397 5498 videat?

1731 5554 1776 5609 ι)
1799 5537 2046 5606 Qualiter
2091 5546 2272 5591 autem
2302 5531 2630 5604 irregulares
2666 5547 2875 5588 neuma:
2904 5533 3086 5603 potius
3109 5548 3391 5598 errorem,

1800 5711 2079 5769 deficiunt.

1870 5782 1984 5852 (17)
2014 5782 2112 5835 llic
2136 5779 2188 5834 in
2222 5779 2408 5837 codice
2433 5776 2811 5852 exprimuntur
2846 5778 3042 5835 notulae
3073 5779 3309 5851 antiqua:
