3862 6312
220 328 351 388 “9.5

1693 302 1968 361 MUSICA.

3335 283 3474 339 “16

220 437 563 497 intensionem
596 446 702 485 non
736 429 885 486 facit.
910 428 1128 485 Tertius
1153 424 1442 482 neumandi
1480 423 1673 479 modus
1704 427 1788 476 est
1820 405 1862 459 Α
1894 413 1941 468 si
2002 411 2053 465 in
2090 421 2373 480 paramese
2419 404 2741 478 principium
2772 402 2959 468 sumit,
3000 401 3206 469 absque
3252 397 3472 467 impedi-

218 548 246 586 a
274 529 511 585 Guidone
536 525 803 578 inventus.
833 521 935 576 llic
966 520 1023 575 lit
1046 536 1143 591 per
1172 520 1379 589 virgas,
1417 517 1616 582 clines,
1649 531 1783 585 qua-

216 624 442 685 lismata,
473 628 691 687 puncta,
724 615 967 687 podatos,
998 623 1331 682 exterasque
1354 609 1660 680 huiusmodi
1687 624 1784 663 no-

217 714 345 768 tulas
387 725 485 764 suo
536 708 726 763 ordine
758 709 1081 777 dispositas,
1138 721 1274 776 quas
1316 705 1481 759 etiam
1541 712 1682 757 meta
1734 703 1786 757 in

216 802 444 871 margine
471 800 714 870 apposita
754 798 980 853 multum
1010 798 1140 852 facit
1182 795 1482 866 expeditas.
1514 795 1617 849 Per
1648 796 1789 852 hunc

215 901 384 967 itaque
410 894 625 950 modum
657 894 903 963 quisquis
931 893 1181 948 celeriter
1221 901 1278 947 et
1313 892 1553 963 proficue
1591 893 1658 947 ad
1697 907 1789 947 ca-

216 988 438 1057 nendum
473 984 675 1039 musice
702 982 970 1038 introduci
996 983 1297 1047 desiderat,
1334 983 1507 1037 tribus
1534 983 1789 1036 insudan-

213 1081 333 1134 dum
366 1076 642 1131 laboribus
670 1089 789 1131 esse
830 1076 984 1129 sciat.
1035 1075 1247 1130 Primus
1276 1077 1475 1146 quippe
1509 1076 1662 1131 labor
1686 1084 1788 1141 est,

212 1182 267 1225 ut
293 1184 409 1240 quae
437 1167 522 1222 vel
553 1175 685 1236 quot
721 1166 940 1238 syllabae
968 1167 1162 1237 cuique
1187 1168 1307 1222 voci
1340 1168 1613 1223 attributa:
1660 1168 1788 1233 sint,

212 1263 487 1330 diligenter
508 1259 837 1314 consideret.
864 1258 1067 1314 Deinde
1092 1258 1442 1314 nihilominus
1469 1260 1790 1315 studendum

211 1366 305 1415 est,
340 1363 396 1406 ut
424 1366 546 1421 quae
574 1365 734 1406 voces
765 1350 817 1405 in
846 1349 988 1405 linea
1023 1350 1101 1404 vel
1122 1349 1297 1420 spatio
1315 1351 1622 1406 constituite
1645 1359 1790 1417 sunt,

214 1456 352 1502 recte
389 1444 774 1514 perpendatur.
820 1442 1035 1499 Tertius
1066 1459 1194 1498 vero
1224 1443 1376 1499 labor
1402 1452 1485 1499 est
1506 1444 1791 1509 cantionis,

213 1552 275 1590 ne
288 1544 564 1590 cautorem
593 1549 782 1588 vocum
808 1532 1255 1604 varia}dispositio
1272 1534 1431 1588 ducat
1453 1536 1504 1588 in
1529 1550 1793 1601 errorem,

212 1630 295 1698 qui
321 1629 420 1682 hoc
444 1628 603 1681 modo
628 1627 784 1683 facile
808 1629 1003 1684 evitari
1036 1630 1255 1700 poterit,
1283 1630 1326 1684 si
1354 1627 1660 1695 diligentius
1680 1628 1799 1682 ani-

214 1719 745 1789 madvertatur,quod
763 1718 937 1776 littera
961 1734 1297 1790 unaquaeque
1314 1718 1501 1785 minio,
1516 1728 1568 1772 et
1590 1717 1650 1774 C.
1667 1733 1798 1772 una-

213 1825 431 1880 quaeque
453 1824 619 1863 croco
639 1812 903 1881 signatur.
919 1810 1147 1877 Quidam
1180 1820 1358 1865 tamen
1382 1809 1426 1866 si
1450 1808 1599 1864 color
1628 1808 1791 1874 desit,

212 1920 302 1973 pro
318 1904 479 1959 minio
505 1921 539 1974 p
582 1916 767 1961 nctum
794 1906 847 1960 in
874 1905 1141 1976 principio
1169 1905 1324 1960 lineae
1346 1913 1570 1975 ponunt.
1588 1902 1796 1957 Idcirco

214 1996 306 2051 has
358 1996 522 2062 duas,
561 1996 798 2052 litteram
829 1997 1036 2053 scilicet
1067 2006 1122 2053 et
1154 1997 1215 2052 C.
1248 1996 1329 2051 vel
1357 1998 1519 2051 etiam
1546 1994 1756 2050 colores
1777 2035 1793 2061 ,

213 2090 401 2160 quibus
441 2099 733 2152 notantur,
777 2098 1057 2160 tantopere
1100 2088 1378 2144 observari
1432 2086 1795 2158 praecipimus,

216 2181 463 2250 quoniam
503 2196 604 2250 per
625 2195 716 2234 eas
748 2180 867 2234 alia:
897 2191 1037 2234 none
1066 2186 1346 2247 reguntur,
1374 2177 1559 2245 eisque
1584 2176 1649 2230 de
1679 2173 1798 2229 loco

220 2272 372 2328 motis
402 2282 617 2326 caetera:
661 2273 865 2341 pariter
902 2279 1209 2325 moventur.
1252 2268 1359 2324 Sed
1396 2269 1439 2322 si
1472 2268 1558 2323 his
1588 2267 1800 2323 neumis

215 2370 417 2425 colores
446 2368 531 2422 vel
583 2377 724 2422 notze
768 2382 874 2423 non
925 2368 1183 2430 aderunt,
1214 2364 1347 2421 tales
1393 2373 1520 2419 sunt
1549 2377 1797 2429 neumaz,

217 2460 385 2532 qualis
420 2469 619 2530 puteus
648 2460 764 2514 sine
797 2459 943 2541 fune.

222 2616 377 2672 XXH.
422 2615 497 2671 De
545 2631 707 2686 pravo
748 2632 848 2670 usu
886 2615 1181 2683 abjiciendo
1206 2653 1230 2686 ,ί
1271 2623 1317 2667 et
1362 2612 1641 2686 super/luis
1668 2628 1802 2682 quo-

554 2687 798 2741 rumdam
824 2687 1098 2739 modorum
1129 2684 1457 2754 di/ferentiis.

286 2840 438 2895 Libet
476 2839 641 2895 modo
668 2837 1028 2910 quorumdum
1059 2845 1315 2891 cantumn
1360 2833 1667 2898 recordari,
1711 2834 1802 2902 qui

221 2946 311 3000 per
334 2930 667 2999 irregulares
701 2944 923 2984 neumas
949 2926 1061 2996 jam
1101 2926 1301 2980 dudum
1340 2932 1465 2978 sunt
1498 2923 1802 2993 depravati,

224 3032 381 3092 utque
410 3037 616 3092 pravus
646 3037 775 3076 usus
802 3030 857 3075 et
894 3020 946 3074 in
969 3020 1056 3075 his
1084 3026 1138 3072 et
1168 3019 1221 3072 in
1253 3018 1374 3071 aliis
1399 3015 1651 3071 omnibus
1681 3029 1803 3068 cor-

225 3124 405 3183 ruptus
431 3115 711 3181 hucusque
738 3122 983 3165 servatus
1006 3111 1310 3180 abjiciatur,
1336 3122 1658 3178 magnopere
1685 3106 1806 3160 hor-
1834 3118 1877 3178 ρ

226 3208 344 3260 tari.
370 3204 504 3259 Cum
537 3203 686 3257 enim
738 3202 998 3256 Dominus
1030 3217 1133 3255 una
1167 3201 1289 3264 lide,
1322 3216 1430 3253 uno
1461 3199 1803 3270 baptismate,

224 3306 275 3349 et
302 3296 521 3349 omnino
555 3309 764 3348 morum
796 3294 1003 3349 unitate
1037 3292 1352 3356 delectetur,
1376 3292 1498 3362 quis
1538 3308 1645 3345 non
1685 3305 1807 3344 crc-

225 3387 312 3441 dat
338 3388 480 3458 quod
528 3387 673 3441 idem
717 3401 782 3441 ex
832 3386 1113 3457 multiplici
1167 3395 1451 3441 cantorum
1509 3384 1804 3449 discordia,

224 3493 379 3547 quam
411 3494 520 3533 non
556 3479 731 3544 inviti,
771 3493 945 3547 neque
988 3478 1321 3548 ignorantes,
1374 3477 1466 3531 sed
1510 3475 1811 3530 voluntarie

226 3578 599 3638 constrepunt,
644 3568 981 3624 oll'endatur?
1013 3568 1120 3623 Nos
1149 3582 1302 3637 ergo,
1347 3567 1439 3636 qui
1483 3574 1687 3620 rectam
1721 3580 1813 3619 ca-

231 3663 386 3715 nendi
422 3663 567 3716 viam
600 3672 731 3715 nutu
782 3662 872 3715 Dei
917 3662 1183 3724 novimus,
1208 3675 1446 3715 errorem
1494 3673 1600 3713 non
1631 3657 1811 3713 decuit

227 3752 355 3821 pati,
385 3768 486 3807 nec
528 3752 755 3806 multum
788 3752 1083 3805 curandum
1132 3752 1251 3815 fuit,
1301 3750 1345 3803 si
1375 3749 1591 3819 quidam
1624 3747 1811 3802 insulsi

227 3853 477 3898 c.mtores
526 3844 581 3897 in
612 3844 760 3897 vitiis
792 3844 1099 3914 pertinaces
1143 3842 1318 3897 loctttn
1366 3858 1470 3895 non
1504 3843 1633 3894 dent
1666 3841 1812 3894 veri-

229 3934 340 3999 tati,
368 3935 495 3989 dum
527 3934 579 3989 id
604 3934 813 3989 ellicere
842 3936 1133 4004 possimus,
1159 3946 1218 3990 ut
1245 3933 1411 4004 aliqui
1442 3949 1588 3989 sana:
1618 3932 1815 3988 mentis

227 4041 468 4079 errorem
515 4025 771 4081 deserant
797 4066 812 4091 ,
837 4026 980 4082 ultro
1007 4027 1302 4083 emendati.
1333 4026 1503 4081 Tanta
1532 4034 1713 4081 autem
1758 4025 1813 4080 in

228 4116 566 4186 corrigendis
594 4117 846 4173 cantibus
879 4120 1251 4174 mediocritate
1286 4119 1368 4173 usi
1403 4134 1623 4183 sumus,
1675 4126 1818 4173 utet

228 4223 323 4277 pro
362 4209 634 4276 paucitate
677 4210 760 4264 sui
806 4211 1020 4265 taedium
1054 4211 1347 4266 lectoribus
1389 4228 1493 4265 non
1544 4212 1815 4282 ingerant,

230 4309 282 4352 ct
335 4300 385 4353 in
415 4301 796 4356 emendatione
837 4318 944 4357 non
993 4304 1222 4358 multum
1267 4305 1335 4358 ah
1371 4304 1570 4359 usitato
1603 4298 1817 4359 tramite

231 4389 535 4445 discedant.

1887 513 2072 560 mento
2102 502 2169 557 ad
2214 500 2425 555 finalem
2459 513 2612 553 suam
2652 497 2889 569 legitime
2917 493 3169 550 decurrit.

1957 596 2088 651 Item
2134 594 2185 648 in
2236 594 2413 649 medio
2456 604 2647 649 cantus
2701 608 2858 648 error
2905 588 3198 651 invenitur;
3230 594 3287 639 ut
3329 584 3382 639 in
3420 582 3460 650 ἡ

1887 687 2188 743 Bethlehem
2225 686 2437 751 civitas,
2467 688 2610 755 quod
2653 687 2705 739 in
2753 684 2961 739 duobus
3020 680 3152 733 locis
3198 677 3476 731 emendari

1890 779 2144 836 convenit
2178 796 2189 831 :
2226 778 2297 831 ita
2326 777 2535 832 scilicet
2564 778 2698 832 utin
2726 776 2917 830 ultima
2946 773 3146 845 syllaba
3183 771 3478 823 dominator

1891 872 1943 927 in
1976 878 2238 943 parypate
2270 885 2455 924 meson
2487 869 2529 923 F
2562 869 2871 937 incipiatur,
2902 877 2956 919 et
2986 866 3040 918 in
3071 873 3209 918 terra
3238 862 3290 914 in
3318 873 3475 930 para-

2249 960 2275 1000 d

1891 1041 2017 1089 nete
2054 1033 2479 1101 diezeugmenon
2524 1030 2853 1100 principium
2888 1034 3085 1081 sumat.
3118 1024 3174 1078 ln
3208 1032 3351 1078 terra
3387 1037 3481 1075 no-

1892 1134 2003 1182 stra
2033 1126 2114 1182 sic
2151 1126 2206 1181 in
2242 1124 2351 1180 line
2380 1133 2573 1179 cantus
2600 1138 2630 1177 a
2657 1121 2981 1193 quibusdam
3010 1127 3225 1172 erratur
3250 1126 3307 1170 ut
3337 1116 3389 1169 in
3422 1114 3480 1185 ιῆ.

1896 1222 2055 1278 Mane
2088 1240 2306 1294 surgens
2348 1218 2538 1276 Iacob.
2585 1219 2698 1278 Hoc
2734 1219 2878 1275 enim
2918 1232 3041 1272 cum
3085 1212 3367 1269 verissime
3412 1206 3485 1263 sit

1895 1386 2073 1457 quarti
2131 1386 2264 1449 tuni,
2323 1384 2542 1454 quidam
2600 1380 2835 1453 imperiti
2909 1379 2962 1434 in
3001 1377 3249 1431 lichanos
3298 1385 3484 1425 meson

1896 1481 2180 1547 emittunt,
2208 1488 2261 1534 et
2292 1488 2471 1533 tamen
2510 1477 2559 1533 ei
2590 1492 2744 1530 nsum
2777 1472 2953 1543 quarti
2978 1470 3087 1525 toni
3117 1468 3487 1533 incompelen-

1898 1580 1980 1627 ter
2010 1571 2310 1641 adiungunt
2338 1588 2351 1623 :
2379 1568 2598 1640 quidam
2623 1567 2787 1622 etiam
2810 1565 2949 1619 hanc
2980 1568 3090 1615 ant.
3125 1555 3282 1610 Pater
3312 1554 3484 1607 mani-

3178 1648 3220 1701 D

1902 1734 2108 1805 festavi,
2134 1748 2256 1789 cum
2285 1731 2356 1788 sit
2381 1729 2672 1802 hypolidii,
2698 1728 2752 1781 in
2792 1725 3035 1780 lichanos
3067 1721 3303 1792 hypaton
3330 1713 3489 1769 emit-

1904 1804 2045 1894 tunt,
2082 1826 2343 1895 dorioque
2372 1839 2493 1880 eam
2526 1818 2848 1876 attributtnt.
2885 1814 3037 1883 Quod
3067 1812 3254 1867 vitium
3294 1806 3367 1861 illi
3412 1804 3489 1858 le-

1899 1990 2037 2045 viter
2066 1988 2341 2055 devitant,
2372 1987 2463 2057 qui
2494 1987 2545 2040 in
2576 1912 2834 2057 pargpate
2868 1993 3051 2034 meson
3076 1990 3173 2046 per
3201 1972 3490 2027 unisonum

1898 2091 2141 2141 cantant.
2194 2082 2327 2138 Item
2375 2080 2619 2152 plerique
2668 2074 2866 2133 indocti
2916 2071 3233 2140 delinquunt
3279 2066 3489 2209 ineant.

1902 2244 2088 2303 Simile
2118 2252 2193 2300 est
2224 2259 2438 2315 regnum
2466 2240 2583 2298 creti
2615 2239 2813 2300 decem,
2843 2235 2971 2289 dum
3000 2246 3122 2287 eam
3152 2229 3203 2284 in
3232 2231 3491 2315 parypate

1902 2336 2139 2408 hypaton
2167 2314 2318 2389 exire
2347 2332 2587 2398 faciunt,
2631 2329 2738 2383 alte
2770 2334 2992 2381 cantare
3024 2321 3295 2383 nolentes,
3338 2314 3493 2386 quasi

1902 2441 2159 2498 magnum
2190 2429 2262 2481 sit
2300 2423 2480 2487 nefas,
2517 2424 2560 2478 si
2595 2431 2715 2492 post
2740 2424 3087 2491 pentecosten
3113 2414 3165 2467 in
3197 2410 3491 2480 antiphona

1900 2521 1988 2576 vel
2011 2519 2133 2574 aliis
2168 2518 2418 2573 cantibus
2444 2515 2552 2571 alte
2581 2513 2908 2585 proferatur.
2951 2508 3151 2563 Eadem
3180 2504 3337 2572 culpa
3374 2500 3494 2554 illos

1905 2682 2199 2755 redarguit,
2228 2682 2319 2752 qui
2344 2680 2701 2742 oll‘ertorium,
2731 2675 2952 2746 posuisti
2978 2671 3198 2727 Domine
3222 2684 3240 2722 :
3271 2668 3322 2721 in
3348 2678 3496 2718 mese

1906 2777 2185 2840 emittunt,
2209 2785 2262 2827 et
2294 2772 2399 2826 alta
2432 2771 2765 2840 relinquunt.
2783 2764 3086 2821 Notandum
3113 2757 3493 2829 autem,qnod.

1906 2870 2045 2923 sicut
2075 2882 2236 2936 supra
2263 2865 2519 2928 diximus,
2553 2862 2598 2917 is
2642 2875 2784 2929 saepe
2828 2864 3048 2912 cantum
3076 2853 3365 2923 depravat,
3402 2848 3495 2917 qui

1906 2975 2030 3015 eum
2060 2972 2164 3011 non
2192 2970 2327 3010 voce
2357 2969 2618 3025 congrua,
2648 2950 2740 3007 sed
2774 2946 3068 3004 secundum
3102 2959 3252 2999 suam
3283 2940 3496 3009 opinio-

1911 3066 2032 3105 nem
2065 3049 2306 3114 inchoat,
2335 3055 2393 3099 ut
2416 3055 2564 3116 patet
2590 3044 2642 3097 in
2670 3042 2774 3103 hac
2801 3035 3181 3095 communione
3212 3051 3224 3085 :
3254 3028 3497 3099 Scapulis

3152 3124 3197 3180 G

1909 3214 2020 3269 suis
2048 3226 2065 3265 :
2092 3211 2244 3266 Hanc
2268 3208 2412 3265 enim
2436 3206 2694 3277 quoniam
2725 3201 2943 3273 quidam
2969 3199 3022 3253 in
3046 3196 3290 3251 lichanos
3316 3204 3500 3246 meson

1912 3303 2194 3375 incipiunt,
2229 3301 2497 3357 delectum
2530 3299 2639 3368 pati
2671 3293 3079 3363 conspicantur,
3119 3298 3348 3355 eamque
3375 3297 3499 3339 cor-

3012 3380 3052 3447 Γ

1912 3465 2192 3538 rigendam
2223 3462 2582 3518 arbitrantur.
2613 3458 2721 3514 Sed
2748 3457 2792 3511 si
2822 3455 2873 3509 in
2907 3446 3166 3524 parypate
3199 3461 3383 3502 meson
3421 3446 3511 3499 in-

1913 3558 2143 3628 cipitnr,
2205 3553 2410 3623 absque
2455 3565 2642 3607 errore
2693 3549 2760 3603 ad
2804 3546 3018 3601 finalem
3074 3540 3392 3599 revertitur,
3447 3546 3504 3591 et

1914 3626 2291 3705 emendatione
2322 3661 2427 3699 non
2452 3643 2674 3711 indiget.
2704 3637 2993 3695 Sciendum
3022 3641 3308 3703 praeterea,
3335 3626 3502 3697 quod,

1916 3742 2057 3794 sicut
2089 3738 2338 3809 superius
2361 3733 2715 3795 ostendimus,
2746 3738 2872 3783 sunt
2898 3727 3062 3795 aliqui
3095 3730 3308 3787 cantus,
3335 3718 3502 3809 quiin

1916 3830 2135 3900 proprio
2156 3808 2318 3885 cursu
2344 3825 2623 3888 deficiunt,
2657 3821 2748 3878 sed
2777 3820 2832 3875 in
2882 3815 3127 3872 amnibus
3156 3812 3370 3881 absque.
3406 3808 3507 3862 im-

1919 3923 2224 3993 pedimento
2270 3921 2565 3977 decurrunt
2609 3935 2621 3971 :
2676 3924 2735 3970 ut
2786 3911 3039 3968 introitus
3096 3908 3197 3965 iste
3226 3923 3238 3959 :
3269 3901 3504 3965 Exaudi,

1918 4016 2162 4084 Domine,
2209 4030 2381 4069 vocem
2421 4028 2590 4066 meam
2636 4010 2805 4063 altera
2840 4013 2897 4061 et
2928 4003 3157 4072 reliqua,
3186 4008 3241 4054 et
3267 4012 3501 4053 commu-

1920 4106 2009 4159 nio
2037 4122 2050 4159 :
2077 4104 2215 4158 Dicit
2237 4104 2494 4167 Andreas,
2530 4101 2583 4155 in
2613 4098 2858 4153 amnibus
2900 4094 3145 4150 canenda
3184 4099 3267 4145 est
3308 4102 3508 4143 secun-

1922 4199 2047 4254 dum
2096 4196 2213 4249 illos
2236 4237 2251 4262 ,
2294 4195 2386 4263 qui
2416 4209 2534 4249 eam
2564 4190 2755 4262 plagali
2792 4187 3029 4243 tetrardo
3071 4183 3413 4243 attribuunt,
3452 4179 3506 4231 in

1924 4291 2140 4360 proprio
2178 4304 2339 4343 cursu
2370 4289 2504 4342 bene
2539 4296 2810 4341 cantatur.
2842 4282 2980 4336 Sunt
3018 4281 3143 4334 item
3178 4275 3340 4344 aliqui
3375 4288 3506 4328 can-

1925 4390 2030 4448 tus,
2063 4382 2153 4451 qui
2179 4394 2278 4434 nec
2301 4380 2353 4432 in
2380 4378 2596 4448 proprio
2629 4392 2789 4431 cursu
2822 4389 2922 4429 nec
2947 4374 3001 4426 in
3032 4369 3278 4424 aliinibus
3299 4365 3509 4421 cantari

299 4480 592 4536 Sciendum
625 4496 776 4550 sane,
802 4483 944 4553 quod
973 4484 1233 4555 quidquid
1260 4485 1450 4541 vitiose
1473 4486 1705 4553 canitur,
1730 4502 1805 4539 au‘

1924 4483 2167 4545 possunt.
2202 4472 2278 4528 De
2318 4472 2514 4541 quibus
2544 4470 2647 4525 tale
2694 4477 3020 4540 praeceptum
3066 4467 3285 4524 damus,
3336 4468 3397 4514 ut
3442 4459 3509 4512 ad

233 4576 286 4631 in
317 4578 605 4649 principio,
638 4588 731 4632 aut
758 4580 811 4633 in
837 4579 1038 4645 medio,
1064 4588 1156 4634 aut
1178 4581 1229 4633 in
1258 4580 1363 4633 line
1390 4582 1737 4650 pervertitur.
1767 4580 1821 4634 In

230 4671 495 4740 principio
519 4673 718 4742 quippe
765 4673 1032 4726 interdum
1076 4681 1267 4728 cantus
1316 4672 1663 4743 depravatur,
1700 4689 1822 4729 cum

231 4764 315 4817 vel
348 4765 403 4818 in
434 4766 652 4834 propria
694 4773 817 4818 nota
849 4781 954 4819 non
989 4764 1294 4828 inchoatur,
1325 4765 1408 4819 vel
1455 4766 1508 4819 in
1561 4781 1654 4820 sua
1700 4773 1824 4820 nota

234 4853 518 4911 inchoatus
566 4871 662 4925 per
713 4855 1126 4925 incompositam
1156 4856 1484 4926 proferentis
1526 4872 1713 4912 vocem
1743 4857 1826 4911 ni-

236 4947 402 4999 mium
436 4947 761 5016 deprimitur
787 4956 881 5000 aut
912 4947 1177 5001 elevatur.
1212 4948 1267 5001 In
1300 4948 1478 5002 medio
1504 4963 1719 5018 quoque
1744 4949 1826 5003 vel

237 5036 287 5087 in
336 5039 443 5090 line
473 5052 568 5106 per
610 5037 968 5105 incongruum
1003 5036 1321 5092 elevationis
1352 5036 1436 5092 vel
1472 5038 1826 5108 depositionis

236 5142 431 5183 δυιιυιιι
464 5131 779 5200 plerumque
810 5131 1180 5201 corrumpitur
1211 5148 1225 5185 :
1258 5132 1325 5186 de
1370 5131 1597 5204 singulis
1643 5148 1827 5187 exem-

234 5222 319 5290 pla
354 5223 671 5277 subdamus.
713 5224 917 5277 Diversi
943 5223 1047 5278 hoc
1092 5223 1129 5290 ἡ
1174 5223 1288 5295 Ego
1318 5241 1411 5295 pro
1441 5234 1487 5279 te
1513 5226 1718 5297 rogavi,
1773 5226 1825 5280 in

239 5383 470 5439 diversis
506 5384 640 5441 locis
670 5386 935 5457 incipiunt
970 5405 983 5441 :
1017 5388 1235 5457 quidam
1269 5386 1514 5442 videlicet
1550 5387 1601 5442 in
1630 5316 1827 5458 hyEate

877 5482 923 5536 (ἔ
1707 5493 1734 5522 ι

243 5564 455 5612 meson,
481 5550 695 5619 quidam
723 5551 776 5605 in
805 5552 1046 5607 lichanos
1069 5565 1279 5616 meson,
1305 5552 1543 5606 nonnulli
1574 5552 1626 5606 in
1660 5566 1824 5619 mese,

241 5653 297 5697 et
326 5645 381 5698 in
408 5646 584 5702 medio
603 5661 843 5701 errorem
884 5647 1164 5712 videntes,
1197 5654 1414 5701 cantum
1449 5645 1699 5700 falsitatis
1741 5661 1829 5699 ar-

245 5745 435 5807 ειιυηι,
463 5753 695 5809 emtique
722 5742 1010 5798 emendare
1034 5739 1385 5797 contendunt.
1441 5739 1824 5795 Verumtamen

1927 4566 2201 4639 proprium
2226 4579 2442 4619 cursum
2472 4562 2830 4633 corrigantur.
2861 4559 2918 4613 Si
2943 4566 3124 4613 autem
3154 4555 3379 4611 multum
3403 4552 3511 4606 sint

1926 4663 2138 4719 confusi
2167 4674 2220 4717 et
2247 4664 2299 4718 in
2328 4657 2575 4712 aliinibus
2604 4653 2813 4709 facilius
2840 4659 3062 4723 possunt
3095 4647 3400 4708 emendari,
3443 4658 3512 4698 eo

1931 4755 2256 4822 dirigantur,
2286 4749 2738 4823 quemadmodum
2767 4745 2895 4799 illud
2922 4742 3253 4798 oﬂertorittm
3280 4755 3294 4791 :

2002 4848 2071 4903 In
2098 4849 2182 4902 die
2212 4846 2576 4902 sollemnitatis
2602 4851 2782 4897 vestra:
2814 4853 2985 4907 usque
3010 4847 3055 4890 et
3088 4835 3171 4889 lac
3201 4843 3244 4886 et
3270 4832 3370 4885 mel

2000 4939 2115 4994 Alle
2187 4968 2213 4979 —
2284 4966 2312 4979 -
2384 4936 2515 4990 luia.

2001 5031 2398 5088 Providendum
2428 5037 2509 5085 est
2535 5027 2699 5084 etiam
2743 5026 2809 5080 de
2846 5024 2901 5092 [ἢ.
2950 5019 3050 5074 Hic
3077 5019 3167 5089 qui
3194 5018 3423 5083 advenit,
3455 5026 3504 5071 ut

1928 5200 1986 5254 in
2018 5211 2165 5253 mese
2188 5194 2511 5267 principium
2544 5198 2750 5257 sumat,
2776 5196 2830 5245 et
2860 5186 2913 5240 in
2940 5184 3128 5239 eodem
3158 5182 3279 5237 loco
3307 5180 3513 5236 habens

2561 5285 2587 5326 d

1929 5363 2246 5433 incipiatur,
2277 5370 2331 5415 et
2361 5360 2414 5413 in
2462 5365 2722 5428 paranete
2755 5354 3177 5421 diezeugmenon
3207 5345 3509 5401 emittatur.

1929 5453 2024 5510 Sic
2049 5464 2103 5507 et
2131 5454 2197 5507 de
2221 5453 2273 5519 ri).
2315 5449 2423 5503 Viri
2447 5448 2594 5517 impii
2622 5444 2919 5501 curandum
2961 5449 3066 5505 est,
3099 5449 3156 5494 ut
3195 5436 3511 5509 emendetur

1929 5547 1985 5602 in
2017 5546 2117 5602 hoc
2146 5545 2286 5599 loco.

2007 5638 2332 5711 Sapientiam
2358 5646 2403 5691 et
2431 5636 2503 5689 rei
2527 5634 2654 5701 facti
2680 5642 2800 5688 sunt
2833 5633 2884 5685 in
2912 5613 3331 5698 cogitationibus.

2002 5733 2113 5790 lloc
2142 5732 2303 5788 etiam
2330 5729 2383 5799 q.
2411 5726 2629 5783 Domine
2654 5742 2717 5780 ne
2732 5724 2785 5779 in
2811 5724 2889 5778 ira
2919 5716 3295 5777 emendatione
3313 5711 3511 5793 indiget
