3836 6320
485 273 626 329 1427

1890 287 1940 342 J.
1977 288 2341 350 COTTONIS.

3555 331 3641 390 Nil

481 391 536 447 iu
566 390 765 449 medio.
792 391 930 499 N'am
978 390 1229 452 Miserere
1260 395 1406 467 quod
1432 400 1685 469 proprius
1728 417 1857 459 usus
1905 403 1960 459 in
2007 404 2074 459 li-
2098 401 2147 448 Λ
2176 424 2281 464 non
2333 417 2653 474 necessariae
2675 460 2691 486 ,
2731 420 2843 479 imo
2871 436 3095 493 prorsus
3121 427 3274 485 nulla!
3311 444 3425 489 sunt
3447 452 3575 496 :cnm
3598 448 3648 499 γε.

475 554 683 609 chanos
711 483 947 626 byptltlon
973 555 1183 627 incipit,
1215 557 1266 613 in
1308 558 1551 615 lichanos
1578 491 1764 619 megon
1804 564 2070 638 incipien-

476 647 602 701 dum
633 656 737 702 est.
771 647 901 703 Item
948 649 1053 705 hoc
1087 651 1123 720 ἢ
1173 650 1396 723 Egregie
1444 653 1539 708 Dei
1567 667 1769 727 martyr
1799 674 1819 714 :
1850 660 2070 730 quidam

1389 755 1413 784 α

474 822 849 881 corrumpunt,
896 813 1038 882 quod
1081 814 1133 868 in
1164 814 1295 869 trite
1321 817 1743 886 diezeugmenon
1780 836 1886 877 non
1914 824 2070 879 emit-

476 910 628 970 tunt,
679 912 735 957 et
790 900 927 958 Ecce
983 919 1089 958 non
1146 905 1340 961 leniter
1384 905 1633 962 efferunt.
1679 908 1811 965 ltem
1862 912 1914 967 in
1964 914 2069 969 hoc

470 996 508 1066 ἡ
558 996 789 1068 Egypte
821 998 928 1052 noli
957 1000 1106 1069 ﬂere,
1136 1016 1165 1055 a
1188 1000 1515 1077 quibusdam
1550 1014 1788 1073 erratur,
1817 1009 1909 1078 qui
1940 1011 2068 1080 ﬂere

469 1158 614 1214 ultra
648 1175 796 1215 mese
817 1162 1101 1218 extollunt.
1124 1166 1259 1221 Item
1282 1166 1337 1220 in
1363 1164 1464 1221 hoc
1494 1169 1648 1238 grad.
1673 1169 1755 1223 Ad
1780 1169 2063 1227 Dominum

469 1322 691 1393 quidam
740 1324 1085 1395 delinquunt,
1127 1327 1269 1396 quod
1318 1330 1444 1382 dum
1475 1329 1761 1386 tribularer
1800 1333 1851 1387 in
1901 1265 2063 1407 pali'y-

467 1426 594 1483 pate
629 1432 814 1472 meson
846 1434 952 1474 non
985 1418 1269 1489 incipiunt.
1309 1421 1441 1475 item
1489 1423 1541 1475 iu
1588 1424 1691 1479 hoc
1723 1423 1893 1479 Grad.
1930 1425 2060 1482 Esto

465 1510 599 1563 sui/ii
638 1509 692 1564 in
720 1509 925 1576 Deum,
964 1512 1209 1567 nonnulli
1246 1514 1670 1580 conturbantur,
1700 1517 1843 1587 quod
1881 1529 2063 1589 prote-

893 1601 938 1656 (ἶ

464 1679 659 1724 ιιονεηι
709 1669 761 1724 iu
793 1669 1040 1727 lichanos
1069 1688 1258 1729 meson
1288 1689 1396 1729 non
1439 1674 1721 1732 inchoaut.
1760 1675 2056 1735 Considera

461 1760 626 1817 etiam
658 1763 801 1832 quod
832 1763 886 1819 in
912 1761 1090 1819 oﬂ'ert.
1121 1763 1390 1834 Conﬁrma
1440 1767 1537 1821 hoc
1585 1766 1747 1822 Deus.
1789 1767 2059 1841 Conﬁrma
2092 1750 2134 1804 Β

461 1919 606 1979 ultra
662 1937 811 1980 mese
858 1940 963 1983 non
1019 1940 1140 1981 esse
1166 1925 1555 1995 extollendum,
1596 1928 1741 1985 Deus
1780 1940 1962 1988 autem
2000 1933 2055 1989 in

455 2013 717 2156 par-lvpate
747 2100 933 2141 meson
959 2086 1349 2156 incipiendum.
1379 2086 1485 2143 Sed
1513 2099 1567 2144 et
1595 2089 1647 2143 in
1676 2088 1853 2146 oﬂ‘ert.
1886 2092 2049 2149 Oravi

455 2175 743 2233 Dominum
772 2195 946 2233 meum
976 2179 1030 2234 in
1071 2179 1280 2236 duobus
1319 2181 1451 2237 locis
1486 2183 1867 2240 emendatione
1905 2186 2051 2242 indi-

455 2281 565 2343 get,
597 2271 806 2327 scilicet
836 2272 891 2329 in
934 2274 1223 2345 principio,
1252 2286 1306 2330 et
1351 2276 1439 2331 lllll
1470 2288 1555 2331 est
1596 2294 1770 2347 super.
1809 2278 1866 2333 lu
1899 2294 2051 2334 com-

454 2362 713 2425 munione
737 2363 923 2430 etiam,
952 2364 1189 2421 Cantabo
1217 2365 1443 2421 Domino
1487 2382 1740 2437 perverse
1782 2379 2041 2435 cantant,

450 2528 596 2598 quod
621 2530 757 2582 bona
802 2526 854 2582 in
887 2535 1146 2600 parypate
1178 2528 1413 2600 hypaton
1457 2544 1567 2585 non
1616 2528 1903 2598 mcipiunt.
1936 2526 2044 2586 Sed

447 2619 759 2674 communio
800 2616 1005 2685 Petunt
1049 2636 1223 2674 meum
1269 2620 1470 2675 rectius
1515 2626 1801 2685 cantatur,
1849 2618 1895 2674 si
1921 2635 2043 2674 cum

444 2784 572 2853 [1cm
604 2792 767 2853 atque
794 2793 845 2837 et
886 2799 981 2854 ego
1025 2783 1076 2837 in
1110 2793 1368 2854 parypate
1410 2782 1645 2853 hypaton
1690 2781 2036 2838 inchoantur.

442 2874 578 2931 Item
632 2875 945 2939 communio
1008 2874 1205 2928 Domus
1262 2890 1379 2928 mea
1437 2873 1517 2929 sic
1566 2872 1872 2943 incipienda
1922 2872 2038 2944 (20)

440 2965 644 3022 Domus
670 2986 783 3022 mea
811 2969 997 3023 donius
1038 2968 1312 3032 orationis,
1357 2977 1463 3022 etc.
1497 2966 1691 3022 Verum
1734 2966 1832 3024 hos
1862 2970 2036 3026 versi-

441 3056 599 3112 culos
645 3067 839 3113 cantus
885 3058 954 3113 ad
999 3073 1241 3128 praesens
1288 3068 1569 3114 correctos
1613 3074 1734 3133 esse
1780 3060 2040 3116 sufficiat.

440 3148 574 3204 Post
601 3149 716 3204 haec
744 3150 801 3204 in
831 3151 1050 3205 tonario
1072 3151 1236 3205 etiam
1265 3150 1491 3221 aliquos,
1519 3151 1609 3222 qui
1639 3154 1915 3209 memoriae
1942 3169 2037 3210 oc-

438 3248 691 3305 currunt,
717 3240 1154 3296 emcndahimus.
1836 3244 1839 3247 ’

510 3328 666 3385 Nunc
694 3339 875 3385 autem
916 3340 1204 3400 antequam
1242 3334 1309 3388 ad
1346 3333 1821 3401 exemplificandos
1850 3343 2031 3407 tropos

436 3422 740 3488 veniamus,
767 3423 836 3478 de
865 3423 1152 3494 superliuis
1180 3425 1421 3497 ipsorum
1444 3426 1766 3483 differentiis
1790 3438 2031 3485 tractan-

434 3513 563 3568 dum
605 3522 711 3568 est.
757 3514 865 3569 Sed
906 3516 1164 3584 quoniam
1205 3515 1523 3573 differentia:
1571 3517 1908 3574 multimodis
1932 3520 2029 3590 ;di-
2080 3590 2083 3591 ν

432 3612 665 3669 cuntur,
713 3603 844 3673 quid
887 3614 1170 3676 troporum
1202 3604 1537 3663 differentias
1583 3624 1871 3676 vocemus,
1916 3611 2028 3681 pri-

429 3695 599 3750 mitus
636 3695 985 3764 aperiendqu
1037 3705 1140 3752 est.
1184 3696 1527 3755 Dill‘erentias
1572 3699 1625 3755 in
1656 3701 1796 3757 tonis
1844 3701 2024 3756 nomi-

428 3802 650 3853 namus,
683 3788 909 3856 qnaudo-
935 3787 988 3842 in
1038 3789 1235 3843 uacula
1277 3790 1598 3844 sceculorum
1627 3808 1782 3845 amen
1825 3791 2022 3863 aliqua:

427 3895 640 3935 neutna:
666 3881 1058 3936 rationabiliter
1088 3883 1492 3951 permittantnr.
1522 3884 1587 3939 Et
1609 3885 1885 3941 sciendum
1915 3896 2021 3955 est,

426 3971 571 4042 quod
596 3969 1045 4037 diﬂcrentiarum,
1092 3987 1214 4043 quae
1257 3974 1398 4029 tonis
1427 3974 1871 4046 subscrihuntur,
1901 3978 2020 4034 alia:

425 4073 554 4120 sunt
590 4074 992 4135 competentes,
1025 4072 1081 4118 et
1128 4065 1481 4133 necessarias;
1512 4066 1631 4123 alia:
1661 4069 1763 4124 etsi
1802 4084 2021 4140 compe-

423 4164 601 4212 tentes
648 4172 759 4210 non
798 4165 975 4211 tamen
1016 4157 1377 4223 necessariae;
1406 4157 1528 4212 alia:
1576 4174 1751 4229 neque
1800 4176 2017 4231 compe-

422 4256 603 4303 tentes
643 4262 819 4318 neque
854 4248 1176 4303 necessaria:
1198 4289 1213 4315 ,
1246 4248 1356 4304 imo
1385 4264 1609 4319 prorsus
1641 4250 1822 4305 nullan.
1851 4252 2015 4307 Cotu-

419 4349 673 4411 pcteules
718 4350 774 4396 et
825 4341 1164 4396 necessarias
1216 4341 1446 4396 dicimus
1490 4341 1609 4397 illas
1656 4341 2008 4410 differentias,

419 4447 559 4503 quas
589 4447 719 4487 usus
747 4441 1031 4487 cantorum
1074 4432 1237 4488 habet
1277 4434 1345 4488 ab
1386 4434 1628 4504 antiquis
1658 4436 2009 4491 modulatori-
2042 4457 2089 4516 ο

418 4524 523 4580 hus
552 4525 904 4580 constitutas.
925 4525 1306 4596 Competenles
1336 4535 1517 4582 autem
1548 4542 1656 4583 non
1684 4531 2009 4584 necessaria:

419 4614 701 4677 dicuntur,
743 4629 864 4683 qua:
905 4629 1011 4668 non
1061 4616 1407 4671 necessitatis
1452 4631 1616 4671 causa
1642 4657 1657 4682 ,
1710 4617 1803 4671 sed
1839 4618 2007 4674 solius

419 4701 747 4759 cnrialitatis
791 4702 1157 4772 adiunguntur
1198 4721 1212 4758 :
1263 4706 1719 4775 quemadmodum
1768 4702 1919 4776 patet
1955 4708 2006 4761 in

422 4799 524 4851 hac
551 4802 665 4849 aut.
711 4792 759 4849 0
781 4794 988 4848 beatum
1022 4806 1170 4865 pout.
1194 4796 1326 4851 Cum
1354 4798 1498 4851 enim
1533 4798 1633 4851 ista
1659 4797 1730 4851 sit
1757 4804 2007 4853 secunda:

417 4886 735 4943 differentia:
779 4886 1024 4940 authenli
1060 4888 1223 4956 proli,
1260 4887 1501 4960 plerique
1528 4888 1615 4943 illa
1646 4888 1890 4960 neglecta
1922 4899 2002 4944 ta-

414 4994 541 5036 men
572 4980 620 5034 ei
653 4977 1017 5035 dilIereutiatn
1035 4978 1293 5047 adaptant
1325 4994 1339 5032 :

521 5068 855 5124 chulorum
886 5084 1060 5123 amen.
1103 5066 1148 5122 0
1188 5066 1396 5121 beatum
1432 5068 1751 5138 pontiﬁcem.

484 5162 592 5217 Illas
636 5173 819 5215 autem
853 5168 1028 5229 neque
1076 5167 1448 5229 competentes
1479 5171 1655 5228 neque
1685 5159 2003 5215 necessariae

413 5263 561 5319 sunt,
593 5244 713 5322 quas
753 5268 859 5308 nou
912 5252 964 5307 in
997 5261 1146 5307 recto
1177 5262 1390 5314 tenore,
1438 5251 1532 5305 sed
1564 5252 1856 5306 secundum
1884 5251 2004 5306 libi-

416 5357 527 5401 tum
577 5346 890 5401 canentium
935 5345 1283 5413 adaptantur,
1338 5352 1398 5399 ut
1440 5343 1543 5399 ista
1598 5361 1613 5397 :
1670 5341 2002 5398 Sa’culorum

412 5454 586 5492 acuen.
628 5437 742 5492 Nos
768 5438 856 5507 qui
882 5438 1118 5501 vivimus,
1143 5446 1247 5491 etc.
1281 5436 1390 5491 Sed
1424 5444 1481 5491 et
1529 5435 1635 5491 illa:
1662 5435 2001 5506 differentia}

412 5546 550 5601 quas
575 5531 794 5601 quidam
818 5530 1150 5586 differentias
1181 5545 1301 5585 esse
1344 5538 1694 5599 asseverant,
1734 5545 1839 5585 non
1881 5530 2001 5587 dico

486 5712 599 5785 (ΩΟ)
630 5712 779 5769 Nota:
802 5710 1020 5767 musicae
1048 5708 1265 5765 desunt.

2065 3101 2109 3164 ϐ
2140 3142 2238 3198 Est
2300 3154 2482 3199 autem
2532 3147 2842 3203 certissime
2886 3148 3133 3204 authenti
3195 3151 3316 3206 triti
3366 3153 3415 3206 in
3466 3101 3654 3222 pergulis

2177 502 2372 561 delicet
2421 523 2585 564 unum
2626 514 2940 570 saeculorum
2985 535 3139 574 amen
3190 522 3323 578 nulla
3366 540 3650 596 partem

2175 605 2405 662 quenter
2464 599 2933 670 diversificatum,
2998 608 3182 665 mult'w
3233 616 3459 673 cautibus
3505 623 3651 679 diversa

2172 686 2443 757 principia
2494 692 2825 751 habentibus
2871 698 3199 771 adjungitur.
3243 704 3490 776 Siquidem
3526 718 3654 772 exbis

2170 777 2299 875 Ant.
2335 779 2528 875 Tecum
2556 787 2895 857 principium.
2930 791 2997 845 Et
3034 791 3204 849 Biduo
3247 800 3423 863 vit-un,
3449 818 3545 858 cum
3577 823 3655 875 pro-

2172 871 2293 938 prie
2339 873 2499 942 primi
2553 878 2662 933 toni
2714 880 2845 948 sint,
2878 884 3098 951 quidam
3128 887 3261 943 duas
3297 871 3657 951 diderentias'ss-

2170 976 2440 1033 pervacne
2469 965 2699 1024 faciunt.
2724 970 2861 1027 Nam
2892 974 2936 1028 si
2965 975 3178 1032 diversa
3206 980 3452 1050 principia
3475 997 3655 1041 cantum

2171 1053 2491 1113 differentiis
2525 1074 2809 1116 numerum
2859 1063 3088 1131 darent,
3134 1068 3305 1124 multo
3346 1070 3500 1141 plures
3534 1088 3657 1132 essent

2167 1147 2486 1238 differentia:
2515 1151 2570 1206 in
2621 1155 2915 1226 hypolidio,
2953 1161 3258 1229 mixolidio,
3294 1174 3348 1220 et
3390 1167 3658 1238 hypomisoli-

2168 1237 2279 1304 dio,
2306 1253 2468 1308 quam
2498 1259 2641 1299 nunc
2670 1255 2813 1300 sunt.
2857 1246 2990 1314 Quae
3029 1251 3213 1306 omnia
3264 1254 3317 1308 in
3361 1237 3538 1310 tonario
3570 1261 3657 1313 satis

2170 1330 2452 1397 patehnut.
2514 1334 2775 1392 Volumus
2821 1350 3002 1396 autem
3052 1342 3313 1399 lectorem
3375 1348 3525 1413 scire,
3561 1354 3655 1418 quod

2163 1419 2232 1474 de
2286 1421 2389 1478 illis
2422 1424 2691 1492 diximus;
2738 1429 2871 1485 alias
2917 1441 3119 1501 autem,
3152 1437 3402 1504 quoniam
3442 1440 3656 1506 superﬂuas

2161 1522 2512 1584 repntamus,
2559 1517 2942 1589 relinquimus.
2992 1522 3105 1580 Nec
3154 1529 3547 1596 praetereundum
3585 1544 3656 1595 est,

2161 1603 2303 1672 quod
2355 1604 2409 1659 in
2458 1604 2739 1665 ferialibus
2786 1614 3137 1685 antiphouis,
3187 1619 3242 1673 in
3286 1620 3467 1688 quibus
3505 1623 3657 1677 ruinime

2163 1696 2442 1760 convenit,
2484 1699 2774 1768 plurimum
2823 1705 3176 1777 delinquitur,
3230 1724 3448 1779 quarum
3487 1715 3659 1782 quasdam

2161 1802 2268 1842 non
2297 1798 2445 1846 recte
2473 1792 2817 1862 emittuntur,
2845 1798 3095 1866 quaedam
3139 1801 3442 1873 incongruis
3478 1804 3656 1859 differe»

2160 1880 2250 1935 tiis
2296 1891 2593 1953 reguntur,
2639 1888 2889 1957 quaedam
2938 1899 3172 1963 utroque
3223 1893 3524 1965 illegalitatis
3553 1898 3659 1952 morio

2155 1970 2477 2030 efferuntur.
2506 1975 2675 2042 Quem
2708 1978 3062 2049 multiplicem
3103 1996 3351 2041 errorem
3392 1986 3432 2040 is
3457 1987 3658 2057 perspicue

2156 2064 2322 2131 videt,
2362 2067 2455 2137 qui
2503 2078 2755 2124 tonorum
2806 2072 2889 2128 vel
2943 2073 3219 2129 modicam
3273 2077 3497 2132 notitiam
3535 2078 3656 2133 habet.

2156 2154 2297 2210 Sunt
2348 2170 2530 2214 autem
2579 2160 2882 2231 hujusmadi
2932 2165 3250 2235 antiphonze
3296 2184 3327 2222 a
3362 2170 3655 2224 rusticaan

2155 2247 2374 2304 incultis
2400 2249 2614 2307 clericis
2655 2269 2751 2323 per
2794 2253 3150 2311 iudiscretam
3180 2257 3478 2330 vulgarium
3499 2274 3655 2314 accm-

2150 2352 2271 2395 rum
2321 2340 2816 2399 considerationem
2863 2345 3170 2416 depravata:
3230 2366 3247 2403 :
3294 2350 3655 2419 quemadmodum

2145 2437 2296 2498 patet
2325 2431 2378 2487 ia
2409 2433 2535 2487 Ant.
2564 2432 2726 2489 Facti
2746 2453 2948 2492 sumus.
2982 2438 3111 2495 ihec
3142 2441 3298 2495 enim
3327 2443 3451 2498 adeo
3477 2457 3656 2513 perversa

2145 2529 2251 2587 est,
2283 2531 2341 2577 ut
2365 2538 2490 2578 cum
2513 2525 2829 2581 sa'culorum
2854 2545 3009 2583 auten
3030 2569 3045 2594 ,
3076 2533 3227 2600 quod
3255 2532 3305 2587 ei
3338 2533 3546 2603 adaptari
3567 2532 3657 2586 solet

2145 2612 2199 2668 in
2236 2617 2625 2681 monochordo,
2658 2619 2969 2676 nullatenus
3008 2624 3225 2677 cantari
3256 2624 3447 2690 valeat,
3472 2628 3659 2679 alterutro

2143 2706 2453 2764 deficiente.
2511 2709 2581 2766 Ut
2630 2721 2811 2766 autem
2864 2712 2966 2768 ista
3017 2713 3347 2784 depravatio
3400 2716 3656 2772 manifestius

2143 2797 2411 2863 videatur,
2452 2799 2787 2870 praemissam
2830 2811 2944 2861 ant.
2976 2803 3373 2874 irregularibus
3400 2806 3655 2860 uenmisno-

2144 2898 2312 2943 tatam
2361 2890 2525 2945 simul
2566 2907 2691 2947 cum
2737 2892 3051 2948 circulorum
3099 2911 3263 2951 amen
3314 2896 3651 2966 supponimus:

2142 2980 2473 3038 Sa'culorum
2509 3000 2683 3038 anteit.
2728 2982 2887 3039 Facti
2931 3002 3115 3041 sanius
3146 2988 3291 3043 sicut
3319 2988 3541 3044 consolati
3561 2986 3652 3055 (Si).

3544 3079 3576 3134 Ε

3544 3079 3576 3134 Ε

2136 3250 2321 3290 meson
2361 3237 2679 3292 emittenda.
2713 3237 2941 3294 Posseut
2987 3254 3044 3295 et
3086 3240 3213 3295 alia:
3244 3241 3300 3297 in
3346 3241 3477 3297 hunc
3500 3240 3653 3295 modum

2132 3335 2402 3397 corruptae
2444 3327 2587 3383 facili
2632 3330 2767 3385 satis
2798 3331 3099 3385 mutatione
3129 3333 3432 3395 emendari,
3456 3332 3514 3397 si,
3542 3329 3652 3384 alsit

2130 3417 2338 3483 Beruo,
2374 3418 2567 3474 vitiosa
2622 3416 2959 3477 consuetudo
3009 3421 3079 3476 ab
3126 3437 3230 3479 ore
3269 3423 3549 3480 canentium
3582 3418 3655 3473 ullo

2131 3507 2293 3562 modo
2318 3520 2502 3579 posset
2530 3509 2709 3564 evelli.
3386 3510 3389 3511 ⁷

2363 3598 2556 3658 XXIII.
2592 3602 2670 3658 De
2716 3604 3044 3672 diaplionia,
3074 3604 3129 3657 id
3176 3614 3258 3658 est
3302 3619 3504 3675 organo.

2198 3689 2449 3748 Breviter
2473 3709 2619 3748 nunc
2647 3703 2703 3765 et
2727 3695 3008 3750 succincte
3040 3695 3107 3750 de
3129 3695 3426 3766 diaphonia
3452 3694 3651 3748 disserere

2125 3781 2402 3848 volumus;
2442 3793 2713 3852 quatenus
2738 3784 2963 3841 lectoris
2987 3786 3240 3841 aviditati
3288 3788 3342 3841 in
3375 3787 3470 3841 hac
3498 3794 3653 3854 quoque

2125 3888 2184 3929 re
2209 3873 2633 3939 satisfaciamus,
2659 3887 2923 3945 quantum
2951 3879 3393 3951 possumns..Est
3429 3892 3540 3947 ergo
3571 3876 3650 3928 dis-

2122 3967 2325 4038 phonia
2352 3982 2590 4036 congrua
2630 3983 2826 4024 vocum
2870 3970 3241 4034 dissonantia,
3273 3987 3394 4043 qua:
3431 3972 3490 4026 ad
3528 3968 3651 4022 minus

2120 4075 2221 4130 per
2255 4058 2394 4114 duos
2444 4069 2736 4114 cantantes
2790 4060 2975 4131 agitur
3007 4075 3022 4112 :
3055 4060 3129 4114 ita
3176 4062 3425 4129 scilicet,
3461 4059 3653 4114 nullas

2122 4160 2327 4205 rectam
2376 4151 2798 4205 modulationem
2853 4159 3107 4217 tenente,
3161 4151 3309 4207 alter
3362 4166 3453 4221 per
3502 4148 3649 4203 aliaat

2121 4256 2285 4296 sonos
2317 4249 2443 4311 apte
2470 4242 2748 4308 circneat,
2796 4250 2854 4296 ct
2898 4242 2951 4295 in
3000 4242 3233 4313 singulis
3278 4239 3650 4314 respirationibus

2118 4335 2280 4391 ambo
2313 4336 2367 4391 in
2397 4337 2589 4392 eadem
2618 4350 2751 4391 voce
2774 4378 2791 4404 ,
2824 4336 2906 4390 vel
2939 4352 3036 4408 per
3065 4337 3334 4408 diapason
3373 4335 3645 4411 conveniant-

2116 4424 2218 4492 Qni
2249 4426 2478 4480 canendi
2509 4426 2700 4481 modus
2729 4426 3028 4498 vnlgariter
3054 4443 3326 4497 organum
3354 4428 3567 4482 dicitur:
3604 4436 3648 4473 eo

2115 4517 2257 4587 quod
2295 4533 2396 4574 vox
2428 4518 2664 4573 humana
2695 4528 2823 4590 apte
2856 4518 3147 4575 dissonans
3177 4519 3562 4575 similitudinem
3583 4527 3645 4567 ct-

2113 4609 2311 4680 primat
2337 4610 2714 4676 instrumenti,
2753 4610 2896 4682 quod
2944 4626 3215 4682 organum
3262 4622 3495 4668 vocatur.
3525 4609 3645 4662 later-

2114 4709 2367 4769 pretatnr
2388 4711 2568 4756 autem
2595 4702 2885 4773 diaphonia
2910 4705 3086 4759 dualis
3108 4720 3206 4759 vox
3238 4706 3327 4760 vel
3353 4700 3641 4759 dissonantia-

2113 4791 2219 4847 Sed
2246 4803 2538 4863 antequam
2571 4794 2923 4864 organizandi
2954 4803 3222 4865 praecepta
3252 4796 3459 4859 demus,
3486 4795 3540 4846 de
3561 4803 3642 4842 ωοο

2111 4887 2253 4941 tibus
2283 4900 2507 4951 vocum,
2541 4902 2772 4958 quorum
2798 4888 3167 4943 consideratio
3194 4886 3265 4942 ad
3301 4889 3402 4943 hoc
3426 4881 3636 4954 negotium

2110 4979 2257 5034 utilis
2286 4988 2369 5034 est
2404 4994 2577 5052 pauca
2633 4981 3014 5051 perstringere
3060 4980 3334 5035 volumus.
3382 4979 3505 5034 Cum
3538 4972 3638 5028 enim

2106 5085 2371 5143 organum
2419 5087 2519 5142 per
2566 5073 2954 5127 cousonantias
3020 5072 3147 5137 fiat,
3213 5071 3451 5142 ipsarum
3508 5073 3638 5117 alim”

2105 5164 2522 5219 constitutiones
2544 5179 2641 5234 per
2660 5172 2837 5220 motus
2881 5179 3072 5219 vocum
3104 5164 3404 5225 varientur,
3430 5158 3552 5230 quod
3574 5169 3641 5207 τοο

2106 5271 2223 5310 rum
2258 5256 2487 5311 insertio
2511 5258 2615 5311 hoc
2644 5256 2696 5311 in
2726 5256 2847 5313 loco
2874 5256 3023 5313 utilis
3048 5257 3151 5320 sit,
3179 5255 3313 5310 nulli
3345 5253 3543 5309 dubium
3563 5254 3635 5299 est

2105 5349 2267 5404 Fiunt
2294 5356 2476 5404 autem
2513 5364 2704 5405 vocum
2757 5352 3027 5407 motiones
3063 5366 3160 5421 per
3203 5351 3361 5405 arsin
3391 5357 3444 5404 et
3470 5340 3631 5400 thesil.

2105 5365 2267 5404 nunt
2294 5365 2476 5404 autem
2513 5365 2704 5405 vocum
2757 5365 3027 5407 monones
3063 5366 3160 5421 per
3203 5365 3361 5405 arsm
3391 5365 3444 5404 et
3470 5365 3631 5400 mean.

2102 5441 2156 5497 id
2182 5449 2298 5508 est,
2348 5456 2446 5512 per
2493 5442 2853 5498 elevationem
2900 5453 2956 5498 ct
2999 5442 3409 5513 depositionem.
3447 5365 3655 5527 Quota?!

2102 5531 2352 5587 videlicet
2382 5532 2524 5588 arsis
2548 5540 2603 5587 et
2635 5533 2803 5590 thesis
2826 5534 3003 5590 omnis
3033 5549 3227 5591 ncuma
3258 5541 3454 5603 prater

2173 5710 2286 5784 (ait)
2316 5709 2451 5769 Cum
2482 5709 2701 5769 notulis.
