3836 6320
120 351 242 411 ιω

1592 334 1637 391 Μ
1648 336 1689 395 U
1697 336 1869 395 SICA.

1926 192 1949 247 *τ

3228 340 3368 395 “50

116 485 196 528 ces
236 474 287 522 et
320 466 670 533 ‘repercussas
713 452 966 529 gemella'
988 455 1227 512 motione
1276 452 1681 510 conformatur.
1711 436 1761 494 Α
1789 466 1951 522 quam
1977 459 2160 508 autem
2203 468 2325 525 qua:
2367 452 2633 518 diximus,
2664 451 2906 507 studioso
2944 449 3132 506 lectori
3170 449 3373 520 liquida

120 558 407 628 Simplicem
455 561 637 607 autem
686 564 938 607 ueumam
987 547 1219 604 dicimus
1274 544 1545 617 virgulam
1596 546 1683 600 vel

118 658 382 721 punctunt;
430 656 805 714 repereussam
852 655 1012 705 vero,
1045 654 1207 708 quam
1254 637 1431 692 Berno
1486 635 1685 691 distre-

118 745 261 815 pham
304 737 385 794 vel
416 736 771 815 tristmpltam
820 741 996 789 vocat.
1028 730 1183 786 Arsis
1212 737 1391 784 autem
1433 734 1486 784 et
1516 726 1683 783 thesis

118 804 367 889 interdum
419 804 984 897 sibimetjunguntur,
1034 830 1094 876 ut
1141 820 1282 876 arsis
1318 818 1465 884 arsi,
1514 816 1685 872 thesis

117 923 244 979 thesi
261 966 276 991 ,
308 920 575 976 interdum
604 918 772 973 altera
796 916 974 982 alteri,
999 923 1059 971 ut
1083 914 1223 970 arsis
1247 912 1407 969 tltesi.
1431 911 1539 967 Sed
1569 911 1682 980 ipsa

118 1015 303 1086 iunctio
332 1012 530 1083 partim
562 1010 622 1065 ﬁt
647 1025 713 1065 ex
750 1008 1021 1065 similibus
1046 1008 1338 1073 motibus,
1366 1004 1565 1077 partim
1610 1018 1678 1057 ex

112 1107 463 1164 dissimilibus.
496 1095 797 1160 Dissimiles
823 1103 1025 1173 quippe
1072 1109 1252 1156 motus
1295 1100 1434 1155 ﬁunt
1467 1099 1517 1153 in
1545 1112 1684 1168 prae-

116 1203 243 1256 dicta
268 1200 581 1270 junctione,
613 1212 737 1252 cum
763 1196 905 1251 alius
934 1195 1042 1249 alio
1070 1193 1255 1264 plures
1282 1191 1367 1247 vel
1398 1190 1683 1262 pauciores

117 1292 266 1347 habet
318 1304 517 1354 voces,
572 1287 689 1342 sive
732 1286 909 1357 magis
943 1284 1299 1352 eonjunctas,
1346 1281 1461 1337 sive
1510 1277 1683 1348 magis

116 1382 418 1452 disjunctas.
446 1380 505 1435 ln
528 1377 909 1448 conjunctione
957 1385 1143 1451 autem
1170 1372 1424 1429 similiter
1450 1370 1538 1427 vel
1573 1370 1685 1426 dis-

110 1477 339 1535 similiter
362 1476 509 1532 facta
544 1472 923 1529 motus>motui
954 1480 1071 1527 tum
1117 1469 1443 1541 praepositus
1473 1464 1684 1521 inveni-

108 1581 204 1635 tur,
217 1578 270 1624 ut
283 1569 334 1623 in
358 1565 733 1639 superioribus
754 1564 964 1635 positus
982 1580 998 1630 ;
1027 1574 1139 1617 tum
1161 1559 1505 1631 suppositus,
1522 1557 1577 1614 id
1590 1549 1699 1614 est

107 1661 156 1715 in
187 1655 527 1714 inferioribus
557 1656 798 1729 positus;
839 1663 951 1709 tum
975 1652 1292 1723 appositus,
1326 1665 1451 1706 cum
1488 1648 1540 1703 in
1572 1663 1681 1719 qua

108 1766 220 1807 voce
235 1751 454 1806 ﬁnisest
471 1747 850 1821 praecedentis,
866 1745 1193 1817 principium
1220 1751 1305 1800 est
1336 1755 1681 1813 consequen-

105 1846 196 1910 tis;
223 1852 326 1898 tum
355 1841 743 1911 interpositus,
774 1855 898 1895 cum
932 1853 1072 1892 unus
1108 1844 1289 1892 motus
1326 1834 1467 1889 infra
1509 1832 1677 1887 alium

104 1934 293 2005 positus
316 1943 371 1990 et
406 1933 583 1988 minus
597 1941 679 1987 est
702 1931 909 2003 gravis,
924 1938 979 1985 ct
998 1928 1178 1985 minus
1201 1935 1285 1984 est
1310 1934 1534 1992 acutus;
1562 1934 1676 1979 tum

104 2027 286 2081 mixtus
314 2026 364 2081 id
398 2032 484 2081 est
511 2024 709 2096 partim
735 2022 1108 2095 interpositus,
1129 2021 1323 2092 partim
1342 2018 1675 2090 suppositus,

103 2127 186 2174 aut
211 2118 561 2189 przepositus,
612 2125 708 2173 aut
752 2113 1053 2187 appositus.
1106 2113 1179 2168 De
1224 2113 1308 2169 bis
1350 2111 1605 2166 omnibus
1633 2109 1679 2165 si

102 2208 327 2280 exempla
356 2209 544 2264 darem
566 2248 581 2273 ,
614 2207 832 2262 taedium
856 2207 1039 2277 potius
1065 2204 1295 2272 lectori,
1324 2218 1486 2274 quam
1516 2200 1682 2281 proﬁ-

106 2317 251 2355 cuum
278 2299 446 2354 nimia
496 2298 812 2371 prolixitate
852 2298 1194 2369 ingererent,
1223 2296 1524 2368 praesertim
1557 2309 1681 2350 cum

104 2391 207 2446 hac
233 2390 414 2446 omnia
442 2405 541 2460 per
564 2405 622 2445 se
652 2388 837 2445 videre
874 2374 1043 2459 possit
1068 2429 1083 2454 ,
1130 2386 1375 2458 quisquis
1398 2378 1401 2379 ν
1424 2394 1680 2441 cantuum

104 2482 315 2552 diligens
340 2482 704 2554 investigator
724 2480 911 2537 fuerit.
931 2481 1225 2537 Variantur
1246 2479 1447 2536 eaedem
1470 2493 1683 2533 neumte

104 2573 152 2627 in
191 2573 425 2630 motibus
452 2573 565 2630 suis
595 2572 896 2629 secundum
940 2571 1187 2629 diversas
1237 2573 1520 2627 modorum
1551 2586 1679 2643 pro-

103 2662 364 2732 prietates.
413 2660 584 2733 Cujus
629 2661 708 2716 rei
758 2661 1065 2732 exemplum
1097 2660 1364 2730 subjicere
1396 2656 1680 2728 volumus,

104 2762 157 2807 ut
181 2753 298 2809 inde
323 2768 435 2810 non
464 2752 642 2808 solum
670 2752 888 2808 discens
914 2752 1237 2824 orgauizare
1264 2751 1516 2824 proficiat
1534 2792 1551 2819 ,
1586 2740 1684 2807 sed

103 2853 153 2899 et
195 2860 387 2899 novum
464 2852 687 2899 cantum
711 2858 1046 2915 componere
1099 2843 1325 2916 cupiens
1368 2842 1683 2900 modulandi

105 2932 377 2990 formulam
408 2934 627 2991 habeat.

210 3093 365 3149 DFE
442 3093 663 3150 FGEF
735 3093 780 3149 Β

200 3185 411 3240 Ancilla
441 3184 639 3241 Christi
685 3202 803 3241 sum
843 3185 961 3241 ideo
985 3202 1068 3241 nte
1096 3186 1313 3242 ostendo
1341 3186 1578 3242 servilem
1648 3252 1653 3255 ι

741 3272 1042 3321 personam.

167 3398 463 3457 Considera
492 3398 692 3463 etiam,
719 3396 913 3468 quodsi
958 3404 1182 3452 cantum
1228 3394 1370 3464 proti
1412 3395 1467 3450 in
1520 3410 1682 3451 cursu

104 3488 302 3544 deuteri
344 3488 515 3545 simili
556 3503 748 3544 vocum
790 3485 1150 3556 dispositione
1192 3480 1534 3549 cantaveris,
1562 3500 1685 3556 per-

104 3595 313 3652 parvam
343 3581 556 3637 videbis
587 3578 1126 3636 disconvenientiam.
1152 3578 1299 3634 idem
1332 3578 1475 3633 inter
1497 3578 1684 3632 tritum

106 3672 505 3743 tetrardumque
537 3673 653 3727 ﬁeri
680 3671 839 3728 ‘solet.
870 3670 968 3726 llis
998 3670 1072 3726 ita
1099 3671 1483 3741 compendiose
1510 3669 1683 3726 inscr-

106 3762 168 3817 tis
211 3765 275 3818 ad
320 3764 676 3834 diapltoniam
729 3764 1037 3820 redeamus;
1086 3763 1164 3820 Ea
1221 3764 1422 3819 diversi
1471 3763 1687 3819 diverse

105 3867 339 3914 utuntur.
394 3858 665 3914 Caeterum
712 3858 801 3913 ltic
843 3855 1139 3913 facillimus
1183 3858 1301 3929 ejus
1336 3871 1468 3913 usus
1494 3866 1605 3921 est,
1638 3857 1684 3912 si

104 3957 334 4003 motuum
369 3948 613 4003 varietas
646 3947 935 4018 diligenter
962 3946 1341 4003 consideretur
1375 3965 1388 4001 :
1424 3956 1482 4002 ut
1508 3948 1598 4004 ubi
1629 3948 1683 4002 in

103 4047 242 4094 recta
276 4038 649 4096 modulatione
678 4049 762 4093 est
786 4038 1046 4103 elevatio,
1097 4037 1170 4094 ibi
1204 4038 1257 4093 in
1292 4040 1549 4111 organica
1592 4039 1687 4095 ﬁat

102 4131 354 4201 depositio
403 4139 459 4187 et
505 4146 536 4187 e
580 4146 865 4187 converso.
900 4129 1300 4187 Providendum
1344 4146 1559 4202 quoque
1600 4141 1685 4187 est

99 4221 472 4293 organizanti,
505 4230 564 4276 ut
603 4220 647 4277 si
691 4228 839 4275 recta
868 4220 1170 4297 modulatio
1198 4221 1252 4276 in
1287 4221 1541 4292 gravibus
1568 4235 1685 4275 mo-

101 4329 207 4369 ram
237 4313 462 4380 fecerit,
502 4314 616 4384 ipse
662 4313 717 4369 in
766 4313 941 4369 acutis
984 4312 1233 4368 canendo
1280 4329 1380 4384 per
1419 4314 1682 4383 diapason

99 4415 379 4471 occurrat;
416 4404 501 4460 sin
548 4417 679 4461 vero
710 4404 762 4458 in
787 4404 995 4470 acutis,
1030 4403 1147 4475 ipse
1189 4403 1244 4459 in
1283 4404 1543 4476 gravibus
1585 4420 1683 4475 per

100 4497 349 4569 diapason
376 4498 728 4555 concordiam
758 4498 922 4554 faciat
951 4518 963 4554 :
998 4500 1183 4555 cantui
1221 4508 1402 4555 autem
1447 4501 1499 4555 in
1532 4516 1681 4557 mese

97 4589 177 4645 vel
216 4591 366 4646 circa
417 4604 566 4646 mese
603 4591 956 4664 pausationes
990 4588 1211 4646 facienti
1239 4591 1293 4647 in
1332 4592 1522 4648 eadem
1550 4608 1684 4651 voce

99 4682 438 4750 respondeat.
976 4704 980 4709 ·

162 4770 573 4829 Observandum
603 4781 715 4840 est,
748 4783 806 4828 ut
844 4790 1111 4845 organum
1153 4775 1229 4831 ita
1262 4784 1498 4844 texatur,
1536 4765 1683 4838 nun'e

95 4859 149 4915 in
185 4863 374 4919 eadem
403 4880 571 4932 voce,
602 4880 745 4919 nunc
778 4879 876 4933 per
903 4865 1168 4934 diapason
1214 4867 1525 4924 alternatim
1558 4870 1682 4937 ﬁat;

93 4953 285 5023 saepius
318 4962 501 5011 tamen
528 4964 583 5011 et
606 4954 943 5011 commodius
973 4956 1026 5011 in
1054 4957 1246 5014 eadem
1292 4974 1446 5016 voce.
1477 4964 1678 5029 Quam—

162 5130 278 5273 ἱὶὲ)
318 5135 530 5193 Desunt
555 5148 696 5195 nota:
725 5138 967 5195 musicae.

185 5203 276 5273 25)
318 5208 560 5273 Quatuor
584 5211 697 5266 haec
720 5208 897 5273 capita
924 5224 967 5263 su

136 5203 276 5284 _(2§)
318 5208 560 5274 Quatuor
584 5211 699 5285 haec
720 5208 897 5278 capita
924 5211 1175 5285 superius
1197 5214 1453 5273 distincte
1476 5228 1682 5285 notata,

99 5278 182 5355 irit:
212 5278 265 5327 in
295 5292 462 5332 unum
493 5281 911 5355 contrahuntur,
940 5278 1065 5350 quia
1098 5288 1374 5355 pertinent
1422 5288 1492 5345 ad
1528 5278 1684 5347 tona;

99 5354 231 5397 l'llllll
255 5383 273 5414 ,
299 5361 461 5420 quem
494 5351 814 5409 omittimus.

1788 544 1920 611 sint,
1945 543 2194 600 volumus
2216 554 2392 600 tamen
2417 560 2641 616 parvum
2658 543 2963 615 exemplum
2986 541 3377 599 benevolentiae

1788 652 1950 693 causa
1976 638 2265 695 adducere.
3124 647 3132 655 ‘

2095 720 2331 786 Laitdate
2359 730 2642 785 Dominum
2669 730 2733 785 de
2769 729 2919 785 caelis
2934 729 3069 801 (22).

1857 823 2314 880 Animadvertere
2344 824 2507 880 etiam
2531 824 2718 889 debes,
2747 823 2891 895 quod
2923 822 3170 893 quamvis
3193 836 3294 894 ego
3317 821 3373 876 in

1787 918 2127 988 sumplicibus
2156 918 2414 988 :motibus
2464 917 2695 988 simplex
2748 932 3009 989 organum
3060 914 3371 987 posuerim,

1787 1009 2005 1065 cuilibet
2030 1020 2209 1065 tamen
2235 1009 2576 1082 organizanti
2604 1008 2879 1079 simplices
2902 1018 3077 1063 motus
3098 1006 3376 1079 duplicare

1786 1101 1873 1158 vel
1925 1101 2237 1173 triplicare,
2270 1101 2358 1157 vel
2399 1099 2595 1172 quovis
2629 1101 2788 1157 modo
2829 1109 3201 1171 competenter
3240 1114 3374 1155 con-

1786 1194 2007 1265 globare
2036 1195 2081 1249 si
2113 1193 2349 1251 voluerit
2369 1194 2517 1249 licet.
2553 1194 2621 1249 Et
2661 1195 2730 1250 de
2758 1193 3048 1265 diapltonia
3077 1192 3220 1248 istud
3255 1200 3374 1247 tan.

1788 1287 1959 1343 tillum
1987 1302 2086 1343 nos
2115 1286 2322 1344 dixisse
2352 1286 2604 1344 sufﬁciat.

1928 1378 2123 1436 XXIV.
2164 1381 2243 1437 De
2276 1380 2446 1436 modis
2474 1390 2727 1436 eteorum
2748 1380 3058 1450 differentiis
3093 1378 3233 1451 (25).
3276 1394 3279 1397 λ

1870 1467 1989 1525 Jam
2040 1487 2185 1528 nune
2246 1471 2438 1529 modos
2478 1485 2578 1542 per
2620 1470 2802 1527 omnia
2852 1469 3374 1542 exempliﬁcaturus,

1787 1563 2144 1634 qutestionem
2201 1564 2543 1636 quorundam
2593 1554 3134 1620 de'differentiarum
3187 1565 3380 1622 ordine

1786 1656 2040 1712 videlicet
2104 1673 2203 1713 cur
2236 1673 2361 1713 eum
2412 1656 2661 1713 ordinem
2713 1648 2955 1713 habeant
2982 1671 3142 1727 quem
3178 1650 3395 1715 habent,

1787 1746 1865 1820 [f.
1918 1748 2273 1821 proponam].
2345 1748 2459 1819 Ego
2527 1758 2711 1804 autem
2788 1747 2989 1803 nullam
3072 1740 3233 1820 hujus
3299 1750 3379 1805 rei

1787 1857 2012 1898 causam
2081 1842 2188 1897 nisi
2254 1841 2429 1898 solum
2493 1857 2653 1897 usum
2698 1842 2951 1907 invenio;
3010 1842 3104 1896 sed
3162 1856 3263 1896 nec
3313 1844 3382 1899 ab
3440 1892 3441 1897 η

1786 1934 1895 1989 ullo
1931 1935 2262 1991 musicorum
2310 1934 2569 2005 scriptam
2615 1934 2816 2005 reperi.
2879 1929 3015 1989 Nam
3051 1934 3197 2003 quod
3250 1934 3374 2003 qui-

1787 2028 1912 2082 dam
1968 2027 2185 2093 dicunt,
2229 2042 2323 2083 eas
2369 2027 2666 2083 secundum
2716 2026 3136 2096 antipltonarum
3194 2020 3381 2095 dispo-

1788 2120 2039 2174 sitionem
2104 2119 2158 2173 in
2216 2118 2600 2188 antipltonario
2664 2132 2787 2172 esse
2849 2117 3163 2179 ordinatas,
3249 2116 3379 2169 illud

1788 2225 1895 2265 non
1947 2211 2021 2264 ita
2066 2224 2188 2265 esse
2229 2208 2314 2264 vel
2358 2208 2522 2263 idiota
2560 2209 2846 2263 advertere
2880 2215 3078 2278 potest.
3112 2204 3221 2260 Nec
3276 2207 3378 2260 hoc

1786 2301 2206 2374 praetermittere
2232 2300 2450 2366 curavi,
2497 2299 2641 2371 quod
2679 2300 2881 2355 rectius
2911 2298 3046 2354 mihi
3077 2296 3271 2353 fecisse
3301 2298 3383 2350 vi-

1787 2394 2009 2461 dentur,
2057 2392 2149 2463 qui
2182 2392 2503 2463 principalia
2560 2392 2877 2447 sweulorum
2932 2407 3110 2446 amen-
3141 2390 3384 2446 omnium

1788 2485 2071 2540 modorum
2101 2470 2403 2556 simplicem
2436 2498 2689 2539 neumam
2718 2484 2772 2538 in
2807 2482 2915 2540 ﬁne
2943 2483 3145 2539 habere
3189 2496 3384 2538 sanxe-

1789 2585 1948 2643 runt,
1979 2590 2140 2647 quam
2171 2574 2264 2646 qui
2294 2574 2455 2629 aliter
2481 2590 2543 2630 ea
2570 2574 2975 2645 disposuerunt.
3009 2571 3072 2627 iii
3108 2572 3255 2627 enim
3286 2570 3385 2625 ali-

1788 2680 1953 2737 quam
1984 2665 2199 2721 cantori
2232 2663 2616 2721 certitudinem
2639 2665 2952 2731 conferunt,
2984 2662 3060 2718 illi
3084 2676 3391 2733 nunquam.

1796 2755 1943 2812 Neve
1971 2755 2095 2827 quis
2122 2756 2398 2811 existimet
2423 2755 2490 2810 de
2513 2754 2839 2827 etymologia
2869 2752 3180 2809 ofﬁcialium
3207 2751 3385 2807 uomi-

1798 2863 1964 2914 num,
2002 2857 2064 2902 ut
2111 2856 2197 2904 est
2237 2860 2620 2918 responsorum
2654 2848 2722 2903 et
2768 2846 3186 2917 antipltonarum
3213 2853 3383 2911 ,etc.,

1790 2940 1919 2996 talia
1944 2955 2031 2995 me
2055 2938 2351 3008 dicturum,
2382 2938 2511 2994 illud
2542 2939 2810 3010 imprimis
2842 2940 3044 2995 abnuo.
3071 2936 3216 2994 Satis
3239 2935 3383 2992 enim

1789 3030 1926 3086 mihi
1968 3038 2089 3098 est,
2141 3029 2188 3086 si
2234 3023 2511 3102 propesita
2556 3031 2625 3085 ad
2656 3031 2873 3102 plenum
2920 3027 3114 3100 exequi
3162 3018 3385 3098 possim.

1711 3160 1758 3222 Ο
1793 3121 1977 3222 Scire.
1984 3135 2049 3178 ea
2078 3122 2386 3193 cupientem
2423 3121 2492 3177 ad
2522 3120 2720 3178 librum
2746 3121 2936 3177 lsidori
2956 3163 2971 3189 ,
3009 3120 3102 3222 qui
3138 3118 3382 3222 intitula-

1792 3222 1881 3269 tur
1928 3210 2421 3286 Etymologiarum,
2469 3211 2556 3268 vel
2609 3213 2773 3268 etiam
2822 3212 2890 3268 ad
2941 3210 3205 3267 Amalarii
3253 3208 3385 3265 utile

1790 3322 1929 3379 opus
1975 3306 2053 3361 ire
2094 3306 2275 3377 iubeo.
2342 3305 2456 3361 Hoc
2504 3319 2721 3379 quoque
2769 3304 3061 3369 recusabo,
3120 3311 3180 3360 ut
3231 3316 3385 3357 more

1789 3397 2058 3453 Bernonis
2087 3397 2359 3452 lunarium
2394 3396 2680 3467 disponam
2715 3413 2727 3449 :
2771 3390 3021 3450 videlicet
3070 3403 3129 3449 ut
3178 3396 3394 3449 nonan"

1790 3503 2000 3544 nocane
2048 3490 2117 3545 ad
2167 3487 2410 3559 Singulos
2446 3488 2637 3544 modos
2685 3488 3070 3558 prtescribatn,
3104 3486 3184 3541 vel
3232 3485 3384 3542 dili‘e-
3424 3542 3429 3543 ,

1752 3594 1755 3601 ‘
1792 3583 1995 3639 rentias
2023 3598 2160 3653 quas
2184 3598 2348 3653 supra
2381 3582 2561 3637 taxavi
2587 3580 2887 3653 superfluas
2916 3581 3260 3647 interseram,
3295 3580 3382 3633 vel

1790 3688 1981 3730 omnes
2009 3674 2332 3743 antipltonas
2362 3673 2430 3728 ad
2460 3689 2627 3727 unum
2661 3672 2975 3728 swculorum
3021 3688 3174 3728 amen
3218 3673 3385 3743 perti-

1791 3774 1984 3821 nentes
2008 3764 2061 3819 in
2089 3781 2253 3820 unum
2290 3764 2579 3836 colligam,
2618 3765 2919 3835 praesertim
2942 3781 3067 3821 cum
3098 3766 3383 3839 prolixitas

1790 3855 1865 3910 sit
1893 3856 2148 3923 ttediosa,
2179 3865 2234 3912 et
2276 3856 2467 3913 lectori
2505 3872 2679 3927 usque
2714 3858 2818 3912 huc
2850 3867 3108 3928 provecto
3149 3862 3396 3930 paucula.

1790 3948 2036 4019 exempla
2084 3946 2359 4005 sufﬁciant
2414 3950 2489 4005 De
2536 3949 2689 4006 omni
2724 3958 2906 4005 autem
2953 3949 3177 4005 ofﬁciali
3219 3960 3384 4007 cantu

1791 4037 2176 4108 compendiose
2221 4038 2469 4108 exempla
2519 4039 2659 4095 dabo
2714 4039 2920 4109 absque
2985 4039 3383 4106 cantiunculis,

1789 4114 1926 4199 quas
1953 4144 2117 4199 supra
2143 4131 2427 4185 modorum
2455 4129 2720 4185 formulas
2740 4130 3014 4186 nominavi
3044 4149 3057 4184 :
3091 4130 3220 4200 quia
3245 4146 3381 4201 quas

1783 4220 1897 4292 jam
1924 4222 2109 4291 posui,
2142 4236 2247 4277 non
2292 4215 2517 4276 necesse
2562 4230 2648 4277 est
2692 4222 2890 4277 iterum
2932 4237 3154 4294 ponere.
3182 4222 3279 4279 His
3307 4224 3385 4279 ita

1789 4312 2085 4383 pragmissis
2108 4312 2175 4367 de
2201 4312 2592 4384 principalibus
2615 4312 2934 4367 swculorum
2962 4330 3115 4369 amen
3138 4315 3379 4371 omnium

1790 4405 2077 4460 modorum
2109 4420 2171 4462 ac
2198 4404 2542 4473 diﬁ'erentiis,
2568 4416 2730 4478 prout
2750 4408 3088 4479 propositum
3113 4418 3231 4476 est,
3261 4409 3375 4464 dis-

1789 4511 2057 4552 seramus.

1861 4589 2096 4661 Explicit
2123 4597 2389 4648 tractatus
2414 4591 2679 4649 Johannis
2706 4594 2774 4650 de
2805 4604 2925 4652 arte
2956 4598 3187 4654 musica.

2290 4684 2484 4758 Incipit
2512 4687 2758 4743 tonarius
2793 4685 3077 4758 ejusdem.

1858 4796 2168 4854 Autbentus
2183 4807 2374 4870 protus
2398 4811 2611 4857 constat
2629 4817 2696 4857 ex
2717 4803 2891 4874 prima
2913 4805 3094 4876 specie
3106 4805 3379 4876 diapente,

1787 4886 1842 4943 et
1870 4904 1938 4943 ex
1970 4890 2146 4961 prima
2175 4892 2360 4962 specie
2406 4892 2745 4951 diatessaron
2792 4896 3065 4967 superius.
3101 4896 3272 4968 Hujus
3299 4898 3381 4956 ul-

1792 4978 1921 5033 tima
1952 4980 2162 5052 syllaba
2194 4982 2247 5038 in
2277 4984 2594 5041 swculorum
2616 5002 2804 5056 amen,
2833 4998 2944 5045 etc.
2989 4987 3129 5061 (ει).

1867 5157 2495 5233 (24)_Supervacaneum
2541 5163 2852 5233 jndicamus
2914 5166 3225 5225 describere
3292 5169 3377 5225 vel

1790 5227 2307 5311 edere'IZonérium)
2338 5234 2392 5289 in
2419 5251 2526 5303 quo
2542 5227 2902 5311 'diﬁ‘erentim
2921 5241 3146 5305 eadem,
3174 5254 3295 5311 qua:
3323 5240 3377 5296 in

1790 5295 2352 5383 beri-ortis_:l‘onario,
2376 5295 2600 5383 _ta'ntu_m
2632 5306 2803 5363 multo
2830 5308 3041 5383 minore
3067 5295 3225 5383 copia
3273 5326 3376 5368 no-

1793 5375 2001 5439 tantur,
2035 5370 2155 5428 alire
2179 5373 2246 5430 ad
2277 5376 2502 5432 verbum
2529 5375 2643 5434 fere
2672 5379 3022 5437 conveniunt.

1508 5609 1847 5629 ~—
