  <div class='ocr_page' id='page_1' title='image "/cluster/home/n/w/nwhite01/storage/ocr_20150623/150/hvd.32044015473788/719.png"; bbox 0 0 3862 6312; ppageno 0'>
   <div class='ocr_carea' id='block_1_1' title="bbox 489 353 3674 414">
    <p class='ocr_par' dir='ltr' id='par_1_1' title="bbox 489 353 3674 414">
     <span class='ocr_line' id='line_1_1' title="bbox 489 353 3674 414; baseline 0.006 -21"><span class='ocrx_word' id='word_1_1' title='bbox 489 353 3674 414; x_wconf 77' lang='lat'><strong>—-————————-——-—-——-—————-———__—.—_—_——————__</strong></span> 
     </span>
    </p>
   </div>
   <div class='ocr_carea' id='block_1_2' title="bbox 1786 485 2434 530">
    <p class='ocr_par' dir='ltr' id='par_1_2' title="bbox 1786 485 2434 530">
     <span class='ocr_line' id='line_1_2' title="bbox 1786 485 2434 530; baseline 0.006 -4"><span class='ocrx_word' id='word_1_2' title='bbox 1786 485 1956 527; x_wconf 67' lang='lat' dir='ltr'><strong>ANNO</strong></span> <span class='ocrx_word' id='word_1_3' title='bbox 2002 485 2232 528; x_wconf 74' lang='lat' dir='ltr'><strong>DOMINI</strong></span> <span class='ocrx_word' id='word_1_4' title='bbox 2278 487 2434 530; x_wconf 71' lang='lat' dir='ltr'><strong>MXC.</strong></span> 
     </span>
    </p>
   </div>
   <div class='ocr_carea' id='block_1_3' title="bbox 731 613 3474 861">
    <p class='ocr_par' dir='ltr' id='par_1_3' title="bbox 731 613 3474 861">
     <span class='ocr_line' id='line_1_3' title="bbox 731 613 3474 861; baseline 0.001 -95"><span class='ocrx_word' id='word_1_5' title='bbox 731 613 1346 771; x_wconf 85' lang='lat' dir='ltr'><strong>FULCO</strong></span> <span class='ocrx_word' id='word_1_6' title='bbox 1488 613 3474 861; x_wconf 54' lang='lat' dir='ltr'><strong>ABBA§£ORBEIENSIS</strong></span> 
     </span>
    </p>
   </div>
   <div class='ocr_carea' id='block_1_4' title="bbox 1683 925 2564 1041">
    <p class='ocr_par' dir='ltr' id='par_1_4' title="bbox 1683 925 2564 1041">
     <span class='ocr_line' id='line_1_4' title="bbox 1683 925 2564 1041; baseline 0.005 -4"><span class='ocrx_word' id='word_1_7' title='bbox 1683 925 2392 1041; x_wconf 60' lang='grc' dir='ltr'><strong>επιοοη</strong></span> <span class='ocrx_word' id='word_1_8' title='bbox 2400 925 2564 1041; x_wconf 83' lang='lat' dir='ltr'><strong>IS</strong></span> 
     </span>
    </p>
   </div>
   <div class='ocr_carea' id='block_1_5' title="bbox 928 1113 3280 1210">
    <p class='ocr_par' dir='ltr' id='par_1_5' title="bbox 928 1113 3280 1210">
     <span class='ocr_line' id='line_1_5' title="bbox 928 1113 3280 1210; baseline 0.001 -6"><span class='ocrx_word' id='word_1_9' title='bbox 928 1113 1502 1206; x_wconf 74' lang='lat' dir='ltr'><strong>EPISTULA</strong></span> <span class='ocrx_word' id='word_1_10' title='bbox 1578 1117 1727 1204; x_wconf 84' lang='lat' dir='ltr'><strong>AD</strong></span> <span class='ocrx_word' id='word_1_11' title='bbox 1798 1117 2628 1210; x_wconf 79' lang='lat' dir='ltr'><strong>ALEXANDRUM</strong></span> <span class='ocrx_word' id='word_1_12' title='bbox 2707 1120 2794 1206; x_wconf 87' lang='lat' dir='ltr'><strong>II</strong></span> <span class='ocrx_word' id='word_1_13' title='bbox 2896 1117 3280 1209; x_wconf 81' lang='lat' dir='ltr'><strong>PAPAM</strong></span> 
     </span>
    </p>
   </div>
   <div class='ocr_carea' id='block_1_6' title="bbox 1137 1268 3069 1351">
    <p class='ocr_par' dir='ltr' id='par_1_6' title="bbox 1137 1268 3069 1351">
     <span class='ocr_line' id='line_1_6' title="bbox 1137 1268 3069 1351; baseline 0.001 -21"><span class='ocrx_word' id='word_1_14' title='bbox 1137 1270 1219 1330; x_wconf 87' lang='lat' dir='ltr'><strong>De</strong></span> <span class='ocrx_word' id='word_1_15' title='bbox 1275 1268 1548 1331; x_wconf 63' lang='grc' dir='ltr'><strong>συνεδρίω</strong></span> <span class='ocrx_word' id='word_1_16' title='bbox 1606 1269 1892 1332; x_wconf 70' lang='lat' dir='ltr'><strong>libertate</strong></span> <span class='ocrx_word' id='word_1_17' title='bbox 1935 1271 2009 1333; x_wconf 78' lang='lat' dir='ltr'><strong>ab</strong></span> <span class='ocrx_word' id='word_1_18' title='bbox 2071 1273 2372 1351; x_wconf 85' lang='lat' dir='ltr'><strong>episcopo</strong></span> <span class='ocrx_word' id='word_1_19' title='bbox 2411 1271 2808 1333; x_wconf 80' lang='lat' dir='ltr'><strong>Ambianensi</strong></span> <span class='ocrx_word' id='word_1_20' title='bbox 2840 1278 3069 1332; x_wconf 70' lang='lat' dir='ltr'><strong>vexata</strong></span> 
     </span>
    </p>
   </div>
   <div class='ocr_carea' id='block_1_7' title="bbox 1589 1411 2628 1484">
    <p class='ocr_par' dir='ltr' id='par_1_7' title="bbox 1589 1411 2628 1484">
     <span class='ocr_line' id='line_1_7' title="bbox 1589 1411 2628 1484; baseline 0.002 -18"><span class='ocrx_word' id='word_1_21' title='bbox 1589 1413 1864 1484; x_wconf 64' lang='grc' dir='ltr'><strong>(Μειδιιιη</strong></span> <span class='ocrx_word' id='word_1_22' title='bbox 1898 1413 2091 1467; x_wconf 73' lang='lat' dir='ltr'><strong>Annal.</strong></span> <span class='ocrx_word' id='word_1_23' title='bbox 2117 1411 2338 1480; x_wconf 88' lang='lat' dir='ltr'><strong>Bened.,</strong></span> <span class='ocrx_word' id='word_1_24' title='bbox 2378 1414 2468 1481; x_wconf 75' lang='grc' dir='ltr'><strong>ιν,</strong></span> <span class='ocrx_word' id='word_1_25' title='bbox 2499 1413 2628 1484; x_wconf 70' lang='lat'><strong>622)</strong></span> 
     </span>
    </p>
   </div>
   <div class='ocr_carea' id='block_1_8' title="bbox 554 1548 3680 1630">
    <p class='ocr_par' dir='ltr' id='par_1_8' title="bbox 554 1548 3680 1630">
     <span class='ocr_line' id='line_1_8' title="bbox 554 1548 3680 1630; baseline 0.004 -27"><span class='ocrx_word' id='word_1_26' title='bbox 554 1548 674 1630; x_wconf 79' lang='lat' dir='ltr'><strong>Am!</strong></span> <span class='ocrx_word' id='word_1_27' title='bbox 698 1551 976 1630; x_wconf 33' lang='lat' dir='ltr'><strong>ianﬁmsem</strong></span> <span class='ocrx_word' id='word_1_28' title='bbox 1009 1550 1310 1630; x_wconf 58' lang='lat' dir='ltr'><strong>Eccl-‘siatlt</strong></span> <span class='ocrx_word' id='word_1_29' title='bbox 1336 1562 1456 1621; x_wconf 89' lang='lat' dir='ltr'><strong>post</strong></span> <span class='ocrx_word' id='word_1_30' title='bbox 1478 1551 1774 1608; x_wconf 88' lang='lat' dir='ltr'><strong>Fulconem</strong></span> <span class='ocrx_word' id='word_1_31' title='bbox 1797 1553 2146 1630; x_wconf 75' lang='lat' dir='ltr'><strong>l&#39;ratremjam</strong></span> <span class='ocrx_word' id='word_1_32' title='bbox 2178 1553 2248 1608; x_wconf 89' lang='lat' dir='ltr'><strong>ab</strong></span> <span class='ocrx_word' id='word_1_33' title='bbox 2266 1554 2426 1610; x_wconf 85' lang='lat' dir='ltr'><strong>annis</strong></span> <span class='ocrx_word' id='word_1_34' title='bbox 2455 1553 2567 1630; x_wconf 80' lang='lat' dir='ltr'><strong>fere</strong></span> <span class='ocrx_word' id='word_1_35' title='bbox 2598 1554 3088 1630; x_wconf 64' lang='lat' dir='ltr'><strong>quinqueregebat</strong></span> <span class='ocrx_word' id='word_1_36' title='bbox 3111 1553 3274 1630; x_wconf 64' lang='lat' dir='ltr'><strong>Wiclo</strong></span> <span class='ocrx_word' id='word_1_37' title='bbox 3302 1555 3680 1630; x_wconf 76' lang='lat' dir='ltr'><strong>episcopus,qui,</strong></span> 
     </span>
    </p>
   </div>
   <div class='ocr_carea' id='block_1_9' title="bbox 483 1619 2030 1692">
    <p class='ocr_par' dir='ltr' id='par_1_9' title="bbox 483 1619 2030 1692">
     <span class='ocr_line' id='line_1_9' title="bbox 483 1619 2030 1692; baseline 0.003 -21"><span class='ocrx_word' id='word_1_38' title='bbox 483 1619 1010 1692; x_wconf 40' lang='lat' dir='ltr'><strong>quoiperlratrem</strong></span> <span class='ocrx_word' id='word_1_39' title='bbox 1037 1637 1194 1676; x_wconf 90' lang='lat' dir='ltr'><strong>suum</strong></span> <span class='ocrx_word' id='word_1_40' title='bbox 1225 1619 1436 1677; x_wconf 39' lang='lat' dir='ltr'><strong>emc‘crc</strong></span> <span class='ocrx_word' id='word_1_41' title='bbox 1467 1639 1573 1677; x_wconf 89' lang='lat' dir='ltr'><strong>non</strong></span> <span class='ocrx_word' id='word_1_42' title='bbox 1613 1632 1885 1692; x_wconf 88' lang='lat' dir='ltr'><strong>potuerat,</strong></span> <span class='ocrx_word' id='word_1_43' title='bbox 1923 1624 2030 1678; x_wconf 80' lang='lat' dir='ltr'><strong>Cor</strong></span> 
     </span>
    </p>
   </div>
   <div class='ocr_carea' id='block_1_10' title="bbox 2105 1625 3685 1696">
    <p class='ocr_par' dir='ltr' id='par_1_10' title="bbox 2105 1625 3685 1696">
     <span class='ocr_line' id='line_1_10' title="bbox 2105 1625 3685 1696; baseline 0.004 -19"><span class='ocrx_word' id='word_1_44' title='bbox 2105 1625 2171 1680; x_wconf 76' lang='lat' dir='ltr'><strong>ia:</strong></span> <span class='ocrx_word' id='word_1_45' title='bbox 2209 1625 2605 1696; x_wconf 76' lang='lat' dir='ltr'><strong>monasterium</strong></span> <span class='ocrx_word' id='word_1_46' title='bbox 2637 1625 2740 1680; x_wconf 87' lang='lat' dir='ltr'><strong>sibi</strong></span> <span class='ocrx_word' id='word_1_47' title='bbox 2775 1625 3068 1696; x_wconf 76' lang='lat' dir='ltr'><strong>subjugare</strong></span> <span class='ocrx_word' id='word_1_48' title='bbox 3097 1626 3288 1696; x_wconf 11' lang='lat' dir='ltr'><strong>modis,</strong></span> <span class='ocrx_word' id='word_1_49' title='bbox 3311 1625 3546 1682; x_wconf 82' lang='lat' dir='ltr'><strong>omnibus</strong></span> <span class='ocrx_word' id='word_1_50' title='bbox 3569 1625 3685 1684; x_wconf 53' lang='lat' dir='ltr'><strong>moli;</strong></span> 
     </span>
    </p>
   </div>
   <div class='ocr_carea' id='block_1_11' title="bbox 483 1690 3688 1768">
    <p class='ocr_par' dir='ltr' id='par_1_11' title="bbox 483 1690 3688 1768">
     <span class='ocr_line' id='line_1_11' title="bbox 483 1690 3688 1768; baseline 0.003 -24"><span class='ocrx_word' id='word_1_51' title='bbox 483 1690 592 1746; x_wconf 75' lang='lat' dir='ltr'><strong>tiu&quot;.</strong></span> <span class='ocrx_word' id='word_1_52' title='bbox 707 1691 882 1768; x_wconf 68' lang='lat' dir='ltr'><strong>primo</strong></span> <span class='ocrx_word' id='word_1_53' title='bbox 916 1692 1461 1768; x_wconf 76' lang='lat' dir='ltr'><strong>quidemFulconem</strong></span> <span class='ocrx_word' id='word_1_54' title='bbox 1495 1690 1766 1768; x_wconf 74' lang='lat' dir='ltr'><strong>abbatem,</strong></span> <span class='ocrx_word' id='word_1_55' title='bbox 1797 1695 1974 1768; x_wconf 59' lang='lat' dir='ltr'><strong>yirum</strong></span> <span class='ocrx_word' id='word_1_56' title='bbox 2015 1695 2574 1768; x_wconf 50' lang='lat' dir='ltr'><strong>praestantissimum,</strong></span> <span class='ocrx_word' id='word_1_57' title='bbox 2603 1695 2821 1768; x_wconf 75' lang='lat' dir='ltr'><strong>scriptis</strong></span> <span class='ocrx_word' id='word_1_58' title='bbox 2853 1690 2922 1768; x_wconf 70' lang='lat' dir='ltr'><strong>ad</strong></span> <span class='ocrx_word' id='word_1_59' title='bbox 2945 1690 3088 1750; x_wconf 51' lang='lat' dir='ltr'><strong>&#39;eum</strong></span> <span class='ocrx_word' id='word_1_60' title='bbox 3111 1695 3345 1768; x_wconf 82' lang='lat' dir='ltr'><strong>litteris,</strong></span> <span class='ocrx_word' id='word_1_61' title='bbox 3378 1697 3440 1750; x_wconf 82' lang='lat' dir='ltr'><strong>ad</strong></span> <span class='ocrx_word' id='word_1_62' title='bbox 3477 1701 3688 1768; x_wconf 75' lang='lat' dir='ltr'><strong>synodum</strong></span> 
     </span>
    </p>
   </div>
   <div class='ocr_carea' id='block_1_12' title="bbox 482 1761 3692 1833">
    <p class='ocr_par' dir='ltr' id='par_1_12' title="bbox 482 1761 3692 1833">
     <span class='ocr_line' id='line_1_12' title="bbox 482 1761 3692 1833; baseline 0.002 -18"><span class='ocrx_word' id='word_1_63' title='bbox 482 1779 608 1816; x_wconf 73' lang='lat' dir='ltr'><strong>erm</strong></span> <span class='ocrx_word' id='word_1_64' title='bbox 640 1761 906 1818; x_wconf 79' lang='lat' dir='ltr'><strong>Balduino</strong></span> <span class='ocrx_word' id='word_1_65' title='bbox 934 1764 1204 1820; x_wconf 81' lang='lat' dir='ltr'><strong>monacho</strong></span> <span class='ocrx_word' id='word_1_66' title='bbox 1231 1764 1296 1816; x_wconf 84' lang='lat' dir='ltr'><strong>ad</strong></span> <span class='ocrx_word' id='word_1_67' title='bbox 1325 1766 1544 1819; x_wconf 89' lang='lat' dir='ltr'><strong>tertium</strong></span> <span class='ocrx_word' id='word_1_68' title='bbox 1574 1762 1758 1821; x_wconf 83' lang='lat' dir='ltr'><strong>Nonas</strong></span> <span class='ocrx_word' id='word_1_69' title='bbox 1793 1765 1922 1820; x_wconf 86' lang='lat' dir='ltr'><strong>Julii</strong></span> <span class='ocrx_word' id='word_1_70' title='bbox 1957 1761 2143 1820; x_wconf 73' lang='lat' dir='ltr'><strong>venire</strong></span> <span class='ocrx_word' id='word_1_71' title='bbox 2175 1767 2428 1833; x_wconf 80' lang='lat' dir='ltr'><strong>mandat;</strong></span> <span class='ocrx_word' id='word_1_72' title='bbox 2469 1767 2513 1821; x_wconf 89' lang='lat' dir='ltr'><strong>si</strong></span> <span class='ocrx_word' id='word_1_73' title='bbox 2544 1761 3079 1830; x_wconf 47' lang='lat' dir='ltr'><strong>desitfanathemate</strong></span> <span class='ocrx_word' id='word_1_74' title='bbox 3108 1767 3481 1822; x_wconf 86' lang='lat' dir='ltr'><strong>incunctanter</strong></span> <span class='ocrx_word' id='word_1_75' title='bbox 3503 1761 3692 1824; x_wconf 58' lang='lat' dir='ltr'><strong>&#39;vincien-</strong></span> 
     </span>
    </p>
   </div>
   <div class='ocr_carea' id='block_1_13' title="bbox 481 1833 1356 1890">
    <p class='ocr_par' dir='ltr' id='par_1_13' title="bbox 481 1833 1356 1890">
     <span class='ocr_line' id='line_1_13' title="bbox 481 1833 1356 1890; baseline 0.01 -9"><span class='ocrx_word' id='word_1_76' title='bbox 481 1833 611 1886; x_wconf 73' lang='lat' dir='ltr'><strong>dum</strong></span> <span class='ocrx_word' id='word_1_77' title='bbox 665 1833 925 1888; x_wconf 77' lang='lat' dir='ltr'><strong>minatur.</strong></span> <span class='ocrx_word' id='word_1_78' title='bbox 981 1834 1057 1890; x_wconf 85' lang='lat' dir='ltr'><strong>Ne</strong></span> <span class='ocrx_word' id='word_1_79' title='bbox 1100 1835 1356 1890; x_wconf 80' lang='lat' dir='ltr'><strong>mandato</strong></span> 
     </span>
    </p>
   </div>
   <div class='ocr_carea' id='block_1_14' title="bbox 1412 1835 3693 1906">
    <p class='ocr_par' dir='ltr' id='par_1_14' title="bbox 1412 1835 3693 1906">
     <span class='ocr_line' id='line_1_14' title="bbox 1412 1835 3693 1906; baseline 0.001 -16"><span class='ocrx_word' id='word_1_80' title='bbox 1412 1845 1620 1905; x_wconf 78' lang='lat' dir='ltr'><strong>pareat,</strong></span> <span class='ocrx_word' id='word_1_81' title='bbox 1661 1839 1904 1893; x_wconf 72' lang='lat' dir='ltr'><strong>modeste</strong></span> <span class='ocrx_word' id='word_1_82' title='bbox 1931 1845 2158 1892; x_wconf 79' lang='lat' dir='ltr'><strong>excusat</strong></span> <span class='ocrx_word' id='word_1_83' title='bbox 2182 1838 2351 1892; x_wconf 85' lang='lat' dir='ltr'><strong>abbas</strong></span> <span class='ocrx_word' id='word_1_84' title='bbox 2384 1858 2397 1892; x_wconf 92' lang='lat'>:</span> <span class='ocrx_word' id='word_1_85' title='bbox 2431 1853 2530 1892; x_wconf 87' lang='lat' dir='ltr'><strong>nec</strong></span> <span class='ocrx_word' id='word_1_86' title='bbox 2552 1853 2730 1903; x_wconf 84' lang='lat' dir='ltr'><strong>mora,</strong></span> <span class='ocrx_word' id='word_1_87' title='bbox 2759 1839 2792 1890; x_wconf 74' lang='lat' dir='ltr'><strong>a’</strong></span> <span class='ocrx_word' id='word_1_88' title='bbox 2825 1835 3058 1890; x_wconf 85' lang='lat' dir='ltr'><strong>Widone</strong></span> <span class='ocrx_word' id='word_1_89' title='bbox 3084 1837 3416 1891; x_wconf 80' lang='lat' dir='ltr'><strong>anathemati</strong></span> <span class='ocrx_word' id='word_1_90' title='bbox 3443 1838 3693 1906; x_wconf 80' lang='lat' dir='ltr'><strong>subjicitur.</strong></span> 
     </span>
    </p>
   </div>
   <div class='ocr_carea' id='block_1_15' title="bbox 481 1901 3700 1977">
    <p class='ocr_par' dir='ltr' id='par_1_15' title="bbox 481 1901 3700 1977">
     <span class='ocr_line' id='line_1_15' title="bbox 481 1901 3700 1977; baseline 0.002 -23"><span class='ocrx_word' id='word_1_91' title='bbox 481 1901 622 1957; x_wconf 84' lang='lat' dir='ltr'><strong>Tum</strong></span> <span class='ocrx_word' id='word_1_92' title='bbox 655 1905 950 1977; x_wconf 71' lang='lat' dir='ltr'><strong>supplicem</strong></span> <span class='ocrx_word' id='word_1_93' title='bbox 979 1906 1219 1960; x_wconf 89' lang='lat' dir='ltr'><strong>libellum</strong></span> <span class='ocrx_word' id='word_1_94' title='bbox 1249 1901 1560 1961; x_wconf 73' lang='lat' dir='ltr'><strong>Alexandro</strong></span> <span class='ocrx_word' id='word_1_95' title='bbox 1591 1901 1742 1976; x_wconf 79' lang='lat' dir='ltr'><strong>papae</strong></span> <span class='ocrx_word' id='word_1_96' title='bbox 1762 1908 2030 1964; x_wconf 81' lang='lat' dir='ltr'><strong>submittit</strong></span> <span class='ocrx_word' id='word_1_97' title='bbox 2061 1907 2257 1972; x_wconf 83' lang='lat' dir='ltr'><strong>Fulco,</strong></span> <span class='ocrx_word' id='word_1_98' title='bbox 2283 1924 2392 1977; x_wconf 86' lang='lat' dir='ltr'><strong>quo</strong></span> <span class='ocrx_word' id='word_1_99' title='bbox 2419 1908 2472 1964; x_wconf 87' lang='lat' dir='ltr'><strong>in</strong></span> <span class='ocrx_word' id='word_1_100' title='bbox 2511 1901 2730 1973; x_wconf 73' lang='lat' dir='ltr'><strong>libello,</strong></span> <span class='ocrx_word' id='word_1_101' title='bbox 2762 1907 3007 1977; x_wconf 85' lang='lat' dir='ltr'><strong>exposita</strong></span> <span class='ocrx_word' id='word_1_102' title='bbox 3036 1907 3356 1963; x_wconf 76' lang='lat' dir='ltr'><strong>monasterii</strong></span> <span class='ocrx_word' id='word_1_103' title='bbox 3381 1907 3460 1962; x_wconf 90' lang='lat' dir='ltr'><strong>sui</strong></span> <span class='ocrx_word' id='word_1_104' title='bbox 3489 1901 3700 1963; x_wconf 73' lang='lat' dir='ltr'><strong>immuni-</strong></span> 
     </span>
    </p>
   </div>
   <div class='ocr_carea' id='block_1_16' title="bbox 479 1983 678 2040">
    <p class='ocr_par' dir='ltr' id='par_1_16' title="bbox 479 1983 678 2040">
     <span class='ocr_line' id='line_1_16' title="bbox 479 1983 678 2040; baseline 0.01 -15"><span class='ocrx_word' id='word_1_105' title='bbox 479 1983 610 2040; x_wconf 67' lang='grc' dir='ltr'><strong>ιιιιει,</strong></span> <span class='ocrx_word' id='word_1_106' title='bbox 650 1991 678 2027; x_wconf 78' lang='lat' dir='ltr'><strong>a</strong></span> 
     </span>
    </p>
   </div>
   <div class='ocr_carea' id='block_1_17' title="bbox 753 1976 3699 2050">
    <p class='ocr_par' dir='ltr' id='par_1_17' title="bbox 753 1976 3699 2050">
     <span class='ocr_line' id='line_1_17' title="bbox 753 1976 3699 2050; baseline 0.001 -21"><span class='ocrx_word' id='word_1_107' title='bbox 753 1976 1014 2050; x_wconf 75' lang='lat' dir='ltr'><strong>ertel‘rido</strong></span> <span class='ocrx_word' id='word_1_108' title='bbox 1034 1977 1427 2050; x_wconf 77' lang='lat' dir='ltr'><strong>Ambianorum</strong></span> <span class='ocrx_word' id='word_1_109' title='bbox 1457 1978 1714 2048; x_wconf 84' lang='lat' dir='ltr'><strong>episcopo</strong></span> <span class='ocrx_word' id='word_1_110' title='bbox 1741 1980 1999 2048; x_wconf 85' lang='lat' dir='ltr'><strong>primum,</strong></span> <span class='ocrx_word' id='word_1_111' title='bbox 2031 1979 2154 2050; x_wconf 75' lang='lat' dir='ltr'><strong>dein</strong></span> <span class='ocrx_word' id='word_1_112' title='bbox 2183 1999 2213 2034; x_wconf 91' lang='lat' dir='ltr'><strong>a</strong></span> <span class='ocrx_word' id='word_1_113' title='bbox 2237 1976 2569 2034; x_wconf 86' lang='lat' dir='ltr'><strong>Parisiensis</strong></span> <span class='ocrx_word' id='word_1_114' title='bbox 2594 1977 2785 2050; x_wconf 61' lang='lat' dir='ltr'><strong>synodi</strong></span> <span class='ocrx_word' id='word_1_115' title='bbox 2815 1976 3072 2050; x_wconf 70' lang='lat' dir='ltr'><strong>Pati-ibus</strong></span> <span class='ocrx_word' id='word_1_116' title='bbox 3093 1993 3378 2050; x_wconf 84' lang='lat' dir='ltr'><strong>concessa,</strong></span> <span class='ocrx_word' id='word_1_117' title='bbox 3407 1986 3555 2050; x_wconf 80' lang='lat' dir='ltr'><strong>atque</strong></span> <span class='ocrx_word' id='word_1_118' title='bbox 3573 1997 3597 2033; x_wconf 86' lang='lat' dir='ltr'><strong>a</strong></span> <span class='ocrx_word' id='word_1_119' title='bbox 3617 1979 3699 2033; x_wconf 84' lang='lat' dir='ltr'><strong>Ro-</strong></span> 
     </span>
    </p>
   </div>
   <div class='ocr_carea' id='block_1_18' title="bbox 479 2046 3698 2119">
    <p class='ocr_par' dir='ltr' id='par_1_18' title="bbox 479 2046 3698 2119">
     <span class='ocr_line' id='line_1_18' title="bbox 479 2046 3698 2119; baseline 0.003 -25"><span class='ocrx_word' id='word_1_120' title='bbox 479 2046 658 2119; x_wconf 70' lang='lat' dir='ltr'><strong>manis</strong></span> <span class='ocrx_word' id='word_1_121' title='bbox 684 2048 1032 2119; x_wconf 64' lang='lat' dir='ltr'><strong>pmitilieibus</strong></span> <span class='ocrx_word' id='word_1_122' title='bbox 1059 2049 1401 2112; x_wconf 85' lang='lat' dir='ltr'><strong>conﬁrmata,</strong></span> <span class='ocrx_word' id='word_1_123' title='bbox 1429 2046 1533 2118; x_wconf 77' lang='lat' dir='ltr'><strong>qua</strong></span> <span class='ocrx_word' id='word_1_124' title='bbox 1571 2046 1666 2118; x_wconf 82' lang='lat' dir='ltr'><strong>per</strong></span> <span class='ocrx_word' id='word_1_125' title='bbox 1689 2046 2017 2118; x_wconf 67' lang='lat' dir='ltr'><strong>quingentos</strong></span> <span class='ocrx_word' id='word_1_126' title='bbox 2061 2049 2173 2104; x_wconf 80' lang='lat' dir='ltr'><strong>fere</strong></span> <span class='ocrx_word' id='word_1_127' title='bbox 2215 2066 2390 2106; x_wconf 81' lang='lat' dir='ltr'><strong>annos</strong></span> <span class='ocrx_word' id='word_1_128' title='bbox 2421 2050 2606 2119; x_wconf 78' lang='lat' dir='ltr'><strong>gavisa</strong></span> <span class='ocrx_word' id='word_1_129' title='bbox 2625 2046 2713 2104; x_wconf 56' lang='lat' dir='ltr'><strong>&#39;sit</strong></span> <span class='ocrx_word' id='word_1_130' title='bbox 2739 2046 2998 2112; x_wconf 86' lang='lat' dir='ltr'><strong>Corbeia;</strong></span> <span class='ocrx_word' id='word_1_131' title='bbox 3029 2063 3148 2102; x_wconf 88' lang='lat' dir='ltr'><strong>eam</strong></span> <span class='ocrx_word' id='word_1_132' title='bbox 3179 2049 3415 2119; x_wconf 89' lang='lat' dir='ltr'><strong>primum</strong></span> <span class='ocrx_word' id='word_1_133' title='bbox 3447 2049 3698 2118; x_wconf 80' lang='lat' dir='ltr'><strong>impetitatn</strong></span> 
     </span>
    </p>
   </div>
   <div class='ocr_carea' id='block_1_19' title="bbox 478 2113 3700 2195">
    <p class='ocr_par' dir='ltr' id='par_1_19' title="bbox 478 2113 3700 2195">
     <span class='ocr_line' id='line_1_19' title="bbox 478 2113 3700 2195; baseline 0.002 -29"><span class='ocrx_word' id='word_1_134' title='bbox 478 2113 649 2195; x_wconf 80' lang='lat' dir='ltr'><strong>fuisse</strong></span> <span class='ocrx_word' id='word_1_135' title='bbox 673 2113 851 2171; x_wconf 71' lang='lat' dir='ltr'><strong>dicita</strong></span> <span class='ocrx_word' id='word_1_136' title='bbox 877 2117 1114 2195; x_wconf 68' lang='lat' dir='ltr'><strong>Fulcone</strong></span> <span class='ocrx_word' id='word_1_137' title='bbox 1147 2121 1404 2195; x_wconf 58' lang='lat' dir='ltr'><strong>episcopo</strong></span> <span class='ocrx_word' id='word_1_138' title='bbox 1434 2113 1912 2195; x_wconf 43' lang='lat' dir='ltr'><strong>instinctu-fratris</strong></span> <span class='ocrx_word' id='word_1_139' title='bbox 1940 2122 2023 2195; x_wconf 81' lang='lat' dir='ltr'><strong>sui</strong></span> <span class='ocrx_word' id='word_1_140' title='bbox 2042 2121 2302 2195; x_wconf 57' lang='lat' dir='ltr'><strong>Fidenis</strong></span> <span class='ocrx_word' id='word_1_141' title='bbox 2334 2139 2350 2174; x_wconf 86' lang='lat'><strong>:</strong></span> <span class='ocrx_word' id='word_1_142' title='bbox 2378 2113 2585 2195; x_wconf 67' lang='lat' dir='ltr'><strong>areum</strong></span> <span class='ocrx_word' id='word_1_143' title='bbox 2612 2120 2720 2175; x_wconf 86' lang='lat' dir='ltr'><strong>cito</strong></span> <span class='ocrx_word' id='word_1_144' title='bbox 2748 2121 2946 2188; x_wconf 71' lang='lat' dir='ltr'><strong>emptis</strong></span> <span class='ocrx_word' id='word_1_145' title='bbox 2961 2113 3700 2195; x_wconf 53' lang='lat' dir='ltr'><strong>destitisscauctoritatelseo.</strong></span> 
     </span>
    </p>
   </div>
   <div class='ocr_carea' id='block_1_20' title="bbox 477 2189 3698 2266">
    <p class='ocr_par' dir='ltr' id='par_1_20' title="bbox 477 2189 3698 2266">
     <span class='ocr_line' id='line_1_20' title="bbox 477 2189 3698 2266; baseline 0.002 -28"><span class='ocrx_word' id='word_1_146' title='bbox 477 2189 563 2266; x_wconf 67' lang='lat' dir='ltr'><strong>nis</strong></span> <span class='ocrx_word' id='word_1_147' title='bbox 590 2199 782 2266; x_wconf 52' lang='lat' dir='ltr'><strong>pitme</strong></span> <span class='ocrx_word' id='word_1_148' title='bbox 802 2190 894 2266; x_wconf 78' lang='lat' dir='ltr'><strong>qui</strong></span> <span class='ocrx_word' id='word_1_149' title='bbox 919 2191 972 2266; x_wconf 82' lang='lat' dir='ltr'><strong>in</strong></span> <span class='ocrx_word' id='word_1_150' title='bbox 1006 2191 1222 2266; x_wconf 79' lang='lat' dir='ltr'><strong>synodo</strong></span> <span class='ocrx_word' id='word_1_151' title='bbox 1246 2189 1431 2266; x_wconf 64' lang='lat' dir='ltr'><strong>Remis</strong></span> <span class='ocrx_word' id='word_1_152' title='bbox 1463 2191 1835 2266; x_wconf 84' lang='lat' dir='ltr'><strong>babita,__cum</strong></span> <span class='ocrx_word' id='word_1_153' title='bbox 1862 2192 2002 2246; x_wconf 84' lang='lat' dir='ltr'><strong>beati</strong></span> <span class='ocrx_word' id='word_1_154' title='bbox 2037 2191 2270 2262; x_wconf 77' lang='lat' dir='ltr'><strong>Remigii</strong></span> <span class='ocrx_word' id='word_1_155' title='bbox 2300 2192 2585 2266; x_wconf 72' lang='lat' dir='ltr'><strong>ecclesiam</strong></span> <span class='ocrx_word' id='word_1_156' title='bbox 2615 2198 2983 2266; x_wconf 75' lang='lat' dir='ltr'><strong>consecraret,</strong></span> <span class='ocrx_word' id='word_1_157' title='bbox 3014 2189 3148 2245; x_wconf 80' lang='lat' dir='ltr'><strong>visis</strong></span> <span class='ocrx_word' id='word_1_158' title='bbox 3175 2189 3260 2245; x_wconf 91' lang='lat' dir='ltr'><strong>sui</strong></span> <span class='ocrx_word' id='word_1_159' title='bbox 3285 2191 3584 2266; x_wconf 83' lang='lat' dir='ltr'><strong>monasterii</strong></span> <span class='ocrx_word' id='word_1_160' title='bbox 3612 2193 3698 2260; x_wconf 84' lang='lat' dir='ltr'><strong>pri-</strong></span> 
     </span>
    </p>
   </div>
   <div class='ocr_carea' id='block_1_21' title="bbox 477 2257 3702 2334">
    <p class='ocr_par' dir='ltr' id='par_1_21' title="bbox 477 2257 3702 2334">
     <span class='ocr_line' id='line_1_21' title="bbox 477 2257 3702 2334; baseline 0.003 -27"><span class='ocrx_word' id='word_1_161' title='bbox 477 2257 710 2334; x_wconf 70' lang='lat' dir='ltr'><strong>v?legiis,</strong></span> <span class='ocrx_word' id='word_1_162' title='bbox 745 2259 1002 2317; x_wconf 78' lang='lat' dir='ltr'><strong>Fulconis</strong></span> <span class='ocrx_word' id='word_1_163' title='bbox 1030 2257 1270 2334; x_wconf 69' lang='lat' dir='ltr'><strong>episc0pi</strong></span> <span class='ocrx_word' id='word_1_164' title='bbox 1309 2262 1553 2334; x_wconf 55' lang='lat' dir='ltr'><strong>iniquajn</strong></span> <span class='ocrx_word' id='word_1_165' title='bbox 1588 2263 1946 2334; x_wconf 81' lang='lat' dir='ltr'><strong>molitionem,</strong></span> <span class='ocrx_word' id='word_1_166' title='bbox 1975 2257 2426 2334; x_wconf 57' lang='lat' dir='ltr'><strong>a-sscnsu&#39;synoali</strong></span> <span class='ocrx_word' id='word_1_167' title='bbox 2451 2259 2553 2318; x_wconf 89' lang='lat' dir='ltr'><strong>sub</strong></span> <span class='ocrx_word' id='word_1_168' title='bbox 2586 2261 2951 2334; x_wconf 84' lang='lat' dir='ltr'><strong>anathemati_s</strong></span> <span class='ocrx_word' id='word_1_169' title='bbox 2975 2275 3134 2334; x_wconf 64' lang='lat' dir='ltr'><strong>poma</strong></span> <span class='ocrx_word' id='word_1_170' title='bbox 3164 2261 3523 2330; x_wconf 83' lang='lat' dir='ltr'><strong>compescuit;</strong></span> <span class='ocrx_word' id='word_1_171' title='bbox 3552 2257 3702 2332; x_wconf 65' lang='lat' dir='ltr'><strong>seque,</strong></span> 
     </span>
    </p>
   </div>
   <div class='ocr_carea' id='block_1_22' title="bbox 473 2328 3207 2406">
    <p class='ocr_par' dir='ltr' id='par_1_22' title="bbox 473 2328 3207 2406">
     <span class='ocr_line' id='line_1_22' title="bbox 473 2328 3207 2406; baseline 0.002 -26"><span class='ocrx_word' id='word_1_172' title='bbox 473 2328 603 2395; x_wconf 68' lang='lat' dir='ltr'><strong>quia</strong></span> <span class='ocrx_word' id='word_1_173' title='bbox 635 2339 765 2383; x_wconf 87' lang='lat' dir='ltr'><strong>tunc</strong></span> <span class='ocrx_word' id='word_1_174' title='bbox 791 2341 1002 2386; x_wconf 83' lang='lat' dir='ltr'><strong>tantum</strong></span> <span class='ocrx_word' id='word_1_175' title='bbox 1029 2328 1297 2390; x_wconf 75' lang='lat' dir='ltr'><strong>diaconus</strong></span> <span class='ocrx_word' id='word_1_176' title='bbox 1319 2328 1456 2399; x_wconf 74' lang='lat' dir='ltr'><strong>erat,</strong></span> <span class='ocrx_word' id='word_1_177' title='bbox 1488 2331 1715 2386; x_wconf 80' lang='lat' dir='ltr'><strong>Romam</strong></span> <span class='ocrx_word' id='word_1_178' title='bbox 1739 2333 1888 2387; x_wconf 87' lang='lat' dir='ltr'><strong>adire</strong></span> <span class='ocrx_word' id='word_1_179' title='bbox 1908 2334 2094 2403; x_wconf 85' lang='lat' dir='ltr'><strong>jussit,</strong></span> <span class='ocrx_word' id='word_1_180' title='bbox 2121 2343 2180 2387; x_wconf 91' lang='lat' dir='ltr'><strong>ut</strong></span> <span class='ocrx_word' id='word_1_181' title='bbox 2203 2328 2484 2406; x_wconf 58' lang='lat' dir='ltr'><strong>presbyter</strong></span> <span class='ocrx_word' id='word_1_182' title='bbox 2510 2333 2878 2388; x_wconf 84' lang='lat' dir='ltr'><strong>ordinaretur.</strong></span> <span class='ocrx_word' id='word_1_183' title='bbox 2904 2328 3043 2385; x_wconf 87' lang='lat' dir='ltr'><strong>Tum</strong></span> <span class='ocrx_word' id='word_1_184' title='bbox 3073 2331 3164 2386; x_wconf 83' lang='lat' dir='ltr'><strong>ille</strong></span> <span class='ocrx_word' id='word_1_185' title='bbox 3193 2349 3207 2385; x_wconf 89' lang='lat'><strong>:</strong></span> 
     </span>
    </p>
   </div>
   <div class='ocr_carea' id='block_1_23' title="bbox 555 2443 3703 2518">
    <p class='ocr_par' dir='ltr' id='par_1_23' title="bbox 555 2443 3703 2518">
     <span class='ocr_line' id='line_1_23' title="bbox 555 2443 3703 2518; baseline 0 -19"><span class='ocrx_word' id='word_1_186' title='bbox 555 2446 712 2516; x_wconf 79' lang='lat' dir='ltr'><strong>Veni,</strong></span> <span class='ocrx_word' id='word_1_187' title='bbox 737 2447 911 2518; x_wconf 82' lang='lat' dir='ltr'><strong>inquit</strong></span> <span class='ocrx_word' id='word_1_188' title='bbox 948 2449 1150 2513; x_wconf 88' lang='lat' dir='ltr'><strong>abbas,</strong></span> <span class='ocrx_word' id='word_1_189' title='bbox 1200 2448 1477 2502; x_wconf 83' lang='lat' dir='ltr'><strong>ordinatus</strong></span> <span class='ocrx_word' id='word_1_190' title='bbox 1527 2448 1680 2514; x_wconf 86' lang='lat' dir='ltr'><strong>redii,</strong></span> <span class='ocrx_word' id='word_1_191' title='bbox 1733 2447 2063 2518; x_wconf 80' lang='lat' dir='ltr'><strong>privilegium</strong></span> <span class='ocrx_word' id='word_1_192' title='bbox 2093 2452 2140 2509; x_wconf 82' lang='grc' dir='ltr'><strong>Α</strong></span> <span class='ocrx_word' id='word_1_193' title='bbox 2169 2447 2410 2514; x_wconf 86' lang='lat' dir='ltr'><strong>ferentes,</strong></span> <span class='ocrx_word' id='word_1_194' title='bbox 2453 2454 2633 2500; x_wconf 81' lang='lat' dir='ltr'><strong>testem</strong></span> <span class='ocrx_word' id='word_1_195' title='bbox 2669 2445 3025 2499; x_wconf 85' lang='lat' dir='ltr'><strong>conventionis</strong></span> <span class='ocrx_word' id='word_1_196' title='bbox 3058 2453 3254 2497; x_wconf 86' lang='lat' dir='ltr'><strong>nostrae</strong></span> <span class='ocrx_word' id='word_1_197' title='bbox 3289 2443 3598 2497; x_wconf 76' lang='lat' dir='ltr'><strong>Balduinum</strong></span> <span class='ocrx_word' id='word_1_198' title='bbox 3625 2445 3703 2499; x_wconf 80' lang='lat' dir='ltr'><strong>atl-</strong></span> 
     </span>
    </p>
   </div>
   <div class='ocr_carea' id='block_1_24' title="bbox 470 2540 2060 2611">
    <p class='ocr_par' dir='ltr' id='par_1_24' title="bbox 470 2540 2060 2611">
     <span class='ocr_line' id='line_1_24' title="bbox 470 2540 2060 2611; baseline 0 -19"><span class='ocrx_word' id='word_1_199' title='bbox 470 2555 626 2593; x_wconf 79' lang='lat' dir='ltr'><strong>suunt</strong></span> <span class='ocrx_word' id='word_1_200' title='bbox 646 2540 740 2593; x_wconf 74' lang='lat' dir='ltr'><strong>Iaoc</strong></span> <span class='ocrx_word' id='word_1_201' title='bbox 757 2557 848 2609; x_wconf 89' lang='lat' dir='ltr'><strong>per</strong></span> <span class='ocrx_word' id='word_1_202' title='bbox 867 2541 1072 2609; x_wconf 87' lang='lat' dir='ltr'><strong>negotio</strong></span> <span class='ocrx_word' id='word_1_203' title='bbox 1089 2540 1273 2594; x_wconf 80' lang='lat' dir='ltr'><strong>detuli.</strong></span> <span class='ocrx_word' id='word_1_204' title='bbox 1303 2540 1438 2593; x_wconf 86' lang='lat' dir='ltr'><strong>Ecce</strong></span> <span class='ocrx_word' id='word_1_205' title='bbox 1459 2550 1633 2594; x_wconf 89' lang='lat' dir='ltr'><strong>autem</strong></span> <span class='ocrx_word' id='word_1_206' title='bbox 1657 2542 1793 2594; x_wconf 85' lang='lat' dir='ltr'><strong>idem</strong></span> <span class='ocrx_word' id='word_1_207' title='bbox 1815 2542 1905 2611; x_wconf 85' lang='lat' dir='ltr'><strong>qui</strong></span> <span class='ocrx_word' id='word_1_208' title='bbox 1925 2556 2060 2593; x_wconf 81' lang='lat' dir='ltr'><strong>nunc</strong></span> 
     </span>
    </p>
   </div>
   <div class='ocr_carea' id='block_1_25' title="bbox 469 2630 2066 2701">
    <p class='ocr_par' dir='ltr' id='par_1_25' title="bbox 469 2630 2066 2701">
     <span class='ocr_line' id='line_1_25' title="bbox 469 2630 2066 2701; baseline -0.002 -16"><span class='ocrx_word' id='word_1_209' title='bbox 469 2632 742 2701; x_wconf 75' lang='lat' dir='ltr'><strong>episcopus</strong></span> <span class='ocrx_word' id='word_1_210' title='bbox 786 2648 904 2685; x_wconf 88' lang='lat' dir='ltr'><strong>cum</strong></span> <span class='ocrx_word' id='word_1_211' title='bbox 956 2632 1392 2686; x_wconf 65' lang='grc' dir='ltr'><strong>εοανεΙεὶάὶασοηο</strong></span> <span class='ocrx_word' id='word_1_212' title='bbox 1450 2648 1545 2686; x_wconf 75' lang='lat' dir='ltr'><strong>suo</strong></span> <span class='ocrx_word' id='word_1_213' title='bbox 1591 2630 1798 2686; x_wconf 82' lang='lat' dir='ltr'><strong>Joanne</strong></span> <span class='ocrx_word' id='word_1_214' title='bbox 1844 2631 2066 2684; x_wconf 78' lang='lat' dir='ltr'><strong>Romam-</strong></span> 
     </span>
    </p>
   </div>
   <div class='ocr_carea' id='block_1_26' title="bbox 469 2723 2063 2796">
    <p class='ocr_par' dir='ltr' id='par_1_26' title="bbox 469 2723 2063 2796">
     <span class='ocr_line' id='line_1_26' title="bbox 469 2723 2063 2796; baseline 0.001 -18"><span class='ocrx_word' id='word_1_215' title='bbox 469 2724 632 2791; x_wconf 70' lang='lat' dir='ltr'><strong>nenit,</strong></span> <span class='ocrx_word' id='word_1_216' title='bbox 664 2723 847 2777; x_wconf 84' lang='lat' dir='ltr'><strong>multis</strong></span> <span class='ocrx_word' id='word_1_217' title='bbox 874 2725 1183 2778; x_wconf 74' lang='lat' dir='ltr'><strong>criminibus</strong></span> <span class='ocrx_word' id='word_1_218' title='bbox 1219 2724 1356 2795; x_wconf 82' lang='lat' dir='ltr'><strong>falso</strong></span> <span class='ocrx_word' id='word_1_219' title='bbox 1399 2741 1477 2779; x_wconf 89' lang='lat' dir='ltr'><strong>me</strong></span> <span class='ocrx_word' id='word_1_220' title='bbox 1503 2726 1756 2778; x_wconf 85' lang='lat' dir='ltr'><strong>denotans</strong></span> <span class='ocrx_word' id='word_1_221' title='bbox 1787 2727 1928 2796; x_wconf 88' lang='lat' dir='ltr'><strong>apud</strong></span> <span class='ocrx_word' id='word_1_222' title='bbox 1953 2725 2063 2780; x_wconf 85' lang='lat' dir='ltr'><strong>Do-</strong></span> 
     </span>
    </p>
   </div>
   <div class='ocr_carea' id='block_1_27' title="bbox 471 2819 2062 2890">
    <p class='ocr_par' dir='ltr' id='par_1_27' title="bbox 471 2819 2062 2890">
     <span class='ocr_line' id='line_1_27' title="bbox 471 2819 2062 2890; baseline 0 -18"><span class='ocrx_word' id='word_1_223' title='bbox 471 2820 672 2872; x_wconf 86' lang='lat' dir='ltr'><strong>minum</strong></span> <span class='ocrx_word' id='word_1_224' title='bbox 707 2835 923 2889; x_wconf 86' lang='lat' dir='ltr'><strong>papam,</strong></span> <span class='ocrx_word' id='word_1_225' title='bbox 958 2820 1170 2889; x_wconf 85' lang='lat' dir='ltr'><strong>insuper</strong></span> <span class='ocrx_word' id='word_1_226' title='bbox 1206 2819 1270 2874; x_wconf 87' lang='lat' dir='ltr'><strong>de</strong></span> <span class='ocrx_word' id='word_1_227' title='bbox 1301 2828 1514 2890; x_wconf 87' lang='lat' dir='ltr'><strong>accepta</strong></span> <span class='ocrx_word' id='word_1_228' title='bbox 1548 2819 1903 2874; x_wconf 84' lang='lat' dir='ltr'><strong>benedictione</strong></span> <span class='ocrx_word' id='word_1_229' title='bbox 1933 2835 2062 2890; x_wconf 91' lang='lat' dir='ltr'><strong>apo-</strong></span> 
     </span>
    </p>
   </div>
   <div class='ocr_carea' id='block_1_28' title="bbox 467 2910 2059 2984">
    <p class='ocr_par' dir='ltr' id='par_1_28' title="bbox 467 2910 2059 2984">
     <span class='ocr_line' id='line_1_28' title="bbox 467 2910 2059 2984; baseline 0.002 -21"><span class='ocrx_word' id='word_1_230' title='bbox 467 2910 660 2964; x_wconf 87' lang='lat' dir='ltr'><strong>stolica</strong></span> <span class='ocrx_word' id='word_1_231' title='bbox 690 2911 758 2982; x_wconf 74' lang='lat' dir='ltr'><strong>li.</strong></span> <span class='ocrx_word' id='word_1_232' title='bbox 787 2929 832 2966; x_wconf 88' lang='lat' dir='ltr'><strong>e.</strong></span> <span class='ocrx_word' id='word_1_233' title='bbox 866 2911 1216 2984; x_wconf 89' lang='lat' dir='ltr'><strong>sacerdotio].</strong></span> <span class='ocrx_word' id='word_1_234' title='bbox 1244 2911 1442 2965; x_wconf 77' lang='lat' dir='ltr'><strong>Absens</strong></span> <span class='ocrx_word' id='word_1_235' title='bbox 1463 2928 1609 2965; x_wconf 87' lang='lat' dir='ltr'><strong>eram</strong></span> <span class='ocrx_word' id='word_1_236' title='bbox 1637 2927 1654 2964; x_wconf 91' lang='lat'><strong><em>:</em></strong></span> <span class='ocrx_word' id='word_1_237' title='bbox 1685 2912 1802 2965; x_wconf 85' lang='lat' dir='ltr'><strong>ideo</strong></span> <span class='ocrx_word' id='word_1_238' title='bbox 1825 2921 2059 2984; x_wconf 86' lang='lat' dir='ltr'><strong>uterque,</strong></span> 
     </span>
    </p>
   </div>
   <div class='ocr_carea' id='block_1_29' title="bbox 466 3002 2061 3076">
    <p class='ocr_par' dir='ltr' id='par_1_29' title="bbox 466 3002 2061 3076">
     <span class='ocr_line' id='line_1_29' title="bbox 466 3002 2061 3076; baseline 0.003 -20"><span class='ocrx_word' id='word_1_239' title='bbox 466 3002 561 3056; x_wconf 89' lang='lat' dir='ltr'><strong>ille</strong></span> <span class='ocrx_word' id='word_1_240' title='bbox 602 3013 653 3057; x_wconf 89' lang='lat' dir='ltr'><strong>et</strong></span> <span class='ocrx_word' id='word_1_241' title='bbox 699 3021 818 3075; x_wconf 72' lang='lat' dir='ltr'><strong>ego,</strong></span> <span class='ocrx_word' id='word_1_242' title='bbox 855 3005 1198 3074; x_wconf 83' lang='lat' dir='ltr'><strong>jussisumus</strong></span> <span class='ocrx_word' id='word_1_243' title='bbox 1249 3006 1430 3059; x_wconf 78' lang='lat' dir='ltr'><strong>adesse</strong></span> <span class='ocrx_word' id='word_1_244' title='bbox 1486 3003 1756 3070; x_wconf 76' lang='lat' dir='ltr'><strong>Vercellis,</strong></span> <span class='ocrx_word' id='word_1_245' title='bbox 1797 3014 1853 3058; x_wconf 89' lang='lat' dir='ltr'><strong>ut</strong></span> <span class='ocrx_word' id='word_1_246' title='bbox 1901 3023 2061 3076; x_wconf 82' lang='lat' dir='ltr'><strong>syno-</strong></span> 
     </span>
    </p>
   </div>
   <div class='ocr_carea' id='block_1_30' title="bbox 467 3094 2064 3167">
    <p class='ocr_par' dir='ltr' id='par_1_30' title="bbox 467 3094 2064 3167">
     <span class='ocr_line' id='line_1_30' title="bbox 467 3094 2064 3167; baseline 0.003 -20"><span class='ocrx_word' id='word_1_247' title='bbox 467 3094 665 3148; x_wconf 73' lang='lat' dir='ltr'><strong>daliler</strong></span> <span class='ocrx_word' id='word_1_248' title='bbox 689 3112 768 3148; x_wconf 86' lang='lat' dir='ltr'><strong>res</strong></span> <span class='ocrx_word' id='word_1_249' title='bbox 801 3105 1061 3166; x_wconf 83' lang='lat' dir='ltr'><strong>ageretur.</strong></span> <span class='ocrx_word' id='word_1_250' title='bbox 1095 3096 1178 3149; x_wconf 84' lang='lat' dir='ltr'><strong>Ad</strong></span> <span class='ocrx_word' id='word_1_251' title='bbox 1211 3097 1352 3150; x_wconf 87' lang='lat' dir='ltr'><strong>diem</strong></span> <span class='ocrx_word' id='word_1_252' title='bbox 1381 3105 1644 3150; x_wconf 86' lang='lat' dir='ltr'><strong>statutum</strong></span> <span class='ocrx_word' id='word_1_253' title='bbox 1679 3098 1832 3167; x_wconf 88' lang='lat' dir='ltr'><strong>adfui</strong></span> <span class='ocrx_word' id='word_1_254' title='bbox 1861 3118 1874 3152; x_wconf 90' lang='lat'><strong>:</strong></span> <span class='ocrx_word' id='word_1_255' title='bbox 1905 3115 2064 3152; x_wconf 83' lang='lat' dir='ltr'><strong>accu-</strong></span> 
     </span>
    </p>
   </div>
   <div class='ocr_carea' id='block_1_31' title="bbox 467 3184 2066 3257">
    <p class='ocr_par' dir='ltr' id='par_1_31' title="bbox 467 3184 2066 3257">
     <span class='ocr_line' id='line_1_31' title="bbox 467 3184 2066 3257; baseline 0.005 -23"><span class='ocrx_word' id='word_1_256' title='bbox 467 3192 671 3236; x_wconf 85' lang='lat' dir='ltr'><strong>satores</strong></span> <span class='ocrx_word' id='word_1_257' title='bbox 716 3193 891 3238; x_wconf 86' lang='lat' dir='ltr'><strong>autem</strong></span> <span class='ocrx_word' id='word_1_258' title='bbox 919 3185 1075 3238; x_wconf 85' lang='lat' dir='ltr'><strong>nulli.</strong></span> <span class='ocrx_word' id='word_1_259' title='bbox 1127 3184 1279 3254; x_wconf 81' lang='lat' dir='ltr'><strong>Papa</strong></span> <span class='ocrx_word' id='word_1_260' title='bbox 1317 3185 1524 3240; x_wconf 79' lang='lat' dir='ltr'><strong>litteras</strong></span> <span class='ocrx_word' id='word_1_261' title='bbox 1562 3185 1754 3240; x_wconf 83' lang='lat' dir='ltr'><strong>domno</strong></span> <span class='ocrx_word' id='word_1_262' title='bbox 1784 3189 2066 3257; x_wconf 72' lang='lat' dir='ltr'><strong>arcltiprte-</strong></span> 
     </span>
    </p>
   </div>
   <div class='ocr_carea' id='block_1_32' title="bbox 381 3275 2063 3349">
    <p class='ocr_par' dir='ltr' id='par_1_32' title="bbox 381 3275 2063 3349">
     <span class='ocr_line' id='line_1_32' title="bbox 381 3275 2063 3349; baseline 0.003 -22"><span class='ocrx_word' id='word_1_263' title='bbox 381 3291 388 3300; x_wconf 82' lang='lat'><strong><em>&#39;</em></strong></span> <span class='ocrx_word' id='word_1_264' title='bbox 468 3275 598 3338; x_wconf 68' lang='lat' dir='ltr'><strong>tuli,</strong></span> <span class='ocrx_word' id='word_1_265' title='bbox 648 3285 705 3328; x_wconf 87' lang='lat' dir='ltr'><strong>ut</strong></span> <span class='ocrx_word' id='word_1_266' title='bbox 759 3277 953 3330; x_wconf 87' lang='lat' dir='ltr'><strong>nostris</strong></span> <span class='ocrx_word' id='word_1_267' title='bbox 1003 3278 1293 3348; x_wconf 82' lang='lat' dir='ltr'><strong>privilegiis</strong></span> <span class='ocrx_word' id='word_1_268' title='bbox 1339 3278 1758 3349; x_wconf 84' lang='lat' dir='ltr'><strong>astipularetur,</strong></span> <span class='ocrx_word' id='word_1_269' title='bbox 1805 3280 1970 3345; x_wconf 83' lang='lat' dir='ltr'><strong>misit,</strong></span> <span class='ocrx_word' id='word_1_270' title='bbox 2013 3289 2063 3332; x_wconf 89' lang='lat' dir='ltr'><strong>et</strong></span> 
     </span>
    </p>
   </div>
   <div class='ocr_carea' id='block_1_33' title="bbox 468 3369 2067 3443">
    <p class='ocr_par' dir='ltr' id='par_1_33' title="bbox 468 3369 2067 3443">
     <span class='ocr_line' id='line_1_33' title="bbox 468 3369 2067 3443; baseline 0.003 -22"><span class='ocrx_word' id='word_1_271' title='bbox 468 3371 711 3438; x_wconf 81' lang='lat' dir='ltr'><strong>episcopo</strong></span> <span class='ocrx_word' id='word_1_272' title='bbox 759 3369 1122 3436; x_wconf 77' lang='lat' dir='ltr'><strong>Ambianrnsi,</strong></span> <span class='ocrx_word' id='word_1_273' title='bbox 1171 3389 1233 3425; x_wconf 90' lang='lat' dir='ltr'><strong>ne</strong></span> <span class='ocrx_word' id='word_1_274' title='bbox 1281 3372 1409 3442; x_wconf 88' lang='lat' dir='ltr'><strong>quid</strong></span> <span class='ocrx_word' id='word_1_275' title='bbox 1465 3373 1618 3442; x_wconf 85' lang='lat' dir='ltr'><strong>impii</strong></span> <span class='ocrx_word' id='word_1_276' title='bbox 1659 3382 1831 3443; x_wconf 86' lang='lat' dir='ltr'><strong>ageret</strong></span> <span class='ocrx_word' id='word_1_277' title='bbox 1859 3374 1914 3426; x_wconf 89' lang='lat' dir='ltr'><strong>in</strong></span> <span class='ocrx_word' id='word_1_278' title='bbox 1947 3388 2067 3439; x_wconf 77' lang='lat' dir='ltr'><strong>nos,</strong></span> 
     </span>
    </p>
   </div>
   <div class='ocr_carea' id='block_1_34' title="bbox 469 3461 2064 3535">
    <p class='ocr_par' dir='ltr' id='par_1_34' title="bbox 469 3461 2064 3535">
     <span class='ocr_line' id='line_1_34' title="bbox 469 3461 2064 3535; baseline 0.004 -23"><span class='ocrx_word' id='word_1_279' title='bbox 469 3462 687 3516; x_wconf 84' lang='lat' dir='ltr'><strong>inalirit.</strong></span> <span class='ocrx_word' id='word_1_280' title='bbox 739 3461 927 3527; x_wconf 55' lang='lat' dir='ltr'><strong>Quoad</strong></span> <span class='ocrx_word' id='word_1_281' title='bbox 973 3463 1106 3517; x_wconf 71' lang='lat' dir='ltr'><strong>vixit</strong></span> <span class='ocrx_word' id='word_1_282' title='bbox 1152 3463 1393 3534; x_wconf 84' lang='lat' dir='ltr'><strong>deinceps</strong></span> <span class='ocrx_word' id='word_1_283' title='bbox 1439 3466 1712 3535; x_wconf 86' lang='lat' dir='ltr'><strong>episcopus</strong></span> <span class='ocrx_word' id='word_1_284' title='bbox 1753 3463 1940 3531; x_wconf 82' lang='lat' dir='ltr'><strong>Falco,</strong></span> <span class='ocrx_word' id='word_1_285' title='bbox 1979 3467 2064 3518; x_wconf 89' lang='lat' dir='ltr'><strong>in-</strong></span> 
     </span>
    </p>
   </div>
   <div class='ocr_carea' id='block_1_35' title="bbox 471 3553 2063 3626">
    <p class='ocr_par' dir='ltr' id='par_1_35' title="bbox 471 3553 2063 3626">
     <span class='ocr_line' id='line_1_35' title="bbox 471 3553 2063 3626; baseline 0.003 -22"><span class='ocrx_word' id='word_1_286' title='bbox 471 3563 616 3618; x_wconf 80' lang='lat' dir='ltr'><strong>tegra</strong></span> <span class='ocrx_word' id='word_1_287' title='bbox 667 3553 886 3608; x_wconf 74' lang='lat' dir='ltr'><strong>libertus</strong></span> <span class='ocrx_word' id='word_1_288' title='bbox 933 3555 1035 3625; x_wconf 83' lang='lat' dir='ltr'><strong>fuit</strong></span> <span class='ocrx_word' id='word_1_289' title='bbox 1081 3555 1222 3610; x_wconf 87' lang='lat' dir='ltr'><strong>loco.</strong></span> <span class='ocrx_word' id='word_1_290' title='bbox 1270 3555 1499 3610; x_wconf 78' lang='lat' dir='ltr'><strong>Ful’coni</strong></span> <span class='ocrx_word' id='word_1_291' title='bbox 1536 3557 1787 3610; x_wconf 84' lang='lat' dir='ltr'><strong>successit</strong></span> <span class='ocrx_word' id='word_1_292' title='bbox 1833 3573 2063 3626; x_wconf 81' lang='lat' dir='ltr'><strong>praesens</strong></span> 
     </span>
    </p>
   </div>
   <div class='ocr_carea' id='block_1_36' title="bbox 471 3646 2063 3721">
    <p class='ocr_par' dir='ltr' id='par_1_36' title="bbox 471 3646 2063 3721">
     <span class='ocr_line' id='line_1_36' title="bbox 471 3646 2063 3721; baseline 0.003 -22"><span class='ocrx_word' id='word_1_293' title='bbox 471 3646 651 3713; x_wconf 76' lang='lat' dir='ltr'><strong>Wido,</strong></span> <span class='ocrx_word' id='word_1_294' title='bbox 693 3649 784 3718; x_wconf 86' lang='lat' dir='ltr'><strong>qui</strong></span> <span class='ocrx_word' id='word_1_295' title='bbox 829 3665 1154 3718; x_wconf 86' lang='lat' dir='ltr'><strong>summopere</strong></span> <span class='ocrx_word' id='word_1_296' title='bbox 1200 3650 1390 3704; x_wconf 87' lang='lat' dir='ltr'><strong>nititur</strong></span> <span class='ocrx_word' id='word_1_297' title='bbox 1431 3651 1674 3718; x_wconf 76' lang='lat' dir='ltr'><strong>irritare,</strong></span> <span class='ocrx_word' id='word_1_298' title='bbox 1710 3651 1849 3721; x_wconf 86' lang='lat' dir='ltr'><strong>quod</strong></span> <span class='ocrx_word' id='word_1_299' title='bbox 1887 3659 2063 3704; x_wconf 88' lang='lat' dir='ltr'><strong>ratum</strong></span> 
     </span>
    </p>
   </div>
   <div class='ocr_carea' id='block_1_37' title="bbox 467 3740 2062 3809">
    <p class='ocr_par' dir='ltr' id='par_1_37' title="bbox 467 3740 2062 3809">
     <span class='ocr_line' id='line_1_37' title="bbox 467 3740 2062 3809; baseline 0.003 -17"><span class='ocrx_word' id='word_1_300' title='bbox 467 3749 544 3792; x_wconf 88' lang='lat' dir='ltr'><strong>est</strong></span> <span class='ocrx_word' id='word_1_301' title='bbox 576 3749 651 3793; x_wconf 89' lang='lat' dir='ltr'><strong>tot</strong></span> <span class='ocrx_word' id='word_1_302' title='bbox 675 3740 1087 3809; x_wconf 83' lang='lat' dir='ltr'><strong>apostolicorum</strong></span> <span class='ocrx_word' id='word_1_303' title='bbox 1113 3753 1300 3795; x_wconf 78' lang='lat' dir='ltr'><strong>sancta</strong></span> <span class='ocrx_word' id='word_1_304' title='bbox 1328 3744 1671 3796; x_wconf 85' lang='lat' dir='ltr'><strong>auctoritate.</strong></span> <span class='ocrx_word' id='word_1_305' title='bbox 1701 3742 1841 3795; x_wconf 84' lang='lat' dir='ltr'><strong>Ilinc</strong></span> <span class='ocrx_word' id='word_1_306' title='bbox 1866 3742 2017 3796; x_wconf 87' lang='lat' dir='ltr'><strong>labor</strong></span> <span class='ocrx_word' id='word_1_307' title='bbox 2043 3758 2062 3796; x_wconf 87' lang='lat'><em>:</em></span> 
     </span>
    </p>
   </div>
   <div class='ocr_carea' id='block_1_38' title="bbox 467 3829 2067 3905">
    <p class='ocr_par' dir='ltr' id='par_1_38' title="bbox 467 3829 2067 3905">
     <span class='ocr_line' id='line_1_38' title="bbox 467 3829 2067 3905; baseline 0.004 -24"><span class='ocrx_word' id='word_1_308' title='bbox 467 3829 624 3884; x_wconf 85' lang='lat' dir='ltr'><strong>multi</strong></span> <span class='ocrx_word' id='word_1_309' title='bbox 649 3841 930 3884; x_wconf 85' lang='lat' dir='ltr'><strong>conventus</strong></span> <span class='ocrx_word' id='word_1_310' title='bbox 957 3848 974 3885; x_wconf 92' lang='lat'><em>:</em></span> <span class='ocrx_word' id='word_1_311' title='bbox 1000 3833 1138 3886; x_wconf 88' lang='lat' dir='ltr'><strong>inter</strong></span> <span class='ocrx_word' id='word_1_312' title='bbox 1163 3850 1281 3904; x_wconf 68' lang='lat' dir='ltr'><strong>quis</strong></span> <span class='ocrx_word' id='word_1_313' title='bbox 1314 3835 1494 3887; x_wconf 88' lang='lat' dir='ltr'><strong>omnia</strong></span> <span class='ocrx_word' id='word_1_314' title='bbox 1520 3833 1714 3905; x_wconf 85' lang='lat' dir='ltr'><strong>aliquis</strong></span> <span class='ocrx_word' id='word_1_315' title='bbox 1753 3834 1880 3888; x_wconf 78' lang='lat' dir='ltr'><strong>milii</strong></span> <span class='ocrx_word' id='word_1_316' title='bbox 1921 3851 2067 3888; x_wconf 88' lang='lat' dir='ltr'><strong>man-</strong></span> 
     </span>
    </p>
   </div>
   <div class='ocr_carea' id='block_1_39' title="bbox 468 3921 2062 3996">
    <p class='ocr_par' dir='ltr' id='par_1_39' title="bbox 468 3921 2062 3996">
     <span class='ocr_line' id='line_1_39' title="bbox 468 3921 2062 3996; baseline 0.005 -22"><span class='ocrx_word' id='word_1_317' title='bbox 468 3921 640 3986; x_wconf 73' lang='lat' dir='ltr'><strong>davit,</strong></span> <span class='ocrx_word' id='word_1_318' title='bbox 678 3933 734 3974; x_wconf 84' lang='lat' dir='ltr'><strong>ut</strong></span> <span class='ocrx_word' id='word_1_319' title='bbox 763 3923 826 3976; x_wconf 89' lang='lat' dir='ltr'><strong>de</strong></span> <span class='ocrx_word' id='word_1_320' title='bbox 861 3924 990 3977; x_wconf 86' lang='lat' dir='ltr'><strong>bono</strong></span> <span class='ocrx_word' id='word_1_321' title='bbox 1025 3923 1258 3979; x_wconf 70' lang='lat' dir='ltr'><strong>ecclesiae</strong></span> <span class='ocrx_word' id='word_1_322' title='bbox 1305 3927 1486 3979; x_wconf 84' lang='lat' dir='ltr'><strong>darent</strong></span> <span class='ocrx_word' id='word_1_323' title='bbox 1527 3941 1552 3980; x_wconf 83' lang='lat'><strong><em>:</em></strong></span> <span class='ocrx_word' id='word_1_324' title='bbox 1575 3935 1624 3979; x_wconf 90' lang='lat' dir='ltr'><strong>et</strong></span> <span class='ocrx_word' id='word_1_325' title='bbox 1671 3927 1940 3996; x_wconf 85' lang='lat' dir='ltr'><strong>episcopus</strong></span> <span class='ocrx_word' id='word_1_326' title='bbox 1983 3929 2062 3982; x_wconf 88' lang='lat' dir='ltr'><strong>ita</strong></span> 
     </span>
    </p>
   </div>
   <div class='ocr_carea' id='block_1_40' title="bbox 467 4014 2063 4088">
    <p class='ocr_par' dir='ltr' id='par_1_40' title="bbox 467 4014 2063 4088">
     <span class='ocr_line' id='line_1_40' title="bbox 467 4014 2063 4088; baseline 0.002 -18"><span class='ocrx_word' id='word_1_327' title='bbox 467 4014 668 4070; x_wconf 64' lang='lat' dir='ltr'><strong>altaria</strong></span> <span class='ocrx_word' id='word_1_328' title='bbox 718 4015 958 4082; x_wconf 85' lang='lat' dir='ltr'><strong>illarum,</strong></span> <span class='ocrx_word' id='word_1_329' title='bbox 1001 4019 1056 4070; x_wconf 87' lang='lat' dir='ltr'><strong>in</strong></span> <span class='ocrx_word' id='word_1_330' title='bbox 1085 4017 1273 4088; x_wconf 85' lang='lat' dir='ltr'><strong>quibus</strong></span> <span class='ocrx_word' id='word_1_331' title='bbox 1311 4018 1438 4071; x_wconf 87' lang='lat' dir='ltr'><strong>olim</strong></span> <span class='ocrx_word' id='word_1_332' title='bbox 1475 4018 1904 4072; x_wconf 81' lang='lat' dir='ltr'><strong>ministraverunt</strong></span> <span class='ocrx_word' id='word_1_333' title='bbox 1957 4036 2063 4074; x_wconf 86' lang='lat' dir='ltr'><strong>mo-</strong></span> 
     </span>
    </p>
   </div>
   <div class='ocr_carea' id='block_1_41' title="bbox 467 4109 2062 4182">
    <p class='ocr_par' dir='ltr' id='par_1_41' title="bbox 467 4109 2062 4182">
     <span class='ocr_line' id='line_1_41' title="bbox 467 4109 2062 4182; baseline 0.001 -19"><span class='ocrx_word' id='word_1_334' title='bbox 467 4109 652 4176; x_wconf 72' lang='lat' dir='ltr'><strong>trochi,</strong></span> <span class='ocrx_word' id='word_1_335' title='bbox 686 4111 868 4180; x_wconf 67' lang='lat' dir='ltr'><strong>quieta,</strong></span> <span class='ocrx_word' id='word_1_336' title='bbox 907 4112 1054 4165; x_wconf 77' lang='lat' dir='ltr'><strong>nobis</strong></span> <span class='ocrx_word' id='word_1_337' title='bbox 1113 4112 1338 4180; x_wconf 77' lang='lat' dir='ltr'><strong>faceret,</strong></span> <span class='ocrx_word' id='word_1_338' title='bbox 1373 4113 1604 4182; x_wconf 86' lang='lat' dir='ltr'><strong>gratiam</strong></span> <span class='ocrx_word' id='word_1_339' title='bbox 1634 4127 1787 4165; x_wconf 79' lang='lat' dir='ltr'><strong>suam</strong></span> <span class='ocrx_word' id='word_1_340' title='bbox 1834 4112 2062 4166; x_wconf 87' lang='lat' dir='ltr'><strong>redinte-</strong></span> 
     </span>
    </p>
   </div>
   <div class='ocr_carea' id='block_1_42' title="bbox 465 4203 2060 4278">
    <p class='ocr_par' dir='ltr' id='par_1_42' title="bbox 465 4203 2060 4278">
     <span class='ocr_line' id='line_1_42' title="bbox 465 4203 2060 4278; baseline 0.002 -24"><span class='ocrx_word' id='word_1_341' title='bbox 465 4210 662 4278; x_wconf 67' lang='lat' dir='ltr'><strong>graret,</strong></span> <span class='ocrx_word' id='word_1_342' title='bbox 719 4203 1008 4272; x_wconf 87' lang='lat' dir='ltr'><strong>privilegiis</strong></span> <span class='ocrx_word' id='word_1_343' title='bbox 1047 4203 1247 4258; x_wconf 81' lang='lat' dir='ltr'><strong>auditis</strong></span> <span class='ocrx_word' id='word_1_344' title='bbox 1289 4219 1352 4256; x_wconf 79' lang='lat' dir='ltr'><strong>ea:</strong></span> <span class='ocrx_word' id='word_1_345' title='bbox 1397 4213 1504 4256; x_wconf 88' lang='lat' dir='ltr'><strong>toto</strong></span> <span class='ocrx_word' id='word_1_346' title='bbox 1541 4205 1875 4258; x_wconf 70' lang='lat' dir='ltr'><strong>consrntiret.</strong></span> <span class='ocrx_word' id='word_1_347' title='bbox 1924 4203 2060 4258; x_wconf 80' lang='lat' dir='ltr'><strong>Dedi</strong></span> 
     </span>
    </p>
   </div>
   <div class='ocr_carea' id='block_1_43' title="bbox 465 4292 2056 4363">
    <p class='ocr_par' dir='ltr' id='par_1_43' title="bbox 465 4292 2056 4363">
     <span class='ocr_line' id='line_1_43' title="bbox 465 4292 2056 4363; baseline 0.002 -18"><span class='ocrx_word' id='word_1_348' title='bbox 465 4293 604 4362; x_wconf 78' lang='lat' dir='ltr'><strong>quad</strong></span> <span class='ocrx_word' id='word_1_349' title='bbox 637 4293 820 4363; x_wconf 85' lang='lat' dir='ltr'><strong>aginta</strong></span> <span class='ocrx_word' id='word_1_350' title='bbox 851 4292 1016 4348; x_wconf 86' lang='lat' dir='ltr'><strong>libras</strong></span> <span class='ocrx_word' id='word_1_351' title='bbox 1047 4295 1260 4360; x_wconf 75' lang='lat' dir='ltr'><strong>valens;</strong></span> <span class='ocrx_word' id='word_1_352' title='bbox 1299 4295 1500 4348; x_wconf 82' lang='lat' dir='ltr'><strong>vidente</strong></span> <span class='ocrx_word' id='word_1_353' title='bbox 1543 4297 1730 4349; x_wconf 87' lang='lat' dir='ltr'><strong>comite</strong></span> <span class='ocrx_word' id='word_1_354' title='bbox 1766 4294 2056 4361; x_wconf 87' lang='lat' dir='ltr'><strong>Balduino,</strong></span> 
     </span>
    </p>
   </div>
   <div class='ocr_carea' id='block_1_44' title="bbox 465 4385 2059 4456">
    <p class='ocr_par' dir='ltr' id='par_1_44' title="bbox 465 4385 2059 4456">
     <span class='ocr_line' id='line_1_44' title="bbox 465 4385 2059 4456; baseline 0.002 -21"><span class='ocrx_word' id='word_1_355' title='bbox 465 4385 676 4452; x_wconf 74' lang='lat' dir='ltr'><strong>suisque</strong></span> <span class='ocrx_word' id='word_1_356' title='bbox 734 4393 808 4436; x_wconf 90' lang='lat' dir='ltr'><strong>tot</strong></span> <span class='ocrx_word' id='word_1_357' title='bbox 856 4385 1205 4456; x_wconf 79' lang='lat' dir='ltr'><strong>principibus,</strong></span> <span class='ocrx_word' id='word_1_358' title='bbox 1255 4387 1526 4455; x_wconf 71' lang='lat' dir='ltr'><strong>pt‘tl’tllcltt!</strong></span> <span class='ocrx_word' id='word_1_359' title='bbox 1577 4388 1650 4440; x_wconf 86' lang='lat' dir='ltr'><strong>rei</strong></span> <span class='ocrx_word' id='word_1_360' title='bbox 1693 4396 1906 4456; x_wconf 86' lang='lat' dir='ltr'><strong>pactum</strong></span> <span class='ocrx_word' id='word_1_361' title='bbox 1965 4387 2059 4456; x_wconf 83' lang='lat' dir='ltr'><strong>ﬁr-</strong></span> 
     </span>
    </p>
   </div>
   <div class='ocr_carea' id='block_1_45' title="bbox 465 4474 2059 4550">
    <p class='ocr_par' dir='ltr' id='par_1_45' title="bbox 465 4474 2059 4550">
     <span class='ocr_line' id='line_1_45' title="bbox 465 4474 2059 4550; baseline 0.003 -24"><span class='ocrx_word' id='word_1_362' title='bbox 465 4485 690 4529; x_wconf 82' lang='lat' dir='ltr'><strong>matum.</strong></span> <span class='ocrx_word' id='word_1_363' title='bbox 725 4474 829 4530; x_wconf 88' lang='lat' dir='ltr'><strong>Sed</strong></span> <span class='ocrx_word' id='word_1_364' title='bbox 871 4494 986 4532; x_wconf 84' lang='lat' dir='ltr'><strong>ecce</strong></span> <span class='ocrx_word' id='word_1_365' title='bbox 1035 4479 1210 4531; x_wconf 87' lang='lat' dir='ltr'><strong>minus</strong></span> <span class='ocrx_word' id='word_1_366' title='bbox 1264 4489 1461 4533; x_wconf 81' lang='lat' dir='ltr'><strong>servat.</strong></span> <span class='ocrx_word' id='word_1_367' title='bbox 1513 4479 1802 4533; x_wconf 85' lang='lat' dir='ltr'><strong>Pecuniam</strong></span> <span class='ocrx_word' id='word_1_368' title='bbox 1849 4480 2059 4550; x_wconf 83' lang='lat' dir='ltr'><strong>quidem</strong></span> 
     </span>
    </p>
   </div>
   <div class='ocr_carea' id='block_1_46' title="bbox 464 4566 2062 4646">
    <p class='ocr_par' dir='ltr' id='par_1_46' title="bbox 464 4566 2062 4646">
     <span class='ocr_line' id='line_1_46' title="bbox 464 4566 2062 4646; baseline 0.004 -30"><span class='ocrx_word' id='word_1_369' title='bbox 464 4567 672 4646; x_wconf 65' lang='lat' dir='ltr'><strong>accepit</strong></span> <span class='ocrx_word' id='word_1_370' title='bbox 701 4583 722 4619; x_wconf 88' lang='grc'><em>;</em></span> <span class='ocrx_word' id='word_1_371' title='bbox 748 4566 948 4622; x_wconf 84' lang='lat' dir='ltr'><strong>altaria</strong></span> <span class='ocrx_word' id='word_1_372' title='bbox 987 4585 1090 4622; x_wconf 87' lang='lat' dir='ltr'><strong>non</strong></span> <span class='ocrx_word' id='word_1_373' title='bbox 1123 4569 1299 4637; x_wconf 72' lang='lat' dir='ltr'><strong>dedit,</strong></span> <span class='ocrx_word' id='word_1_374' title='bbox 1329 4586 1422 4623; x_wconf 87' lang='lat' dir='ltr'><strong>nec</strong></span> <span class='ocrx_word' id='word_1_375' title='bbox 1456 4571 1576 4640; x_wconf 89' lang='lat' dir='ltr'><strong>paci</strong></span> <span class='ocrx_word' id='word_1_376' title='bbox 1614 4571 1896 4624; x_wconf 76' lang='lat' dir='ltr'><strong>consensit.</strong></span> <span class='ocrx_word' id='word_1_377' title='bbox 1948 4569 2062 4625; x_wconf 86' lang='lat' dir='ltr'><strong>Cle-</strong></span> 
     </span>
    </p>
   </div>
   <div class='ocr_carea' id='block_1_47' title="bbox 466 4658 2054 4732">
    <p class='ocr_par' dir='ltr' id='par_1_47' title="bbox 466 4658 2054 4732">
     <span class='ocr_line' id='line_1_47' title="bbox 466 4658 2054 4732; baseline 0.003 -22"><span class='ocrx_word' id='word_1_378' title='bbox 466 4658 603 4711; x_wconf 62' lang='lat' dir='ltr'><strong>ricos</strong></span> <span class='ocrx_word' id='word_1_379' title='bbox 629 4669 832 4714; x_wconf 87' lang='lat' dir='ltr'><strong>nostros</strong></span> <span class='ocrx_word' id='word_1_380' title='bbox 865 4661 1140 4715; x_wconf 79' lang='lat' dir='ltr'><strong>Ambianis</strong></span> <span class='ocrx_word' id='word_1_381' title='bbox 1175 4663 1477 4716; x_wconf 80' lang='lat' dir='ltr'><strong>convocavit</strong></span> <span class='ocrx_word' id='word_1_382' title='bbox 1506 4678 1524 4715; x_wconf 89' lang='lat'><strong><em>:</em></strong></span> <span class='ocrx_word' id='word_1_383' title='bbox 1547 4664 1593 4717; x_wconf 88' lang='lat' dir='ltr'><strong>si</strong></span> <span class='ocrx_word' id='word_1_384' title='bbox 1633 4664 1709 4716; x_wconf 89' lang='lat' dir='ltr'><strong>ire</strong></span> <span class='ocrx_word' id='word_1_385' title='bbox 1761 4663 2054 4732; x_wconf 68' lang='lat' dir='ltr'><strong>differrent,</strong></span> 
     </span>
    </p>
   </div>
   <div class='ocr_carea' id='block_1_48' title="bbox 465 4752 2054 4825">
    <p class='ocr_par' dir='ltr' id='par_1_48' title="bbox 465 4752 2054 4825">
     <span class='ocr_line' id='line_1_48' title="bbox 465 4752 2054 4825; baseline 0.003 -23"><span class='ocrx_word' id='word_1_386' title='bbox 465 4753 960 4808; x_wconf 75' lang='lat' dir='ltr'><strong>excommunicauit.</strong></span> <span class='ocrx_word' id='word_1_387' title='bbox 1009 4752 1164 4807; x_wconf 66' lang='lat' dir='ltr'><strong>Hasta:</strong></span> <span class='ocrx_word' id='word_1_388' title='bbox 1199 4753 1411 4807; x_wconf 85' lang='lat' dir='ltr'><strong>illatam</strong></span> <span class='ocrx_word' id='word_1_389' title='bbox 1464 4755 1718 4825; x_wconf 81' lang='lat' dir='ltr'><strong>injuriam</strong></span> <span class='ocrx_word' id='word_1_390' title='bbox 1761 4771 1863 4808; x_wconf 87' lang='lat' dir='ltr'><strong>non</strong></span> <span class='ocrx_word' id='word_1_391' title='bbox 1911 4770 2054 4824; x_wconf 65' lang='lat' dir='ltr'><strong>atque</strong></span> 
     </span>
    </p>
   </div>
   <div class='ocr_carea' id='block_1_49' title="bbox 2165 2534 3708 2609">
    <p class='ocr_par' dir='ltr' id='par_1_49' title="bbox 2165 2534 3708 2609">
     <span class='ocr_line' id='line_1_49' title="bbox 2165 2534 3708 2609; baseline -0.001 -19"><span class='ocrx_word' id='word_1_392' title='bbox 2165 2539 2453 2592; x_wconf 87' lang='lat' dir='ltr'><strong>laibuimus.</strong></span> <span class='ocrx_word' id='word_1_393' title='bbox 2488 2537 2732 2609; x_wconf 84' lang='lat' dir='ltr'><strong>Uterque,</strong></span> <span class='ocrx_word' id='word_1_394' title='bbox 2765 2554 2857 2608; x_wconf 84' lang='lat' dir='ltr'><strong>ego</strong></span> <span class='ocrx_word' id='word_1_395' title='bbox 2880 2537 3082 2590; x_wconf 84' lang='lat' dir='ltr'><strong>scilicet</strong></span> <span class='ocrx_word' id='word_1_396' title='bbox 3123 2546 3172 2590; x_wconf 91' lang='lat' dir='ltr'><strong>et</strong></span> <span class='ocrx_word' id='word_1_397' title='bbox 3211 2537 3502 2605; x_wconf 86' lang='lat' dir='ltr'><strong>episcopus,</strong></span> <span class='ocrx_word' id='word_1_398' title='bbox 3525 2534 3708 2590; x_wconf 83' lang='lat' dir='ltr'><strong>Curtm-</strong></span> 
     </span>
    </p>
   </div>
   <div class='ocr_carea' id='block_1_50' title="bbox 2165 2613 3708 2684">
    <p class='ocr_par' dir='ltr' id='par_1_50' title="bbox 2165 2613 3708 2684">
     <span class='ocr_line' id='line_1_50' title="bbox 2165 2613 3708 2684; baseline -0.001 -2"><span class='ocrx_word' id='word_1_399' title='bbox 2165 2613 2303 2682; x_wconf 28' lang='lat' dir='ltr'><strong>cum.</strong></span> <span class='ocrx_word' id='word_1_400' title='bbox 2339 2630 2570 2682; x_wconf 81' lang='lat' dir='ltr'><strong>venimus</strong></span> <span class='ocrx_word' id='word_1_401' title='bbox 2609 2645 2628 2681; x_wconf 91' lang='grc'><strong>.·</strong></span> <span class='ocrx_word' id='word_1_402' title='bbox 2663 2627 2861 2684; x_wconf 75' lang='lat' dir='ltr'><strong>multus</strong></span> <span class='ocrx_word' id='word_1_403' title='bbox 2903 2630 3065 2682; x_wconf 89' lang='lat' dir='ltr'><strong>etiam</strong></span> <span class='ocrx_word' id='word_1_404' title='bbox 3119 2627 3374 2681; x_wconf 87' lang='lat' dir='ltr'><strong>abbatum</strong></span> <span class='ocrx_word' id='word_1_405' title='bbox 3421 2627 3494 2681; x_wconf 80' lang='lat' dir='ltr'><strong>rel</strong></span> <span class='ocrx_word' id='word_1_406' title='bbox 3538 2629 3708 2682; x_wconf 73' lang='lat' dir='ltr'><strong>clerico-</strong></span> 
     </span>
    </p>
   </div>
   <div class='ocr_carea' id='block_1_51' title="bbox 2165 2721 3708 2792">
    <p class='ocr_par' dir='ltr' id='par_1_51' title="bbox 2165 2721 3708 2792">
     <span class='ocr_line' id='line_1_51' title="bbox 2165 2721 3708 2792; baseline -0.001 -16"><span class='ocrx_word' id='word_1_407' title='bbox 2165 2739 2283 2776; x_wconf 82' lang='lat' dir='ltr'><strong>rum</strong></span> <span class='ocrx_word' id='word_1_408' title='bbox 2328 2733 2626 2777; x_wconf 83' lang='lat' dir='ltr'><strong>conventus.</strong></span> <span class='ocrx_word' id='word_1_409' title='bbox 2661 2721 2966 2792; x_wconf 81' lang='lat' dir='ltr'><strong>Privilegiis</strong></span> <span class='ocrx_word' id='word_1_410' title='bbox 3007 2722 3061 2775; x_wconf 88' lang='lat' dir='ltr'><strong>in</strong></span> <span class='ocrx_word' id='word_1_411' title='bbox 3097 2731 3245 2775; x_wconf 87' lang='lat' dir='ltr'><strong>tanto</strong></span> <span class='ocrx_word' id='word_1_412' title='bbox 3284 2733 3420 2775; x_wconf 71' lang='lat' dir='ltr'><strong>cattu</strong></span> <span class='ocrx_word' id='word_1_413' title='bbox 3450 2721 3599 2788; x_wconf 79' lang='lat' dir='ltr'><strong>lectis,</strong></span> <span class='ocrx_word' id='word_1_414' title='bbox 3618 2723 3708 2791; x_wconf 71' lang='lat' dir='ltr'><strong>epi-</strong></span> 
     </span>
    </p>
   </div>
   <div class='ocr_carea' id='block_1_52' title="bbox 2165 2811 3712 2885">
    <p class='ocr_par' dir='ltr' id='par_1_52' title="bbox 2165 2811 3712 2885">
     <span class='ocr_line' id='line_1_52' title="bbox 2165 2811 3712 2885; baseline -0.001 -18"><span class='ocrx_word' id='word_1_415' title='bbox 2165 2830 2351 2884; x_wconf 87' lang='lat' dir='ltr'><strong>scapus</strong></span> <span class='ocrx_word' id='word_1_416' title='bbox 2383 2815 2645 2885; x_wconf 82' lang='lat' dir='ltr'><strong>refragari</strong></span> <span class='ocrx_word' id='word_1_417' title='bbox 2692 2831 2796 2867; x_wconf 84' lang='lat' dir='ltr'><strong>non</strong></span> <span class='ocrx_word' id='word_1_418' title='bbox 2839 2813 3024 2867; x_wconf 85' lang='lat' dir='ltr'><strong>valuit.</strong></span> <span class='ocrx_word' id='word_1_419' title='bbox 3078 2811 3209 2866; x_wconf 82' lang='lat' dir='ltr'><strong>Post</strong></span> <span class='ocrx_word' id='word_1_420' title='bbox 3258 2813 3371 2868; x_wconf 79' lang='lat' dir='ltr'><strong>haec</strong></span> <span class='ocrx_word' id='word_1_421' title='bbox 3408 2815 3570 2866; x_wconf 87' lang='lat' dir='ltr'><strong>omnia</strong></span> <span class='ocrx_word' id='word_1_422' title='bbox 3606 2831 3712 2866; x_wconf 78' lang='lat' dir='ltr'><strong>non-</strong></span> 
     </span>
    </p>
   </div>
   <div class='ocr_carea' id='block_1_53' title="bbox 2165 2906 3713 2976">
    <p class='ocr_par' dir='ltr' id='par_1_53' title="bbox 2165 2906 3713 2976">
     <span class='ocr_line' id='line_1_53' title="bbox 2165 2906 3713 2976; baseline -0.002 -16"><span class='ocrx_word' id='word_1_423' title='bbox 2165 2907 2292 2960; x_wconf 82' lang='lat' dir='ltr'><strong>dum</strong></span> <span class='ocrx_word' id='word_1_424' title='bbox 2323 2907 2678 2961; x_wconf 89' lang='lat' dir='ltr'><strong>obdormierat</strong></span> <span class='ocrx_word' id='word_1_425' title='bbox 2724 2908 2808 2960; x_wconf 89' lang='lat' dir='ltr'><strong>ira</strong></span> <span class='ocrx_word' id='word_1_426' title='bbox 2843 2906 3009 2960; x_wconf 89' lang='lat' dir='ltr'><strong>animi</strong></span> <span class='ocrx_word' id='word_1_427' title='bbox 3045 2906 3160 2975; x_wconf 85' lang='lat' dir='ltr'><strong>ejus</strong></span> <span class='ocrx_word' id='word_1_428' title='bbox 3197 2921 3218 2960; x_wconf 82' lang='lat'><strong>.‘</strong></span> <span class='ocrx_word' id='word_1_429' title='bbox 3255 2915 3305 2960; x_wconf 91' lang='lat' dir='ltr'><strong>et</strong></span> <span class='ocrx_word' id='word_1_430' title='bbox 3337 2923 3451 2960; x_wconf 87' lang='lat' dir='ltr'><strong>ecce</strong></span> <span class='ocrx_word' id='word_1_431' title='bbox 3496 2907 3713 2976; x_wconf 75' lang='lat' dir='ltr'><strong>synodum</strong></span> 
     </span>
    </p>
   </div>
   <div class='ocr_carea' id='block_1_54' title="bbox 2167 3001 3716 3071">
    <p class='ocr_par' dir='ltr' id='par_1_54' title="bbox 2167 3001 3716 3071">
     <span class='ocr_line' id='line_1_54' title="bbox 2167 3001 3716 3071; baseline -0.001 -17"><span class='ocrx_word' id='word_1_432' title='bbox 2167 3001 2360 3055; x_wconf 83' lang='lat' dir='ltr'><strong>habens</strong></span> <span class='ocrx_word' id='word_1_433' title='bbox 2392 3019 2472 3056; x_wconf 90' lang='lat' dir='ltr'><strong>me</strong></span> <span class='ocrx_word' id='word_1_434' title='bbox 2507 3002 2672 3071; x_wconf 84' lang='lat' dir='ltr'><strong>jussit</strong></span> <span class='ocrx_word' id='word_1_435' title='bbox 2723 3003 2992 3068; x_wconf 84' lang='lat' dir='ltr'><strong>interesse,</strong></span> <span class='ocrx_word' id='word_1_436' title='bbox 3022 3001 3175 3070; x_wconf 85' lang='lat' dir='ltr'><strong>cujus</strong></span> <span class='ocrx_word' id='word_1_437' title='bbox 3233 3002 3311 3053; x_wconf 90' lang='lat' dir='ltr'><strong>rei</strong></span> <span class='ocrx_word' id='word_1_438' title='bbox 3351 3010 3630 3069; x_wconf 83' lang='lat' dir='ltr'><strong>potestatem</strong></span> <span class='ocrx_word' id='word_1_439' title='bbox 3669 3002 3716 3052; x_wconf 80' lang='lat' dir='ltr'><strong>in</strong></span> 
     </span>
    </p>
   </div>
   <div class='ocr_carea' id='block_1_55' title="bbox 2167 3093 3718 3164">
    <p class='ocr_par' dir='ltr' id='par_1_55' title="bbox 2167 3093 3718 3164">
     <span class='ocr_line' id='line_1_55' title="bbox 2167 3093 3718 3164; baseline -0.002 -18"><span class='ocrx_word' id='word_1_440' title='bbox 2167 3093 2312 3146; x_wconf 90' lang='lat' dir='ltr'><strong>nullo</strong></span> <span class='ocrx_word' id='word_1_441' title='bbox 2341 3094 2444 3148; x_wconf 87' lang='lat' dir='ltr'><strong>sibi</strong></span> <span class='ocrx_word' id='word_1_442' title='bbox 2473 3094 2602 3147; x_wconf 84' lang='lat' dir='ltr'><strong>dant</strong></span> <span class='ocrx_word' id='word_1_443' title='bbox 2636 3094 2938 3164; x_wconf 82' lang='lat' dir='ltr'><strong>privilegia,</strong></span> <span class='ocrx_word' id='word_1_444' title='bbox 2986 3110 3078 3147; x_wconf 85' lang='lat' dir='ltr'><strong>nee</strong></span> <span class='ocrx_word' id='word_1_445' title='bbox 3119 3093 3260 3146; x_wconf 88' lang='lat' dir='ltr'><strong>ullus</strong></span> <span class='ocrx_word' id='word_1_446' title='bbox 3299 3093 3624 3162; x_wconf 80' lang='lat' dir='ltr'><strong>praedecessor</strong></span> <span class='ocrx_word' id='word_1_447' title='bbox 3645 3109 3718 3144; x_wconf 81' lang='lat' dir='ltr'><strong>no-</strong></span> 
     </span>
    </p>
   </div>
   <div class='ocr_carea' id='block_1_56' title="bbox 2166 3185 3722 3258">
    <p class='ocr_par' dir='ltr' id='par_1_56' title="bbox 2166 3185 3722 3258">
     <span class='ocr_line' id='line_1_56' title="bbox 2166 3185 3722 3258; baseline -0.001 -18"><span class='ocrx_word' id='word_1_448' title='bbox 2166 3196 2274 3240; x_wconf 88' lang='lat' dir='ltr'><strong>ster</strong></span> <span class='ocrx_word' id='word_1_449' title='bbox 2305 3195 2579 3240; x_wconf 74' lang='lat' dir='ltr'><strong>exsecutus</strong></span> <span class='ocrx_word' id='word_1_450' title='bbox 2627 3195 2725 3240; x_wconf 88' lang='lat' dir='ltr'><strong>est.</strong></span> <span class='ocrx_word' id='word_1_451' title='bbox 2785 3185 3113 3254; x_wconf 79' lang='lat' dir='ltr'><strong>lnﬁrmabar</strong></span> <span class='ocrx_word' id='word_1_452' title='bbox 3141 3203 3162 3240; x_wconf 86' lang='lat'><strong><em>:</em></strong></span> <span class='ocrx_word' id='word_1_453' title='bbox 3193 3189 3415 3258; x_wconf 88' lang='lat' dir='ltr'><strong>fratrem</strong></span> <span class='ocrx_word' id='word_1_454' title='bbox 3459 3189 3509 3240; x_wconf 86' lang='lat' dir='ltr'><strong>in</strong></span> <span class='ocrx_word' id='word_1_455' title='bbox 3541 3189 3722 3256; x_wconf 82' lang='lat' dir='ltr'><strong>negotio</strong></span> 
     </span>
    </p>
   </div>
   <div class='ocr_carea' id='block_1_57' title="bbox 2168 3279 3722 3352">
    <p class='ocr_par' dir='ltr' id='par_1_57' title="bbox 2168 3279 3722 3352">
     <span class='ocr_line' id='line_1_57' title="bbox 2168 3279 3722 3352; baseline -0.001 -20"><span class='ocrx_word' id='word_1_456' title='bbox 2168 3288 2364 3334; x_wconf 84' lang='lat' dir='ltr'><strong>nostrae</strong></span> <span class='ocrx_word' id='word_1_457' title='bbox 2414 3279 2760 3349; x_wconf 80' lang='lat' dir='ltr'><strong>defensionis,</strong></span> <span class='ocrx_word' id='word_1_458' title='bbox 2817 3279 3015 3334; x_wconf 85' lang='lat' dir='ltr'><strong>laicum</strong></span> <span class='ocrx_word' id='word_1_459' title='bbox 3057 3282 3246 3350; x_wconf 79' lang='lat' dir='ltr'><strong>etiam,</strong></span> <span class='ocrx_word' id='word_1_460' title='bbox 3276 3284 3366 3352; x_wconf 90' lang='lat' dir='ltr'><strong>qui</strong></span> <span class='ocrx_word' id='word_1_461' title='bbox 3391 3282 3609 3351; x_wconf 80' lang='lat' dir='ltr'><strong>probaret</strong></span> <span class='ocrx_word' id='word_1_462' title='bbox 3650 3281 3722 3332; x_wconf 85' lang='lat' dir='ltr'><strong>in-</strong></span> 
     </span>
    </p>
   </div>
   <div class='ocr_carea' id='block_1_58' title="bbox 2168 3372 3722 3441">
    <p class='ocr_par' dir='ltr' id='par_1_58' title="bbox 2168 3372 3722 3441">
     <span class='ocr_line' id='line_1_58' title="bbox 2168 3372 3722 3441; baseline -0.001 -17"><span class='ocrx_word' id='word_1_463' title='bbox 2168 3379 2356 3425; x_wconf 86' lang='lat' dir='ltr'><strong>teresse</strong></span> <span class='ocrx_word' id='word_1_464' title='bbox 2387 3388 2466 3426; x_wconf 87' lang='lat' dir='ltr'><strong>me</strong></span> <span class='ocrx_word' id='word_1_465' title='bbox 2495 3388 2596 3425; x_wconf 87' lang='lat' dir='ltr'><strong>non</strong></span> <span class='ocrx_word' id='word_1_466' title='bbox 2626 3389 2796 3441; x_wconf 82' lang='lat' dir='ltr'><strong>posse,</strong></span> <span class='ocrx_word' id='word_1_467' title='bbox 2842 3373 2983 3426; x_wconf 88' lang='lat' dir='ltr'><strong>misi.</strong></span> <span class='ocrx_word' id='word_1_468' title='bbox 3035 3372 3446 3428; x_wconf 76' lang='lat' dir='ltr'><strong>Excusationem</strong></span> <span class='ocrx_word' id='word_1_469' title='bbox 3483 3372 3722 3440; x_wconf 70' lang='lat' dir='ltr'><strong>negluit;</strong></span> 
     </span>
    </p>
   </div>
   <div class='ocr_carea' id='block_1_59' title="bbox 2166 3465 3718 3536">
    <p class='ocr_par' dir='ltr' id='par_1_59' title="bbox 2166 3465 3718 3536">
     <span class='ocr_line' id='line_1_59' title="bbox 2166 3465 3718 3536; baseline -0.001 -19"><span class='ocrx_word' id='word_1_470' title='bbox 2166 3465 2764 3518; x_wconf 75' lang='lat' dir='ltr'><strong>excommunicationem</strong></span> <span class='ocrx_word' id='word_1_471' title='bbox 2813 3482 2931 3522; x_wconf 85' lang='lat' dir='ltr'><strong>vero</strong></span> <span class='ocrx_word' id='word_1_472' title='bbox 2975 3482 3077 3519; x_wconf 84' lang='lat' dir='ltr'><strong>non</strong></span> <span class='ocrx_word' id='word_1_473' title='bbox 3121 3466 3351 3536; x_wconf 83' lang='lat' dir='ltr'><strong>amplius</strong></span> <span class='ocrx_word' id='word_1_474' title='bbox 3395 3477 3566 3534; x_wconf 80' lang='lat' dir='ltr'><strong>septem</strong></span> <span class='ocrx_word' id='word_1_475' title='bbox 3621 3466 3718 3517; x_wconf 82' lang='lat' dir='ltr'><strong>dies</strong></span> 
     </span>
    </p>
   </div>
   <div class='ocr_carea' id='block_1_60' title="bbox 2167 3556 3722 3628">
    <p class='ocr_par' dir='ltr' id='par_1_60' title="bbox 2167 3556 3722 3628">
     <span class='ocr_line' id='line_1_60' title="bbox 2167 3556 3722 3628; baseline -0.001 -19"><span class='ocrx_word' id='word_1_476' title='bbox 2167 3556 2398 3610; x_wconf 84' lang='lat' dir='ltr'><strong>distulit.</strong></span> <span class='ocrx_word' id='word_1_477' title='bbox 2435 3556 2681 3611; x_wconf 83' lang='lat' dir='ltr'><strong>Recitata</strong></span> <span class='ocrx_word' id='word_1_478' title='bbox 2732 3567 2840 3611; x_wconf 88' lang='lat' dir='ltr'><strong>tam</strong></span> <span class='ocrx_word' id='word_1_479' title='bbox 2882 3558 3082 3628; x_wconf 84' lang='lat' dir='ltr'><strong>injusta</strong></span> <span class='ocrx_word' id='word_1_480' title='bbox 3108 3557 3386 3628; x_wconf 84' lang='lat' dir='ltr'><strong>ligatione,</strong></span> <span class='ocrx_word' id='word_1_481' title='bbox 3405 3559 3470 3612; x_wconf 89' lang='lat' dir='ltr'><strong>ad</strong></span> <span class='ocrx_word' id='word_1_482' title='bbox 3493 3559 3722 3624; x_wconf 53' lang='lat' dir='ltr'><strong>arcis-ni-</strong></span> 
     </span>
    </p>
   </div>
   <div class='ocr_carea' id='block_1_61' title="bbox 2168 3647 3724 3718">
    <p class='ocr_par' dir='ltr' id='par_1_61' title="bbox 2168 3647 3724 3718">
     <span class='ocr_line' id='line_1_61' title="bbox 2168 3647 3724 3718; baseline -0.002 -18"><span class='ocrx_word' id='word_1_483' title='bbox 2168 3647 2311 3716; x_wconf 89' lang='lat' dir='ltr'><strong>scopi</strong></span> <span class='ocrx_word' id='word_1_484' title='bbox 2337 3647 2665 3702; x_wconf 88' lang='lat' dir='ltr'><strong>auditorium</strong></span> <span class='ocrx_word' id='word_1_485' title='bbox 2716 3657 2930 3718; x_wconf 84' lang='lat' dir='ltr'><strong>uterque</strong></span> <span class='ocrx_word' id='word_1_486' title='bbox 2978 3664 3070 3702; x_wconf 85' lang='lat' dir='ltr'><strong>nos</strong></span> <span class='ocrx_word' id='word_1_487' title='bbox 3119 3649 3424 3702; x_wconf 78' lang='lat' dir='ltr'><strong>invitamur.</strong></span> <span class='ocrx_word' id='word_1_488' title='bbox 3477 3647 3584 3716; x_wconf 82' lang='lat' dir='ltr'><strong>Ipse</strong></span> <span class='ocrx_word' id='word_1_489' title='bbox 3624 3655 3724 3698; x_wconf 80' lang='lat' dir='ltr'><strong>ste-</strong></span> 
     </span>
    </p>
   </div>
   <div class='ocr_carea' id='block_1_62' title="bbox 2169 3740 3725 3810">
    <p class='ocr_par' dir='ltr' id='par_1_62' title="bbox 2169 3740 3725 3810">
     <span class='ocr_line' id='line_1_62' title="bbox 2169 3740 3725 3810; baseline -0.001 -17"><span class='ocrx_word' id='word_1_490' title='bbox 2169 3749 2284 3794; x_wconf 84' lang='lat' dir='ltr'><strong>tuto</strong></span> <span class='ocrx_word' id='word_1_491' title='bbox 2308 3757 2410 3793; x_wconf 89' lang='lat' dir='ltr'><strong>non</strong></span> <span class='ocrx_word' id='word_1_492' title='bbox 2439 3740 2615 3810; x_wconf 85' lang='lat' dir='ltr'><strong>adfuit</strong></span> <span class='ocrx_word' id='word_1_493' title='bbox 2649 3756 2667 3794; x_wconf 90' lang='lat'><strong><em>:</em></strong></span> <span class='ocrx_word' id='word_1_494' title='bbox 2697 3757 2790 3810; x_wconf 82' lang='lat' dir='ltr'><strong>ego</strong></span> <span class='ocrx_word' id='word_1_495' title='bbox 2837 3750 3011 3794; x_wconf 84' lang='lat' dir='ltr'><strong>tamen</strong></span> <span class='ocrx_word' id='word_1_496' title='bbox 3042 3740 3231 3810; x_wconf 81' lang='lat' dir='ltr'><strong>adfui;</strong></span> <span class='ocrx_word' id='word_1_497' title='bbox 3258 3751 3307 3794; x_wconf 90' lang='lat' dir='ltr'><strong>et</strong></span> <span class='ocrx_word' id='word_1_498' title='bbox 3352 3742 3525 3794; x_wconf 82' lang='lat' dir='ltr'><strong>audita</strong></span> <span class='ocrx_word' id='word_1_499' title='bbox 3551 3749 3725 3791; x_wconf 68' lang='lat' dir='ltr'><strong>nostra:</strong></span> 
     </span>
    </p>
   </div>
   <div class='ocr_carea' id='block_1_63' title="bbox 2173 3832 3728 3903">
    <p class='ocr_par' dir='ltr' id='par_1_63' title="bbox 2173 3832 3728 3903">
     <span class='ocr_line' id='line_1_63' title="bbox 2173 3832 3728 3903; baseline -0.003 -17"><span class='ocrx_word' id='word_1_500' title='bbox 2173 3833 2247 3886; x_wconf 89' lang='lat' dir='ltr'><strong>rei</strong></span> <span class='ocrx_word' id='word_1_501' title='bbox 2311 3834 2472 3900; x_wconf 86' lang='lat' dir='ltr'><strong>serie,</strong></span> <span class='ocrx_word' id='word_1_502' title='bbox 2529 3833 2876 3903; x_wconf 77' lang='lat' dir='ltr'><strong>areltipracsul</strong></span> <span class='ocrx_word' id='word_1_503' title='bbox 2929 3833 3205 3886; x_wconf 84' lang='lat' dir='ltr'><strong>attendens</strong></span> <span class='ocrx_word' id='word_1_504' title='bbox 3259 3833 3448 3902; x_wconf 83' lang='lat' dir='ltr'><strong>injuste</strong></span> <span class='ocrx_word' id='word_1_505' title='bbox 3486 3832 3728 3902; x_wconf 77' lang='lat' dir='ltr'><strong>prolatam</strong></span> 
     </span>
    </p>
   </div>
   <div class='ocr_carea' id='block_1_64' title="bbox 2170 3923 3724 3991">
    <p class='ocr_par' dir='ltr' id='par_1_64' title="bbox 2170 3923 3724 3991">
     <span class='ocr_line' id='line_1_64' title="bbox 2170 3923 3724 3991; baseline -0.001 -13"><span class='ocrx_word' id='word_1_506' title='bbox 2170 3926 2731 3980; x_wconf 78' lang='lat' dir='ltr'><strong>excommunicationis</strong></span> <span class='ocrx_word' id='word_1_507' title='bbox 2757 3942 3052 3991; x_wconf 85' lang='lat' dir='ltr'><strong>censuram,</strong></span> <span class='ocrx_word' id='word_1_508' title='bbox 3089 3927 3280 3980; x_wconf 87' lang='lat' dir='ltr'><strong>iterum</strong></span> <span class='ocrx_word' id='word_1_509' title='bbox 3310 3926 3500 3978; x_wconf 86' lang='lat' dir='ltr'><strong>monuit</strong></span> <span class='ocrx_word' id='word_1_510' title='bbox 3533 3935 3582 3976; x_wconf 84' lang='lat' dir='ltr'><strong>ut</strong></span> <span class='ocrx_word' id='word_1_511' title='bbox 3625 3923 3724 3976; x_wconf 87' lang='lat' dir='ltr'><strong>sol-</strong></span> 
     </span>
    </p>
   </div>
   <div class='ocr_carea' id='block_1_65' title="bbox 2170 4017 3725 4090">
    <p class='ocr_par' dir='ltr' id='par_1_65' title="bbox 2170 4017 3725 4090">
     <span class='ocr_line' id='line_1_65' title="bbox 2170 4017 3725 4090; baseline -0.003 -18"><span class='ocrx_word' id='word_1_512' title='bbox 2170 4027 2326 4073; x_wconf 79' lang='lat' dir='ltr'><strong>veret.</strong></span> <span class='ocrx_word' id='word_1_513' title='bbox 2380 4017 2614 4073; x_wconf 52' lang='lat' dir='ltr'><strong>M&#39;onenti</strong></span> <span class='ocrx_word' id='word_1_514' title='bbox 2674 4035 2777 4072; x_wconf 87' lang='lat' dir='ltr'><strong>non</strong></span> <span class='ocrx_word' id='word_1_515' title='bbox 2825 4019 3110 4090; x_wconf 82' lang='lat' dir='ltr'><strong>acquievit,</strong></span> <span class='ocrx_word' id='word_1_516' title='bbox 3139 4019 3230 4073; x_wconf 89' lang='lat' dir='ltr'><strong>sed</strong></span> <span class='ocrx_word' id='word_1_517' title='bbox 3255 4036 3433 4074; x_wconf 82' lang='lat' dir='ltr'><strong>rursus</strong></span> <span class='ocrx_word' id='word_1_518' title='bbox 3455 4035 3725 4072; x_wconf 70' lang='lat' dir='ltr'><strong>excommu-</strong></span> 
     </span>
    </p>
   </div>
   <div class='ocr_carea' id='block_1_66' title="bbox 2175 4107 3726 4182">
    <p class='ocr_par' dir='ltr' id='par_1_66' title="bbox 2175 4107 3726 4182">
     <span class='ocr_line' id='line_1_66' title="bbox 2175 4107 3726 4182; baseline -0.001 -19"><span class='ocrx_word' id='word_1_519' title='bbox 2175 4110 2392 4164; x_wconf 74' lang='lat' dir='ltr'><strong>nicauit.</strong></span> <span class='ocrx_word' id='word_1_520' title='bbox 2422 4107 2578 4178; x_wconf 84' lang='lat' dir='ltr'><strong>Ecce,</strong></span> <span class='ocrx_word' id='word_1_521' title='bbox 2605 4120 2756 4180; x_wconf 88' lang='lat' dir='ltr'><strong>pater</strong></span> <span class='ocrx_word' id='word_1_522' title='bbox 2783 4111 3067 4180; x_wconf 64' lang='lat' dir='ltr'><strong>praecipue,</strong></span> <span class='ocrx_word' id='word_1_523' title='bbox 3097 4119 3284 4181; x_wconf 88' lang='lat' dir='ltr'><strong>pastor</strong></span> <span class='ocrx_word' id='word_1_524' title='bbox 3319 4112 3530 4182; x_wconf 76' lang='lat' dir='ltr'><strong>egregie,</strong></span> <span class='ocrx_word' id='word_1_525' title='bbox 3563 4120 3726 4162; x_wconf 71' lang='lat' dir='ltr'><strong>tantas</strong></span> 
     </span>
    </p>
   </div>
   <div class='ocr_carea' id='block_1_67' title="bbox 2167 4201 3724 4272">
    <p class='ocr_par' dir='ltr' id='par_1_67' title="bbox 2167 4201 3724 4272">
     <span class='ocr_line' id='line_1_67' title="bbox 2167 4201 3724 4272; baseline -0.001 -17"><span class='ocrx_word' id='word_1_526' title='bbox 2167 4218 2220 4255; x_wconf 86' lang='lat' dir='ltr'><strong>es</strong></span> <span class='ocrx_word' id='word_1_527' title='bbox 2254 4201 2496 4256; x_wconf 88' lang='lat' dir='ltr'><strong>cumulus</strong></span> <span class='ocrx_word' id='word_1_528' title='bbox 2528 4201 2856 4256; x_wconf 85' lang='lat' dir='ltr'><strong>calamitatis</strong></span> <span class='ocrx_word' id='word_1_529' title='bbox 2909 4213 3130 4256; x_wconf 65' lang='lat' dir='ltr'><strong>nostris.</strong></span> <span class='ocrx_word' id='word_1_530' title='bbox 3169 4203 3256 4256; x_wconf 79' lang='lat' dir='ltr'><strong>Ad</strong></span> <span class='ocrx_word' id='word_1_531' title='bbox 3305 4214 3352 4257; x_wconf 88' lang='lat' dir='ltr'><strong>te</strong></span> <span class='ocrx_word' id='word_1_532' title='bbox 3401 4220 3508 4272; x_wconf 81' lang='lat' dir='ltr'><strong>spes</strong></span> <span class='ocrx_word' id='word_1_533' title='bbox 3542 4212 3724 4265; x_wconf 84' lang='lat' dir='ltr'><strong>nostra,</strong></span> 
     </span>
    </p>
   </div>
   <div class='ocr_carea' id='block_1_68' title="bbox 2166 4295 3728 4364">
    <p class='ocr_par' dir='ltr' id='par_1_68' title="bbox 2166 4295 3728 4364">
     <span class='ocr_line' id='line_1_68' title="bbox 2166 4295 3728 4364; baseline 0 -18"><span class='ocrx_word' id='word_1_534' title='bbox 2166 4295 2222 4347; x_wconf 88' lang='lat' dir='ltr'><strong>in</strong></span> <span class='ocrx_word' id='word_1_535' title='bbox 2255 4303 2302 4348; x_wconf 89' lang='lat' dir='ltr'><strong>te</strong></span> <span class='ocrx_word' id='word_1_536' title='bbox 2323 4295 2560 4364; x_wconf 84' lang='lat' dir='ltr'><strong>defensio</strong></span> <span class='ocrx_word' id='word_1_537' title='bbox 2586 4305 2788 4349; x_wconf 87' lang='lat' dir='ltr'><strong>nostra.</strong></span> <span class='ocrx_word' id='word_1_538' title='bbox 2821 4295 3070 4350; x_wconf 88' lang='lat' dir='ltr'><strong>Patiente</strong></span> <span class='ocrx_word' id='word_1_539' title='bbox 3115 4300 3368 4362; x_wconf 87' lang='lat' dir='ltr'><strong>membro,</strong></span> <span class='ocrx_word' id='word_1_540' title='bbox 3404 4295 3615 4364; x_wconf 83' lang='lat' dir='ltr'><strong>competi</strong></span> <span class='ocrx_word' id='word_1_541' title='bbox 3645 4296 3728 4347; x_wconf 74' lang='lat' dir='ltr'><strong>de.—</strong></span> 
     </span>
    </p>
   </div>
   <div class='ocr_carea' id='block_1_69' title="bbox 2168 4385 3727 4458">
    <p class='ocr_par' dir='ltr' id='par_1_69' title="bbox 2168 4385 3727 4458">
     <span class='ocr_line' id='line_1_69' title="bbox 2168 4385 3727 4458; baseline 0.001 -20"><span class='ocrx_word' id='word_1_542' title='bbox 2168 4385 2249 4440; x_wconf 85' lang='lat' dir='ltr'><strong>bet</strong></span> <span class='ocrx_word' id='word_1_543' title='bbox 2295 4396 2345 4439; x_wconf 89' lang='lat' dir='ltr'><strong>et</strong></span> <span class='ocrx_word' id='word_1_544' title='bbox 2391 4397 2576 4456; x_wconf 75' lang='lat' dir='ltr'><strong>caput.</strong></span> <span class='ocrx_word' id='word_1_545' title='bbox 2622 4387 2691 4441; x_wconf 88' lang='lat' dir='ltr'><strong>Te</strong></span> <span class='ocrx_word' id='word_1_546' title='bbox 2721 4387 2862 4441; x_wconf 86' lang='lat' dir='ltr'><strong>Deus</strong></span> <span class='ocrx_word' id='word_1_547' title='bbox 2900 4389 3149 4458; x_wconf 80' lang='lat' dir='ltr'><strong>praecepit</strong></span> <span class='ocrx_word' id='word_1_548' title='bbox 3183 4388 3456 4456; x_wconf 73' lang='lat' dir='ltr'><strong>Ecclesia,</strong></span> <span class='ocrx_word' id='word_1_549' title='bbox 3484 4405 3627 4458; x_wconf 84' lang='lat' dir='ltr'><strong>quam</strong></span> <span class='ocrx_word' id='word_1_550' title='bbox 3647 4405 3727 4440; x_wconf 78' lang='lat' dir='ltr'><strong>aa-</strong></span> 
     </span>
    </p>
   </div>
   <div class='ocr_carea' id='block_1_70' title="bbox 2169 4478 3728 4550">
    <p class='ocr_par' dir='ltr' id='par_1_70' title="bbox 2169 4478 3728 4550">
     <span class='ocr_line' id='line_1_70' title="bbox 2169 4478 3728 4550; baseline 0 -19"><span class='ocrx_word' id='word_1_551' title='bbox 2169 4487 2372 4549; x_wconf 86' lang='lat' dir='ltr'><strong>ceptam</strong></span> <span class='ocrx_word' id='word_1_552' title='bbox 2390 4478 2599 4548; x_wconf 84' lang='lat' dir='ltr'><strong>justum</strong></span> <span class='ocrx_word' id='word_1_553' title='bbox 2639 4491 2715 4534; x_wconf 88' lang='lat' dir='ltr'><strong>est</strong></span> <span class='ocrx_word' id='word_1_554' title='bbox 2753 4481 3048 4550; x_wconf 88' lang='lat' dir='ltr'><strong>defensare.</strong></span> <span class='ocrx_word' id='word_1_555' title='bbox 3103 4481 3387 4536; x_wconf 85' lang='lat' dir='ltr'><strong>Desolatus</strong></span> <span class='ocrx_word' id='word_1_556' title='bbox 3413 4483 3546 4536; x_wconf 83' lang='lat' dir='ltr'><strong>locus</strong></span> <span class='ocrx_word' id='word_1_557' title='bbox 3571 4484 3728 4535; x_wconf 70' lang='lat' dir='ltr'><strong>sancti</strong></span> 
     </span>
    </p>
   </div>
   <div class='ocr_carea' id='block_1_71' title="bbox 2167 4571 3728 4645">
    <p class='ocr_par' dir='ltr' id='par_1_71' title="bbox 2167 4571 3728 4645">
     <span class='ocr_line' id='line_1_71' title="bbox 2167 4571 3728 4645; baseline 0 -20"><span class='ocrx_word' id='word_1_558' title='bbox 2167 4571 2338 4638; x_wconf 83' lang='lat' dir='ltr'><strong>Petri,</strong></span> <span class='ocrx_word' id='word_1_559' title='bbox 2376 4573 2464 4627; x_wconf 89' lang='lat' dir='ltr'><strong>cui</strong></span> <span class='ocrx_word' id='word_1_560' title='bbox 2491 4573 2709 4644; x_wconf 86' lang='lat' dir='ltr'><strong>dignum</strong></span> <span class='ocrx_word' id='word_1_561' title='bbox 2737 4583 2814 4627; x_wconf 88' lang='lat' dir='ltr'><strong>est</strong></span> <span class='ocrx_word' id='word_1_562' title='bbox 2844 4573 3128 4644; x_wconf 87' lang='lat' dir='ltr'><strong>astipulari</strong></span> <span class='ocrx_word' id='word_1_563' title='bbox 3149 4616 3164 4643; x_wconf 90' lang='lat'><strong>,</strong></span> <span class='ocrx_word' id='word_1_564' title='bbox 3195 4577 3322 4644; x_wconf 86' lang='lat' dir='ltr'><strong>quia</strong></span> <span class='ocrx_word' id='word_1_565' title='bbox 3345 4574 3626 4645; x_wconf 86' lang='lat' dir='ltr'><strong>specialiter</strong></span> <span class='ocrx_word' id='word_1_566' title='bbox 3646 4574 3728 4628; x_wconf 75' lang='lat' dir='ltr'><strong>dc-</strong></span> 
     </span>
    </p>
   </div>
   <div class='ocr_carea' id='block_1_72' title="bbox 2165 4663 2844 4732">
    <p class='ocr_par' dir='ltr' id='par_1_72' title="bbox 2165 4663 2844 4732">
     <span class='ocr_line' id='line_1_72' title="bbox 2165 4663 2844 4732; baseline 0.004 -15"><span class='ocrx_word' id='word_1_567' title='bbox 2165 4663 2343 4732; x_wconf 89' lang='lat' dir='ltr'><strong>fensor</strong></span> <span class='ocrx_word' id='word_1_568' title='bbox 2362 4675 2440 4720; x_wconf 88' lang='lat' dir='ltr'><strong>est</strong></span> <span class='ocrx_word' id='word_1_569' title='bbox 2467 4665 2640 4719; x_wconf 87' lang='lat' dir='ltr'><strong>sancti</strong></span> <span class='ocrx_word' id='word_1_570' title='bbox 2667 4664 2844 4720; x_wconf 77' lang='lat' dir='ltr'><strong>Petri.</strong></span> 
     </span>
    </p>
   </div>
   <div class='ocr_carea' id='block_1_73' title="bbox 541 4860 3728 4936">
    <p class='ocr_par' dir='ltr' id='par_1_73' title="bbox 541 4860 3728 4936">
     <span class='ocr_line' id='line_1_73' title="bbox 541 4860 3728 4936; baseline 0 -18"><span class='ocrx_word' id='word_1_571' title='bbox 541 4860 812 4936; x_wconf 77' lang='lat' dir='ltr'><strong>llactenus</strong></span> <span class='ocrx_word' id='word_1_572' title='bbox 843 4863 1012 4920; x_wconf 86' lang='lat' dir='ltr'><strong>Fulco</strong></span> <span class='ocrx_word' id='word_1_573' title='bbox 1036 4864 1228 4919; x_wconf 77' lang='lat' dir='ltr'><strong>abbas.</strong></span> <span class='ocrx_word' id='word_1_574' title='bbox 1256 4864 1339 4918; x_wconf 87' lang='lat' dir='ltr'><strong>Ad</strong></span> <span class='ocrx_word' id='word_1_575' title='bbox 1361 4863 1460 4920; x_wconf 87' lang='lat' dir='ltr'><strong>bas</strong></span> <span class='ocrx_word' id='word_1_576' title='bbox 1484 4867 1737 4936; x_wconf 86' lang='lat' dir='ltr'><strong>querelas</strong></span> <span class='ocrx_word' id='word_1_577' title='bbox 1780 4865 2061 4935; x_wconf 75' lang='lat' dir='ltr'><strong>respondit</strong></span> <span class='ocrx_word' id='word_1_578' title='bbox 2114 4863 2443 4931; x_wconf 77' lang='lat' dir='ltr'><strong>Alexander,</strong></span> <span class='ocrx_word' id='word_1_579' title='bbox 2491 4865 2715 4935; x_wconf 83' lang='lat' dir='ltr'><strong>scriptis</strong></span> <span class='ocrx_word' id='word_1_580' title='bbox 2736 4866 2848 4936; x_wconf 79' lang='lat' dir='ltr'><strong>hac</strong></span> <span class='ocrx_word' id='word_1_581' title='bbox 2876 4866 2946 4921; x_wconf 87' lang='lat' dir='ltr'><strong>de</strong></span> <span class='ocrx_word' id='word_1_582' title='bbox 2981 4882 3042 4922; x_wconf 89' lang='lat' dir='ltr'><strong>re</strong></span> <span class='ocrx_word' id='word_1_583' title='bbox 3069 4867 3289 4933; x_wconf 71' lang='lat' dir='ltr'><strong>litteris,</strong></span> <span class='ocrx_word' id='word_1_584' title='bbox 3331 4876 3445 4922; x_wconf 87' lang='lat' dir='ltr'><strong>tum</strong></span> <span class='ocrx_word' id='word_1_585' title='bbox 3470 4869 3534 4922; x_wconf 85' lang='lat' dir='ltr'><strong>ad</strong></span> <span class='ocrx_word' id='word_1_586' title='bbox 3559 4866 3728 4920; x_wconf 66' lang='lat' dir='ltr'><strong>Wille-</strong></span> 
     </span>
    </p>
   </div>
   <div class='ocr_carea' id='block_1_74' title="bbox 471 4934 2160 5004">
    <p class='ocr_par' dir='ltr' id='par_1_74' title="bbox 471 4934 2160 5004">
     <span class='ocr_line' id='line_1_74' title="bbox 471 4934 2160 5004; baseline 0.001 -16"><span class='ocrx_word' id='word_1_587' title='bbox 471 4948 537 4988; x_wconf 75' lang='lat' dir='ltr'><strong>ne</strong></span> <span class='ocrx_word' id='word_1_588' title='bbox 562 4951 591 4985; x_wconf 79' lang='grc' dir='ltr'><strong>ιι</strong></span> <span class='ocrx_word' id='word_1_589' title='bbox 617 4934 1013 4988; x_wconf 82' lang='lat' dir='ltr'><strong>Ambianorum</strong></span> <span class='ocrx_word' id='word_1_590' title='bbox 1037 4936 1378 5004; x_wconf 87' lang='lat' dir='ltr'><strong>episcopum,</strong></span> <span class='ocrx_word' id='word_1_591' title='bbox 1403 4934 1518 4989; x_wconf 84' lang='lat' dir='ltr'><strong>tum</strong></span> <span class='ocrx_word' id='word_1_592' title='bbox 1543 4937 1608 4991; x_wconf 89' lang='lat' dir='ltr'><strong>ad</strong></span> <span class='ocrx_word' id='word_1_593' title='bbox 1633 4934 1953 4992; x_wconf 80' lang='lat' dir='ltr'><strong>Gcrvasium</strong></span> <span class='ocrx_word' id='word_1_594' title='bbox 1985 4943 2160 4991; x_wconf 85' lang='lat' dir='ltr'><strong>metro</strong></span> 
     </span>
    </p>
   </div>
   <div class='ocr_carea' id='block_1_75' title="bbox 468 5004 1491 5075">
    <p class='ocr_par' dir='ltr' id='par_1_75' title="bbox 468 5004 1491 5075">
     <span class='ocr_line' id='line_1_75' title="bbox 468 5004 1491 5075; baseline 0.005 -20"><span class='ocrx_word' id='word_1_595' title='bbox 468 5004 848 5059; x_wconf 63' lang='lat' dir='ltr'><strong>:LtliC-Lﬂ&#39;sedis</strong></span> <span class='ocrx_word' id='word_1_596' title='bbox 874 5006 1212 5074; x_wconf 84' lang='lat' dir='ltr'><strong>protectione</strong></span> <span class='ocrx_word' id='word_1_597' title='bbox 1241 5007 1491 5075; x_wconf 89' lang='lat' dir='ltr'><strong>suscipit.</strong></span> 
     </span>
    </p>
   </div>
   <div class='ocr_carea' id='block_1_76' title="bbox 2163 4935 3730 5008">
    <p class='ocr_par' dir='ltr' id='par_1_76' title="bbox 2163 4935 3730 5008">
     <span class='ocr_line' id='line_1_76' title="bbox 2163 4935 3730 5008; baseline 0.002 -19"><span class='ocrx_word' id='word_1_598' title='bbox 2163 4937 2699 5008; x_wconf 83' lang='lat' dir='ltr'><strong>politanum,quibus</strong></span> <span class='ocrx_word' id='word_1_599' title='bbox 2720 4935 3049 4992; x_wconf 88' lang='lat' dir='ltr'><strong>Corbeiense</strong></span> <span class='ocrx_word' id='word_1_600' title='bbox 3071 4940 3466 4994; x_wconf 86' lang='lat' dir='ltr'><strong>monasterium</strong></span> <span class='ocrx_word' id='word_1_601' title='bbox 3490 4939 3584 4994; x_wconf 89' lang='lat' dir='ltr'><strong>sub</strong></span> <span class='ocrx_word' id='word_1_602' title='bbox 3610 4954 3730 5008; x_wconf 66' lang='lat' dir='ltr'><strong>apt)-</strong></span> 
     </span>
    </p>
   </div>
   <div class='ocr_carea' id='block_1_77' title="bbox 471 5127 3708 5170">
    <p class='ocr_par' dir='ltr' id='par_1_77' title="bbox 471 5127 3708 5170">
     <span class='ocr_line' id='line_1_77' title="bbox 471 5127 3708 5170; baseline 0.002 -7"><span class='ocrx_word' id='word_1_603' title='bbox 471 5127 3708 5170; x_wconf 65' lang='lat' dir='ltr'>W</span> 
     </span>
    </p>
   </div>
   <div class='ocr_carea' id='block_1_78' title="bbox 1764 5243 2406 5291">
    <p class='ocr_par' dir='ltr' id='par_1_78' title="bbox 1764 5243 2406 5291">
     <span class='ocr_line' id='line_1_78' title="bbox 1764 5243 2406 5291; baseline 0.003 -2"><span class='ocrx_word' id='word_1_604' title='bbox 1764 5243 1929 5289; x_wconf 66' lang='lat' dir='ltr'><strong>ANNO</strong></span> <span class='ocrx_word' id='word_1_605' title='bbox 1973 5245 2204 5290; x_wconf 73' lang='lat' dir='ltr'><strong>DOMINI</strong></span> <span class='ocrx_word' id='word_1_606' title='bbox 2250 5246 2406 5291; x_wconf 75' lang='grc' dir='ltr'><strong>Μια.</strong></span> 
     </span>
    </p>
   </div>
   <div class='ocr_carea' id='block_1_79' title="bbox 471 5372 3733 5608">
    <p class='ocr_par' dir='ltr' id='par_1_79' title="bbox 471 5372 3733 5608">
     <span class='ocr_line' id='line_1_79' title="bbox 471 5372 3733 5608; baseline 0.002 -78"><span class='ocrx_word' id='word_1_607' title='bbox 471 5375 1435 5534; x_wconf 71' lang='lat' dir='ltr'><strong>uocemus</strong></span> <span class='ocrx_word' id='word_1_608' title='bbox 1556 5372 2590 5608; x_wconf 52' lang='lat' dir='ltr'><strong>MOWUS</strong></span> <span class='ocrx_word' id='word_1_609' title='bbox 2703 5380 3733 5536; x_wconf 82' lang='lat' dir='ltr'><strong>BECCENSIS</strong></span> 
     </span>
    </p>
   </div>
   <div class='ocr_carea' id='block_1_80' title="bbox 1110 5649 3092 5746">
    <p class='ocr_par' dir='ltr' id='par_1_80' title="bbox 1110 5649 3092 5746">
     <span class='ocr_line' id='line_1_80' title="bbox 1110 5649 3092 5746; baseline 0.003 -8"><span class='ocrx_word' id='word_1_610' title='bbox 1110 5649 1590 5738; x_wconf 80' lang='lat' dir='ltr'><strong>CABMEN</strong></span> <span class='ocrx_word' id='word_1_611' title='bbox 1671 5652 1818 5739; x_wconf 87' lang='lat' dir='ltr'><strong>DE</strong></span> <span class='ocrx_word' id='word_1_612' title='bbox 1895 5652 2623 5746; x_wconf 84' lang='lat' dir='ltr'><strong>CONTEMPTU</strong></span> <span class='ocrx_word' id='word_1_613' title='bbox 2699 5656 3092 5744; x_wconf 85' lang='lat' dir='ltr'><strong>MUNDI</strong></span> 
     </span>
    </p>
   </div>
   <div class='ocr_carea' id='block_1_81' title="bbox 1190 5796 2982 5873">
    <p class='ocr_par' dir='ltr' id='par_1_81' title="bbox 1190 5796 2982 5873">
     <span class='ocr_line' id='line_1_81' title="bbox 1190 5796 2982 5873; baseline 0.004 -25"><span class='ocrx_word' id='word_1_614' title='bbox 1190 5796 1350 5866; x_wconf 59' lang='lat' dir='ltr'><strong>(Vide</strong></span> <span class='ocrx_word' id='word_1_615' title='bbox 1373 5797 1508 5851; x_wconf 84' lang='lat' dir='ltr'><strong>inter</strong></span> <span class='ocrx_word' id='word_1_616' title='bbox 1534 5797 1704 5866; x_wconf 74' lang='lat' dir='ltr'><strong>Opera</strong></span> <span class='ocrx_word' id='word_1_617' title='bbox 1729 5801 1898 5854; x_wconf 71' lang='lat' dir='ltr'><strong>sancti</strong></span> <span class='ocrx_word' id='word_1_618' title='bbox 1923 5799 2178 5869; x_wconf 70' lang='lat' dir='ltr'><strong>Anselmi,</strong></span> <span class='ocrx_word' id='word_1_619' title='bbox 2208 5802 2532 5873; x_wconf 79' lang='lat' dir='ltr'><strong>I’atrologiac</strong></span> <span class='ocrx_word' id='word_1_620' title='bbox 2557 5813 2679 5857; x_wconf 89' lang='lat' dir='ltr'><strong>tom.</strong></span> <span class='ocrx_word' id='word_1_621' title='bbox 2715 5801 2800 5858; x_wconf 87' lang='lat' dir='ltr'><strong>CL</strong></span> <span class='ocrx_word' id='word_1_622' title='bbox 2817 5800 2982 5870; x_wconf 75' lang='lat' dir='ltr'><strong><em>VIII)</em></strong></span> 
     </span>
    </p>
   </div>
   <div class='ocr_carea' id='block_1_82' title="bbox 3853 4 3856 1002">
    <p class='ocr_par' dir='ltr' id='par_1_82' title="bbox 3853 843 3855 1002">
     <span class='ocr_line' id='line_1_82' title="bbox 3853 843 3855 884; baseline 0 0"><span class='ocrx_word' id='word_1_623' title='bbox 3853 843 3855 884; x_wconf 76' lang='grc'><strong><em>4</em></strong></span> 
     </span>
     <span class='ocr_line' id='line_1_83' title="bbox 3854 981 3855 1002; baseline 0 0"><span class='ocrx_word' id='word_1_624' title='bbox 3854 981 3855 1002; x_wconf 62' lang='grc' dir='ltr'>ι</span> 
     </span>
    </p>
   </div>
  </div>
