3836 6320
21 303 119 367 113⁸1

476 416 702 475 CAPUT
742 417 1033 477 PRIMUM.

21 535 284 608 incendium
348 531 659 608 Elnongme.
719 533 984 608 Miracula
1034 537 1124 608 ad
1179 537 1429 608 reliquias
1485 536 1545 592 S.

250 603 475 658 Amaudi
507 603 783 659 Cameraci
816 615 862 660 et
891 604 1065 661 Coceii
1097 606 1261 675 facta.

60 696 104 750 2.
128 695 246 763 Cap.
266 695 319 748 ‘2.
341 693 509 765 Igitttr
528 711 671 751 anno
692 697 759 751 ab
775 696 1148 754 lncarnatione
1165 700 1372 755 Domini
1390 700 1546 770 1066,

21 785 249 838 rtransitu
273 797 395 837 vero
414 784 646 839 Amandi
668 784 771 840 406
793 786 893 857 (5),
912 787 1012 843 sub
1027 804 1085 843 ιιι
1109 789 1293 846 Iduum
1315 790 1551 846 Februa-

21 876 199 940 iarum,
237 873 435 929 Eluone
478 890 726 931 accensa:
772 886 900 932 sunt
945 879 1139 937 domus
1168 881 1219 936 in
1269 880 1388 939 foro
1418 883 1550 937 hora

22 965 102 1020 "ere
128 965 273 1020 tertia
303 965 404 1035 (4),
454 967 597 1022 unde
631 975 687 1022 et
714 967 767 1023 in
803 968 975 1038 ipsam
1006 971 1251 1039 prtedieti
1279 972 1552 1043 pontificis

22 1057 257 1112 :cclesiam
293 1057 561 1129 plumbeis
594 1058 793 1115 tabulis
826 1070 1047 1129 tectam,
1094 1078 1192 1133 per
1229 1065 1434 1135 tegulas
1451 1067 1553 1122 sub

26 1148 432 1217 psistabulaticis
458 1147 671 1204 ﬂamma
706 1154 969 1223 prorupit,
997 1156 1203 1226 antiqui
1261 1157 1453 1224 hostis,
1494 1167 1554 1213 ut

22 1238 264 1303 :redimus,
294 1239 515 1294 invidia.
551 1240 681 1308 Quae
707 1242 821 1312 ipsa
854 1257 976 1298 cum
1025 1246 1276 1303 omnibus
1302 1247 1555 1305 clauStris

21 1328 101 1381 iuis
126 1327 293 1381 statim
322 1337 408 1383 est
436 1330 688 1385 incendio
712 1334 1017 1399 devastata,
1053 1351 1153 1391 nec
1180 1352 1284 1393 non
1314 1347 1371 1394 et
1419 1354 1552 1409 apo-

21 1418 233 1472 stolorum
272 1420 555 1492 principis,
601 1422 694 1478 sed
726 1432 781 1478 et
818 1424 923 1480 alia
975 1429 1219 1497 germani
1273 1430 1349 1502 (5)
1383 1431 1554 1502 ipsius

22 1508 221 1563 ecclesia.
272 1510 558 1583 Campana:
608 1514 686 1586 (6)
721 1514 993 1573 fundendo
1043 1520 1095 1576 in
1127 1521 1403 1591 pulverem
1431 1533 1558 1579 sunt

22 1601 233 1668 redactre;
256 1603 433 1660 diruta
458 1607 621 1662 etiam
654 1624 885 1681 quaeque
930 1625 1253 1671 ornamenta
1285 1618 1551 1687 ecclesia),

22 1693 250 1751 :olumnas
276 1697 397 1753 dico
420 1699 487 1755 de
514 1698 677 1756 Pario
721 1702 898 1774 lapide
926 1722 1048 1761 etnn
1077 1709 1325 1779 analogio
1356 1711 1431 1782 (7)
1461 1712 1559 1766 bo-

22 1793 150 1837 nesta:
183 1784 419 1841 fabricae.
448 1788 549 1846 Ubi
574 1792 833 1861 quiddam
866 1798 1095 1868 contigit
1144 1799 1316 1855 relatu
1348 1802 1553 1873 dignis-
1589 1781 1632 1835 Β

21 1874 199 1943 simum,
231 1883 395 1949 quod,
427 1882 568 1938 sicut
593 1884 841 1943 videntes
872 1898 927 1943 et
974 1891 1261 1948 audientes
1303 1893 1356 1948 in
1381 1905 1559 1964 stupo-

22 1985 102 2024 rem
156 1974 311 2028 vertit
357 1992 466 2032 non
518 1979 824 2049 minimum,
880 1983 952 2037 ita
1004 1984 1246 2055 lecturis,
1299 1996 1358 2041 ιιι
1413 2001 1556 2053 reor,

22 2063 97 2117 erit
129 2064 280 2120 veluti
310 2079 637 2126 monstrum.
679 2072 814 2127 Nam
845 2092 967 2132 mox
1004 2086 1063 2131 ut
1114 2078 1242 2149 ipsae
1272 2095 1557 2149 campana:

21 2154 246 2212 tllamma
276 2170 406 2216 sunt
471 2164 693 2232 invasa},
754 2179 1037 2239 cmperunt
1075 2172 1318 2238 insimul,
1358 2174 1559 2231 nullius

22 2246 95 2301 nisi
139 2248 296 2305 solius
345 2253 444 2309 Dei
492 2256 747 2326 impulsu,
808 2275 1065 2318 resonare
1090 2278 1155 2319 ac
1200 2264 1243 2319 si
1298 2265 1559 2322 divinitus

22 2353 323 2400 ponerentur
347 2347 606 2419 plangere
627 2341 843 2405 ruinam
873 2353 954 2408 sui
986 2361 1038 2408 et
1070 2358 1339 2426 ecclesiae,
1364 2359 1557 2425 donec,

22 2440 55 2485 ιι
82 2434 397 2502 praalibatum
422 2448 524 2505 est,
558 2442 610 2495 in
635 2442 911 2511 pulverem
936 2457 1059 2501 sunt
1092 2449 1340 2505 redactae.

65 2525 112 2579 ὅ.
147 2524 302 2597 Cujus
330 2529 688 2588 habitationis
736 2534 1086 2591 restituendre
1115 2538 1309 2606 gratia,
1357 2537 1558 2595 fratres

22 2627 109 2667 :um
142 2613 324 2672 abbate
356 2618 438 2690 (8)
471 2620 637 2689 ipsius
660 2620 784 2687 loci,
835 2637 902 2678 ex
946 2626 1196 2681 consulto
1221 2628 1558 2684 marchionis

22 2702 72 2772 f9)
117 2714 284 2772 terrae,
350 2718 520 2781 atque
569 2713 970 2784 episcoporum,
1027 2719 1288 2788 petitione
1340 2704 1557 2792 quoque

21 2795 314 2883 Francorum
352 2804 557 2859 obnixa
588 2845 604 2870 ,
661 2805 919 2863 feretrum
950 2848 965 2873 ,
1018 2825 1126 2879 quo
1180 2814 1557 2883 corpusculum

21 2892 267 2947 uenerandi
296 2876 478 2950 i’atris
502 2897 813 2964 recubabat,
840 2913 939 2969 per
962 2876 1192 2957 Galliam
1222 2876 1557 2972 detulerunt,

22 2991 124 3047 auos
151 2998 266 3037 cum
296 2995 453 3040 tanto
478 2987 732 3043 thesauro
760 2989 898 3044 Galli
921 2990 1145 3048 ubilibet
1190 2992 1431 3051 locorum
1464 2997 1560 3051 ho-

22 3073 202 3130 aorilice
221 3088 274 3132 et
296 3093 510 3134 summa
542 3096 664 3134 cum
705 3083 991 3137 devotione
1020 3097 1400 3157 susceperunt.
1456 3088 1560 3143 Ex-

22 3166 236 3225 :essimus
264 3185 394 3226 sane
448 3172 778 3227 monasterio
827 3175 1065 3246 septimo
1094 3177 1217 3233 ldus
1257 3178 1401 3233 Junii
1437 3197 1450 3246 ;
1483 3198 1565 3235 re-

23 3258 297 3326 pedavimus
320 3263 374 3318 in
418 3262 558 3319 idem
612 3264 714 3320 sub
767 3265 854 3321 die
900 3281 953 3320 tv
1000 3266 1184 3324 Nonas
1238 3269 1385 3325 Julii.
1428 3272 1565 3338 Quid

24 3358 166 3405 autem
221 3353 321 3409 hac
378 3355 799 3427 intercapedine
864 3368 1097 3428 quatuor
1137 3360 1564 3428 hebdomadum,

24 3443 189 3499 ueritis
205 3460 340 3515 saepe
362 3446 494 3501 dicti
518 3448 788 3517 pontificis
805 3465 985 3504 coram
1013 3452 1377 3508 immensitate
1401 3456 1563 3525 vulgi,

24 3532 55 3584 ιι
75 3532 173 3601 ipsa
197 3538 417 3608 regione
438 3538 508 3593 sit
541 3548 773 3608 gestum,
812 3555 914 3595 non
940 3541 1094 3597 ducit
1117 3550 1291 3597 mater
1318 3543 1565 3598 Ecclesia

26 3627 352 3696 *eticendum;
413 3646 534 3700 quas
587 3631 725 3685 tilios
757 3648 887 3687 suos
937 3634 1300 3701 orthodoxos,
1351 3636 1567 3690 liliatio-

26 3734 213 3791 temque
238 3740 388 3779 suam
422 3725 474 3778 in
501 3724 639 3779 bona
674 3727 1079 3795 perseverantia
1122 3742 1561 3798 quaquaversmn

26 3824 360 3872 :onservantes
385 3817 597 3872 Ia-tatur
624 3818 835 3873 functos
872 3820 1073 3873 honore
1096 3821 1435 3890 populorum.
1461 3821 1567 3876 Sed

26 3908 108 3959 rec
128 3907 454 3975 omittentes,
472 3908 585 3978 jam
616 3912 682 3965 ad
713 3927 774 3966 ea
802 3928 921 3983 quae
950 3912 1294 3969 decrevimus
1332 3913 1565 3970 notanda

28 4009 64 4048 te
84 4002 335 4056 memoria:
366 4004 820 4068 commendanda,
870 4004 1090 4076 stylum,
1117 4020 1428 4078 quanquam
1457 4014 1569 4060 sto-

31 4087 174 4152 idum,
204 4102 500 4149 vertamus.

68 4179 115 4234 1.
167 4181 315 4255 (Cap.
361 4184 424 4256 2)
466 4183 721 4252 Quaedam
777 4187 960 4258 itaque
1009 4199 1360 4259 peragrantes
1407 4190 1520 4245 loca
1552 4230 1567 4253 ,

28 4269 332 4331 Zattteracum
358 4276 552 4331 urbem
605 4278 918 4335 devenimus
971 4280 1241 4336 cluentem
1271 4281 1569 4352 pontiﬁcali

30 4366 253 4423 ratliedra.
292 4369 348 4425 In
386 4386 495 4440 qua
525 4381 743 4442 propter
773 4372 957 4445 valvas
983 4374 1203 4444 quidam
1262 4374 1571 4431 inseasatus

1014 305 1338 364 HISTORIA
1381 302 1899 361 MIRACULORUM
1932 304 1993 360 S.
2030 302 2313 360 AMANDI.

3052 295 3238 381 νιιδε

1579 426 1622 479 Α
1653 434 1885 489 quarum
1938 434 2162 475 suarum
2217 404 2585 474 sauciaverat.
2644 417 2744 476 Ubi
2773 434 2894 476 cum
2947 420 3241 476 honorifice

1654 511 1724 565 ab
1765 510 2015 567 antistite
2063 509 2379 567 Lietbertho
2436 510 2549 583 (10)
2604 521 2910 582 cunctoque
2943 512 3107 583 ipsius
3136 511 3238 568 loci

1653 599 1799 653 clero
1849 599 2079 669 recepti,
2135 600 2445 669 hospitandi
2499 602 2676 671 gratia
2726 617 3193 658 commaneremus
3223 642 3240 667 ,

1654 690 1802 746 illum
1841 691 2099 747 miserum
2128 692 2317 747 donari
2369 690 2431 747 S.
2483 693 2728 749 Amando
2758 693 3239 765 interpellavimus,

1653 794 1924 854 quatenus
1980 784 2214 840 solutum
2278 784 2511 840 vinculis
2554 776 2945 856 corporalibus,
2998 797 3238 849 sanctus,

1656 880 1740 935 cui
1768 881 2093 945 donaretur,
2122 879 2269 949 apud
2309 879 2553 933 divinam
2589 878 2927 934 clementiam
2973 880 3246 934 obtineret

1656 973 2009 1029 demoniacis
2039 972 2243 1027 absolvi
2276 972 2531 1027 nexibus.
2563 970 2715 1038 Quod
2739 982 2793 1025 et
2815 971 2887 1025 ita
2915 970 3113 1024 factum
3136 978 3242 1025 est.

1658 1064 1791 1119 Nam
1835 1074 1892 1118 et
1933 1064 2174 1135 pontifex
2227 1064 2431 1119 nostris
2460 1078 2739 1119 assensum
2771 1061 3001 1131 praebuit
3031 1062 3247 1132 petitio-

1659 1154 1840 1222 nibus,
1872 1163 1927 1209 et
1982 1155 2071 1209 ille
2101 1157 2345 1227 pontifex
2378 1163 2583 1219 noster,
2628 1152 2781 1222 cujus
2827 1168 3024 1224 corpus
3055 1155 3248 1224 depor-

1659 1246 1889 1309 labatur,
1908 1245 2135 1302 liberam
2170 1256 2404 1301 mentem
2422 1253 2653 1301 eatenus
2672 1245 2945 1317 captivato
2970 1260 2999 1298 a
3028 1259 3249 1300 summo
3280 1230 3309 1285 ἶ

1656 1339 1910 1407 pontifice
1945 1339 2166 1395 Christo
2198 1339 2528 1409 impetravit,
2568 1326 2657 1393 ila
2706 1349 2766 1392 ut.
2812 1337 2938 1392 inde
2966 1337 3247 1393 nobiscum

1656 1431 2029 1500 progrediens,
2058 1432 2258 1485 nullum
2290 1431 2546 1486 malesaui
2580 1429 2773 1499 capitis
2821 1428 3078 1485 indicium
3107 1428 3252 1483 ultra

1655 1525 2035 1597 pratenderet.
3196 1576 3197 1581 η

1730 1614 1784 1669 5.
1818 1612 1973 1684 (Cap.
1997 1615 2077 1684 ⁸5.)
2108 1614 2189 1670 Ab
2222 1615 2332 1683 ipsa
2382 1630 2597 1685 quoque
2652 1614 2786 1671 urbe
2814 1614 3039 1686 vestigia
3068 1614 3253 1670 detor-

1659 1715 1894 1776 queutes
1924 1721 2049 1762 cum
2074 1706 2337 1762 immenso
2361 1708 2619 1761 comitatu
2648 1706 2870 1772 civium,
2900 1706 3253 1761 tendebamus

1664 1813 1852 1854 versus
1875 1799 2152 1870 oppidum,
2193 1798 2279 1853 cui
2329 1800 2646 1856 vocabulum
2697 1810 2782 1856 est
2832 1800 3086 1856 Coceium
3116 1800 3250 1872 (11),

1664 1890 1755 1946 ubi
1793 1891 1974 1946 multa:
2016 1890 2330 1946 aversiones
2360 1892 2426 1945 ab
2456 1892 2745 1962 oppidano,
2787 1908 2881 1948 seu
2904 1892 3088 1961 judice
3109 1892 3255 1963 ejus-

1664 1981 1784 2037 dem
1812 1981 1934 2047 loci,
1956 1981 2175 2037 familiae
2200 1982 2574 2037 inferebantur
2603 1982 2665 2038 S.
2684 1983 2935 2051 Amandi,
2959 1997 3083 2054 quae
3108 1984 3255 2038 circa

1620 2072 1621 2075 “
1666 2073 1838 2143 ipsum
1881 2074 2400 2146 degebatoppidum.
2430 2073 2537 2128 Sed
2578 2073 2665 2129 ubi
2696 2074 2835 2142 loco,
2883 2090 2991 2146 quo
3017 2076 3254 2146 disposi-

1673 2174 1785 2219 tum
1818 2174 1939 2220 erat
1971 2166 2211 2233 tendere,
2242 2166 2631 2237 propiavimus,
2659 2180 2787 2223 ecce
2814 2168 3102 2236 quemdam
3133 2184 3257 2238 pre-

1667 2255 1949 2325 shyterum
1982 2256 2226 2312 ecclesiae
2255 2258 2306 2311 in
2355 2257 2560 2312 honore
2588 2256 2648 2312 S.
2677 2256 2907 2329 Remigii
2939 2267 3253 2326 exstructa,

1670 2345 1924 2401 Milonem
1977 2347 2223 2414 nomine,
2254 2363 2376 2401 cum
2428 2348 2582 2419 plebe
2628 2349 2919 2417 promiscui
2957 2364 3123 2404 sexus
3151 2365 3256 2405 non

1626 2438 1629 2441 ’
1665 2438 1905 2504 modica,
1931 2439 2147 2495 obvium
2184 2439 2494 2508 habuimus,
2536 2440 2814 2496 humiliter
2850 2442 3251 2503 obsecrantem,

1666 2541 1725 2586 ut
1756 2533 1973 2587 thecam
2014 2532 2149 2587 tanti
2195 2532 2470 2602 pontilicis
2498 2533 2552 2587 in
2601 2533 2770 2604 ipsam
2805 2532 2867 2588 S.
2900 2533 3130 2605 Remigii
3163 2548 3255 2590 ee-

1661 2623 1889 2678 clesiam
1924 2622 2123 2679 deferri
2186 2624 2369 2694 ibique
2422 2623 2698 2695 paululum
2759 2624 3104 2695 requiescere
3134 2641 3257 2695 per-

1666 2715 2031 2772 mitteremus.
2060 2716 2156 2772 Est
2199 2727 2378 2771 autem
2431 2716 2500 2771 ab
2532 2717 2637 2771 hoc
2682 2716 2801 2773 loco
2860 2732 2967 2771 non
3022 2716 3255 2771 multum

1664 2806 1874 2862 distans
1905 2807 2126 2877 quidam
2144 2806 2371 2872 viculus,
2385 2823 2547 2878 quem
2575 2808 2764 2863 dicunt
2780 2807 3095 2863 Verunlium
3115 2808 3251 2879 (12).

1668 2897 1724 2952 In
1760 2898 1863 2953 hoc
1881 2896 2104 2967 jaccbat
2153 2899 2575 2964 mulier,‘stratu
2604 2900 2874 2955 recubans
2920 2901 2989 2956 ob
3018 2901 3255 2957 immen-

1667 3002 1787 3041 sum
1816 2987 2130 3059 languorem
2161 2990 2551 3053 membrorum,
2583 3005 2705 3059 qua:
2756 3007 2786 3044 a
2817 2990 2956 3045 lecto
3002 2992 3262 3061 nequive-

1675 3090 1758 3134 rat
1785 3080 1967 3151 egredi
2000 3094 2095 3150 per
2116 3079 2384 3135 curricula
2415 3080 2497 3136 bis
2528 3081 2767 3152 quinque
2819 3098 3105 3138 annorum.
3135 3082 3262 3140 llazc

1670 3174 1757 3228 ubi
1789 3189 1921 3228 aure
1948 3175 2190 3244 percepit
2217 3190 2378 3229 sonos
2408 3182 2464 3230 et
2514 3183 2708 3230 cantus
2755 3174 2929 3245 plebis
2986 3191 3052 3233 eo
3080 3176 3264 3231 diver-

1672 3264 1871 3328 tentis,
1940 3280 2163 3319 causam
2217 3274 2630 3334 percunctatur.
2688 3266 2933 3337 Cumque
2982 3267 3264 3323 didicisset

1668 3369 1865 3424 corpus
1888 3355 1947 3410 S.
1976 3356 2208 3410 Amandi
2239 3372 2268 3410 a
2298 3356 2544 3411 fidelibus
2574 3358 2767 3413 turmis
2798 3358 2888 3412 illo
2944 3358 3257 3424 transferri,

1668 3445 1924 3499 continuo
1955 3445 2007 3500 in
2064 3447 2178 3501 haec
2220 3446 2382 3500 verba
2433 3449 2723 3516 prorupit:
2762 3447 2807 3503 Ο
2852 3449 2895 3503 si
2926 3450 3147 3503 daretur
3174 3463 3261 3504 me

1668 3535 1859 3590 saltem
1897 3537 2150 3591 manibus
2197 3546 2519 3607 reptantem,
2556 3539 2713 3608 quasi
2766 3530 3175 3609 quadrupedem
3208 3540 3261 3595 ei

1669 3627 1884 3683 obviam
1915 3628 2055 3693 fieri,
2080 3628 2426 3698 implorarem
2470 3637 2741 3693 sanctum,
2773 3640 3042 3700 quatenus
3089 3632 3258 3685 interc

1670 3722 1921 3776 ventione
1939 3737 2091 3777 sacra
2121 3737 2252 3776 mem
2282 3720 2671 3792 sull'ragaretur
2701 3722 3060 3779 imbecillitati
3090 3726 3103 3779 l
3148 3724 3257 3781 Sed

1670 3830 1792 3869 cum
1832 3815 2109 3871 inhianter
2159 3816 2377 3871 arderet
2436 3831 2557 3886 qua:
2610 3825 2893 3887 optaverat
2922 3815 3257 3887 completum

1673 3907 1761 3973 iri,
1798 3907 2107 3963 interventu
2137 3909 2269 3970 tanti
2304 3907 2504 3974 Patris,
2557 3908 2673 3977 eius
2705 3919 2826 3964 vola
2854 3908 3092 3965 clemens
3115 3895 3257 3981 prte-

1673 4001 1820 4055 venit
1849 4000 2126 4067 divinitas,
2172 4004 2280 4067 cui,
2330 4017 2450 4071 qua:
2481 4002 2743 4057 mortales
2781 4017 2880 4056 nec
2926 4010 3117 4071 optare
3164 4017 3260 4056 au-

1674 4094 1824 4155 dent,
1862 4103 2169 4163 proutptum
2206 4104 2288 4147 est
2339 4088 2623 4163 przestare.
2670 4093 2967 4149 Confestim
3032 4094 3263 4162 denique

1672 4185 1897 4256 sanguis
1931 4186 2245 4241 discurrens
2294 4187 2441 4240 circa
2472 4200 2666 4239 nervos
2714 4185 2954 4239 membra
2995 4184 3264 4253 languidae

1673 4274 1930 4341 firmavit,
1992 4276 2253 4345 languore
2304 4258 2589 4342 exhausit,
2629 4276 2824 4330 robore
2882 4276 3259 4331 consolidavit.

1646 4371 1879 4441 ‘Sicque
1924 4370 2084 4453 lecto,
2122 4370 2210 4425 cui
2267 4368 2461 4423 clinica
2516 4368 2773 4423 diuturno
2802 4370 3062 4440 languore
3104 4369 3261 4424 incu-

30 4460 287 4515 :onstrictis
313 4461 627 4517 arctissime
682 4462 735 4516 in
795 4477 962 4517 nervo
1009 4464 1231 4533 pedibus
1279 4464 1564 4529 residebat,
1606 4478 1649 4532 ι)
1678 4462 1895 4527 buerat,
1922 4462 2118 4516 leniter
2146 4459 2426 4525 exsiliens,
2451 4475 2644 4514 exorsa
2667 4470 2751 4515 est
2780 4461 3108 4529 pedetentim
3135 4474 3267 4531 pro-

30 4548 108 4614 lui,
136 4559 187 4603 ut
215 4555 282 4608 ab
311 4552 513 4608 incolis
568 4552 744 4622 palam
800 4552 999 4608 factum
1058 4565 1141 4610 est
1183 4556 1356 4621 nobis,
1387 4562 1456 4608 ut)
1489 4571 1571 4607 III-

32 4641 156 4696 niam
195 4646 370 4702 insani
422 4645 619 4718 capitis
653 4647 974 4715 amentiam,
1006 4648 1295 4718 quamdam
1353 4650 1573 4721 propin-

32 4777 88 4833 )2.
130 4780 197 4836 De
223 4795 496 4841 contracto
526 4797 736 4841 sanato.

32 4849 97 4927 5..
120 4852 186 4905 De
232 4856 451 4927 muliere
494 4855 677 4909 Duaci‘
714 4866 917 4927 repente
963 4866 1250 4923 contracta,
1302 4870 1349 4913 et
1395 4876 1573 4914 carent

76 4919 245 4986 feretro
276 4922 334 4978 S.
369 4926 599 4978 Amandi
629 4919 819 4982 erecte.

32 4991 197 5113 IliibDe
220 5008 497 5118 fanerato
525 4995 700 5051 (ἐθεριὶ
722 5014 815 5067 ρει·
850 4998 1229 5055 invocationem
1257 4999 1317 5056 S.
1344 5001 1574 5055 Aumndi

135 5078 215 5115 era
242 5082 291 5118 ο.

76 5131 144 5211 (ξι)
184 5136 444 5211 §equilur
474 5138 691 5211 Milonis
712 5137 1141 5211 chronolog‘am.
1316 5200 1317 5203 η

74 5202 143 5268 (4)
182 5202 527 5264 Monumenta
571 5209 874 5264 Atnantlina
906 5202 1123 5265 tradunt
1171 5212 1479 5267 incendium
1506 5213 1569 5266 il-

34 5273 367 5349 udnaeridisse
397 5280 483 5334 die
514 5279 761 5343 Sabbati,
811 5283 863 5336 in
896 5297 1054 5349 quem
1091 5283 1278 5336 incidit
1309 5298 1373 5338 eo
1428 5299 1574 5336 anno

33 5337 375 5419 {Februarih
427 5349 662 5405 Joannes
702 5337 987 5406 Buzeliu'us
1039 5352 1205 5406 refert
1254 5337 1393 5407 idem
1448 5371 1571 5407 cum

34 5417 270 5535 {Iriigtculis
314 5420 590 5489 adjunctis
638 5420 734 5477 lib.
792 5437 842 5475 tv
889 5422 1180 5478 Annalium
1225 5423 1574 5480 Gallo-Flau-

36 5551 241 5680 0:320er
282 5558 552 5629 Andrcm,
607 5564 759 5635 cujus
809 5563 1047 5619 decauus
1100 5562 1199 5617 fuit
1245 5564 1573 5620 Gillcbcrtus

38 5638 425 5763 ῗῖὧωὲιηηετο

466 5705 529 5759 17
572 5703 725 5777 juxta
783 5676 1133 5762 monumenta
1175 5704 1475 5761 Amandina
1519 5714 1573 5759 et

35 5756 327 5825 Melinum.

1677 4555 1827 4626 gredi
1883 4569 2053 4624 usque
2084 4553 2151 4609 ad
2195 4553 2357 4607 limen
2401 4552 2635 4619 domus;
2679 4552 2804 4608 inde
2858 4568 2963 4608 non
3010 4562 3266 4609 contenta

1679 4646 1954 4710 incedere,
1989 4652 2047 4698 ut
2097 4653 2180 4699 est
2209 4658 2327 4698 mos
2376 4641 2712 4709 mulieribus,
2767 4650 2922 4713 rapto
2978 4658 3141 4699 cursu
3173 4658 3267 4698 ac-

1751 4779 1828 4848 (7)
1867 4776 2183 4848 Aunlogium
2206 4785 2289 4831 est
2319 4776 2469 4832 locus
2490 4775 2674 4848 altior,
2693 4791 2785 4831 seu
2817 4775 3102 4847 pulpitum,
3126 4779 3267 4833 unde

1679 4846 1931 4921 leguntur
1964 4846 2133 4921 saera:
2165 4847 2445 4921 lectiones.
2481 4847 2538 4921 δ.
2586 4846 2919 4921 Benedictus
2948 4849 3007 4921 in
3037 4848 3263 4921 Regula,

1679 4916 1799 4990 cap.
1833 4919 1909 4974 9:
1958 4918 2281 4990 rLegantur
2335 4916 2573 4990 vicissim
2623 4935 2652 4972 a
2682 4918 2942 4973 fratribus
2997 4919 3050 4972 in
3077 4916 3264 4973 cudiee

1678 4988 1841 5059 supra
1878 4989 2187 5059 analogiutn
2229 4997 2338 5042 tres
2365 4988 2646 5059 lectiones.
2675 5008 2695 5040 ι

1750 5057 1827 5128 (8)
1870 5057 2216 5121 Lambertus,
2264 5058 2355 5127 qui
2405 5067 2461 5112 et
2514 5058 2813 5113 Fulcardus
2861 5057 3081 5123 dicitur,
3121 5072 3266 5110 anno

1682 5132 1819 5186 1065
1875 5130 2044 5184 abbas
2096 5129 2445 5192 constitutus,
2490 5128 2597 5183 vita
2647 5129 2866 5184 functus
2913 5143 3057 5182 anno
3104 5128 3264 5191 1076,

1670 5202 1818 5272 jaclo
1847 5201 2200 5272 fundamento
2241 5199 2738 5272 tnajoris__basilicze.

1698 5310 1707 5321 .
1750 5274 1827 5344 (9)
1868 5269 2110 5325 Marchio
2142 5268 2431 5333 Flandrize,
2460 5268 2751 5323 Balduiuus
2784 5268 2929 5331 Pius,
2958 5268 3073 5323 sive
3108 5268 3263 5323 Insu-

1678 5344 1863 5399 lensis.

1750 5417 1864 5485 (I0)
1903 5413 2053 5485 Obiit
2104 5413 2161 5485 ll_.
2195 5410 2505 5485 Lietbertus
2531 5410 2940 5466 Cameracensis
2969 5409 3261 5480 episcopus

1678 5481 1821 5541 anno
1850 5483 2007 5547 1076,
2029 5483 2099 5537 93
2120 5481 2228 5536 Jul.

1747 5556 1861 5625 (II)
1900 5554 2177 5615 Coccium,
2209 5554 2362 5621 vulgo
2393 5552 2589 5625 Const),
2614 5550 2756 5605 inter
2786 5549 2991 5604 Aisiam
3035 5559 3090 5604 et
3114 5548 3261 5604 Axo-

1747 5568 1861 5625 (tt)
1900 5568 2177 5615 Locorum,
2209 5568 2362 5621 vulgo
2393 5568 2589 5675 δοκεῗᾷ
2614 5568 2756 5605 inter
2786 5568 2869 5604 AIE

1680 5644 1804 5683 nam
1838 5625 2029 5679 fluvias
2054 5625 2209 5694 juxta
2247 5624 2530 5679 abbatiatn.
2591 5636 2869 5694 egentium.

1750 5697 1861 5766 (12)
1904 5689 2217 5766 Vernulium
2246 5709 2413 5766 pagus
2439 5689 2645 5751 vicinus
2692 5693 2746 5748 in
2794 5689 3020 5747 dioecesi
3047 5689 3261 5747 Laudu-
3298 5724 3301 5727 -

1677 5763 1851 5828 “ensi,
1885 5784 1904 5821 ι
1921 5765 2039 5833 ultro
2077 5763 2333 5820 l’erncuil.
2736 5778 2739 5779 ν
3214 5800 3217 5805 .
