3862 6312
613 336 640 388 1
657 335 755 387 ιόξι

1682 337 2100 393 CILLEBERTI
2136 337 2444 397 MONACHI
2482 342 2907 402 ELNONENSIS

3704 349 3799 406 Mill

616 463 846 504 currens
876 449 1067 519 arripit
1093 449 1369 517 feretrum,
1400 465 1629 507 narrans
1658 468 1781 509 cum
1809 454 2019 511 idoneis
2047 456 2198 509 testi-
2228 455 2274 511 Α
2303 456 2431 524 sita,
2472 471 2742 530 quatenus
2791 462 2947 531 plebs
2996 458 3239 516 cervices
3285 473 3413 515 suas
3450 459 3499 514 ei
3540 460 3801 522 submitteret

608 541 714 597 bus
740 557 862 612 qua:
892 543 1033 596 circa
1062 557 1119 597 se
1168 551 1219 597 et
1272 552 1471 612 quanta
1518 560 1616 600 suo
1668 549 1841 618 egerit
1889 549 2192 618 patrocinio

609 633 701 689 ille
726 634 1104 690 miraculorum
1158 648 1409 705 operator
1430 640 1699 709 egregius.
1735 640 1869 694 Tum
1900 642 2191 713 corrigiam

608 725 806 779 cervici
828 740 959 790 suae,
985 726 1134 797 quasi
1162 726 1356 781 servile
1384 728 1593 799 jugmn,
1622 730 1896 800 imposuit,
1917 748 2105 802 seque,
2134 742 2193 787 ut

608 823 731 868 erat
761 814 949 877 libera.
984 817 1224 873 dominio
1258 820 1433 874 sancti
1472 822 1823 891 mancipavit.
1858 822 1968 879 Nec
1998 824 2191 880 imme-

614 906 744 969 rito,
779 908 979 989 quippe
1021 909 1112 979 qtti
1150 925 1293 979 eam,
1342 927 1461 982 qua:
1513 900 1669 982 quasi
1713 915 2021 985 quadrupes
2062 917 2193 972 vitio

608 1006 818 1051 natura:
840 998 1157 1054 decreverat
1193 1002 1365 1066 exire,
1394 1002 1493 1057 sibi
1525 1004 1772 1073 bipedem
1828 1006 2064 1062 naturali
2092 1024 2189 1062 usu

607 1088 813 1144 fecerat
844 1100 1072 1147 cvanter
1094 1107 1400 1148 occurrere.

679 1179 734 1234 6.
764 1181 916 1251 (Cap.
951 1182 1030 1252 4.)
1066 1183 1234 1254 llujus
1264 1186 1428 1239 etiam
1468 1187 1830 1244 consobrinus
1856 1190 2076 1260 quidam
2097 1190 2189 1260 ju-

607 1275 782 1338 venis,
812 1274 948 1329 liber
969 1284 1023 1330 ct
1053 1276 1185 1346 ipse,
1220 1292 1314 1332 sex
1342 1278 1509 1334 lustra
1531 1290 1587 1334 et
1611 1295 1675 1334 eo
1707 1281 1938 1350 amplius
1966 1282 2187 1348 habens,

608 1377 791 1422 mutus
814 1383 844 1422 a
876 1369 1176 1432 nativitate,
1218 1370 1460 1425 auditum
1488 1381 1667 1428 tamen
1696 1382 1749 1428 et
1780 1373 2189 1446 intelligentiam

608 1458 766 1527 plene
798 1459 1019 1528 capiens
1045 1461 1353 1525 adducitur,
1377 1462 1467 1533 qui
1492 1464 1561 1519 ob
1586 1463 1779 1535 linguae
1807 1466 2043 1521 cilicium
2090 1468 2189 1523 sibi

607 1547 875 1604 divinitus
905 1551 1311 1605 concedendum
1344 1554 1540 1607 multas
1584 1563 1895 1610 sanctorum
1933 1557 2194 1613 ecclesias

612 1642 909 1708 inviscrat;
950 1646 1066 1711 sed,
1094 1655 1152 1700 tit
1178 1647 1376 1701 dictum
1409 1650 1477 1702 sit
1504 1664 1634 1718 pace
1685 1665 1894 1715 eorum,
1923 1653 2059 1706 tattti
2092 1650 2198 1707 Pa-

609 1737 709 1789 tris
736 1736 939 1790 meritis
970 1738 1110 1792 istud
1140 1741 1460 1795 servabatur
1479 1741 1701 1797 donum.
1738 1742 1970 1814 Antiqua
1998 1745 2049 1798 in
2082 1744 2187 1801 huc

2295 551 2583 609 devotione
2614 552 2935 619 humillima,
2983 552 3179 607 mulier
3224 550 3472 620 quaedam
3518 566 3802 623 approperaus

2296 641 2526 699 debilem
2559 643 2728 697 filium
2759 642 2903 697 ulnis
2930 642 3163 706 ferebat,
3212 642 3305 711 qtti
3363 641 3501 695 infra
3550 644 3683 697 unius
3715 651 3800 701 anni

2296 746 2433 801 pene
2470 734 2727 799 orbitam,
2769 743 2968 788 terram
3007 733 3228 787 calcare
3278 732 3607 800 nequiverat.
3638 733 3803 791 [licita-

2295 838 2422 893 que,
2446 823 2534 878 ubi
2561 838 2685 878 eum
2741 823 2974 893 genitrix
3006 821 3207 876 feretro
3256 823 3558 891 supposuit,
3597 822 3801 882 clamitare

2295 916 2503 971 cunctis
2524 916 2863 970 audientibus
2880 915 3039 984 cmpit
3063 932 3076 968 :
3103 932 3121 965 ι
3146 914 3363 984 Depone
3381 930 3488 977 me,
3505 925 3671 977 mater.
3684 933 3801 986 quan-

2298 1005 2470 1060 tocius
2497 1006 2563 1060 ab
2596 1006 2703 1070 his,
2752 1004 2949 1074 quibus
2982 1004 3152 1059 vehor
3211 1002 3497 1068 vehiculis,
3544 1004 3652 1072 quia
3674 1006 3801 1060 videor

2296 1097 2433 1153 tnihi
2479 1094 2594 1164 jam
2622 1111 2785 1167 posse
2812 1096 2909 1151 tibi
2938 1096 3296 1165 pedissequus
3327 1093 3463 1147 fieri.
3498 1092 3568 1147 Ne
3596 1094 3718 1159 velis,
3737 1097 3797 1151 ob

2294 1205 2470 1254 sccrc,
2511 1204 2644 1244 mea:
2670 1188 2890 1244 obviare
2919 1187 3100 1252 saluti,
3148 1198 3253 1242 ture
3300 1201 3516 1256 quoque
3552 1185 3712 1240 laetitia:
3742 1192 3799 1241 ad-

2295 1282 2525 1337 versari.
2559 1299 2577 1332 ι
2610 1280 2744 1334 Τιιιιι
2775 1278 2864 1333 illa
2892 1278 3123 1333 credens
3152 1292 3276 1333 eum
3298 1276 3478 1330 verbis
3501 1276 3603 1329 haec
3626 1276 3801 1345 proferre

2296 1374 2613 1444 puerilibus,
2645 1382 2740 1427 aut
2791 1372 2955 1427 etiam
2991 1370 3279 1425 erroneis:
3318 1386 3338 1420 ι
3372 1368 3513 1434 Noli,
3560 1369 3719 1436 inquit,
3756 1370 3800 1422 fili

2297 1465 2395 1530 mi,
2423 1464 2553 1528 noli,
2580 1479 2646 1519 ne
2673 1464 2741 1518 ab
2773 1461 3078 1517 imminenti
3110 1460 3265 1515 turba
3316 1458 3683 1527 comprimaris,
3718 1460 3799 1512 dum

2299 1573 2403 1613 non
2430 1557 2603 1627 possis
2631 1556 2698 1611 ad
2742 1556 2948 1610 exitum
2978 1555 3058 1609 rei
3090 1554 3395 1625 perducere
3435 1552 3571 1620 quod
3614 1550 3797 1605 effaris)

2297 1648 2361 1702 Et
2389 1663 2524 1717 puer
2549 1665 2561 1700 :
2593 1665 2612 1698 ι
2641 1644 2889 1711 Possum,
2919 1646 3013 1710 ait,
3066 1659 3260 1705 mater,
3294 1657 3531 1711 possum.
3552 1659 3570 1691 ι
3606 1641 3708 1697 Post
3730 1645 3803 1698 hac

2301 1757 2407 1797 non
2443 1738 2763 1811 praestolans
2792 1752 3115 1808 responsum
3138 1736 3443 1807 genitricis,
3467 1735 3533 1789 ab
3554 1734 3695 1804 ipsius
3718 1751 3801 1789 eon-

609 1839 943 1881 rcnovantur
975 1830 1259 1894 miracula,
1288 1840 1343 1887 et
1373 1833 1597 1890 alterius
1619 1834 1897 1891 Zachariae
1937 1836 2198 1904 imagina-
2232 1807 2271 1861 Β
2302 1834 2453 1889 tinuo
2478 1848 2538 1889 se
2573 1831 2806 1888 extorsit
2837 1807 3079 1895 lacertis,
3130 1826 3502 1897 paulatimque
3541 1837 3711 1880 tentata
3734 1830 3800 1890 via,

609 1922 691 1972 ria
720 1922 1065 1990 agnoscimus
1096 1924 1399 1979 surrexisse
1455 1937 1717 1996 tempora.
1780 1927 1856 1981 Illi
1904 1928 2198 1983 innuebaut

610 2014 848 2079 cognati,
882 2015 1024 2085 quod
1056 2031 1252 2070 nomen
1314 2018 1473 2073 vellet
1500 2018 1610 2072 lilio
1641 2020 1842 2089 imponi
1876 2037 1889 2084 ;
1932 2020 2059 2076 huic
2110 2020 2200 2074 iti-

610 2104 733 2158 detn
764 2106 1060 2161 innuehant
1094 2110 1403 2179 propinqui,
1437 2127 1541 2180 qua
1570 2111 1685 2180 lege
1717 2113 1876 2167 vellet
1901 2128 1959 2169 se
2005 2114 2196 2184 subju-

607 2211 738 2266 garc
770 2199 994 2253 servitio
1034 2202 1228 2254 sancti.
1265 2201 1356 2255 Ille
1385 2212 1516 2257 nutu
1560 2203 1852 2273 postulavit
1897 2205 2195 2275 pugilarem

608 2289 711 2342 sibi
746 2291 998 2357 prteberi,
1039 2300 1096 2344 ut
1144 2292 1285 2362 quod
1336 2291 1514 2364 lingua
1558 2295 1897 2364 nequiverat,
1944 2305 2199 2351 notarent

612 2380 829 2434 articuli
864 2398 875 2444 ;
913 2381 1016 2437 iste
1045 2392 1175 2436 nutu
1230 2398 1381 2451 teque
1410 2385 1688 2440 indicabat
1723 2401 1781 2440 se
1806 2385 1892 2439 bis
1932 2385 2089 2441 binos
2115 2402 2199 2440 ar-

608 2479 833 2540 genteos
870 2487 967 2540 pro
1017 2474 1209 2542 capitis
1242 2490 1405 2529 censu
1459 2477 1631 2531 cidem
1677 2488 1864 2532 sancto
1894 2477 2196 2533 soluturum

608 2563 838 2631 singulis
866 2565 1045 2620 annis.
1106 2566 1197 2621 llle
1254 2569 1396 2638 quod
1450 2571 1658 2640 pagina}
1689 2572 1971 2627 intendere
2002 2572 2194 2636 voluit,

609 2657 863 2711 restituto
895 2674 1017 2713 mox
1069 2660 1262 2731 lingua:
1317 2661 1514 2728 officio,
1560 2673 1748 2734 aperto
1795 2680 2047 2720 sermone
2074 2679 2199 2735 prc-

612 2750 904 2804 nuntiavit.
935 2748 1229 2807 Videamus
1264 2762 1318 2806 et
1372 2754 1424 2807 itt
1466 2756 1567 2809 hoc
1617 2771 1779 2824 quam
1837 2755 2199 2825 istejocundo

610 2842 878 2898 miraculo
911 2844 1153 2901 imitatus
1177 2847 1249 2901 sit
1294 2863 1439 2912 eum,
1486 2849 1575 2903 ubi
1609 2865 1792 2904 coram
1825 2848 2026 2905 feretro
2062 2849 2199 2903 assi-

606 2944 756 2990 stens
780 2937 1071 3006 corrigiam
1099 2939 1297 2992 cervici
1356 2955 1466 2993 suae
1489 2940 1895 3011 circumposuit.
1929 2939 2199 2994 Continuo

570 3022 573 3023 ⁷
609 3028 845 3096 denique
882 3029 1149 3083 accedens
1198 3029 1323 3083 Milo
1353 3029 1662 3100 presbyter,
1711 3031 1864 3101 cujus
1892 3046 2056 3100 supra
2087 3044 2199 3083 me-

608 3117 890 3181 minimus,
920 3118 972 3171 in
1007 3116 1160 3187 cujus
1200 3127 1254 3173 et
1294 3120 1380 3173 hie
1422 3120 1640 3175 dioecesi
1673 3130 1831 3175 natus
1872 3120 2197 3191 perhibeba-

613 3217 703 3260 tnr
751 3219 804 3262 et
856 3209 1091 3275 adultus,
1139 3211 1522 3279 compendiose
1574 3227 1697 3266 cum
1749 3221 1829 3265 est
1885 3210 2191 3264 allocutus:

616 3318 634 3350 ι
671 3299 851 3366 ρυιι,
912 3300 1127 3370 inquit,
1183 3301 1554 3371 prmstolaris,
1614 3301 1836 3357 frater?
1889 3301 1948 3356 Si
2004 3302 2196 3371 nequis

616 3407 911 3456 sermone,
966 3393 1156 3446 Saltem
1202 3394 1491 3462 digitorum
1548 3393 1748 3448 indicio
1807 3394 1907 3449 sub
1957 3394 2197 3448 testimo-

611 3486 702 3541 nio
732 3485 1077 3556 prteseutium
1109 3486 1353 3557 exprime
1386 3487 1529 3556 quod
1568 3495 1715 3541 tenes
1742 3486 1795 3539 in
1826 3494 2027 3539 mente.
2064 3502 2084 3535 ι

752 3578 1059 3633 Conticuere
1082 3597 1279 3645 omnes,
1302 3581 1585 3650 intentique
1611 3597 1701 3632 ora
1722 3580 1981 3633 tenebant.

1469 3671 1672 3739 (\‘tuc.,
1712 3669 1927 3724 Λίἰιεὶά.
1956 3686 2014 3732 ιι,
2050 3668 2125 3739 l.)

683 3766 835 3819 Tunc
867 3765 978 3829 ille,
1010 3776 1067 3819 ut
1091 3764 1173 3819 bis
1198 3764 1337 3820 binis
1360 3774 1587 3819 conatus
1609 3773 1692 3819 est
1739 3764 1922 3831 digitis
1973 3762 2193 3815 totidem

582 3856 583 3859 “
612 3867 898 3927 argenteos
923 3856 1225 3923 notificare,
1249 3857 1396 3912 clara
1429 3873 1492 3912 ac
1518 3857 1691 3926 prima
1713 3872 1847 3909 voce
1862 3863 2196 3923 protestatus

614 3958 701 4003 est
723 3948 865 4017 quod
890 3947 1133 4003 articulis
1157 3949 1484 4003 moliebatur
1507 3962 1849 4016 expromere.
1885 3945 1929 4001 Ο
1959 3960 2118 4014 quem
2144 3953 2197 3999 et

613 4051 902 4112 quantum,
935 4041 979 4096 si
1035 4043 1275 4107 adesses,
1308 4055 1563 4094 cernercs
1605 4040 1846 4109 plausum
1900 4049 2195 4091 turmarum

612 4133 935 4189 catervatim
967 4134 1202 4202 undique
1235 4131 1829 4196 conﬂuentium,Demn
1860 4128 2199 4200 hymnisonis

615 4226 840 4282 vocibus
864 4226 1143 4280 nobiscum
1167 4225 1608 4289 collattdantiuin,
1642 4238 1751 4292 pra:
1778 4220 1984 4292 ingenti
2015 4221 2197 4275 |a:titia

613 4321 784 4377 tnalas
812 4319 1106 4374 effusiones
1147 4318 1509 4388 lacrymarum
1555 4315 1986 4371 humectantium
2017 4314 2029 4366 !
2059 4312 2197 4379 Quid

617 4413 887 4487 proferam
910 4413 976 4467 dc
1010 4412 1113 4466 hac
1146 4414 1258 4482 ipsa
1287 4419 1444 4465 aetate
1472 4410 1572 4464 sub
1601 4426 1709 4479 qua
1764 4407 2091 4462 infOrmatns
2117 4413 2201 4458 cst

2301 1928 2353 1982 in
2392 1942 2613 1982 cursum
2637 1939 2696 1980 se
2724 1924 2972 1980 hilariter
3007 1921 3299 1991 proripuit.
3334 1918 3432 1975 llis
3473 1929 3525 1973 et
3570 1921 3801 1990 hujusmodi

2298 2016 2539 2072 clemens
2566 2014 2810 2084 pontifex
2864 2012 3191 2082 perpetratis
3249 2010 3399 2065 circa
3446 2009 3605 2078 ipsum
3631 2020 3801 2063 castrum

2300 2108 2681 2163 miraculorum
2721 2107 2910 2177 signis,
2953 2105 3164 2169 maluit,
3196 2104 3385 2168 credo,
3418 2102 3803 2172 cppidauosave-

2301 2202 2523 2256 xatictte
2578 2214 2690 2256 sua:
2737 2198 2954 2253 familiae
3011 2196 3294 2251 blanditiis
3350 2208 3671 2264 compescere
3694 2209 3801 2262 quam

2300 2294 2461 2349 minis
2517 2304 2741 2348 terrere.
2776 2290 2883 2346 Sed
2924 2290 3053 2360 quia
3081 2290 3197 2344 haec
3230 2303 3331 2359 pro
3386 2285 3663 2357 capacitate
3707 2285 3803 2352 iuge-

2299 2388 2428 2443 nioli
2468 2387 2637 2441 nostri
2666 2382 3121 2451 taxavimus,jam
3172 2382 3239 2436 ad
3270 2398 3337 2435 ea
3367 2396 3487 2450 qua:
3514 2387 3707 2442 restant,
3727 2380 3803 2431 luce

2298 2478 2500 2535 clarius
2525 2477 2770 2542 nitentia,
2794 2475 3063 2529 calamum
3095 2471 3507 2534 transferamus,
3530 2468 3633 2536 ejus
3661 2469 3712 2521 ad
3730 2470 3804 2521 hac

2280 2571 2563 2642 :explenda
2613 2569 2928 2623 invocantes
2978 2566 3346 2636 patrocinium
3414 2563 3561 2631 cujus
3600 2562 3803 2615 credimus

2300 2662 2509 2717 meritis
2532 2659 2773 2731 reputari
2806 2667 2952 2712 tanta
2977 2655 3204 2725 insignia
3232 2662 3528 2725 gestorum.

2926 2749 3152 2805 CAPUT
3189 2748 3252 2802 ll.

2303 2846 2574 2903 Miracula
2611 2844 2885 2911 Lattdum',
2916 2841 3141 2909 Calm‘ct‘,
3170 2840 3420 2894 Noviomi
3443 2850 3489 2893 et
3521 2837 3666 2891 Duaci
3691 2839 3803 2905 facta.

2376 2940 2429 2994 8.
2475 2938 2628 3009 (Cap.
2655 2937 2733 3006 6.)
2776 2936 3001 2991 Postera
3030 2936 3271 3004 denique
3295 2949 3491 2989 aurora
3517 2932 3657 2984 finem
3677 2933 3805 2987 dante.

2300 3044 2538 3090 montem
2567 3031 2833 3085 Laudunii
2862 3031 2978 3100 (I5)
3008 3028 3370 3096 accessimus,
3407 3026 3661 3095 ipsumque
3677 3026 3805 3076 statim

2301 3124 2739 3186 conscendimus,
2768 3129 2931 3189 atque
2954 3120 3024 3174 ibi
3052 3120 3119 3173 ab
3150 3119 3409 3188 episcopo
3450 3114 3805 3185 Elettandomt.

2303 3218 2662 3284 universcquc
2690 3212 2933 3280 ejusdem
2993 3210 3094 3264 loci
3144 3210 3292 3264 clere
3319 3225 3440 3263 cum
3491 3192 3805 3276 ingentiveuc-

2304 3310 2515 3364 ratione
2543 3306 2744 3377 recepti
2782 3320 2848 3359 eo
2891 3302 2975 3357 die
3028 3302 3357 3371 quievimus.
3389 3299 3585 3353 Interea
3627 3296 3692 3349 sol
3726 3310 3807 3345 ter-

2301 3400 2552 3472 gchatad
2579 3414 2860 3459 occasum,
2907 3405 2961 3450 et
2988 3408 3117 3448 ecce
3165 3393 3451 3462 quemdam
3490 3388 3645 3444 insani
3669 3386 3809 3454 capitis

2302 3494 2626 3557 adducunt,
2675 3488 2905 3543 manicis
2954 3484 3267 3555 pedicisque
3318 3484 3554 3551 ligatum.
3599 3478 3697 3531 Nox
3737 3480 3810 3529 nat

2304 3584 2543 3644 Oceano,
2599 3597 2719 3633 cum
2764 3578 2979 3632 interim
3031 3574 3412 3645 pretiosissimi
3457 3572 3589 3625 illius
3632 3568 3806 3621 thesauri

2306 3677 2518 3730 thecam
2568 3668 3041 3726 circun‘tvallantes
3087 3666 3243 3734 pueri
3281 3664 3608 3731 innuptaeque
3657 3656 3808 3726 puella,

2297 3766 2522 3835 juvenes
2549 3777 2669 3816 cum
2707 3759 3034 3821 senioribus,
3092 3753 3361 3822 incipiunt
3391 3752 3569 3805 devote
3593 3745 3808 3801 excubias,

2302 3832 2425 3909 cum
2455 3853 2660 3907 facibus
2691 3859 2746 3905 et
2786 3847 2997 3920 lychnis
3042 3842 3384 3898 ardentibus.
3428 3838 3566 3892 Nunc
3594 3848 3706 3887 vero
3733 3832 3808 3900 jam

2304 3968 2409 4008 nox
2435 3950 2670 4005 medium
2701 3948 2889 4003 orbem
2923 3944 3162 4009 tenebat,
3207 3939 3602 4005 suadebantque
3624 3929 3811 3986 cadentia

2309 4045 2489 4099 sidera
2523 4053 2764 4102 somnos,
2789 4052 2910 4091 cmn
2937 4034 3022 4088 ille
3048 4034 3113 4087 de
3144 4039 3371 4100 repente
3405 4027 3583 4096 jacens
3602 4022 3690 4077 sub
3712 4020 3809 4071 fere-

2305 4145 2389 4189 tro
2418 4135 2470 4188 in
2509 4135 2623 4188 haec
2645 4129 2808 4185 verba
2843 4123 3087 4196 prorupit
3112 4140 3124 4173 :
3150 4140 3169 4171 ι
3200 4121 3310 4175 Cur
3331 4133 3478 4172 meos
3505 4116 3708 4169 lacertos
3738 4112 3813 4162 tm

2304 4227 2607 4296 astringant
2642 4219 2921 4292 ligamina,
2958 4224 3051 4269 aut
3093 4213 3316 4268 ubinam
3370 4208 3596 4277 dcjectus
3636 4204 3812 4274 jaceam.

2305 4332 2487 4387 posco,
2514 4308 2885 4384 pandatis,qui
2903 4303 3323 4362 circnmastatis.
3347 4320 3366 4352 ι
3398 4300 3541 4353 Tunc
3565 4297 3632 4349 illi
3654 4304 3815 4361 stupore

2306 4382 2543 4471 attoniti,
2576 4403 2681 4456 rati
2718 4416 2841 4455 eum
2876 4398 3131 4456 erratica,
3181 4404 3237 4446 ut
3264 4403 3414 4456 ante,
3438 4388 3587 4443 verba
3608 4382 3811 4454 proferre,

576 4490 579 4491 ν
615 4506 914 4562 sermone?
964 4504 1215 4560 Christus
1248 4513 1518 4557 mortuum
1550 4503 1602 4556 in
1637 4501 1875 4571 peccatis
1904 4499 2197 4562 hominem,
2235 4526 2279 4579 Ι)
2311 4513 2488 4554 tamen
2517 4512 2637 4566 qua:
2688 4490 3067 4549 sciscitabatur
3101 4486 3398 4541 edocentes
3429 4498 3443 4535 :
3479 4501 3495 4532 ι
3527 4480 3598 4534 0h
3630 4473 3811 4579 nimiae.

618 4607 784 4667 atque
832 4597 888 4650 in
945 4596 1037 4651 Dei
1095 4595 1342 4649 laudibus
1385 4602 1616 4658 mtttum,
1656 4592 1908 4661 passione
1953 4605 2048 4644 sua
2100 4588 2201 4642 hoc

618 4690 810 4745 eodem
837 4706 951 4744 aevo
981 4690 1101 4743 vita:
1127 4688 1383 4752 restituit,
1430 4687 1482 4739 in
1536 4685 1721 4739 laudes
1748 4684 1958 4738 divinas
1988 4698 2049 4736 os
2088 4679 2204 4749 ejus

620 4783 856 4853 aperuit,
901 4794 956 4837 et
1005 4781 1062 4836 Β.
1102 4780 1383 4835 Amandus
1432 4778 1829 4833 interventione
1877 4792 2030 4831 sacra
2061 4776 2203 4829 hunc

621 4876 885 4932 fatnulum
929 4891 1111 4938 suum,
1164 4873 1253 4942 qui
1311 4887 1527 4942 quoquo
1584 4883 1742 4941 pacto
1786 4869 2204 4940 aequiparandus

620 4980 739 5024 erat
792 4977 1027 5033 mortuo,
1084 4965 1236 5034 quasi
1284 4965 1554 5020 locutione
1607 4963 1917 5024 vivificavit,
1972 4974 2203 5028 eumque

620 5056 810 5109 laudes
849 5053 943 5107 Dei
990 5052 1249 5107 extollere
1308 5051 1457 5111 fecit,
1491 5059 1654 5119 atque
1701 5049 1753 5102 in
1784 5046 2079 5115 gratiarum
2109 5060 2205 5097 ac-

621 5152 798 5204 tiones
824 5148 932 5201 Deo
972 5145 1258 5201 solvendas
1286 5145 1447 5200 verba
1477 5144 1717 5198 formare
1765 5140 1906 5210 apud
1961 5140 2200 5195 divinam

618 5237 962 5294 clementiam
993 5236 1246 5291 obtinuit.

690 5324 744 5377 7.
789 5321 943 5392 (Cap.
973 5321 1052 5392 5.)
1093 5323 1201 5378 Nec
1230 5322 1406 5376 minus
1432 5329 1485 5376 et
1525 5319 1650 5374 illud
1676 5330 1870 5371 censeo
1900 5315 2202 5384 praedican—

619 5422 746 5470 dutn
772 5415 915 5485 quod
952 5415 1004 5469 in
1030 5415 1145 5483 ipso
1193 5413 1377 5468 limine
1417 5421 1695 5482 portarum
1725 5408 1888 5463 castri
1939 5405 2203 5476 praehhati

620 5508 856 5563 vidimus
885 5506 1205 5560 mirabiliter
1225 5515 1459 5575 gestum.
1494 5503 1666 5558 Simul
1700 5512 1933 5568 namque
1987 5508 2043 5551 ιιι
2088 5498 2202 5568 ipsa

616 5605 791 5659 sancti
821 5603 1109 5658 cadaveris
1134 5602 1324 5657 lectica
1359 5602 1577 5671 oblique
1617 5605 1903 5655 tenebatur
1961 5609 2207 5669 transito-

704 5718 833 5785 (15)
906 5718 1277 5783 Latttlmium,
1340 5732 1431 5771 seu
1486 5714 1800 5785 Lugdunum
1862 5712 2142 5771 Clavalum
2180 5755 2193 5780 ,

619 5791 800 5861 (vulgo
828 5788 1019 5857 Leon.)

2308 4591 2580 4659 inquiunt,
2635 4585 2712 4640 tui
2755 4582 2949 4652 capitis
2996 4579 3315 4639 amentiam,
3359 4573 3652 4643 ligaminum
3707 4562 3813 4615 nos}:

2306 4664 2599 4738 obstrictus
2647 4677 2713 4732 ad
2755 4675 3115 4747 patrocinium
3142 4671 3201 4725 S.
3229 4669 3462 4723 Amandi
3516 4664 3741 4718 adductus
3760 4672 3811 4711 es.

2306 4774 2461 4842 cujus
2491 4787 2691 4842 corpus
2728 4772 2779 4823 in
2811 4768 3060 4837 pra-senti
3091 4764 3149 4818 S;
3182 4761 3367 4815 Maria:
3416 4756 3627 4813 ecclesia
3659 4750 3813 4804 noveris

2307 4865 2588 4922 recubare.
2650 4861 2777 4923 Deo,
2835 4858 3028 4924 inquit,
3078 4853 3284 4925 gratias
3335 4865 3534 4906 mecum
3582 4844 3815 4898 habetote,

2309 4962 2389 5015 vis
2427 4957 2681 5013 immanis
2741 4951 3011 5008 abscessit
3064 4947 3356 5002 dementiae
3388 4961 3403 5008 ;
3446 4939 3711 4995 abscedant
3738 4930 3811 4995 jam

2310 5066 2453 5103 nunc
2478 5064 2577 5104 oro
2600 5055 2825 5100 catenae.
2851 5063 2868 5095 ι
2906 5040 3007 5108 Qui
3048 5038 3207 5093 simul
3240 5053 3304 5090 ac.
3335 5037 3401 5088 ab
3429 5030 3563 5088 omni
3604 5042 3722 5079 nexu
3752 5023 3815 5069 in»-

2312 5138 2492 5193 munis
2515 5135 2689 5189 factus
2718 5142 2817 5193 est,
2852 5130 3176 5199 consignatis
3203 5141 3260 5179 se
3306 5126 3358 5179 in
3385 5119 3647 5192 signaculo
3671 5122 3815 5166 sancte

2309 5230 2510 5295 crucis,
2540 5229 2584 5282 si
2608 5228 2774 5296 quod,
2801 5222 3014 5279 dial-clo
3039 5220 3353 5289 instigante,
3380 5216 3589 5270 verbum
3621 5214 3811 5265 adversa

2311 5323 2434 5381 ﬁdei
2461 5322 2777 5391 puritatem,
2830 5321 2881 5372 in
2910 5315 3025 5384 ipso
3054 5329 3243 5367 errore
3289 5312 3513 5369 fuderat,
3545 5316 3711 5376 pectus
3730 5315 3811 5351 cur
3846 5358 3847 5369 ξ

2312 5419 2564 5482 tnndens,
2594 5430 2744 5469 reum
2789 5427 2848 5466 se
2876 5407 3152 5479 professus
3177 5413 3280 5457 est.
3310 5403 3434 5456 lude
3482 5412 3681 5452 servum
3703 5409 3747 5445 sc
3778 5400 3809 5435 δ.

2307 5510 2554 5564 Amando
2606 5504 2847 5567 tradidit,
2899 5501 3053 5570 cujus
3096 5498 3348 5567 precibus
3392 5507 3493 5547 sua:
3554 5486 3726 5541 mentis
3757 5498 3811 5530 (ςδ-

2311 5602 2491 5656 lumen
2543 5598 2911 5653 indesinenter
2962 5591 3264 5661 reputabat.
3307 5585 3370 5638 Et
3423 5580 3608 5635 merito
3648 5574 3741 5644 ejus
3776 5582 3807 5622 ξε

2383 5712 2496 5781 lli)
2540 5706 3002 5781 Elenandi‘hujus
3031 5701 3268 5781 episccpi
3301 5695 3497 5754 mentio
3545 5691 3605 5747 ﬁt
3630 5691 3677 5744 iu
3700 5683 3791 5740 min

2313 5785 2446 5841 culis
2469 5777 2525 5840 S.
2552 5781 2772 5839 lluLet'ti
2796 5779 2829 5834 5
2856 5777 3112 5833 Novemb.
