  <div class='ocr_page' id='page_1' title='image "/cluster/home/n/w/nwhite01/storage/ocr_20150623/150/hvd.32044015473788/724.png"; bbox 0 0 3836 6320; ppageno 0'>
   <div class='ocr_carea' id='block_1_1' title="bbox 56 291 179 347">
    <p class='ocr_par' dir='ltr' id='par_1_1' title="bbox 56 291 179 347">
     <span class='ocr_line' id='line_1_1' title="bbox 56 291 179 347; baseline 0.016 -2"><span class='ocrx_word' id='word_1_1' title='bbox 56 291 179 347; x_wconf 63' lang='grc' dir='ltr'><strong>ιιιὶ</strong></span> 
     </span>
    </p>
   </div>
   <div class='ocr_carea' id='block_1_2' title="bbox 52 494 1629 568">
    <p class='ocr_par' dir='ltr' id='par_1_2' title="bbox 52 494 1629 568">
     <span class='ocr_line' id='line_1_2' title="bbox 52 494 1629 568; baseline -0.001 -16"><span class='ocrx_word' id='word_1_2' title='bbox 52 501 305 567; x_wconf 89' lang='lat' dir='ltr'><strong>impotem</strong></span> <span class='ocrx_word' id='word_1_3' title='bbox 335 510 364 549; x_wconf 89' lang='lat' dir='ltr'><strong>a</strong></span> <span class='ocrx_word' id='word_1_4' title='bbox 403 495 530 549; x_wconf 68' lang='lat' dir='ltr'><strong>sarvi</strong></span> <span class='ocrx_word' id='word_1_5' title='bbox 563 494 784 549; x_wconf 90' lang='lat' dir='ltr'><strong>tortoris</strong></span> <span class='ocrx_word' id='word_1_6' title='bbox 835 504 1059 549; x_wconf 92' lang='lat' dir='ltr'><strong>noverat</strong></span> <span class='ocrx_word' id='word_1_7' title='bbox 1087 494 1425 550; x_wconf 73' lang='lat' dir='ltr'><strong>eliminatum</strong></span> <span class='ocrx_word' id='word_1_8' title='bbox 1473 510 1629 568; x_wconf 80' lang='lat' dir='ltr'><strong>erga-</strong></span> 
     </span>
    </p>
   </div>
   <div class='ocr_carea' id='block_1_3' title="bbox 51 590 204 648">
    <p class='ocr_par' dir='ltr' id='par_1_3' title="bbox 51 590 204 648">
     <span class='ocr_line' id='line_1_3' title="bbox 51 590 204 648; baseline -0.026 0"><span class='ocrx_word' id='word_1_9' title='bbox 51 590 204 648; x_wconf 88' lang='lat' dir='ltr'><strong>stulo.</strong></span> 
     </span>
    </p>
   </div>
   <div class='ocr_carea' id='block_1_4' title="bbox 116 676 1628 751">
    <p class='ocr_par' dir='ltr' id='par_1_4' title="bbox 116 676 1628 751">
     <span class='ocr_line' id='line_1_4' title="bbox 116 676 1628 751; baseline 0.001 -17"><span class='ocrx_word' id='word_1_10' title='bbox 116 682 165 734; x_wconf 90' lang='lat'><strong>9.</strong></span> <span class='ocrx_word' id='word_1_11' title='bbox 205 680 357 751; x_wconf 91' lang='lat' dir='ltr'><strong>(Cap.</strong></span> <span class='ocrx_word' id='word_1_12' title='bbox 395 676 471 747; x_wconf 84' lang='lat'><strong>7.)</strong></span> <span class='ocrx_word' id='word_1_13' title='bbox 511 678 603 731; x_wconf 84' lang='lat' dir='ltr'><strong>Illa</strong></span> <span class='ocrx_word' id='word_1_14' title='bbox 635 693 850 749; x_wconf 91' lang='lat' dir='ltr'><strong>quoque</strong></span> <span class='ocrx_word' id='word_1_15' title='bbox 876 692 983 732; x_wconf 88' lang='lat' dir='ltr'><strong>non</strong></span> <span class='ocrx_word' id='word_1_16' title='bbox 1010 689 1138 735; x_wconf 91' lang='lat' dir='ltr'><strong>sunt</strong></span> <span class='ocrx_word' id='word_1_17' title='bbox 1160 680 1374 736; x_wconf 88' lang='lat' dir='ltr'><strong>silentio</strong></span> <span class='ocrx_word' id='word_1_18' title='bbox 1403 689 1628 749; x_wconf 68' lang='lat' dir='ltr'><strong>prteter-</strong></span> 
     </span>
    </p>
   </div>
   <div class='ocr_carea' id='block_1_5' title="bbox 50 772 1623 841">
    <p class='ocr_par' dir='ltr' id='par_1_5' title="bbox 50 772 1623 841">
     <span class='ocr_line' id='line_1_5' title="bbox 50 772 1623 841; baseline 0.001 -13"><span class='ocrx_word' id='word_1_19' title='bbox 50 773 213 829; x_wconf 85' lang='lat' dir='ltr'><strong>eunda</strong></span> <span class='ocrx_word' id='word_1_20' title='bbox 243 788 364 841; x_wconf 72' lang='lat' dir='ltr'><strong>qua:</strong></span> <span class='ocrx_word' id='word_1_21' title='bbox 423 772 508 825; x_wconf 88' lang='lat' dir='ltr'><strong>die</strong></span> <span class='ocrx_word' id='word_1_22' title='bbox 545 772 823 828; x_wconf 88' lang='lat' dir='ltr'><strong>Dominica</strong></span> <span class='ocrx_word' id='word_1_23' title='bbox 872 774 996 829; x_wconf 89' lang='lat' dir='ltr'><strong>inde</strong></span> <span class='ocrx_word' id='word_1_24' title='bbox 1027 775 1182 828; x_wconf 87' lang='lat' dir='ltr'><strong>nobis</strong></span> <span class='ocrx_word' id='word_1_25' title='bbox 1239 775 1623 839; x_wconf 80' lang='lat' dir='ltr'><strong>remeantibus,</strong></span> 
     </span>
    </p>
   </div>
   <div class='ocr_carea' id='block_1_6' title="bbox 53 865 1625 935">
    <p class='ocr_par' dir='ltr' id='par_1_6' title="bbox 53 865 1625 935">
     <span class='ocr_line' id='line_1_6' title="bbox 53 865 1625 935; baseline 0 -14"><span class='ocrx_word' id='word_1_26' title='bbox 53 868 312 922; x_wconf 83' lang='lat' dir='ltr'><strong>habentur</strong></span> <span class='ocrx_word' id='word_1_27' title='bbox 332 880 492 933; x_wconf 86' lang='lat' dir='ltr'><strong>supra</strong></span> <span class='ocrx_word' id='word_1_28' title='bbox 522 865 696 935; x_wconf 91' lang='lat' dir='ltr'><strong>ipsum</strong></span> <span class='ocrx_word' id='word_1_29' title='bbox 747 875 981 921; x_wconf 91' lang='lat' dir='ltr'><strong>montem</strong></span> <span class='ocrx_word' id='word_1_30' title='bbox 1012 867 1223 922; x_wconf 91' lang='lat' dir='ltr'><strong>cunctis</strong></span> <span class='ocrx_word' id='word_1_31' title='bbox 1274 867 1625 921; x_wconf 84' lang='lat' dir='ltr'><strong>cernentibus</strong></span> 
     </span>
    </p>
   </div>
   <div class='ocr_carea' id='block_1_7' title="bbox 50 955 1625 1028">
    <p class='ocr_par' dir='ltr' id='par_1_7' title="bbox 50 955 1625 1028">
     <span class='ocr_line' id='line_1_7' title="bbox 50 955 1625 1028; baseline 0.002 -18"><span class='ocrx_word' id='word_1_32' title='bbox 50 965 210 1028; x_wconf 83' lang='lat' dir='ltr'><strong>gesta.</strong></span> <span class='ocrx_word' id='word_1_33' title='bbox 244 958 380 1009; x_wconf 86' lang='lat' dir='ltr'><strong>Dum</strong></span> <span class='ocrx_word' id='word_1_34' title='bbox 422 955 606 1026; x_wconf 91' lang='lat' dir='ltr'><strong>itaque</strong></span> <span class='ocrx_word' id='word_1_35' title='bbox 636 966 823 1025; x_wconf 84' lang='lat' dir='ltr'><strong>portas</strong></span> <span class='ocrx_word' id='word_1_36' title='bbox 854 958 1003 1013; x_wconf 88' lang='lat' dir='ltr'><strong>urbis</strong></span> <span class='ocrx_word' id='word_1_37' title='bbox 1029 958 1080 1011; x_wconf 92' lang='lat' dir='ltr'><strong>in</strong></span> <span class='ocrx_word' id='word_1_38' title='bbox 1115 957 1405 1026; x_wconf 89' lang='lat' dir='ltr'><strong>supercilio</strong></span> <span class='ocrx_word' id='word_1_39' title='bbox 1428 959 1625 1013; x_wconf 87' lang='lat' dir='ltr'><strong>montis</strong></span> 
     </span>
    </p>
   </div>
   <div class='ocr_carea' id='block_1_8' title="bbox 50 1046 1623 1119">
    <p class='ocr_par' dir='ltr' id='par_1_8' title="bbox 50 1046 1623 1119">
     <span class='ocr_line' id='line_1_8' title="bbox 50 1046 1623 1119; baseline 0.003 -20"><span class='ocrx_word' id='word_1_40' title='bbox 50 1046 263 1115; x_wconf 80' lang='lat' dir='ltr'><strong>positas,</strong></span> <span class='ocrx_word' id='word_1_41' title='bbox 297 1062 420 1098; x_wconf 87' lang='lat' dir='ltr'><strong>cum</strong></span> <span class='ocrx_word' id='word_1_42' title='bbox 454 1046 659 1113; x_wconf 72' lang='lat' dir='ltr'><strong>ingenti</strong></span> <span class='ocrx_word' id='word_1_43' title='bbox 698 1047 922 1101; x_wconf 89' lang='lat' dir='ltr'><strong>cohorte</strong></span> <span class='ocrx_word' id='word_1_44' title='bbox 945 1048 1237 1117; x_wconf 84' lang='lat' dir='ltr'><strong>promiscui</strong></span> <span class='ocrx_word' id='word_1_45' title='bbox 1271 1063 1456 1112; x_wconf 71' lang='lat' dir='ltr'><strong>sexus,</strong></span> <span class='ocrx_word' id='word_1_46' title='bbox 1508 1049 1623 1119; x_wconf 92' lang='lat' dir='ltr'><strong>ipso</strong></span> 
     </span>
    </p>
   </div>
   <div class='ocr_carea' id='block_1_9' title="bbox 52 1136 1620 1211">
    <p class='ocr_par' dir='ltr' id='par_1_9' title="bbox 52 1136 1620 1211">
     <span class='ocr_line' id='line_1_9' title="bbox 52 1136 1620 1211; baseline 0.004 -22"><span class='ocrx_word' id='word_1_47' title='bbox 52 1138 253 1191; x_wconf 76' lang='lat' dir='ltr'><strong>fervore</strong></span> <span class='ocrx_word' id='word_1_48' title='bbox 284 1136 532 1191; x_wconf 89' lang='lat' dir='ltr'><strong>meridiei</strong></span> <span class='ocrx_word' id='word_1_49' title='bbox 568 1148 692 1207; x_wconf 89' lang='lat' dir='ltr'><strong>post</strong></span> <span class='ocrx_word' id='word_1_50' title='bbox 720 1138 1061 1201; x_wconf 88' lang='lat' dir='ltr'><strong>haberemus,</strong></span> <span class='ocrx_word' id='word_1_51' title='bbox 1102 1155 1229 1195; x_wconf 91' lang='lat' dir='ltr'><strong>ecce</strong></span> <span class='ocrx_word' id='word_1_52' title='bbox 1278 1140 1472 1195; x_wconf 90' lang='lat' dir='ltr'><strong>mulier</strong></span> <span class='ocrx_word' id='word_1_53' title='bbox 1494 1156 1620 1211; x_wconf 80' lang='lat' dir='ltr'><strong>per—</strong></span> 
     </span>
    </p>
   </div>
   <div class='ocr_carea' id='block_1_10' title="bbox 50 1229 1618 1300">
    <p class='ocr_par' dir='ltr' id='par_1_10' title="bbox 50 1229 1618 1300">
     <span class='ocr_line' id='line_1_10' title="bbox 50 1229 1618 1300; baseline 0.003 -17"><span class='ocrx_word' id='word_1_54' title='bbox 50 1231 207 1300; x_wconf 82' lang='lat' dir='ltr'><strong>plexis</strong></span> <span class='ocrx_word' id='word_1_55' title='bbox 264 1229 432 1293; x_wconf 90' lang='lat' dir='ltr'><strong>tihiis,</strong></span> <span class='ocrx_word' id='word_1_56' title='bbox 485 1244 707 1300; x_wconf 88' lang='lat' dir='ltr'><strong>serpens</strong></span> <span class='ocrx_word' id='word_1_57' title='bbox 760 1232 1030 1294; x_wconf 86' lang='lat' dir='ltr'><strong>manibus,</strong></span> <span class='ocrx_word' id='word_1_58' title='bbox 1060 1232 1209 1287; x_wconf 92' lang='lat' dir='ltr'><strong>vultu</strong></span> <span class='ocrx_word' id='word_1_59' title='bbox 1244 1242 1399 1287; x_wconf 78' lang='lat' dir='ltr'><strong>terrae</strong></span> <span class='ocrx_word' id='word_1_60' title='bbox 1428 1234 1618 1299; x_wconf 79' lang='lat' dir='ltr'><strong>infixo,</strong></span> 
     </span>
    </p>
   </div>
   <div class='ocr_carea' id='block_1_11' title="bbox 48 1321 1620 1394">
    <p class='ocr_par' dir='ltr' id='par_1_11' title="bbox 48 1321 1620 1394">
     <span class='ocr_line' id='line_1_11' title="bbox 48 1321 1620 1394; baseline 0.003 -20"><span class='ocrx_word' id='word_1_61' title='bbox 48 1322 285 1383; x_wconf 83' lang='lat' dir='ltr'><strong>accessit,</strong></span> <span class='ocrx_word' id='word_1_62' title='bbox 319 1321 635 1390; x_wconf 85' lang='lat' dir='ltr'><strong>cunctisque</strong></span> <span class='ocrx_word' id='word_1_63' title='bbox 683 1321 826 1376; x_wconf 88' lang='lat' dir='ltr'><strong>viam</strong></span> <span class='ocrx_word' id='word_1_64' title='bbox 859 1324 1217 1391; x_wconf 85' lang='lat' dir='ltr'><strong>pandentibus</strong></span> <span class='ocrx_word' id='word_1_65' title='bbox 1259 1323 1458 1379; x_wconf 85' lang='lat' dir='ltr'><strong>feretro</strong></span> <span class='ocrx_word' id='word_1_66' title='bbox 1489 1339 1620 1394; x_wconf 89' lang='lat' dir='ltr'><strong>pro-</strong></span> 
     </span>
    </p>
   </div>
   <div class='ocr_carea' id='block_1_12' title="bbox 49 1411 1617 1485">
    <p class='ocr_par' dir='ltr' id='par_1_12' title="bbox 49 1411 1617 1485">
     <span class='ocr_line' id='line_1_12' title="bbox 49 1411 1617 1485; baseline 0.005 -22"><span class='ocrx_word' id='word_1_67' title='bbox 49 1412 335 1481; x_wconf 83' lang='lat' dir='ltr'><strong>pinquavit.</strong></span> <span class='ocrx_word' id='word_1_68' title='bbox 378 1411 483 1465; x_wconf 79' lang='lat' dir='ltr'><strong>Res</strong></span> <span class='ocrx_word' id='word_1_69' title='bbox 534 1413 671 1467; x_wconf 85' lang='lat' dir='ltr'><strong>mira</strong></span> <span class='ocrx_word' id='word_1_70' title='bbox 730 1422 783 1467; x_wconf 89' lang='lat' dir='ltr'><strong>et</strong></span> <span class='ocrx_word' id='word_1_71' title='bbox 834 1415 1123 1468; x_wconf 83' lang='lat' dir='ltr'><strong>admodum</strong></span> <span class='ocrx_word' id='word_1_72' title='bbox 1168 1416 1476 1485; x_wconf 89' lang='lat' dir='ltr'><strong>stupenda!</strong></span> <span class='ocrx_word' id='word_1_73' title='bbox 1516 1416 1617 1471; x_wconf 86' lang='lat' dir='ltr'><strong>Ubi</strong></span> 
     </span>
    </p>
   </div>
   <div class='ocr_carea' id='block_1_13' title="bbox 47 1499 1616 1574">
    <p class='ocr_par' dir='ltr' id='par_1_13' title="bbox 47 1499 1616 1574">
     <span class='ocr_line' id='line_1_13' title="bbox 47 1499 1616 1574; baseline 0.003 -20"><span class='ocrx_word' id='word_1_74' title='bbox 47 1515 97 1554; x_wconf 87' lang='lat' dir='ltr'><strong>se</strong></span> <span class='ocrx_word' id='word_1_75' title='bbox 135 1499 331 1568; x_wconf 87' lang='lat' dir='ltr'><strong>bajulis</strong></span> <span class='ocrx_word' id='word_1_76' title='bbox 378 1500 694 1565; x_wconf 86' lang='lat' dir='ltr'><strong>immiscuit,</strong></span> <span class='ocrx_word' id='word_1_77' title='bbox 739 1501 991 1557; x_wconf 84' lang='lat' dir='ltr'><strong>resolutis</strong></span> <span class='ocrx_word' id='word_1_78' title='bbox 1042 1505 1225 1557; x_wconf 87' lang='lat' dir='ltr'><strong>nervis</strong></span> <span class='ocrx_word' id='word_1_79' title='bbox 1276 1518 1333 1557; x_wconf 90' lang='lat' dir='ltr'><strong>se</strong></span> <span class='ocrx_word' id='word_1_80' title='bbox 1377 1502 1616 1574; x_wconf 77' lang='lat' dir='ltr'><strong>erigens,</strong></span> 
     </span>
    </p>
   </div>
   <div class='ocr_carea' id='block_1_14' title="bbox 49 1590 1619 1659">
    <p class='ocr_par' dir='ltr' id='par_1_14' title="bbox 49 1590 1619 1659">
     <span class='ocr_line' id='line_1_14' title="bbox 49 1590 1619 1659; baseline 0.004 -17"><span class='ocrx_word' id='word_1_81' title='bbox 49 1590 208 1659; x_wconf 89' lang='lat' dir='ltr'><strong>ipsum</strong></span> <span class='ocrx_word' id='word_1_82' title='bbox 240 1590 625 1658; x_wconf 89' lang='lat' dir='ltr'><strong>gestatorium,</strong></span> <span class='ocrx_word' id='word_1_83' title='bbox 650 1591 897 1647; x_wconf 86' lang='lat' dir='ltr'><strong>mirabile</strong></span> <span class='ocrx_word' id='word_1_84' title='bbox 930 1593 1074 1649; x_wconf 90' lang='lat' dir='ltr'><strong>dictu</strong></span> <span class='ocrx_word' id='word_1_85' title='bbox 1104 1596 1118 1647; x_wconf 87' lang='lat'><strong>!</strong></span> <span class='ocrx_word' id='word_1_86' title='bbox 1145 1603 1465 1651; x_wconf 85' lang='lat' dir='ltr'><strong>constanter</strong></span> <span class='ocrx_word' id='word_1_87' title='bbox 1487 1596 1619 1651; x_wconf 89' lang='lat' dir='ltr'><strong>arri-</strong></span> 
     </span>
    </p>
   </div>
   <div class='ocr_carea' id='block_1_15' title="bbox 46 1679 1618 1755">
    <p class='ocr_par' dir='ltr' id='par_1_15' title="bbox 46 1679 1618 1755">
     <span class='ocr_line' id='line_1_15' title="bbox 46 1679 1618 1755; baseline 0.005 -23"><span class='ocrx_word' id='word_1_88' title='bbox 46 1681 164 1751; x_wconf 91' lang='lat' dir='ltr'><strong>puit.</strong></span> <span class='ocrx_word' id='word_1_89' title='bbox 198 1679 241 1735; x_wconf 94' lang='grc' dir='ltr'><strong>Ο</strong></span> <span class='ocrx_word' id='word_1_90' title='bbox 271 1681 399 1749; x_wconf 90' lang='lat' dir='ltr'><strong>quis</strong></span> <span class='ocrx_word' id='word_1_91' title='bbox 426 1681 675 1737; x_wconf 89' lang='lat' dir='ltr'><strong>fremitus</strong></span> <span class='ocrx_word' id='word_1_92' title='bbox 719 1683 787 1736; x_wconf 90' lang='lat' dir='ltr'><strong>ab</strong></span> <span class='ocrx_word' id='word_1_93' title='bbox 816 1697 912 1738; x_wconf 91' lang='lat' dir='ltr'><strong>ore</strong></span> <span class='ocrx_word' id='word_1_94' title='bbox 949 1684 1086 1754; x_wconf 87' lang='lat' dir='ltr'><strong>vulgi</strong></span> <span class='ocrx_word' id='word_1_95' title='bbox 1115 1686 1421 1749; x_wconf 86' lang='lat' dir='ltr'><strong>resonabat,</strong></span> <span class='ocrx_word' id='word_1_96' title='bbox 1446 1702 1618 1755; x_wconf 90' lang='lat' dir='ltr'><strong>quan-</strong></span> 
     </span>
    </p>
   </div>
   <div class='ocr_carea' id='block_1_16' title="bbox 1126 287 2378 351">
    <p class='ocr_par' dir='ltr' id='par_1_16' title="bbox 1126 287 2378 351">
     <span class='ocr_line' id='line_1_16' title="bbox 1126 287 2378 351; baseline 0.006 -8"><span class='ocrx_word' id='word_1_97' title='bbox 1126 288 1447 345; x_wconf 74' lang='lat' dir='ltr'><strong>HISTORIA</strong></span> <span class='ocrx_word' id='word_1_98' title='bbox 1493 287 1998 345; x_wconf 67' lang='lat' dir='ltr'><strong>MlliALlLLORUM</strong></span> <span class='ocrx_word' id='word_1_99' title='bbox 2033 291 2090 347; x_wconf 90' lang='lat' dir='ltr'><strong>S.</strong></span> <span class='ocrx_word' id='word_1_100' title='bbox 2125 294 2378 351; x_wconf 69' lang='lat' dir='ltr'><strong>AMANDl</strong></span> 
     </span>
    </p>
   </div>
   <div class='ocr_carea' id='block_1_17' title="bbox 54 399 1700 471">
    <p class='ocr_par' dir='ltr' id='par_1_17' title="bbox 54 399 1700 471">
     <span class='ocr_line' id='line_1_17' title="bbox 54 399 1700 471; baseline -0.002 -10"><span class='ocrx_word' id='word_1_101' title='bbox 54 405 285 462; x_wconf 87' lang='lat' dir='ltr'><strong>subdidit</strong></span> <span class='ocrx_word' id='word_1_102' title='bbox 310 402 551 464; x_wconf 85' lang='lat' dir='ltr'><strong>servitio,</strong></span> <span class='ocrx_word' id='word_1_103' title='bbox 595 399 751 470; x_wconf 87' lang='lat' dir='ltr'><strong>cujus</strong></span> <span class='ocrx_word' id='word_1_104' title='bbox 775 400 1033 471; x_wconf 77' lang='lat' dir='ltr'><strong>suﬂ‘ragio</strong></span> <span class='ocrx_word' id='word_1_105' title='bbox 1060 416 1118 457; x_wconf 90' lang='lat' dir='ltr'><strong>se</strong></span> <span class='ocrx_word' id='word_1_106' title='bbox 1158 415 1383 458; x_wconf 88' lang='lat' dir='ltr'><strong>eatenus</strong></span> <span class='ocrx_word' id='word_1_107' title='bbox 1428 414 1625 458; x_wconf 83' lang='lat' dir='ltr'><strong>tthtlllS</strong></span> <span class='ocrx_word' id='word_1_108' title='bbox 1656 408 1700 466; x_wconf 79' lang='grc' dir='ltr'>Λ</span> 
     </span>
    </p>
   </div>
   <div class='ocr_carea' id='block_1_18' title="bbox 3170 298 3307 353">
    <p class='ocr_par' dir='ltr' id='par_1_18' title="bbox 3170 298 3307 353">
     <span class='ocr_line' id='line_1_18' title="bbox 3170 298 3307 353; baseline 0 0"><span class='ocrx_word' id='word_1_109' title='bbox 3170 298 3307 353; x_wconf 64' lang='grc' dir='ltr'><strong>16ιί</strong></span> 
     </span>
    </p>
   </div>
   <div class='ocr_carea' id='block_1_19' title="bbox 1804 404 3301 483">
    <p class='ocr_par' dir='ltr' id='par_1_19' title="bbox 1804 404 3301 483">
     <span class='ocr_line' id='line_1_19' title="bbox 1804 404 3301 483; baseline 0.007 -26"><span class='ocrx_word' id='word_1_110' title='bbox 1804 404 1890 457; x_wconf 74' lang='grc'>12.</span> <span class='ocrx_word' id='word_1_111' title='bbox 1934 404 2090 475; x_wconf 85' lang='lat' dir='ltr'><strong>(Cap.</strong></span> <span class='ocrx_word' id='word_1_112' title='bbox 2118 405 2229 474; x_wconf 82' lang='grc'>10.)</span> <span class='ocrx_word' id='word_1_113' title='bbox 2272 406 2401 461; x_wconf 83' lang='lat' dir='ltr'><strong>inde</strong></span> <span class='ocrx_word' id='word_1_114' title='bbox 2450 415 2634 476; x_wconf 78' lang='lat' dir='ltr'><strong>utrque</strong></span> <span class='ocrx_word' id='word_1_115' title='bbox 2678 423 2798 463; x_wconf 92' lang='lat' dir='ltr'><strong>cum</strong></span> <span class='ocrx_word' id='word_1_116' title='bbox 2852 408 3109 464; x_wconf 87' lang='lat' dir='ltr'><strong>immensa</strong></span> <span class='ocrx_word' id='word_1_117' title='bbox 3161 412 3301 483; x_wconf 79' lang='lat' dir='ltr'><strong>vulgi</strong></span> 
     </span>
    </p>
   </div>
   <div class='ocr_carea' id='block_1_20' title="bbox 1732 496 3304 569">
    <p class='ocr_par' dir='ltr' id='par_1_20' title="bbox 1732 496 3304 569">
     <span class='ocr_line' id='line_1_20' title="bbox 1732 496 3304 569; baseline 0.004 -18"><span class='ocrx_word' id='word_1_118' title='bbox 1732 496 1930 552; x_wconf 85' lang='lat' dir='ltr'><strong>alacris</strong></span> <span class='ocrx_word' id='word_1_119' title='bbox 1960 512 2209 567; x_wconf 88' lang='lat' dir='ltr'><strong>pressura</strong></span> <span class='ocrx_word' id='word_1_120' title='bbox 2261 498 2643 567; x_wconf 91' lang='lat' dir='ltr'><strong>detorquentes</strong></span> <span class='ocrx_word' id='word_1_121' title='bbox 2668 500 2915 569; x_wconf 86' lang='lat' dir='ltr'><strong>vestigia.</strong></span> <span class='ocrx_word' id='word_1_122' title='bbox 2945 504 3304 569; x_wconf 78' lang='lat' dir='ltr'><strong>processimus</strong></span> 
     </span>
    </p>
   </div>
   <div class='ocr_carea' id='block_1_21' title="bbox 1734 587 3303 665">
    <p class='ocr_par' dir='ltr' id='par_1_21' title="bbox 1734 587 3303 665">
     <span class='ocr_line' id='line_1_21' title="bbox 1734 587 3303 665; baseline 0.004 -24"><span class='ocrx_word' id='word_1_123' title='bbox 1734 588 2018 642; x_wconf 79' lang='lat' dir='ltr'><strong>tendentes</strong></span> <span class='ocrx_word' id='word_1_124' title='bbox 2040 603 2231 642; x_wconf 87' lang='lat' dir='ltr'><strong>versus</strong></span> <span class='ocrx_word' id='word_1_125' title='bbox 2261 587 2507 642; x_wconf 88' lang='lat' dir='ltr'><strong>Noviomi</strong></span> <span class='ocrx_word' id='word_1_126' title='bbox 2538 590 2756 644; x_wconf 61' lang='lat' dir='ltr'><strong>muenia.</strong></span> <span class='ocrx_word' id='word_1_127' title='bbox 2786 590 2904 645; x_wconf 88' lang='lat' dir='ltr'><strong>Jam</strong></span> <span class='ocrx_word' id='word_1_128' title='bbox 2952 608 3167 647; x_wconf 91' lang='lat' dir='ltr'><strong>currum</strong></span> <span class='ocrx_word' id='word_1_129' title='bbox 3189 593 3303 665; x_wconf 79' lang='grc'><strong>(15)</strong></span> 
     </span>
    </p>
   </div>
   <div class='ocr_carea' id='block_1_22' title="bbox 1730 677 3308 749">
    <p class='ocr_par' dir='ltr' id='par_1_22' title="bbox 1730 677 3308 749">
     <span class='ocr_line' id='line_1_22' title="bbox 1730 677 3308 749; baseline 0.006 -18"><span class='ocrx_word' id='word_1_130' title='bbox 1730 677 2057 749; x_wconf 79' lang='lat' dir='ltr'><strong>immergere</strong></span> <span class='ocrx_word' id='word_1_131' title='bbox 2093 679 2172 733; x_wconf 91' lang='lat' dir='ltr'><strong>sol</strong></span> <span class='ocrx_word' id='word_1_132' title='bbox 2203 679 2419 736; x_wconf 86' lang='lat' dir='ltr'><strong>Oceano</strong></span> <span class='ocrx_word' id='word_1_133' title='bbox 2444 680 2667 748; x_wconf 84' lang='lat' dir='ltr'><strong>parabat</strong></span> <span class='ocrx_word' id='word_1_134' title='bbox 2698 697 2913 747; x_wconf 88' lang='lat' dir='ltr'><strong>aureus,</strong></span> <span class='ocrx_word' id='word_1_135' title='bbox 2942 700 3062 737; x_wconf 91' lang='lat' dir='ltr'><strong>cum</strong></span> <span class='ocrx_word' id='word_1_136' title='bbox 3112 685 3308 740; x_wconf 80' lang='lat' dir='ltr'><strong>castel-</strong></span> 
     </span>
    </p>
   </div>
   <div class='ocr_carea' id='block_1_23' title="bbox 1730 768 3305 841">
    <p class='ocr_par' dir='ltr' id='par_1_23' title="bbox 1730 768 3305 841">
     <span class='ocr_line' id='line_1_23' title="bbox 1730 768 3305 841; baseline 0.006 -20"><span class='ocrx_word' id='word_1_137' title='bbox 1730 768 1919 833; x_wconf 90' lang='lat' dir='ltr'><strong>lulnm,</strong></span> <span class='ocrx_word' id='word_1_138' title='bbox 1950 770 2094 839; x_wconf 91' lang='lat' dir='ltr'><strong>quod</strong></span> <span class='ocrx_word' id='word_1_139' title='bbox 2138 779 2335 826; x_wconf 89' lang='lat' dir='ltr'><strong>vocant</strong></span> <span class='ocrx_word' id='word_1_140' title='bbox 2363 770 2643 825; x_wconf 89' lang='lat' dir='ltr'><strong>Calneium</strong></span> <span class='ocrx_word' id='word_1_141' title='bbox 2670 772 2806 841; x_wconf 86' lang='lat' dir='ltr'><strong>(i6),</strong></span> <span class='ocrx_word' id='word_1_142' title='bbox 2838 773 3171 839; x_wconf 66' lang='lat' dir='ltr'><strong>adtcnimus,</strong></span> <span class='ocrx_word' id='word_1_143' title='bbox 3200 776 3305 831; x_wconf 88' lang='lat' dir='ltr'><strong>ibi-</strong></span> 
     </span>
    </p>
   </div>
   <div class='ocr_carea' id='block_1_24' title="bbox 1728 860 3303 931">
    <p class='ocr_par' dir='ltr' id='par_1_24' title="bbox 1728 860 3303 931">
     <span class='ocr_line' id='line_1_24' title="bbox 1728 860 3303 931; baseline 0.005 -19"><span class='ocrx_word' id='word_1_144' title='bbox 1728 875 1831 929; x_wconf 90' lang='lat' dir='ltr'><strong>que</strong></span> <span class='ocrx_word' id='word_1_145' title='bbox 1850 860 2096 916; x_wconf 87' lang='lat' dir='ltr'><strong>hilariter</strong></span> <span class='ocrx_word' id='word_1_146' title='bbox 2124 862 2359 931; x_wconf 89' lang='lat' dir='ltr'><strong>hospitio</strong></span> <span class='ocrx_word' id='word_1_147' title='bbox 2387 861 2610 929; x_wconf 87' lang='lat' dir='ltr'><strong>recepti,</strong></span> <span class='ocrx_word' id='word_1_148' title='bbox 2660 872 2822 916; x_wconf 89' lang='lat' dir='ltr'><strong>noctu</strong></span> <span class='ocrx_word' id='word_1_149' title='bbox 2851 863 3168 931; x_wconf 75' lang='lat' dir='ltr'><strong>quievimus.</strong></span> <span class='ocrx_word' id='word_1_150' title='bbox 3204 865 3303 921; x_wconf 87' lang='lat' dir='ltr'><strong>Ubi</strong></span> 
     </span>
    </p>
   </div>
   <div class='ocr_carea' id='block_1_25' title="bbox 1728 952 3305 1023">
    <p class='ocr_par' dir='ltr' id='par_1_25' title="bbox 1728 952 3305 1023">
     <span class='ocr_line' id='line_1_25' title="bbox 1728 952 3305 1023; baseline 0.003 -17"><span class='ocrx_word' id='word_1_151' title='bbox 1728 953 1794 1007; x_wconf 90' lang='lat' dir='ltr'><strong>de</strong></span> <span class='ocrx_word' id='word_1_152' title='bbox 1818 966 1978 1007; x_wconf 89' lang='lat' dir='ltr'><strong>mane</strong></span> <span class='ocrx_word' id='word_1_153' title='bbox 2005 961 2125 1022; x_wconf 89' lang='lat' dir='ltr'><strong>post</strong></span> <span class='ocrx_word' id='word_1_154' title='bbox 2150 952 2366 1023; x_wconf 81' lang='lat' dir='ltr'><strong>vigilias</strong></span> <span class='ocrx_word' id='word_1_155' title='bbox 2391 961 2685 1006; x_wconf 89' lang='lat' dir='ltr'><strong>nocturnas</strong></span> <span class='ocrx_word' id='word_1_156' title='bbox 2728 955 3016 1021; x_wconf 83' lang='lat' dir='ltr'><strong>quamdam</strong></span> <span class='ocrx_word' id='word_1_157' title='bbox 3068 956 3305 1011; x_wconf 83' lang='lat' dir='ltr'><strong>vidimus</strong></span> 
     </span>
    </p>
   </div>
   <div class='ocr_carea' id='block_1_26' title="bbox 1726 1040 3302 1115">
    <p class='ocr_par' dir='ltr' id='par_1_26' title="bbox 1726 1040 3302 1115">
     <span class='ocr_line' id='line_1_26' title="bbox 1726 1040 3302 1115; baseline 0.003 -18"><span class='ocrx_word' id='word_1_158' title='bbox 1726 1051 2050 1107; x_wconf 87' lang='lat' dir='ltr'><strong>matronam,</strong></span> <span class='ocrx_word' id='word_1_159' title='bbox 2092 1058 2212 1112; x_wconf 72' lang='lat' dir='ltr'><strong>qum</strong></span> <span class='ocrx_word' id='word_1_160' title='bbox 2242 1044 2294 1097; x_wconf 89' lang='lat' dir='ltr'><strong>in</strong></span> <span class='ocrx_word' id='word_1_161' title='bbox 2335 1044 2545 1113; x_wconf 86' lang='lat' dir='ltr'><strong>gremio</strong></span> <span class='ocrx_word' id='word_1_162' title='bbox 2584 1040 2905 1097; x_wconf 86' lang='lat' dir='ltr'><strong>confovebat</strong></span> <span class='ocrx_word' id='word_1_163' title='bbox 2932 1059 3181 1112; x_wconf 87' lang='lat' dir='ltr'><strong>puerum,</strong></span> <span class='ocrx_word' id='word_1_164' title='bbox 3207 1061 3302 1115; x_wconf 90' lang='lat' dir='ltr'><strong>ge-</strong></span> 
     </span>
    </p>
   </div>
   <div class='ocr_carea' id='block_1_27' title="bbox 1724 1133 3302 1205">
    <p class='ocr_par' dir='ltr' id='par_1_27' title="bbox 1724 1133 3302 1205">
     <span class='ocr_line' id='line_1_27' title="bbox 1724 1133 3302 1205; baseline 0 -15"><span class='ocrx_word' id='word_1_165' title='bbox 1724 1145 1957 1190; x_wconf 88' lang='lat' dir='ltr'><strong>stantem</strong></span> <span class='ocrx_word' id='word_1_166' title='bbox 2016 1137 2220 1205; x_wconf 86' lang='lat' dir='ltr'><strong>absque</strong></span> <span class='ocrx_word' id='word_1_167' title='bbox 2265 1134 2465 1190; x_wconf 91' lang='lat' dir='ltr'><strong>lumine</strong></span> <span class='ocrx_word' id='word_1_168' title='bbox 2499 1136 2825 1201; x_wconf 87' lang='lat' dir='ltr'><strong>lampadem,</strong></span> <span class='ocrx_word' id='word_1_169' title='bbox 2873 1133 3072 1189; x_wconf 90' lang='lat' dir='ltr'><strong>occllos</strong></span> <span class='ocrx_word' id='word_1_170' title='bbox 3098 1135 3219 1188; x_wconf 90' lang='lat' dir='ltr'><strong>dico</strong></span> <span class='ocrx_word' id='word_1_171' title='bbox 3250 1137 3302 1190; x_wconf 89' lang='lat' dir='ltr'><strong>in</strong></span> 
     </span>
    </p>
   </div>
   <div class='ocr_carea' id='block_1_28' title="bbox 1725 1227 3302 1297">
    <p class='ocr_par' dir='ltr' id='par_1_28' title="bbox 1725 1227 3302 1297">
     <span class='ocr_line' id='line_1_28' title="bbox 1725 1227 3302 1297; baseline 0 -16"><span class='ocrx_word' id='word_1_172' title='bbox 1725 1228 1900 1297; x_wconf 90' lang='lat' dir='ltr'><strong>capite</strong></span> <span class='ocrx_word' id='word_1_173' title='bbox 1921 1228 2126 1282; x_wconf 90' lang='lat' dir='ltr'><strong>nullam</strong></span> <span class='ocrx_word' id='word_1_174' title='bbox 2167 1229 2219 1282; x_wconf 92' lang='lat' dir='ltr'><strong>in</strong></span> <span class='ocrx_word' id='word_1_175' title='bbox 2245 1243 2303 1282; x_wconf 90' lang='lat' dir='ltr'><strong>se</strong></span> <span class='ocrx_word' id='word_1_176' title='bbox 2335 1228 2596 1282; x_wconf 86' lang='lat' dir='ltr'><strong>habentes</strong></span> <span class='ocrx_word' id='word_1_177' title='bbox 2626 1228 2923 1282; x_wconf 90' lang='lat' dir='ltr'><strong>lucernam.</strong></span> <span class='ocrx_word' id='word_1_178' title='bbox 2959 1227 3083 1281; x_wconf 71' lang='lat' dir='ltr'><strong>llzec</strong></span> <span class='ocrx_word' id='word_1_179' title='bbox 3120 1228 3302 1295; x_wconf 87' lang='lat' dir='ltr'><strong>itaque</strong></span> 
     </span>
    </p>
   </div>
   <div class='ocr_carea' id='block_1_29' title="bbox 1723 1317 3302 1390">
    <p class='ocr_par' dir='ltr' id='par_1_29' title="bbox 1723 1317 3302 1390">
     <span class='ocr_line' id='line_1_29' title="bbox 1723 1317 3302 1390; baseline -0.001 -16"><span class='ocrx_word' id='word_1_180' title='bbox 1723 1321 1986 1376; x_wconf 88' lang='lat' dir='ltr'><strong>accedens</strong></span> <span class='ocrx_word' id='word_1_181' title='bbox 2013 1320 2204 1390; x_wconf 83' lang='lat' dir='ltr'><strong>incipit</strong></span> <span class='ocrx_word' id='word_1_182' title='bbox 2245 1318 2420 1384; x_wconf 60' lang='lat' dir='ltr'><strong>eﬂiuri,</strong></span> <span class='ocrx_word' id='word_1_183' title='bbox 2480 1319 2765 1390; x_wconf 89' lang='lat' dir='ltr'><strong>mediaque</strong></span> <span class='ocrx_word' id='word_1_184' title='bbox 2814 1319 2868 1372; x_wconf 92' lang='lat' dir='ltr'><strong>in</strong></span> <span class='ocrx_word' id='word_1_185' title='bbox 2915 1333 3048 1373; x_wconf 90' lang='lat' dir='ltr'><strong>voce</strong></span> <span class='ocrx_word' id='word_1_186' title='bbox 3078 1317 3302 1383; x_wconf 83' lang='lat' dir='ltr'><strong>resistit,</strong></span> 
     </span>
    </p>
   </div>
   <div class='ocr_carea' id='block_1_30' title="bbox 1722 1409 3307 1484">
    <p class='ocr_par' dir='ltr' id='par_1_30' title="bbox 1722 1409 3307 1484">
     <span class='ocr_line' id='line_1_30' title="bbox 1722 1409 3307 1484; baseline -0.002 -17"><span class='ocrx_word' id='word_1_187' title='bbox 1722 1412 1958 1484; x_wconf 82' lang='lat' dir='ltr'><strong>singultu</strong></span> <span class='ocrx_word' id='word_1_188' title='bbox 1987 1413 2269 1481; x_wconf 84' lang='lat' dir='ltr'><strong>quatiente</strong></span> <span class='ocrx_word' id='word_1_189' title='bbox 2317 1411 2580 1479; x_wconf 88' lang='lat' dir='ltr'><strong>dolorem,</strong></span> <span class='ocrx_word' id='word_1_190' title='bbox 2624 1412 2936 1482; x_wconf 63' lang='lat' dir='ltr'><strong>esprimens</strong></span> <span class='ocrx_word' id='word_1_191' title='bbox 2969 1426 3075 1481; x_wconf 91' lang='lat' dir='ltr'><strong>quo</strong></span> <span class='ocrx_word' id='word_1_192' title='bbox 3107 1409 3307 1465; x_wconf 78' lang='lat' dir='ltr'><strong>allicie-</strong></span> 
     </span>
    </p>
   </div>
   <div class='ocr_carea' id='block_1_31' title="bbox 1722 1503 3303 1575">
    <p class='ocr_par' dir='ltr' id='par_1_31' title="bbox 1722 1503 3303 1575">
     <span class='ocr_line' id='line_1_31' title="bbox 1722 1503 3303 1575; baseline -0.003 -16"><span class='ocrx_word' id='word_1_193' title='bbox 1722 1505 1884 1559; x_wconf 89' lang='lat' dir='ltr'><strong>batur</strong></span> <span class='ocrx_word' id='word_1_194' title='bbox 1911 1516 2077 1571; x_wconf 91' lang='lat' dir='ltr'><strong>super</strong></span> <span class='ocrx_word' id='word_1_195' title='bbox 2100 1504 2436 1575; x_wconf 86' lang='lat' dir='ltr'><strong>glaucomate</strong></span> <span class='ocrx_word' id='word_1_196' title='bbox 2474 1505 2565 1559; x_wconf 87' lang='lat' dir='ltr'><strong>filii</strong></span> <span class='ocrx_word' id='word_1_197' title='bbox 2584 1522 2611 1558; x_wconf 92' lang='lat' dir='ltr'><strong>a</strong></span> <span class='ocrx_word' id='word_1_198' title='bbox 2638 1505 2920 1559; x_wconf 87' lang='lat' dir='ltr'><strong>nativitate</strong></span> <span class='ocrx_word' id='word_1_199' title='bbox 2948 1503 3303 1558; x_wconf 81' lang='lat' dir='ltr'><strong>caecutientis.</strong></span> 
     </span>
    </p>
   </div>
   <div class='ocr_carea' id='block_1_32' title="bbox 1719 1593 3319 1665">
    <p class='ocr_par' dir='ltr' id='par_1_32' title="bbox 1719 1593 3319 1665">
     <span class='ocr_line' id='line_1_32' title="bbox 1719 1593 3319 1665; baseline -0.003 -13"><span class='ocrx_word' id='word_1_200' title='bbox 1719 1597 1854 1652; x_wconf 92' lang='lat' dir='ltr'><strong>Cum</strong></span> <span class='ocrx_word' id='word_1_201' title='bbox 1911 1599 2034 1662; x_wconf 92' lang='lat' dir='ltr'><strong>hoc,</strong></span> <span class='ocrx_word' id='word_1_202' title='bbox 2089 1596 2283 1665; x_wconf 85' lang='lat' dir='ltr'><strong>inquit,</strong></span> <span class='ocrx_word' id='word_1_203' title='bbox 2312 1612 2479 1665; x_wconf 88' lang='lat' dir='ltr'><strong>puero</strong></span> <span class='ocrx_word' id='word_1_204' title='bbox 2537 1605 2750 1650; x_wconf 90' lang='lat' dir='ltr'><strong>noctem</strong></span> <span class='ocrx_word' id='word_1_205' title='bbox 2797 1595 2938 1649; x_wconf 89' lang='lat' dir='ltr'><strong>hanc</strong></span> <span class='ocrx_word' id='word_1_206' title='bbox 2988 1593 3319 1663; x_wconf 52' lang='lat' dir='ltr'><strong>pervigilem,</strong></span> 
     </span>
    </p>
   </div>
   <div class='ocr_carea' id='block_1_33' title="bbox 1721 1670 3319 1754">
    <p class='ocr_par' dir='ltr' id='par_1_33' title="bbox 1721 1670 3319 1754">
     <span class='ocr_line' id='line_1_33' title="bbox 1721 1670 3319 1754; baseline -0.003 -10"><span class='ocrx_word' id='word_1_207' title='bbox 1721 1690 1870 1754; x_wconf 78' lang='lat' dir='ltr'><strong>duxi,</strong></span> <span class='ocrx_word' id='word_1_208' title='bbox 1896 1690 2170 1745; x_wconf 81' lang='lat' dir='ltr'><strong>excubans</strong></span> <span class='ocrx_word' id='word_1_209' title='bbox 2212 1688 2312 1742; x_wconf 85' lang='lat' dir='ltr'><strong>sub</strong></span> <span class='ocrx_word' id='word_1_210' title='bbox 2348 1687 2561 1742; x_wconf 76' lang='lat' dir='ltr'><strong>feretro</strong></span> <span class='ocrx_word' id='word_1_211' title='bbox 2584 1687 2641 1742; x_wconf 91' lang='lat' dir='ltr'><strong>S.</strong></span> <span class='ocrx_word' id='word_1_212' title='bbox 2670 1686 2922 1740; x_wconf 87' lang='lat' dir='ltr'><strong>Amandi.</strong></span> <span class='ocrx_word' id='word_1_213' title='bbox 2976 1684 3131 1739; x_wconf 82' lang='lat' dir='ltr'><strong>Hunc</strong></span> <span class='ocrx_word' id='word_1_214' title='bbox 3174 1670 3319 1739; x_wconf 83' lang='lat' dir='ltr'><strong>sane</strong></span> 
     </span>
    </p>
   </div>
   <div class='ocr_carea' id='block_1_34' title="bbox 48 1768 3300 1847">
    <p class='ocr_par' dir='ltr' id='par_1_34' title="bbox 48 1768 3300 1847">
     <span class='ocr_line' id='line_1_34' title="bbox 48 1768 3300 1847; baseline 0.002 -24"><span class='ocrx_word' id='word_1_215' title='bbox 48 1782 220 1841; x_wconf 78' lang='lat' dir='ltr'><strong>Iusque</strong></span> <span class='ocrx_word' id='word_1_216' title='bbox 247 1770 435 1839; x_wconf 80' lang='lat' dir='ltr'><strong>fragor</strong></span> <span class='ocrx_word' id='word_1_217' title='bbox 467 1774 882 1837; x_wconf 85' lang='lat' dir='ltr'><strong>monachorum,</strong></span> <span class='ocrx_word' id='word_1_218' title='bbox 910 1774 1232 1828; x_wconf 88' lang='lat' dir='ltr'><strong>clericorum</strong></span> <span class='ocrx_word' id='word_1_219' title='bbox 1261 1786 1423 1845; x_wconf 88' lang='lat' dir='ltr'><strong>atque</strong></span> <span class='ocrx_word' id='word_1_220' title='bbox 1453 1777 1619 1830; x_wconf 88' lang='lat' dir='ltr'><strong>laico-</strong></span> <span class='ocrx_word' id='word_1_221' title='bbox 1651 1768 1693 1826; x_wconf 85' lang='grc' dir='ltr'><strong>Β</strong></span> <span class='ocrx_word' id='word_1_222' title='bbox 1722 1780 1879 1834; x_wconf 83' lang='lat' dir='ltr'><strong>enixa</strong></span> <span class='ocrx_word' id='word_1_223' title='bbox 1913 1796 2030 1833; x_wconf 90' lang='lat' dir='ltr'><strong>sum</strong></span> <span class='ocrx_word' id='word_1_224' title='bbox 2077 1780 2279 1833; x_wconf 90' lang='lat' dir='ltr'><strong>mundo</strong></span> <span class='ocrx_word' id='word_1_225' title='bbox 2322 1778 2527 1847; x_wconf 87' lang='lat' dir='ltr'><strong>absque</strong></span> <span class='ocrx_word' id='word_1_226' title='bbox 2578 1777 2779 1831; x_wconf 89' lang='lat' dir='ltr'><strong>lumine</strong></span> <span class='ocrx_word' id='word_1_227' title='bbox 2835 1776 3096 1839; x_wconf 88' lang='lat' dir='ltr'><strong>naturali,</strong></span> <span class='ocrx_word' id='word_1_228' title='bbox 3139 1784 3194 1830; x_wconf 89' lang='lat' dir='ltr'><strong>et</strong></span> <span class='ocrx_word' id='word_1_229' title='bbox 3233 1775 3300 1828; x_wconf 89' lang='lat' dir='ltr'><strong>ad</strong></span> 
     </span>
    </p>
   </div>
   <div class='ocr_carea' id='block_1_35' title="bbox 48 1864 1619 1924">
    <p class='ocr_par' dir='ltr' id='par_1_35' title="bbox 48 1864 1619 1924">
     <span class='ocr_line' id='line_1_35' title="bbox 48 1864 1619 1924; baseline 0.004 -7"><span class='ocrx_word' id='word_1_230' title='bbox 48 1880 148 1917; x_wconf 90' lang='lat' dir='ltr'><strong>rum</strong></span> <span class='ocrx_word' id='word_1_231' title='bbox 178 1867 228 1917; x_wconf 89' lang='lat' dir='ltr'><strong>in</strong></span> <span class='ocrx_word' id='word_1_232' title='bbox 271 1864 368 1918; x_wconf 90' lang='lat' dir='ltr'><strong>Dei</strong></span> <span class='ocrx_word' id='word_1_233' title='bbox 419 1864 603 1919; x_wconf 85' lang='lat' dir='ltr'><strong>laudes</strong></span> <span class='ocrx_word' id='word_1_234' title='bbox 664 1866 991 1920; x_wconf 84' lang='lat' dir='ltr'><strong>resultabat!</strong></span> <span class='ocrx_word' id='word_1_235' title='bbox 1032 1866 1185 1921; x_wconf 87' lang='lat' dir='ltr'><strong>Tunc</strong></span> <span class='ocrx_word' id='word_1_236' title='bbox 1229 1878 1349 1922; x_wconf 90' lang='lat' dir='ltr'><strong>erat</strong></span> <span class='ocrx_word' id='word_1_237' title='bbox 1394 1884 1619 1924; x_wconf 90' lang='lat' dir='ltr'><strong>cernere</strong></span> 
     </span>
    </p>
   </div>
   <div class='ocr_carea' id='block_1_36' title="bbox 50 1955 1620 2029">
    <p class='ocr_par' dir='ltr' id='par_1_36' title="bbox 50 1955 1620 2029">
     <span class='ocr_line' id='line_1_36' title="bbox 50 1955 1620 2029; baseline 0.004 -22"><span class='ocrx_word' id='word_1_238' title='bbox 50 1955 212 2008; x_wconf 87' lang='lat' dir='ltr'><strong>turbas</strong></span> <span class='ocrx_word' id='word_1_239' title='bbox 243 1955 484 2023; x_wconf 87' lang='lat' dir='ltr'><strong>undique</strong></span> <span class='ocrx_word' id='word_1_240' title='bbox 516 1957 581 2009; x_wconf 89' lang='lat' dir='ltr'><strong>ad</strong></span> <span class='ocrx_word' id='word_1_241' title='bbox 621 1957 722 2011; x_wconf 92' lang='lat' dir='ltr'><strong>hoc</strong></span> <span class='ocrx_word' id='word_1_242' title='bbox 772 1959 982 2029; x_wconf 79' lang='lat' dir='ltr'><strong>insigne</strong></span> <span class='ocrx_word' id='word_1_243' title='bbox 1030 1960 1388 2025; x_wconf 89' lang='lat' dir='ltr'><strong>confluentes,</strong></span> <span class='ocrx_word' id='word_1_244' title='bbox 1416 1961 1467 2014; x_wconf 93' lang='lat' dir='ltr'><strong>in</strong></span> <span class='ocrx_word' id='word_1_245' title='bbox 1501 1970 1620 2014; x_wconf 89' lang='lat' dir='ltr'><strong>tan-</strong></span> 
     </span>
    </p>
   </div>
   <div class='ocr_carea' id='block_1_37' title="bbox 50 2045 1621 2122">
    <p class='ocr_par' dir='ltr' id='par_1_37' title="bbox 50 2045 1621 2122">
     <span class='ocr_line' id='line_1_37' title="bbox 50 2045 1621 2122; baseline 0.005 -23"><span class='ocrx_word' id='word_1_246' title='bbox 50 2057 145 2100; x_wconf 91' lang='lat' dir='ltr'><strong>tum</strong></span> <span class='ocrx_word' id='word_1_247' title='bbox 196 2047 343 2115; x_wconf 88' lang='lat' dir='ltr'><strong>ipsos</strong></span> <span class='ocrx_word' id='word_1_248' title='bbox 394 2045 599 2114; x_wconf 84' lang='lat' dir='ltr'><strong>bajulos</strong></span> <span class='ocrx_word' id='word_1_249' title='bbox 631 2050 799 2118; x_wconf 84' lang='lat' dir='ltr'><strong>gratia</strong></span> <span class='ocrx_word' id='word_1_250' title='bbox 844 2051 1090 2104; x_wconf 78' lang='lat' dir='ltr'><strong>videndae</strong></span> <span class='ocrx_word' id='word_1_251' title='bbox 1147 2051 1391 2106; x_wconf 89' lang='lat' dir='ltr'><strong>mulieris</strong></span> <span class='ocrx_word' id='word_1_252' title='bbox 1437 2053 1621 2122; x_wconf 86' lang='lat' dir='ltr'><strong>oppri-</strong></span> 
     </span>
    </p>
   </div>
   <div class='ocr_carea' id='block_1_38' title="bbox 47 2137 1614 2210">
    <p class='ocr_par' dir='ltr' id='par_1_38' title="bbox 47 2137 1614 2210">
     <span class='ocr_line' id='line_1_38' title="bbox 47 2137 1614 2210; baseline 0.003 -20"><span class='ocrx_word' id='word_1_253' title='bbox 47 2146 236 2191; x_wconf 86' lang='lat' dir='ltr'><strong>mentes</strong></span> <span class='ocrx_word' id='word_1_254' title='bbox 259 2146 317 2191; x_wconf 96' lang='grc' dir='ltr'><strong>ιιι</strong></span> <span class='ocrx_word' id='word_1_255' title='bbox 357 2137 447 2190; x_wconf 81' lang='lat' dir='ltr'><strong>vix</strong></span> <span class='ocrx_word' id='word_1_256' title='bbox 479 2138 744 2207; x_wconf 79' lang='lat' dir='ltr'><strong>quiSpiam</strong></span> <span class='ocrx_word' id='word_1_257' title='bbox 767 2154 954 2194; x_wconf 84' lang='lat' dir='ltr'><strong>eorum</strong></span> <span class='ocrx_word' id='word_1_258' title='bbox 982 2150 1163 2210; x_wconf 89' lang='lat' dir='ltr'><strong>posset</strong></span> <span class='ocrx_word' id='word_1_259' title='bbox 1191 2155 1410 2195; x_wconf 88' lang='lat' dir='ltr'><strong>movere</strong></span> <span class='ocrx_word' id='word_1_260' title='bbox 1428 2142 1614 2210; x_wconf 87' lang='lat' dir='ltr'><strong>pedes.</strong></span> 
     </span>
    </p>
   </div>
   <div class='ocr_carea' id='block_1_39' title="bbox 49 2229 1616 2298">
    <p class='ocr_par' dir='ltr' id='par_1_39' title="bbox 49 2229 1616 2298">
     <span class='ocr_line' id='line_1_39' title="bbox 49 2229 1616 2298; baseline 0.001 -15"><span class='ocrx_word' id='word_1_261' title='bbox 49 2229 318 2283; x_wconf 74' lang='lat' dir='ltr'><strong>Eniuivero</strong></span> <span class='ocrx_word' id='word_1_262' title='bbox 383 2230 613 2298; x_wconf 87' lang='lat' dir='ltr'><strong>sapienti</strong></span> <span class='ocrx_word' id='word_1_263' title='bbox 674 2231 754 2284; x_wconf 91' lang='lat' dir='ltr'><strong>usi</strong></span> <span class='ocrx_word' id='word_1_264' title='bbox 817 2232 1044 2286; x_wconf 89' lang='lat' dir='ltr'><strong>consilio</strong></span> <span class='ocrx_word' id='word_1_265' title='bbox 1096 2231 1324 2287; x_wconf 84' lang='lat' dir='ltr'><strong>fecimus</strong></span> <span class='ocrx_word' id='word_1_266' title='bbox 1372 2242 1616 2287; x_wconf 89' lang='lat' dir='ltr'><strong>sanctum</strong></span> 
     </span>
    </p>
   </div>
   <div class='ocr_carea' id='block_1_40' title="bbox 48 2321 1619 2392">
    <p class='ocr_par' dir='ltr' id='par_1_40' title="bbox 48 2321 1619 2392">
     <span class='ocr_line' id='line_1_40' title="bbox 48 2321 1619 2392; baseline 0.001 -19"><span class='ocrx_word' id='word_1_267' title='bbox 48 2336 226 2390; x_wconf 85' lang='lat' dir='ltr'><strong>corpus</strong></span> <span class='ocrx_word' id='word_1_268' title='bbox 251 2335 352 2388; x_wconf 88' lang='lat' dir='ltr'><strong>per</strong></span> <span class='ocrx_word' id='word_1_269' title='bbox 402 2321 639 2388; x_wconf 88' lang='lat' dir='ltr'><strong>spatium</strong></span> <span class='ocrx_word' id='word_1_270' title='bbox 687 2321 904 2376; x_wconf 87' lang='lat' dir='ltr'><strong>circiter</strong></span> <span class='ocrx_word' id='word_1_271' title='bbox 943 2323 1104 2377; x_wconf 87' lang='lat' dir='ltr'><strong>tritnn</strong></span> <span class='ocrx_word' id='word_1_272' title='bbox 1152 2324 1428 2388; x_wconf 89' lang='lat' dir='ltr'><strong>horarum,</strong></span> <span class='ocrx_word' id='word_1_273' title='bbox 1457 2338 1619 2392; x_wconf 89' lang='lat' dir='ltr'><strong>super</strong></span> 
     </span>
    </p>
   </div>
   <div class='ocr_carea' id='block_1_41' title="bbox 50 2412 1615 2484">
    <p class='ocr_par' dir='ltr' id='par_1_41' title="bbox 50 2412 1615 2484">
     <span class='ocr_line' id='line_1_41' title="bbox 50 2412 1615 2484; baseline 0.003 -21"><span class='ocrx_word' id='word_1_274' title='bbox 50 2412 316 2479; x_wconf 88' lang='lat' dir='ltr'><strong>quamdam</strong></span> <span class='ocrx_word' id='word_1_275' title='bbox 352 2426 538 2481; x_wconf 84' lang='lat' dir='ltr'><strong>rupem</strong></span> <span class='ocrx_word' id='word_1_276' title='bbox 569 2412 624 2466; x_wconf 91' lang='lat' dir='ltr'><strong>in</strong></span> <span class='ocrx_word' id='word_1_277' title='bbox 651 2415 841 2467; x_wconf 81' lang='lat' dir='ltr'><strong>eodem</strong></span> <span class='ocrx_word' id='word_1_278' title='bbox 887 2415 1226 2484; x_wconf 82' lang='lat' dir='ltr'><strong>requiescere</strong></span> <span class='ocrx_word' id='word_1_279' title='bbox 1264 2414 1400 2480; x_wconf 89' lang='lat' dir='ltr'><strong>loco,</strong></span> <span class='ocrx_word' id='word_1_280' title='bbox 1431 2424 1488 2468; x_wconf 92' lang='lat' dir='ltr'><strong>ut</strong></span> <span class='ocrx_word' id='word_1_281' title='bbox 1536 2415 1615 2468; x_wconf 87' lang='lat' dir='ltr'><strong>vel</strong></span> 
     </span>
    </p>
   </div>
   <div class='ocr_carea' id='block_1_42' title="bbox 49 2501 1616 2574">
    <p class='ocr_par' dir='ltr' id='par_1_42' title="bbox 49 2501 1616 2574">
     <span class='ocr_line' id='line_1_42' title="bbox 49 2501 1616 2574; baseline 0.004 -22"><span class='ocrx_word' id='word_1_282' title='bbox 49 2501 118 2553; x_wconf 89' lang='lat' dir='ltr'><strong>sic</strong></span> <span class='ocrx_word' id='word_1_283' title='bbox 148 2502 542 2571; x_wconf 88' lang='lat' dir='ltr'><strong>aliquantulum</strong></span> <span class='ocrx_word' id='word_1_284' title='bbox 595 2504 947 2574; x_wconf 88' lang='lat' dir='ltr'><strong>respirantes,</strong></span> <span class='ocrx_word' id='word_1_285' title='bbox 975 2505 1097 2559; x_wconf 88' lang='lat' dir='ltr'><strong>deitt</strong></span> <span class='ocrx_word' id='word_1_286' title='bbox 1139 2505 1207 2559; x_wconf 88' lang='lat' dir='ltr'><strong>ab</strong></span> <span class='ocrx_word' id='word_1_287' title='bbox 1243 2504 1358 2574; x_wconf 87' lang='lat' dir='ltr'><strong>ipso</strong></span> <span class='ocrx_word' id='word_1_288' title='bbox 1389 2507 1616 2560; x_wconf 88' lang='lat' dir='ltr'><strong>descen-</strong></span> 
     </span>
    </p>
   </div>
   <div class='ocr_carea' id='block_1_43' title="bbox 52 2593 621 2665">
    <p class='ocr_par' dir='ltr' id='par_1_43' title="bbox 52 2593 621 2665">
     <span class='ocr_line' id='line_1_43' title="bbox 52 2593 621 2665; baseline 0.012 -20"><span class='ocrx_word' id='word_1_289' title='bbox 52 2593 281 2649; x_wconf 86' lang='lat' dir='ltr'><strong>deremus</strong></span> <span class='ocrx_word' id='word_1_290' title='bbox 303 2596 621 2665; x_wconf 70' lang='lat' dir='ltr'><strong>supercilio.</strong></span> 
     </span>
    </p>
   </div>
   <div class='ocr_carea' id='block_1_44' title="bbox 111 2685 1616 2763">
    <p class='ocr_par' dir='ltr' id='par_1_44' title="bbox 111 2685 1616 2763">
     <span class='ocr_line' id='line_1_44' title="bbox 111 2685 1616 2763; baseline 0.007 -26"><span class='ocrx_word' id='word_1_291' title='bbox 111 2686 187 2738; x_wconf 81' lang='grc'>10.</span> <span class='ocrx_word' id='word_1_292' title='bbox 240 2685 393 2755; x_wconf 85' lang='lat' dir='ltr'><strong>(Cap.</strong></span> <span class='ocrx_word' id='word_1_293' title='bbox 422 2688 503 2755; x_wconf 91' lang='lat'><strong>8.)</strong></span> <span class='ocrx_word' id='word_1_294' title='bbox 544 2687 676 2741; x_wconf 80' lang='lat' dir='ltr'><strong>Rem</strong></span> <span class='ocrx_word' id='word_1_295' title='bbox 718 2690 968 2760; x_wconf 91' lang='lat' dir='ltr'><strong>stupidus</strong></span> <span class='ocrx_word' id='word_1_296' title='bbox 1014 2691 1214 2759; x_wconf 89' lang='lat' dir='ltr'><strong>refero,</strong></span> <span class='ocrx_word' id='word_1_297' title='bbox 1252 2693 1520 2763; x_wconf 88' lang='lat' dir='ltr'><strong>miraque,</strong></span> <span class='ocrx_word' id='word_1_298' title='bbox 1553 2692 1616 2747; x_wconf 82' lang='lat' dir='ltr'><strong>fi-</strong></span> 
     </span>
    </p>
   </div>
   <div class='ocr_carea' id='block_1_45' title="bbox 54 2776 1614 2849">
    <p class='ocr_par' dir='ltr' id='par_1_45' title="bbox 54 2776 1614 2849">
     <span class='ocr_line' id='line_1_45' title="bbox 54 2776 1614 2849; baseline 0.005 -20"><span class='ocrx_word' id='word_1_299' title='bbox 54 2776 202 2831; x_wconf 89' lang='lat' dir='ltr'><strong>delem</strong></span> <span class='ocrx_word' id='word_1_300' title='bbox 245 2792 498 2846; x_wconf 73' lang='lat' dir='ltr'><strong>qnzerens</strong></span> <span class='ocrx_word' id='word_1_301' title='bbox 548 2779 873 2847; x_wconf 88' lang='lat' dir='ltr'><strong>auditorem,</strong></span> <span class='ocrx_word' id='word_1_302' title='bbox 915 2796 1116 2835; x_wconf 87' lang='lat' dir='ltr'><strong>enarro</strong></span> <span class='ocrx_word' id='word_1_303' title='bbox 1151 2799 1167 2849; x_wconf 88' lang='lat'><strong>;</strong></span> <span class='ocrx_word' id='word_1_304' title='bbox 1218 2784 1312 2837; x_wconf 88' lang='lat' dir='ltr'><strong>sed</strong></span> <span class='ocrx_word' id='word_1_305' title='bbox 1356 2798 1458 2837; x_wconf 86' lang='lat' dir='ltr'><strong>non</strong></span> <span class='ocrx_word' id='word_1_306' title='bbox 1506 2783 1614 2837; x_wconf 88' lang='lat' dir='ltr'><strong>nisi</strong></span> 
     </span>
    </p>
   </div>
   <div class='ocr_carea' id='block_1_46' title="bbox 53 2868 1614 2938">
    <p class='ocr_par' dir='ltr' id='par_1_46' title="bbox 53 2868 1614 2938">
     <span class='ocr_line' id='line_1_46' title="bbox 53 2868 1614 2938; baseline 0.007 -20"><span class='ocrx_word' id='word_1_307' title='bbox 53 2881 153 2934; x_wconf 68' lang='lat' dir='ltr'><strong>quze</strong></span> <span class='ocrx_word' id='word_1_308' title='bbox 183 2868 445 2936; x_wconf 89' lang='lat' dir='ltr'><strong>probante</strong></span> <span class='ocrx_word' id='word_1_309' title='bbox 461 2869 575 2923; x_wconf 89' lang='lat' dir='ltr'><strong>visu</strong></span> <span class='ocrx_word' id='word_1_310' title='bbox 611 2871 727 2924; x_wconf 72' lang='lat' dir='ltr'><strong>haec</strong></span> <span class='ocrx_word' id='word_1_311' title='bbox 755 2871 1025 2927; x_wconf 87' lang='lat' dir='ltr'><strong>titulantis</strong></span> <span class='ocrx_word' id='word_1_312' title='bbox 1064 2882 1181 2928; x_wconf 90' lang='lat' dir='ltr'><strong>acta</strong></span> <span class='ocrx_word' id='word_1_313' title='bbox 1206 2883 1350 2938; x_wconf 91' lang='lat' dir='ltr'><strong>sunt,</strong></span> <span class='ocrx_word' id='word_1_314' title='bbox 1378 2873 1490 2930; x_wconf 86' lang='lat' dir='ltr'><strong>fere</strong></span> <span class='ocrx_word' id='word_1_315' title='bbox 1513 2875 1614 2929; x_wconf 89' lang='lat' dir='ltr'><strong>sub</strong></span> 
     </span>
    </p>
   </div>
   <div class='ocr_carea' id='block_1_47' title="bbox 54 2957 1612 3034">
    <p class='ocr_par' dir='ltr' id='par_1_47' title="bbox 54 2957 1612 3034">
     <span class='ocr_line' id='line_1_47' title="bbox 54 2957 1612 3034; baseline 0.007 -25"><span class='ocrx_word' id='word_1_316' title='bbox 54 2957 190 3011; x_wconf 88' lang='lat' dir='ltr'><strong>uuitts</strong></span> <span class='ocrx_word' id='word_1_317' title='bbox 217 2959 360 3013; x_wconf 67' lang='lat' dir='ltr'><strong>hora:</strong></span> <span class='ocrx_word' id='word_1_318' title='bbox 404 2960 601 3029; x_wconf 85' lang='lat' dir='ltr'><strong>spatio.</strong></span> <span class='ocrx_word' id='word_1_319' title='bbox 631 2961 901 3018; x_wconf 89' lang='lat' dir='ltr'><strong>Continuo</strong></span> <span class='ocrx_word' id='word_1_320' title='bbox 956 2979 1190 3033; x_wconf 90' lang='lat' dir='ltr'><strong>namque</strong></span> <span class='ocrx_word' id='word_1_321' title='bbox 1235 2966 1480 3034; x_wconf 69' lang='lat' dir='ltr'><strong>quaedam</strong></span> <span class='ocrx_word' id='word_1_322' title='bbox 1524 2980 1612 3020; x_wconf 88' lang='lat' dir='ltr'><strong>se-</strong></span> 
     </span>
    </p>
   </div>
   <div class='ocr_carea' id='block_1_48' title="bbox 54 3053 1611 3128">
    <p class='ocr_par' dir='ltr' id='par_1_48' title="bbox 54 3053 1611 3128">
     <span class='ocr_line' id='line_1_48' title="bbox 54 3053 1611 3128; baseline 0.006 -25"><span class='ocrx_word' id='word_1_323' title='bbox 54 3053 187 3105; x_wconf 79' lang='lat' dir='ltr'><strong>cundi</strong></span> <span class='ocrx_word' id='word_1_324' title='bbox 221 3067 382 3107; x_wconf 79' lang='lat' dir='ltr'><strong>sexus</strong></span> <span class='ocrx_word' id='word_1_325' title='bbox 409 3068 640 3123; x_wconf 89' lang='lat' dir='ltr'><strong>persona</strong></span> <span class='ocrx_word' id='word_1_326' title='bbox 668 3056 917 3117; x_wconf 83' lang='lat' dir='ltr'><strong>accessit.</strong></span> <span class='ocrx_word' id='word_1_327' title='bbox 951 3073 1071 3126; x_wconf 68' lang='lat' dir='ltr'><strong>qua:</strong></span> <span class='ocrx_word' id='word_1_328' title='bbox 1101 3069 1309 3128; x_wconf 87' lang='lat' dir='ltr'><strong>septem</strong></span> <span class='ocrx_word' id='word_1_329' title='bbox 1345 3073 1611 3113; x_wconf 88' lang='lat' dir='ltr'><strong>annorum</strong></span> 
     </span>
    </p>
   </div>
   <div class='ocr_carea' id='block_1_49' title="bbox 58 3145 1615 3215">
    <p class='ocr_par' dir='ltr' id='par_1_49' title="bbox 58 3145 1615 3215">
     <span class='ocr_line' id='line_1_49' title="bbox 58 3145 1615 3215; baseline 0.006 -20"><span class='ocrx_word' id='word_1_330' title='bbox 58 3153 205 3196; x_wconf 85' lang='lat' dir='ltr'><strong>rotam</strong></span> <span class='ocrx_word' id='word_1_331' title='bbox 231 3145 510 3199; x_wconf 89' lang='lat' dir='ltr'><strong>evolverat</strong></span> <span class='ocrx_word' id='word_1_332' title='bbox 538 3146 591 3199; x_wconf 89' lang='lat' dir='ltr'><strong>in</strong></span> <span class='ocrx_word' id='word_1_333' title='bbox 620 3161 855 3203; x_wconf 76' lang='lat' dir='ltr'><strong>mmrore</strong></span> <span class='ocrx_word' id='word_1_334' title='bbox 876 3150 1137 3204; x_wconf 62' lang='lat' dir='ltr'><strong>caecitatis</strong></span> <span class='ocrx_word' id='word_1_335' title='bbox 1170 3166 1185 3215; x_wconf 87' lang='lat'>;</span> <span class='ocrx_word' id='word_1_336' title='bbox 1211 3151 1325 3204; x_wconf 61' lang='lat' dir='ltr'><strong>base</strong></span> <span class='ocrx_word' id='word_1_337' title='bbox 1353 3150 1516 3204; x_wconf 88' lang='lat' dir='ltr'><strong>simul</strong></span> <span class='ocrx_word' id='word_1_338' title='bbox 1555 3158 1615 3204; x_wconf 84' lang='grc' dir='ltr'><strong>ιιι</strong></span> 
     </span>
    </p>
   </div>
   <div class='ocr_carea' id='block_1_50' title="bbox 56 3233 1615 3308">
    <p class='ocr_par' dir='ltr' id='par_1_50' title="bbox 56 3233 1615 3308">
     <span class='ocr_line' id='line_1_50' title="bbox 56 3233 1615 3308; baseline 0.006 -25"><span class='ocrx_word' id='word_1_339' title='bbox 56 3233 202 3287; x_wconf 89' lang='lat' dir='ltr'><strong>oculis</strong></span> <span class='ocrx_word' id='word_1_340' title='bbox 232 3234 463 3290; x_wconf 89' lang='lat' dir='ltr'><strong>loculum</strong></span> <span class='ocrx_word' id='word_1_341' title='bbox 523 3236 719 3305; x_wconf 89' lang='lat' dir='ltr'><strong>tetigit,</strong></span> <span class='ocrx_word' id='word_1_342' title='bbox 749 3238 960 3291; x_wconf 85' lang='lat' dir='ltr'><strong>detersa</strong></span> <span class='ocrx_word' id='word_1_343' title='bbox 1014 3238 1267 3308; x_wconf 89' lang='lat' dir='ltr'><strong>caligine,</strong></span> <span class='ocrx_word' id='word_1_344' title='bbox 1305 3239 1490 3293; x_wconf 84' lang='lat' dir='ltr'><strong>amissi</strong></span> <span class='ocrx_word' id='word_1_345' title='bbox 1537 3240 1615 3293; x_wconf 82' lang='lat' dir='ltr'><strong>lu-</strong></span> 
     </span>
    </p>
   </div>
   <div class='ocr_carea' id='block_1_51' title="bbox 58 3326 1611 3409">
    <p class='ocr_par' dir='ltr' id='par_1_51' title="bbox 58 3326 1611 3409">
     <span class='ocr_line' id='line_1_51' title="bbox 58 3326 1611 3409; baseline 0.006 -33"><span class='ocrx_word' id='word_1_346' title='bbox 58 3326 194 3381; x_wconf 82' lang='lat' dir='ltr'><strong>minis</strong></span> <span class='ocrx_word' id='word_1_347' title='bbox 214 3328 493 3409; x_wconf 80' lang='lat' dir='ltr'><strong>dispendia</strong></span> <span class='ocrx_word' id='word_1_348' title='bbox 521 3330 814 3398; x_wconf 87' lang='lat' dir='ltr'><strong>reparavit.</strong></span> <span class='ocrx_word' id='word_1_349' title='bbox 864 3330 994 3397; x_wconf 65' lang='lat' dir='ltr'><strong>Quae</strong></span> <span class='ocrx_word' id='word_1_350' title='bbox 1034 3331 1137 3386; x_wconf 92' lang='lat' dir='ltr'><strong>luci</strong></span> <span class='ocrx_word' id='word_1_351' title='bbox 1182 3332 1422 3402; x_wconf 75' lang='lat' dir='ltr'><strong>pristinae</strong></span> <span class='ocrx_word' id='word_1_352' title='bbox 1454 3334 1611 3387; x_wconf 85' lang='lat' dir='ltr'><strong>resti-</strong></span> 
     </span>
    </p>
   </div>
   <div class='ocr_carea' id='block_1_52' title="bbox 60 3419 1612 3497">
    <p class='ocr_par' dir='ltr' id='par_1_52' title="bbox 60 3419 1612 3497">
     <span class='ocr_line' id='line_1_52' title="bbox 60 3419 1612 3497; baseline 0.008 -29"><span class='ocrx_word' id='word_1_353' title='bbox 60 3425 171 3481; x_wconf 87' lang='lat' dir='ltr'><strong>luta,</strong></span> <span class='ocrx_word' id='word_1_354' title='bbox 193 3419 309 3475; x_wconf 88' lang='lat' dir='ltr'><strong>inde</strong></span> <span class='ocrx_word' id='word_1_355' title='bbox 343 3421 641 3475; x_wconf 77' lang='lat' dir='ltr'><strong>nobiscum</strong></span> <span class='ocrx_word' id='word_1_356' title='bbox 656 3424 1204 3493; x_wconf 71' lang='lat' dir='ltr'><strong>progrediens,crepit</strong></span> <span class='ocrx_word' id='word_1_357' title='bbox 1230 3438 1355 3495; x_wconf 84' lang='lat' dir='ltr'><strong>erga</strong></span> <span class='ocrx_word' id='word_1_358' title='bbox 1388 3442 1447 3481; x_wconf 91' lang='lat' dir='ltr'><strong>se</strong></span> <span class='ocrx_word' id='word_1_359' title='bbox 1461 3434 1612 3497; x_wconf 86' lang='lat' dir='ltr'><strong>gesta</strong></span> 
     </span>
    </p>
   </div>
   <div class='ocr_carea' id='block_1_53' title="bbox 57 3508 858 3584">
    <p class='ocr_par' dir='ltr' id='par_1_53' title="bbox 57 3508 858 3584">
     <span class='ocr_line' id='line_1_53' title="bbox 57 3508 858 3584; baseline 0.009 -23"><span class='ocrx_word' id='word_1_360' title='bbox 57 3508 224 3566; x_wconf 81' lang='lat' dir='ltr'><strong>Christi</strong></span> <span class='ocrx_word' id='word_1_361' title='bbox 254 3513 538 3584; x_wconf 85' lang='lat' dir='ltr'><strong>propalare</strong></span> <span class='ocrx_word' id='word_1_362' title='bbox 573 3514 858 3583; x_wconf 84' lang='lat' dir='ltr'><strong>magnalia.</strong></span> 
     </span>
    </p>
   </div>
   <div class='ocr_carea' id='block_1_54' title="bbox 116 3605 1611 3679">
    <p class='ocr_par' dir='ltr' id='par_1_54' title="bbox 116 3605 1611 3679">
     <span class='ocr_line' id='line_1_54' title="bbox 116 3605 1611 3679; baseline 0.005 -22"><span class='ocrx_word' id='word_1_363' title='bbox 116 3606 190 3658; x_wconf 84' lang='grc' dir='ltr'><strong>Η.</strong></span> <span class='ocrx_word' id='word_1_364' title='bbox 233 3606 384 3676; x_wconf 86' lang='lat' dir='ltr'><strong>(Cap.</strong></span> <span class='ocrx_word' id='word_1_365' title='bbox 416 3605 495 3677; x_wconf 85' lang='lat'><strong>9.)</strong></span> <span class='ocrx_word' id='word_1_366' title='bbox 536 3605 793 3672; x_wconf 60' lang='lat' dir='ltr'><strong>Quaedam</strong></span> <span class='ocrx_word' id='word_1_367' title='bbox 824 3623 1040 3678; x_wconf 92' lang='lat' dir='ltr'><strong>quoque</strong></span> <span class='ocrx_word' id='word_1_368' title='bbox 1064 3608 1238 3678; x_wconf 82' lang='lat' dir='ltr'><strong>puclla</strong></span> <span class='ocrx_word' id='word_1_369' title='bbox 1286 3610 1353 3664; x_wconf 90' lang='lat' dir='ltr'><strong>ab</strong></span> <span class='ocrx_word' id='word_1_370' title='bbox 1383 3620 1611 3679; x_wconf 89' lang='lat' dir='ltr'><strong>utroque</strong></span> 
     </span>
    </p>
   </div>
   <div class='ocr_carea' id='block_1_55' title="bbox 60 3695 1607 3766">
    <p class='ocr_par' dir='ltr' id='par_1_55' title="bbox 60 3695 1607 3766">
     <span class='ocr_line' id='line_1_55' title="bbox 60 3695 1607 3766; baseline 0.006 -21"><span class='ocrx_word' id='word_1_371' title='bbox 60 3695 311 3750; x_wconf 82' lang='lat' dir='ltr'><strong>adducitur</strong></span> <span class='ocrx_word' id='word_1_372' title='bbox 337 3706 587 3766; x_wconf 82' lang='lat' dir='ltr'><strong>parente,</strong></span> <span class='ocrx_word' id='word_1_373' title='bbox 622 3714 784 3765; x_wconf 90' lang='lat' dir='ltr'><strong>quam</strong></span> <span class='ocrx_word' id='word_1_374' title='bbox 814 3700 890 3752; x_wconf 89' lang='lat' dir='ltr'><strong>uti</strong></span> <span class='ocrx_word' id='word_1_375' title='bbox 930 3708 1171 3755; x_wconf 80' lang='lat' dir='ltr'><strong>materna</strong></span> <span class='ocrx_word' id='word_1_376' title='bbox 1203 3699 1413 3755; x_wconf 85' lang='lat' dir='ltr'><strong>fuderat</strong></span> <span class='ocrx_word' id='word_1_377' title='bbox 1433 3701 1607 3765; x_wconf 87' lang='lat' dir='ltr'><strong>alvus,</strong></span> 
     </span>
    </p>
   </div>
   <div class='ocr_carea' id='block_1_56' title="bbox 58 3785 1611 3861">
    <p class='ocr_par' dir='ltr' id='par_1_56' title="bbox 58 3785 1611 3861">
     <span class='ocr_line' id='line_1_56' title="bbox 58 3785 1611 3861; baseline 0.005 -24"><span class='ocrx_word' id='word_1_378' title='bbox 58 3785 375 3851; x_wconf 85' lang='lat' dir='ltr'><strong>perhibebaut</strong></span> <span class='ocrx_word' id='word_1_379' title='bbox 407 3788 601 3858; x_wconf 76' lang='lat' dir='ltr'><strong>lingua:</strong></span> <span class='ocrx_word' id='word_1_380' title='bbox 624 3788 803 3844; x_wconf 79' lang='lat' dir='ltr'><strong>ofﬁcio</strong></span> <span class='ocrx_word' id='word_1_381' title='bbox 824 3790 891 3844; x_wconf 90' lang='lat' dir='ltr'><strong>ad</strong></span> <span class='ocrx_word' id='word_1_382' title='bbox 940 3792 1109 3860; x_wconf 87' lang='lat' dir='ltr'><strong>ipsam</strong></span> <span class='ocrx_word' id='word_1_383' title='bbox 1149 3806 1319 3861; x_wconf 89' lang='lat' dir='ltr'><strong>usque</strong></span> <span class='ocrx_word' id='word_1_384' title='bbox 1346 3791 1489 3847; x_wconf 85' lang='lat' dir='ltr'><strong>diem</strong></span> <span class='ocrx_word' id='word_1_385' title='bbox 1517 3808 1611 3847; x_wconf 90' lang='lat' dir='ltr'><strong>ca-</strong></span> 
     </span>
    </p>
   </div>
   <div class='ocr_carea' id='block_1_57' title="bbox 58 3878 1612 3955">
    <p class='ocr_par' dir='ltr' id='par_1_57' title="bbox 58 3878 1612 3955">
     <span class='ocr_line' id='line_1_57' title="bbox 58 3878 1612 3955; baseline 0.006 -27"><span class='ocrx_word' id='word_1_386' title='bbox 58 3878 224 3933; x_wconf 88' lang='lat' dir='ltr'><strong>ruisse.</strong></span> <span class='ocrx_word' id='word_1_387' title='bbox 249 3881 370 3937; x_wconf 69' lang='lat' dir='ltr'><strong>Ilmc</strong></span> <span class='ocrx_word' id='word_1_388' title='bbox 402 3884 612 3952; x_wconf 88' lang='lat' dir='ltr'><strong>pariter</strong></span> <span class='ocrx_word' id='word_1_389' title='bbox 634 3883 723 3937; x_wconf 89' lang='lat' dir='ltr'><strong>ubi</strong></span> <span class='ocrx_word' id='word_1_390' title='bbox 776 3884 1069 3939; x_wconf 85' lang='lat' dir='ltr'><strong>venerandi</strong></span> <span class='ocrx_word' id='word_1_391' title='bbox 1095 3885 1340 3955; x_wconf 90' lang='lat' dir='ltr'><strong>corporis</strong></span> <span class='ocrx_word' id='word_1_392' title='bbox 1369 3895 1612 3954; x_wconf 84' lang='lat' dir='ltr'><strong>recepta-</strong></span> 
     </span>
    </p>
   </div>
   <div class='ocr_carea' id='block_1_58' title="bbox 58 3969 1609 4046">
    <p class='ocr_par' dir='ltr' id='par_1_58' title="bbox 58 3969 1609 4046">
     <span class='ocr_line' id='line_1_58' title="bbox 58 3969 1609 4046; baseline 0.006 -28"><span class='ocrx_word' id='word_1_393' title='bbox 58 3969 208 4024; x_wconf 89' lang='lat' dir='ltr'><strong>culum</strong></span> <span class='ocrx_word' id='word_1_394' title='bbox 257 3972 629 4037; x_wconf 90' lang='lat' dir='ltr'><strong>deosculatur,</strong></span> <span class='ocrx_word' id='word_1_395' title='bbox 665 3973 872 4043; x_wconf 89' lang='lat' dir='ltr'><strong>plectro</strong></span> <span class='ocrx_word' id='word_1_396' title='bbox 926 3974 1122 4046; x_wconf 75' lang='lat' dir='ltr'><strong>lingua:</strong></span> <span class='ocrx_word' id='word_1_397' title='bbox 1153 3974 1412 4038; x_wconf 88' lang='lat' dir='ltr'><strong>resoluto,</strong></span> <span class='ocrx_word' id='word_1_398' title='bbox 1460 3974 1609 4029; x_wconf 85' lang='lat' dir='ltr'><strong>vocis</strong></span> 
     </span>
    </p>
   </div>
   <div class='ocr_carea' id='block_1_59' title="bbox 57 4064 1610 4133">
    <p class='ocr_par' dir='ltr' id='par_1_59' title="bbox 57 4064 1610 4133">
     <span class='ocr_line' id='line_1_59' title="bbox 57 4064 1610 4133; baseline 0.006 -22"><span class='ocrx_word' id='word_1_399' title='bbox 57 4074 230 4128; x_wconf 76' lang='lat' dir='ltr'><strong>organa</strong></span> <span class='ocrx_word' id='word_1_400' title='bbox 276 4064 327 4118; x_wconf 91' lang='lat' dir='ltr'><strong>in</strong></span> <span class='ocrx_word' id='word_1_401' title='bbox 366 4065 583 4117; x_wconf 90' lang='lat' dir='ltr'><strong>laudem</strong></span> <span class='ocrx_word' id='word_1_402' title='bbox 618 4065 709 4119; x_wconf 90' lang='lat' dir='ltr'><strong>Dei</strong></span> <span class='ocrx_word' id='word_1_403' title='bbox 747 4067 1126 4121; x_wconf 89' lang='lat' dir='ltr'><strong>sustolluntur.</strong></span> <span class='ocrx_word' id='word_1_404' title='bbox 1182 4066 1276 4122; x_wconf 86' lang='lat' dir='ltr'><strong>His</strong></span> <span class='ocrx_word' id='word_1_405' title='bbox 1329 4077 1385 4121; x_wconf 90' lang='lat' dir='ltr'><strong>et</strong></span> <span class='ocrx_word' id='word_1_406' title='bbox 1426 4065 1610 4133; x_wconf 81' lang='lat' dir='ltr'><strong>hujus-</strong></span> 
     </span>
    </p>
   </div>
   <div class='ocr_carea' id='block_1_60' title="bbox 61 4155 1610 4228">
    <p class='ocr_par' dir='ltr' id='par_1_60' title="bbox 61 4155 1610 4228">
     <span class='ocr_line' id='line_1_60' title="bbox 61 4155 1610 4228; baseline 0.006 -25"><span class='ocrx_word' id='word_1_407' title='bbox 61 4155 177 4207; x_wconf 86' lang='lat' dir='ltr'><strong>tuudi</strong></span> <span class='ocrx_word' id='word_1_408' title='bbox 230 4158 636 4227; x_wconf 84' lang='lat' dir='ltr'><strong>quampluribus</strong></span> <span class='ocrx_word' id='word_1_409' title='bbox 684 4158 837 4228; x_wconf 89' lang='lat' dir='ltr'><strong>plebs</strong></span> <span class='ocrx_word' id='word_1_410' title='bbox 882 4157 1254 4213; x_wconf 86' lang='lat' dir='ltr'><strong>Laudunensis</strong></span> <span class='ocrx_word' id='word_1_411' title='bbox 1298 4158 1610 4213; x_wconf 67' lang='lat' dir='ltr'><strong>exhilaratus</strong></span> 
     </span>
    </p>
   </div>
   <div class='ocr_carea' id='block_1_61' title="bbox 57 4246 1605 4320">
    <p class='ocr_par' dir='ltr' id='par_1_61' title="bbox 57 4246 1605 4320">
     <span class='ocr_line' id='line_1_61' title="bbox 57 4246 1605 4320; baseline 0.004 -26"><span class='ocrx_word' id='word_1_412' title='bbox 57 4246 195 4300; x_wconf 86' lang='lat' dir='ltr'><strong>corda</strong></span> <span class='ocrx_word' id='word_1_413' title='bbox 240 4249 541 4315; x_wconf 87' lang='lat' dir='ltr'><strong>miraculis,</strong></span> <span class='ocrx_word' id='word_1_414' title='bbox 585 4264 706 4320; x_wconf 74' lang='lat' dir='ltr'><strong>quas</strong></span> <span class='ocrx_word' id='word_1_415' title='bbox 758 4249 1037 4305; x_wconf 88' lang='lat' dir='ltr'><strong>obtutibus</strong></span> <span class='ocrx_word' id='word_1_416' title='bbox 1083 4249 1287 4303; x_wconf 89' lang='lat' dir='ltr'><strong>nostris</strong></span> <span class='ocrx_word' id='word_1_417' title='bbox 1340 4248 1605 4302; x_wconf 87' lang='lat' dir='ltr'><strong>cernenda</strong></span> 
     </span>
    </p>
   </div>
   <div class='ocr_carea' id='block_1_62' title="bbox 59 4336 1608 4411">
    <p class='ocr_par' dir='ltr' id='par_1_62' title="bbox 59 4336 1608 4411">
     <span class='ocr_line' id='line_1_62' title="bbox 59 4336 1608 4411; baseline 0.005 -25"><span class='ocrx_word' id='word_1_418' title='bbox 59 4336 255 4393; x_wconf 77' lang='lat' dir='ltr'><strong>abstulit</strong></span> <span class='ocrx_word' id='word_1_419' title='bbox 306 4341 704 4411; x_wconf 81' lang='lat' dir='ltr'><strong>inexplicabilis</strong></span> <span class='ocrx_word' id='word_1_420' title='bbox 760 4341 951 4397; x_wconf 89' lang='lat' dir='ltr'><strong>concio</strong></span> <span class='ocrx_word' id='word_1_421' title='bbox 1004 4339 1299 4411; x_wconf 86' lang='lat' dir='ltr'><strong>promiscui</strong></span> <span class='ocrx_word' id='word_1_422' title='bbox 1345 4354 1508 4395; x_wconf 77' lang='lat' dir='ltr'><strong>sexus</strong></span> <span class='ocrx_word' id='word_1_423' title='bbox 1552 4349 1608 4394; x_wconf 89' lang='lat' dir='ltr'><strong>et</strong></span> 
     </span>
    </p>
   </div>
   <div class='ocr_carea' id='block_1_63' title="bbox 1724 1867 3305 1933">
    <p class='ocr_par' dir='ltr' id='par_1_63' title="bbox 1724 1867 3305 1933">
     <span class='ocr_line' id='line_1_63' title="bbox 1724 1867 3305 1933; baseline -0.004 -8"><span class='ocrx_word' id='word_1_424' title='bbox 1724 1872 1828 1926; x_wconf 90' lang='lat' dir='ltr'><strong>hoc</strong></span> <span class='ocrx_word' id='word_1_425' title='bbox 1857 1886 1979 1925; x_wconf 87' lang='lat' dir='ltr'><strong>eum</strong></span> <span class='ocrx_word' id='word_1_426' title='bbox 2009 1872 2113 1925; x_wconf 89' lang='lat' dir='ltr'><strong>huc</strong></span> <span class='ocrx_word' id='word_1_427' title='bbox 2138 1870 2326 1933; x_wconf 89' lang='lat' dir='ltr'><strong>detuli,</strong></span> <span class='ocrx_word' id='word_1_428' title='bbox 2351 1878 2409 1922; x_wconf 92' lang='lat' dir='ltr'><strong>ut</strong></span> <span class='ocrx_word' id='word_1_429' title='bbox 2444 1870 2613 1925; x_wconf 88' lang='lat' dir='ltr'><strong>radiis</strong></span> <span class='ocrx_word' id='word_1_430' title='bbox 2647 1869 2961 1923; x_wconf 88' lang='lat' dir='ltr'><strong>meritormn</strong></span> <span class='ocrx_word' id='word_1_431' title='bbox 2992 1868 3146 1922; x_wconf 89' lang='lat' dir='ltr'><strong>istius</strong></span> <span class='ocrx_word' id='word_1_432' title='bbox 3184 1867 3305 1919; x_wconf 88' lang='lat' dir='ltr'><strong>illu-</strong></span> 
     </span>
    </p>
   </div>
   <div class='ocr_carea' id='block_1_64' title="bbox 1722 1958 3303 2028">
    <p class='ocr_par' dir='ltr' id='par_1_64' title="bbox 1722 1958 3303 2028">
     <span class='ocr_line' id='line_1_64' title="bbox 1722 1958 3303 2028; baseline -0.002 -14"><span class='ocrx_word' id='word_1_433' title='bbox 1722 1961 2024 2015; x_wconf 90' lang='lat' dir='ltr'><strong>minaretur</strong></span> <span class='ocrx_word' id='word_1_434' title='bbox 2070 1961 2268 2015; x_wconf 90' lang='lat' dir='ltr'><strong>sancti.</strong></span> <span class='ocrx_word' id='word_1_435' title='bbox 2323 1959 2428 2014; x_wconf 90' lang='lat' dir='ltr'><strong>Sed</strong></span> <span class='ocrx_word' id='word_1_436' title='bbox 2478 1961 2600 2028; x_wconf 89' lang='lat' dir='ltr'><strong>quia</strong></span> <span class='ocrx_word' id='word_1_437' title='bbox 2648 1962 2883 2013; x_wconf 90' lang='lat' dir='ltr'><strong>nondum</strong></span> <span class='ocrx_word' id='word_1_438' title='bbox 2930 1958 3038 2011; x_wconf 86' lang='lat' dir='ltr'><strong>voti</strong></span> <span class='ocrx_word' id='word_1_439' title='bbox 3085 1972 3303 2025; x_wconf 88' lang='lat' dir='ltr'><strong>compos</strong></span> 
     </span>
    </p>
   </div>
   <div class='ocr_carea' id='block_1_65' title="bbox 1722 2048 3304 2119">
    <p class='ocr_par' dir='ltr' id='par_1_65' title="bbox 1722 2048 3304 2119">
     <span class='ocr_line' id='line_1_65' title="bbox 1722 2048 3304 2119; baseline -0.004 -14"><span class='ocrx_word' id='word_1_440' title='bbox 1722 2050 1913 2106; x_wconf 70' lang='lat' dir='ltr'><strong>effecta</strong></span> <span class='ocrx_word' id='word_1_441' title='bbox 1946 2067 2090 2115; x_wconf 87' lang='lat' dir='ltr'><strong>sum,</strong></span> <span class='ocrx_word' id='word_1_442' title='bbox 2116 2049 2387 2118; x_wconf 90' lang='lat' dir='ltr'><strong>aliquibus</strong></span> <span class='ocrx_word' id='word_1_443' title='bbox 2433 2051 2591 2119; x_wconf 86' lang='lat' dir='ltr'><strong>hujus</strong></span> <span class='ocrx_word' id='word_1_444' title='bbox 2629 2050 2799 2104; x_wconf 86' lang='lat' dir='ltr'><strong>sancti</strong></span> <span class='ocrx_word' id='word_1_445' title='bbox 2832 2048 3072 2117; x_wconf 90' lang='lat' dir='ltr'><strong>reliquiis</strong></span> <span class='ocrx_word' id='word_1_446' title='bbox 3100 2048 3304 2113; x_wconf 78' lang='lat' dir='ltr'><strong>tangite</strong></span> 
     </span>
    </p>
   </div>
   <div class='ocr_carea' id='block_1_66' title="bbox 1720 2128 3313 2210">
    <p class='ocr_par' dir='ltr' id='par_1_66' title="bbox 1720 2128 3313 2210">
     <span class='ocr_line' id='line_1_66' title="bbox 1720 2128 3313 2210; baseline -0.003 -13"><span class='ocrx_word' id='word_1_447' title='bbox 1720 2142 1947 2197; x_wconf 86' lang='lat' dir='ltr'><strong>obsecro</strong></span> <span class='ocrx_word' id='word_1_448' title='bbox 1974 2142 2089 2197; x_wconf 88' lang='lat' dir='ltr'><strong>loca</strong></span> <span class='ocrx_word' id='word_1_449' title='bbox 2120 2142 2485 2202; x_wconf 88' lang='lat' dir='ltr'><strong>lucernarum,</strong></span> <span class='ocrx_word' id='word_1_450' title='bbox 2524 2142 2568 2194; x_wconf 90' lang='lat' dir='ltr'><strong>si</strong></span> <span class='ocrx_word' id='word_1_451' title='bbox 2604 2155 2716 2210; x_wconf 91' lang='lat' dir='ltr'><strong>quo</strong></span> <span class='ocrx_word' id='word_1_452' title='bbox 2744 2140 2901 2199; x_wconf 88' lang='lat' dir='ltr'><strong>modo</strong></span> <span class='ocrx_word' id='word_1_453' title='bbox 2925 2140 3103 2193; x_wconf 89' lang='lat' dir='ltr'><strong>divina</strong></span> <span class='ocrx_word' id='word_1_454' title='bbox 3132 2128 3313 2207; x_wconf 62' lang='lat' dir='ltr'><strong>pietas,</strong></span> 
     </span>
    </p>
   </div>
   <div class='ocr_carea' id='block_1_67' title="bbox 1720 2230 3301 2301">
    <p class='ocr_par' dir='ltr' id='par_1_67' title="bbox 1720 2230 3301 2301">
     <span class='ocr_line' id='line_1_67' title="bbox 1720 2230 3301 2301; baseline -0.004 -13"><span class='ocrx_word' id='word_1_455' title='bbox 1720 2234 1853 2288; x_wconf 89' lang='lat' dir='ltr'><strong>mihi</strong></span> <span class='ocrx_word' id='word_1_456' title='bbox 1880 2233 2282 2290; x_wconf 89' lang='lat' dir='ltr'><strong>condescendat</strong></span> <span class='ocrx_word' id='word_1_457' title='bbox 2308 2231 2557 2301; x_wconf 89' lang='lat' dir='ltr'><strong>supplici,</strong></span> <span class='ocrx_word' id='word_1_458' title='bbox 2595 2231 2661 2286; x_wconf 89' lang='lat' dir='ltr'><strong>ad</strong></span> <span class='ocrx_word' id='word_1_459' title='bbox 2691 2231 2835 2285; x_wconf 91' lang='lat' dir='ltr'><strong>hunc</strong></span> <span class='ocrx_word' id='word_1_460' title='bbox 2858 2246 2952 2285; x_wconf 88' lang='lat' dir='ltr'><strong>sua</strong></span> <span class='ocrx_word' id='word_1_461' title='bbox 2981 2231 3153 2300; x_wconf 71' lang='lat' dir='ltr'><strong>gratia</strong></span> <span class='ocrx_word' id='word_1_462' title='bbox 3179 2230 3301 2282; x_wconf 86' lang='lat' dir='ltr'><strong>illu-</strong></span> 
     </span>
    </p>
   </div>
   <div class='ocr_carea' id='block_1_68' title="bbox 1722 2319 3305 2392">
    <p class='ocr_par' dir='ltr' id='par_1_68' title="bbox 1722 2319 3305 2392">
     <span class='ocr_line' id='line_1_68' title="bbox 1722 2319 3305 2392; baseline -0.006 -11"><span class='ocrx_word' id='word_1_463' title='bbox 1722 2326 2029 2381; x_wconf 90' lang='lat' dir='ltr'><strong>strandum.</strong></span> <span class='ocrx_word' id='word_1_464' title='bbox 2090 2323 2244 2378; x_wconf 86' lang='lat' dir='ltr'><strong>Tunc</strong></span> <span class='ocrx_word' id='word_1_465' title='bbox 2299 2324 2515 2378; x_wconf 88' lang='lat' dir='ltr'><strong>dentem</strong></span> <span class='ocrx_word' id='word_1_466' title='bbox 2555 2322 2829 2392; x_wconf 72' lang='lat' dir='ltr'><strong>smpedicti</strong></span> <span class='ocrx_word' id='word_1_467' title='bbox 2874 2320 3074 2385; x_wconf 86' lang='lat' dir='ltr'><strong>Patris,</strong></span> <span class='ocrx_word' id='word_1_468' title='bbox 3128 2319 3305 2374; x_wconf 84' lang='lat' dir='ltr'><strong>fabrili</strong></span> 
     </span>
    </p>
   </div>
   <div class='ocr_carea' id='block_1_69' title="bbox 1719 2414 3303 2485">
    <p class='ocr_par' dir='ltr' id='par_1_69' title="bbox 1719 2414 3303 2485">
     <span class='ocr_line' id='line_1_69' title="bbox 1719 2414 3303 2485; baseline -0.005 -14"><span class='ocrx_word' id='word_1_469' title='bbox 1719 2431 1904 2485; x_wconf 89' lang='lat' dir='ltr'><strong>opere,</strong></span> <span class='ocrx_word' id='word_1_470' title='bbox 1932 2431 2066 2471; x_wconf 89' lang='lat' dir='ltr'><strong>auro</strong></span> <span class='ocrx_word' id='word_1_471' title='bbox 2094 2416 2351 2471; x_wconf 88' lang='lat' dir='ltr'><strong>decenter</strong></span> <span class='ocrx_word' id='word_1_472' title='bbox 2385 2414 2631 2485; x_wconf 91' lang='lat' dir='ltr'><strong>politum,</strong></span> <span class='ocrx_word' id='word_1_473' title='bbox 2691 2414 2936 2467; x_wconf 87' lang='lat' dir='ltr'><strong>baculum</strong></span> <span class='ocrx_word' id='word_1_474' title='bbox 2971 2427 3185 2483; x_wconf 89' lang='lat' dir='ltr'><strong>quoque</strong></span> <span class='ocrx_word' id='word_1_475' title='bbox 3209 2428 3303 2467; x_wconf 88' lang='lat' dir='ltr'><strong>su-</strong></span> 
     </span>
    </p>
   </div>
   <div class='ocr_carea' id='block_1_70' title="bbox 1720 2504 3301 2577">
    <p class='ocr_par' dir='ltr' id='par_1_70' title="bbox 1720 2504 3301 2577">
     <span class='ocr_line' id='line_1_70' title="bbox 1720 2504 3301 2577; baseline -0.004 -16"><span class='ocrx_word' id='word_1_476' title='bbox 1720 2516 1952 2572; x_wconf 80' lang='lat' dir='ltr'><strong>mentes,</strong></span> <span class='ocrx_word' id='word_1_477' title='bbox 1992 2522 2099 2577; x_wconf 89' lang='lat' dir='ltr'><strong>quo</strong></span> <span class='ocrx_word' id='word_1_478' title='bbox 2128 2506 2530 2576; x_wconf 51' lang='lat' dir='ltr'><strong>praedicationis</strong></span> <span class='ocrx_word' id='word_1_479' title='bbox 2553 2521 2663 2560; x_wconf 71' lang='lat' dir='ltr'><strong>sure</strong></span> <span class='ocrx_word' id='word_1_480' title='bbox 2692 2516 2910 2560; x_wconf 81' lang='lat' dir='ltr'><strong>rexerat</strong></span> <span class='ocrx_word' id='word_1_481' title='bbox 2934 2504 3301 2572; x_wconf 71' lang='lat' dir='ltr'><strong>prrcsulatum,</strong></span> 
     </span>
    </p>
   </div>
   <div class='ocr_carea' id='block_1_71' title="bbox 1718 2593 3305 2669">
    <p class='ocr_par' dir='ltr' id='par_1_71' title="bbox 1718 2593 3305 2669">
     <span class='ocr_line' id='line_1_71' title="bbox 1718 2593 3305 2669; baseline -0.004 -16"><span class='ocrx_word' id='word_1_482' title='bbox 1718 2602 2015 2669; x_wconf 84' lang='lat' dir='ltr'><strong>posuimus,</strong></span> <span class='ocrx_word' id='word_1_483' title='bbox 2043 2608 2102 2653; x_wconf 91' lang='lat' dir='ltr'><strong>ut</strong></span> <span class='ocrx_word' id='word_1_484' title='bbox 2152 2606 2477 2669; x_wconf 82' lang='lat' dir='ltr'><strong>peposcerat</strong></span> <span class='ocrx_word' id='word_1_485' title='bbox 2521 2597 2780 2667; x_wconf 82' lang='lat' dir='ltr'><strong>genitrix,</strong></span> <span class='ocrx_word' id='word_1_486' title='bbox 2814 2612 2974 2664; x_wconf 88' lang='lat' dir='ltr'><strong>super</strong></span> <span class='ocrx_word' id='word_1_487' title='bbox 3000 2594 3115 2650; x_wconf 87' lang='lat' dir='ltr'><strong>loca</strong></span> <span class='ocrx_word' id='word_1_488' title='bbox 3144 2593 3305 2647; x_wconf 88' lang='lat' dir='ltr'><strong>lumi-</strong></span> 
     </span>
    </p>
   </div>
   <div class='ocr_carea' id='block_1_72' title="bbox 1720 2680 3304 2760">
    <p class='ocr_par' dir='ltr' id='par_1_72' title="bbox 1720 2680 3304 2760">
     <span class='ocr_line' id='line_1_72' title="bbox 1720 2680 3304 2760; baseline -0.007 -12"><span class='ocrx_word' id='word_1_489' title='bbox 1720 2694 1945 2748; x_wconf 92' lang='lat' dir='ltr'><strong>minum.</strong></span> <span class='ocrx_word' id='word_1_490' title='bbox 1995 2692 2280 2760; x_wconf 75' lang='lat' dir='ltr'><strong>l’arvoque</strong></span> <span class='ocrx_word' id='word_1_491' title='bbox 2325 2689 2542 2758; x_wconf 81' lang='lat' dir='ltr'><strong>expleto</strong></span> <span class='ocrx_word' id='word_1_492' title='bbox 2587 2687 2873 2741; x_wconf 87' lang='lat' dir='ltr'><strong>intervallo</strong></span> <span class='ocrx_word' id='word_1_493' title='bbox 2906 2727 2920 2750; x_wconf 97' lang='lat'><strong>,</strong></span> <span class='ocrx_word' id='word_1_494' title='bbox 2976 2701 3096 2739; x_wconf 78' lang='lat' dir='ltr'><strong>mox</strong></span> <span class='ocrx_word' id='word_1_495' title='bbox 3149 2680 3304 2755; x_wconf 87' lang='lat' dir='ltr'><strong>pueri</strong></span> 
     </span>
    </p>
   </div>
   <div class='ocr_carea' id='block_1_73' title="bbox 1718 2780 3304 2849">
    <p class='ocr_par' dir='ltr' id='par_1_73' title="bbox 1718 2780 3304 2849">
     <span class='ocr_line' id='line_1_73' title="bbox 1718 2780 3304 2849; baseline -0.006 -7"><span class='ocrx_word' id='word_1_496' title='bbox 1718 2786 1925 2843; x_wconf 88' lang='lat' dir='ltr'><strong>ocelluli</strong></span> <span class='ocrx_word' id='word_1_497' title='bbox 1948 2801 2048 2841; x_wconf 93' lang='lat' dir='ltr'><strong>suo</strong></span> <span class='ocrx_word' id='word_1_498' title='bbox 2074 2795 2297 2839; x_wconf 88' lang='lat' dir='ltr'><strong>utuntur</strong></span> <span class='ocrx_word' id='word_1_499' title='bbox 2343 2781 2543 2849; x_wconf 76' lang='lat' dir='ltr'><strong>officio,</strong></span> <span class='ocrx_word' id='word_1_500' title='bbox 2596 2781 2742 2835; x_wconf 88' lang='lat' dir='ltr'><strong>nulla</strong></span> <span class='ocrx_word' id='word_1_501' title='bbox 2791 2780 3004 2849; x_wconf 89' lang='lat' dir='ltr'><strong>penitus</strong></span> <span class='ocrx_word' id='word_1_502' title='bbox 3051 2780 3304 2833; x_wconf 80' lang='lat' dir='ltr'><strong>obstante</strong></span> 
     </span>
    </p>
   </div>
   <div class='ocr_carea' id='block_1_74' title="bbox 1717 2874 3304 2953">
    <p class='ocr_par' dir='ltr' id='par_1_74' title="bbox 1717 2874 3304 2953">
     <span class='ocr_line' id='line_1_74' title="bbox 1717 2874 3304 2953; baseline -0.004 -18"><span class='ocrx_word' id='word_1_503' title='bbox 1717 2882 1950 2953; x_wconf 83' lang='lat' dir='ltr'><strong>caligine</strong></span> <span class='ocrx_word' id='word_1_504' title='bbox 2012 2879 2379 2935; x_wconf 88' lang='lat' dir='ltr'><strong>clarescentcs</strong></span> <span class='ocrx_word' id='word_1_505' title='bbox 2434 2876 2653 2931; x_wconf 89' lang='lat' dir='ltr'><strong>numine</strong></span> <span class='ocrx_word' id='word_1_506' title='bbox 2716 2876 2920 2930; x_wconf 90' lang='lat' dir='ltr'><strong>divino.</strong></span> <span class='ocrx_word' id='word_1_507' title='bbox 2980 2874 3132 2930; x_wconf 91' lang='lat' dir='ltr'><strong>Tunc</strong></span> <span class='ocrx_word' id='word_1_508' title='bbox 3173 2890 3304 2929; x_wconf 90' lang='lat' dir='ltr'><strong>vero</strong></span> 
     </span>
    </p>
   </div>
   <div class='ocr_carea' id='block_1_75' title="bbox 1719 2966 3300 3043">
    <p class='ocr_par' dir='ltr' id='par_1_75' title="bbox 1719 2966 3300 3043">
     <span class='ocr_line' id='line_1_75' title="bbox 1719 2966 3300 3043; baseline -0.004 -16"><span class='ocrx_word' id='word_1_509' title='bbox 1719 2975 1920 3043; x_wconf 89' lang='lat' dir='ltr'><strong>quique</strong></span> <span class='ocrx_word' id='word_1_510' title='bbox 1945 2982 2209 3035; x_wconf 88' lang='lat' dir='ltr'><strong>astantes,</strong></span> <span class='ocrx_word' id='word_1_511' title='bbox 2258 2971 2476 3040; x_wconf 85' lang='lat' dir='ltr'><strong>genitor</strong></span> <span class='ocrx_word' id='word_1_512' title='bbox 2521 2969 2572 3022; x_wconf 92' lang='lat' dir='ltr'><strong>in</strong></span> <span class='ocrx_word' id='word_1_513' title='bbox 2628 2967 2816 3037; x_wconf 87' lang='lat' dir='ltr'><strong>primis</strong></span> <span class='ocrx_word' id='word_1_514' title='bbox 2870 2984 2989 3041; x_wconf 88' lang='lat' dir='ltr'><strong>cum</strong></span> <span class='ocrx_word' id='word_1_515' title='bbox 3019 2966 3300 3037; x_wconf 86' lang='lat' dir='ltr'><strong>genitrice,</strong></span> 
     </span>
    </p>
   </div>
   <div class='ocr_carea' id='block_1_76' title="bbox 1718 3061 3300 3131">
    <p class='ocr_par' dir='ltr' id='par_1_76' title="bbox 1718 3061 3300 3131">
     <span class='ocr_line' id='line_1_76' title="bbox 1718 3061 3300 3131; baseline -0.007 -7"><span class='ocrx_word' id='word_1_516' title='bbox 1718 3069 1962 3124; x_wconf 88' lang='lat' dir='ltr'><strong>volentes</strong></span> <span class='ocrx_word' id='word_1_517' title='bbox 1985 3069 2087 3122; x_wconf 92' lang='lat' dir='ltr'><strong>hoc</strong></span> <span class='ocrx_word' id='word_1_518' title='bbox 2103 3068 2170 3121; x_wconf 89' lang='lat' dir='ltr'><strong>ad</strong></span> <span class='ocrx_word' id='word_1_519' title='bbox 2200 3075 2406 3121; x_wconf 82' lang='lat' dir='ltr'><strong>certam</strong></span> <span class='ocrx_word' id='word_1_520' title='bbox 2432 3064 2588 3118; x_wconf 78' lang='lat' dir='ltr'><strong>fidem</strong></span> <span class='ocrx_word' id='word_1_521' title='bbox 2613 3062 2985 3131; x_wconf 80' lang='lat' dir='ltr'><strong>experimento</strong></span> <span class='ocrx_word' id='word_1_522' title='bbox 3013 3061 3300 3120; x_wconf 87' lang='lat' dir='ltr'><strong>deducere.</strong></span> 
     </span>
    </p>
   </div>
   <div class='ocr_carea' id='block_1_77' title="bbox 1720 3153 3307 3224">
    <p class='ocr_par' dir='ltr' id='par_1_77' title="bbox 1720 3153 3307 3224">
     <span class='ocr_line' id='line_1_77' title="bbox 1720 3153 3307 3224; baseline -0.008 -8"><span class='ocrx_word' id='word_1_523' title='bbox 1720 3160 2016 3216; x_wconf 73' lang='lat' dir='ltr'><strong>offerebant</strong></span> <span class='ocrx_word' id='word_1_524' title='bbox 2040 3160 2089 3214; x_wconf 91' lang='lat' dir='ltr'><strong>ei</strong></span> <span class='ocrx_word' id='word_1_525' title='bbox 2138 3157 2568 3224; x_wconf 89' lang='lat' dir='ltr'><strong>monilia,atque</strong></span> <span class='ocrx_word' id='word_1_526' title='bbox 2622 3153 2958 3219; x_wconf 85' lang='lat' dir='ltr'><strong>caudelulas,</strong></span> <span class='ocrx_word' id='word_1_527' title='bbox 2992 3160 3307 3220; x_wconf 43' lang='lat' dir='ltr'><strong>caeteraqne,</strong></span> 
     </span>
    </p>
   </div>
   <div class='ocr_carea' id='block_1_78' title="bbox 1717 3245 3305 3322">
    <p class='ocr_par' dir='ltr' id='par_1_78' title="bbox 1717 3245 3305 3322">
     <span class='ocr_line' id='line_1_78' title="bbox 1717 3245 3305 3322; baseline -0.008 -17"><span class='ocrx_word' id='word_1_528' title='bbox 1717 3253 1916 3322; x_wconf 73' lang='lat' dir='ltr'><strong>quibus</strong></span> <span class='ocrx_word' id='word_1_529' title='bbox 1943 3250 2166 3319; x_wconf 90' lang='lat' dir='ltr'><strong>puerilis</strong></span> <span class='ocrx_word' id='word_1_530' title='bbox 2188 3248 2403 3303; x_wconf 88' lang='lat' dir='ltr'><strong>animus</strong></span> <span class='ocrx_word' id='word_1_531' title='bbox 2424 3246 2567 3301; x_wconf 89' lang='lat' dir='ltr'><strong>solet</strong></span> <span class='ocrx_word' id='word_1_532' title='bbox 2591 3245 2861 3308; x_wconf 87' lang='lat' dir='ltr'><strong>arridere,</strong></span> <span class='ocrx_word' id='word_1_533' title='bbox 2890 3252 2946 3297; x_wconf 90' lang='lat' dir='ltr'><strong>et</strong></span> <span class='ocrx_word' id='word_1_534' title='bbox 2977 3245 3109 3312; x_wconf 89' lang='lat' dir='ltr'><strong>ipse,</strong></span> <span class='ocrx_word' id='word_1_535' title='bbox 3144 3249 3305 3312; x_wconf 89' lang='lat' dir='ltr'><strong>prout</strong></span> 
     </span>
    </p>
   </div>
   <div class='ocr_carea' id='block_1_79' title="bbox 1717 3331 3303 3407">
    <p class='ocr_par' dir='ltr' id='par_1_79' title="bbox 1717 3331 3303 3407">
     <span class='ocr_line' id='line_1_79' title="bbox 1717 3331 3303 3407; baseline -0.008 -12"><span class='ocrx_word' id='word_1_536' title='bbox 1717 3341 1866 3396; x_wconf 88' lang='lat' dir='ltr'><strong>clare</strong></span> <span class='ocrx_word' id='word_1_537' title='bbox 1893 3339 2216 3407; x_wconf 89' lang='lat' dir='ltr'><strong>dijudicans,</strong></span> <span class='ocrx_word' id='word_1_538' title='bbox 2273 3346 2470 3391; x_wconf 89' lang='lat' dir='ltr'><strong>cuncta</strong></span> <span class='ocrx_word' id='word_1_539' title='bbox 2524 3334 2776 3389; x_wconf 86' lang='lat' dir='ltr'><strong>celeriter</strong></span> <span class='ocrx_word' id='word_1_540' title='bbox 2827 3331 3146 3399; x_wconf 88' lang='lat' dir='ltr'><strong>arripiebat,</strong></span> <span class='ocrx_word' id='word_1_541' title='bbox 3179 3345 3303 3382; x_wconf 81' lang='lat' dir='ltr'><strong>mox</strong></span> 
     </span>
    </p>
   </div>
   <div class='ocr_carea' id='block_1_80' title="bbox 1716 3419 3301 3502">
    <p class='ocr_par' dir='ltr' id='par_1_80' title="bbox 1716 3419 3301 3502">
     <span class='ocr_line' id='line_1_80' title="bbox 1716 3419 3301 3502; baseline -0.008 -17"><span class='ocrx_word' id='word_1_542' title='bbox 1716 3446 1933 3502; x_wconf 91' lang='lat' dir='ltr'><strong>quoque</strong></span> <span class='ocrx_word' id='word_1_543' title='bbox 1965 3429 2199 3484; x_wconf 90' lang='lat' dir='ltr'><strong>ludendo</strong></span> <span class='ocrx_word' id='word_1_544' title='bbox 2230 3427 2637 3498; x_wconf 87' lang='lat' dir='ltr'><strong>porrigentibus</strong></span> <span class='ocrx_word' id='word_1_545' title='bbox 2681 3424 2783 3479; x_wconf 86' lang='lat' dir='ltr'><strong>sibi</strong></span> <span class='ocrx_word' id='word_1_546' title='bbox 2825 3423 3064 3477; x_wconf 84' lang='lat' dir='ltr'><strong>vicissim</strong></span> <span class='ocrx_word' id='word_1_547' title='bbox 3090 3419 3301 3488; x_wconf 80' lang='lat' dir='ltr'><strong>rejicie-</strong></span> 
     </span>
    </p>
   </div>
   <div class='ocr_carea' id='block_1_81' title="bbox 1718 3510 3304 3592">
    <p class='ocr_par' dir='ltr' id='par_1_81' title="bbox 1718 3510 3304 3592">
     <span class='ocr_line' id='line_1_81' title="bbox 1718 3510 3304 3592; baseline -0.008 -16"><span class='ocrx_word' id='word_1_548' title='bbox 1718 3525 1834 3576; x_wconf 88' lang='lat' dir='ltr'><strong>bat.</strong></span> <span class='ocrx_word' id='word_1_549' title='bbox 1873 3520 2064 3592; x_wconf 85' lang='lat' dir='ltr'><strong>Digitis</strong></span> <span class='ocrx_word' id='word_1_550' title='bbox 2105 3520 2270 3574; x_wconf 90' lang='lat' dir='ltr'><strong>etiam</strong></span> <span class='ocrx_word' id='word_1_551' title='bbox 2304 3518 2627 3580; x_wconf 84' lang='lat' dir='ltr'><strong>innuebant,</strong></span> <span class='ocrx_word' id='word_1_552' title='bbox 2675 3524 2729 3569; x_wconf 91' lang='lat' dir='ltr'><strong>et</strong></span> <span class='ocrx_word' id='word_1_553' title='bbox 2774 3515 2889 3582; x_wconf 90' lang='lat' dir='ltr'><strong>ipse</strong></span> <span class='ocrx_word' id='word_1_554' title='bbox 2915 3521 3103 3567; x_wconf 87' lang='lat' dir='ltr'><strong>contra</strong></span> <span class='ocrx_word' id='word_1_555' title='bbox 3154 3510 3304 3565; x_wconf 87' lang='lat' dir='ltr'><strong>simi-</strong></span> 
     </span>
    </p>
   </div>
   <div class='ocr_carea' id='block_1_82' title="bbox 1717 3604 3303 3677">
    <p class='ocr_par' dir='ltr' id='par_1_82' title="bbox 1717 3604 3303 3677">
     <span class='ocr_line' id='line_1_82' title="bbox 1717 3604 3303 3677; baseline -0.009 -7"><span class='ocrx_word' id='word_1_556' title='bbox 1717 3616 1838 3671; x_wconf 90' lang='lat' dir='ltr'><strong>liter</strong></span> <span class='ocrx_word' id='word_1_557' title='bbox 1864 3611 2119 3668; x_wconf 83' lang='lat' dir='ltr'><strong>faciebat.</strong></span> <span class='ocrx_word' id='word_1_558' title='bbox 2160 3611 2269 3666; x_wconf 87' lang='lat' dir='ltr'><strong>Nec</strong></span> <span class='ocrx_word' id='word_1_559' title='bbox 2297 3625 2448 3664; x_wconf 90' lang='lat' dir='ltr'><strong>mora</strong></span> <span class='ocrx_word' id='word_1_560' title='bbox 2478 3607 2727 3663; x_wconf 90' lang='lat' dir='ltr'><strong>canonici</strong></span> <span class='ocrx_word' id='word_1_561' title='bbox 2754 3606 3041 3677; x_wconf 89' lang='lat' dir='ltr'><strong>prosiliunt</strong></span> <span class='ocrx_word' id='word_1_562' title='bbox 3067 3604 3133 3658; x_wconf 91' lang='lat' dir='ltr'><strong>ad</strong></span> <span class='ocrx_word' id='word_1_563' title='bbox 3160 3620 3303 3675; x_wconf 39' lang='lat' dir='ltr'><strong>cam:</strong></span> 
     </span>
    </p>
   </div>
   <div class='ocr_carea' id='block_1_83' title="bbox 1713 3694 3298 3775">
    <p class='ocr_par' dir='ltr' id='par_1_83' title="bbox 1713 3694 3298 3775">
     <span class='ocr_line' id='line_1_83' title="bbox 1713 3694 3298 3775; baseline -0.008 -16"><span class='ocrx_word' id='word_1_564' title='bbox 1713 3719 1906 3775; x_wconf 87' lang='lat' dir='ltr'><strong>panas,</strong></span> <span class='ocrx_word' id='word_1_565' title='bbox 1938 3717 2036 3758; x_wconf 88' lang='lat' dir='ltr'><strong>nos</strong></span> <span class='ocrx_word' id='word_1_566' title='bbox 2062 3710 2245 3756; x_wconf 86' lang='lat' dir='ltr'><strong>autem</strong></span> <span class='ocrx_word' id='word_1_567' title='bbox 2275 3714 2397 3754; x_wconf 90' lang='lat' dir='ltr'><strong>cum</strong></span> <span class='ocrx_word' id='word_1_568' title='bbox 2425 3697 2623 3770; x_wconf 84' lang='lat' dir='ltr'><strong>pepulo</strong></span> <span class='ocrx_word' id='word_1_569' title='bbox 2654 3698 2708 3752; x_wconf 91' lang='lat' dir='ltr'><strong>in</strong></span> <span class='ocrx_word' id='word_1_570' title='bbox 2740 3696 2927 3752; x_wconf 88' lang='lat' dir='ltr'><strong>laudes</strong></span> <span class='ocrx_word' id='word_1_571' title='bbox 2950 3694 3298 3767; x_wconf 87' lang='lat' dir='ltr'><strong>prorupimus</strong></span> 
     </span>
    </p>
   </div>
   <div class='ocr_carea' id='block_1_84' title="bbox 1714 3795 1942 3851">
    <p class='ocr_par' dir='ltr' id='par_1_84' title="bbox 1714 3795 1942 3851">
     <span class='ocr_line' id='line_1_84' title="bbox 1714 3795 1942 3851; baseline -0.013 0"><span class='ocrx_word' id='word_1_572' title='bbox 1714 3795 1942 3851; x_wconf 89' lang='lat' dir='ltr'><strong>divinas.</strong></span> 
     </span>
    </p>
   </div>
   <div class='ocr_carea' id='block_1_85' title="bbox 1786 3879 3304 3957">
    <p class='ocr_par' dir='ltr' id='par_1_85' title="bbox 1786 3879 3304 3957">
     <span class='ocr_line' id='line_1_85' title="bbox 1786 3879 3304 3957; baseline -0.004 -17"><span class='ocrx_word' id='word_1_573' title='bbox 1786 3884 1875 3940; x_wconf 70' lang='grc'>15.</span> <span class='ocrx_word' id='word_1_574' title='bbox 1916 3884 2069 3957; x_wconf 87' lang='lat' dir='ltr'><strong>(Cap.</strong></span> <span class='ocrx_word' id='word_1_575' title='bbox 2106 3882 2221 3954; x_wconf 79' lang='lat' dir='ltr'><strong>li.)</strong></span> <span class='ocrx_word' id='word_1_576' title='bbox 2261 3882 2470 3937; x_wconf 89' lang='lat' dir='ltr'><strong>Dehinc</strong></span> <span class='ocrx_word' id='word_1_577' title='bbox 2502 3880 2847 3946; x_wconf 81' lang='lat' dir='ltr'><strong>Noviomum,</strong></span> <span class='ocrx_word' id='word_1_578' title='bbox 2904 3894 3011 3951; x_wconf 93' lang='lat' dir='ltr'><strong>quo</strong></span> <span class='ocrx_word' id='word_1_579' title='bbox 3060 3879 3138 3934; x_wconf 90' lang='lat' dir='ltr'><strong>ire</strong></span> <span class='ocrx_word' id='word_1_580' title='bbox 3179 3894 3304 3949; x_wconf 87' lang='lat' dir='ltr'><strong>per-.-</strong></span> 
     </span>
    </p>
   </div>
   <div class='ocr_carea' id='block_1_86' title="bbox 1712 3972 3293 4050">
    <p class='ocr_par' dir='ltr' id='par_1_86' title="bbox 1712 3972 3293 4050">
     <span class='ocr_line' id='line_1_86' title="bbox 1712 3972 3293 4050; baseline -0.004 -14"><span class='ocrx_word' id='word_1_581' title='bbox 1712 3981 1998 4050; x_wconf 88' lang='lat' dir='ltr'><strong>gebamus,</strong></span> <span class='ocrx_word' id='word_1_582' title='bbox 2027 3978 2400 4049; x_wconf 87' lang='lat' dir='ltr'><strong>pervenimus,</strong></span> <span class='ocrx_word' id='word_1_583' title='bbox 2433 3976 2617 4045; x_wconf 89' lang='lat' dir='ltr'><strong>ibique</strong></span> <span class='ocrx_word' id='word_1_584' title='bbox 2667 3975 2725 4029; x_wconf 92' lang='lat' dir='ltr'><strong>S.</strong></span> <span class='ocrx_word' id='word_1_585' title='bbox 2763 3974 2912 4044; x_wconf 81' lang='lat' dir='ltr'><strong>Eligii</strong></span> <span class='ocrx_word' id='word_1_586' title='bbox 2938 3973 3209 4043; x_wconf 88' lang='lat' dir='ltr'><strong>quondam</strong></span> <span class='ocrx_word' id='word_1_587' title='bbox 3239 3972 3293 4029; x_wconf 89' lang='lat' dir='ltr'><strong>S.</strong></span> 
     </span>
    </p>
   </div>
   <div class='ocr_carea' id='block_1_87' title="bbox 1710 4063 3304 4136">
    <p class='ocr_par' dir='ltr' id='par_1_87' title="bbox 1710 4063 3304 4136">
     <span class='ocr_line' id='line_1_87' title="bbox 1710 4063 3304 4136; baseline -0.005 -11"><span class='ocrx_word' id='word_1_588' title='bbox 1710 4072 1985 4135; x_wconf 83' lang='lat' dir='ltr'><strong>Amando,</strong></span> <span class='ocrx_word' id='word_1_589' title='bbox 2008 4072 2135 4124; x_wconf 88' lang='lat' dir='ltr'><strong>dum</strong></span> <span class='ocrx_word' id='word_1_590' title='bbox 2160 4078 2392 4136; x_wconf 85' lang='lat' dir='ltr'><strong>uterque</strong></span> <span class='ocrx_word' id='word_1_591' title='bbox 2433 4066 2729 4127; x_wconf 87' lang='lat' dir='ltr'><strong>adviveret,</strong></span> <span class='ocrx_word' id='word_1_592' title='bbox 2783 4063 3193 4118; x_wconf 86' lang='lat' dir='ltr'><strong>familiarissimi</strong></span> <span class='ocrx_word' id='word_1_593' title='bbox 3220 4063 3304 4117; x_wconf 91' lang='lat' dir='ltr'><strong>lo-</strong></span> 
     </span>
    </p>
   </div>
   <div class='ocr_carea' id='block_1_88' title="bbox 1712 4153 3295 4230">
    <p class='ocr_par' dir='ltr' id='par_1_88' title="bbox 1712 4153 3295 4230">
     <span class='ocr_line' id='line_1_88' title="bbox 1712 4153 3295 4230; baseline -0.006 -15"><span class='ocrx_word' id='word_1_594' title='bbox 1712 4161 1865 4215; x_wconf 85' lang='lat' dir='ltr'><strong>culos</strong></span> <span class='ocrx_word' id='word_1_595' title='bbox 1919 4160 2187 4230; x_wconf 89' lang='lat' dir='ltr'><strong>geminos,</strong></span> <span class='ocrx_word' id='word_1_596' title='bbox 2257 4156 2486 4210; x_wconf 87' lang='lat' dir='ltr'><strong>alterum</strong></span> <span class='ocrx_word' id='word_1_597' title='bbox 2541 4170 2662 4210; x_wconf 92' lang='lat' dir='ltr'><strong>cum</strong></span> <span class='ocrx_word' id='word_1_598' title='bbox 2716 4153 3017 4216; x_wconf 89' lang='lat' dir='ltr'><strong>monachis,</strong></span> <span class='ocrx_word' id='word_1_599' title='bbox 3069 4154 3295 4211; x_wconf 87' lang='lat' dir='ltr'><strong>alterum</strong></span> 
     </span>
    </p>
   </div>
   <div class='ocr_carea' id='block_1_89' title="bbox 1708 4240 3299 4306">
    <p class='ocr_par' dir='ltr' id='par_1_89' title="bbox 1708 4240 3299 4306">
     <span class='ocr_line' id='line_1_89' title="bbox 1708 4240 3299 4306; baseline -0.006 0"><span class='ocrx_word' id='word_1_600' title='bbox 1708 4265 1841 4306; x_wconf 85' lang='lat' dir='ltr'><strong>vero</strong></span> <span class='ocrx_word' id='word_1_601' title='bbox 1874 4264 1994 4303; x_wconf 89' lang='lat' dir='ltr'><strong>cum</strong></span> <span class='ocrx_word' id='word_1_602' title='bbox 2027 4248 2242 4303; x_wconf 80' lang='lat' dir='ltr'><strong>clericis</strong></span> <span class='ocrx_word' id='word_1_603' title='bbox 2258 4246 2473 4300; x_wconf 89' lang='lat' dir='ltr'><strong>obviam</strong></span> <span class='ocrx_word' id='word_1_604' title='bbox 2500 4244 2811 4299; x_wconf 86' lang='lat' dir='ltr'><strong>habuimus.</strong></span> <span class='ocrx_word' id='word_1_605' title='bbox 2846 4240 2947 4297; x_wconf 91' lang='lat' dir='ltr'><strong>Ubi</strong></span> <span class='ocrx_word' id='word_1_606' title='bbox 2970 4256 3035 4294; x_wconf 81' lang='lat' dir='ltr'><strong>ex</strong></span> <span class='ocrx_word' id='word_1_607' title='bbox 3072 4242 3299 4296; x_wconf 86' lang='lat' dir='ltr'><strong>diversis</strong></span> 
     </span>
    </p>
   </div>
   <div class='ocr_carea' id='block_1_90' title="bbox 1709 4330 3298 4415">
    <p class='ocr_par' dir='ltr' id='par_1_90' title="bbox 1709 4330 3298 4415">
     <span class='ocr_line' id='line_1_90' title="bbox 1709 4330 3298 4415; baseline -0.008 -17"><span class='ocrx_word' id='word_1_608' title='bbox 1709 4343 2013 4415; x_wconf 66' lang='lat' dir='ltr'><strong>quibusque</strong></span> <span class='ocrx_word' id='word_1_609' title='bbox 2035 4342 2318 4397; x_wconf 90' lang='lat' dir='ltr'><strong>ordinibus</strong></span> <span class='ocrx_word' id='word_1_610' title='bbox 2347 4335 2640 4396; x_wconf 89' lang='lat' dir='ltr'><strong>suburbani</strong></span> <span class='ocrx_word' id='word_1_611' title='bbox 2666 4331 2942 4404; x_wconf 91' lang='lat' dir='ltr'><strong>oppidani,</strong></span> <span class='ocrx_word' id='word_1_612' title='bbox 2970 4330 3151 4386; x_wconf 83' lang='lat' dir='ltr'><strong>clerici</strong></span> <span class='ocrx_word' id='word_1_613' title='bbox 3175 4334 3298 4386; x_wconf 88' lang='lat' dir='ltr'><strong>cum</strong></span> 
     </span>
    </p>
   </div>
   <div class='ocr_carea' id='block_1_91' title="bbox 56 4426 3298 4509">
    <p class='ocr_par' dir='ltr' id='par_1_91' title="bbox 56 4426 3298 4509">
     <span class='ocr_line' id='line_1_91' title="bbox 56 4426 3298 4509; baseline 0.001 -34"><span class='ocrx_word' id='word_1_614' title='bbox 56 4429 227 4492; x_wconf 68' lang='lat' dir='ltr'><strong>relatis,</strong></span> <span class='ocrx_word' id='word_1_615' title='bbox 255 4447 373 4501; x_wconf 70' lang='lat' dir='ltr'><strong>qua:</strong></span> <span class='ocrx_word' id='word_1_616' title='bbox 417 4433 585 4488; x_wconf 89' lang='lat' dir='ltr'><strong>etiam</strong></span> <span class='ocrx_word' id='word_1_617' title='bbox 628 4433 973 4502; x_wconf 87' lang='lat' dir='ltr'><strong>postmodum</strong></span> <span class='ocrx_word' id='word_1_618' title='bbox 1024 4431 1179 4487; x_wconf 87' lang='lat' dir='ltr'><strong>nobis</strong></span> <span class='ocrx_word' id='word_1_619' title='bbox 1220 4429 1386 4486; x_wconf 87' lang='lat' dir='ltr'><strong>relata</strong></span> <span class='ocrx_word' id='word_1_620' title='bbox 1418 4440 1545 4485; x_wconf 88' lang='lat' dir='ltr'><strong>sunt</strong></span> <span class='ocrx_word' id='word_1_621' title='bbox 1576 4446 1605 4485; x_wconf 88' lang='lat' dir='ltr'><strong>a</strong></span> <span class='ocrx_word' id='word_1_622' title='bbox 1640 4449 1689 4509; x_wconf 77' lang='grc' dir='ltr'>ι)</span> <span class='ocrx_word' id='word_1_623' title='bbox 1716 4435 1997 4491; x_wconf 89' lang='lat' dir='ltr'><strong>monachis</strong></span> <span class='ocrx_word' id='word_1_624' title='bbox 2025 4433 2249 4496; x_wconf 83' lang='lat' dir='ltr'><strong>atl’uere,</strong></span> <span class='ocrx_word' id='word_1_625' title='bbox 2286 4432 2377 4503; x_wconf 91' lang='lat' dir='ltr'><strong>qui</strong></span> <span class='ocrx_word' id='word_1_626' title='bbox 2420 4429 2591 4485; x_wconf 89' lang='lat' dir='ltr'><strong>nostri</strong></span> <span class='ocrx_word' id='word_1_627' title='bbox 2638 4426 2854 4498; x_wconf 88' lang='lat' dir='ltr'><strong>patroni</strong></span> <span class='ocrx_word' id='word_1_628' title='bbox 2906 4426 3121 4480; x_wconf 87' lang='lat' dir='ltr'><strong>thecam</strong></span> <span class='ocrx_word' id='word_1_629' title='bbox 3166 4442 3298 4479; x_wconf 89' lang='lat' dir='ltr'><strong>cum</strong></span> 
     </span>
    </p>
   </div>
   <div class='ocr_carea' id='block_1_92' title="bbox 58 4516 1607 4596">
    <p class='ocr_par' dir='ltr' id='par_1_92' title="bbox 58 4516 1607 4596">
     <span class='ocr_line' id='line_1_92' title="bbox 58 4516 1607 4596; baseline 0.005 -26"><span class='ocrx_word' id='word_1_630' title='bbox 58 4516 272 4577; x_wconf 84' lang='lat' dir='ltr'><strong>ﬁdelibus</strong></span> <span class='ocrx_word' id='word_1_631' title='bbox 298 4526 450 4591; x_wconf 89' lang='lat' dir='ltr'><strong>viris,</strong></span> <span class='ocrx_word' id='word_1_632' title='bbox 478 4535 659 4596; x_wconf 88' lang='lat' dir='ltr'><strong>grates</strong></span> <span class='ocrx_word' id='word_1_633' title='bbox 693 4527 935 4581; x_wconf 85' lang='lat' dir='ltr'><strong>solvebat</strong></span> <span class='ocrx_word' id='word_1_634' title='bbox 970 4523 1236 4593; x_wconf 84' lang='lat' dir='ltr'><strong>tnajestati</strong></span> <span class='ocrx_word' id='word_1_635' title='bbox 1268 4524 1607 4578; x_wconf 84' lang='lat' dir='ltr'><strong>Cclsitouau-</strong></span> 
     </span>
    </p>
   </div>
   <div class='ocr_carea' id='block_1_93' title="bbox 60 4609 1604 4685">
    <p class='ocr_par' dir='ltr' id='par_1_93' title="bbox 60 4609 1604 4685">
     <span class='ocr_line' id='line_1_93' title="bbox 60 4609 1604 4685; baseline 0.006 -25"><span class='ocrx_word' id='word_1_636' title='bbox 60 4609 125 4662; x_wconf 87' lang='lat' dir='ltr'><strong>tis.</strong></span> <span class='ocrx_word' id='word_1_637' title='bbox 182 4611 286 4668; x_wconf 84' lang='lat' dir='ltr'><strong>Non</strong></span> <span class='ocrx_word' id='word_1_638' title='bbox 320 4616 496 4671; x_wconf 90' lang='lat' dir='ltr'><strong>solum</strong></span> <span class='ocrx_word' id='word_1_639' title='bbox 558 4616 741 4685; x_wconf 89' lang='lat' dir='ltr'><strong>hujus,</strong></span> <span class='ocrx_word' id='word_1_640' title='bbox 796 4618 890 4672; x_wconf 81' lang='lat' dir='ltr'><strong>sed</strong></span> <span class='ocrx_word' id='word_1_641' title='bbox 919 4625 975 4671; x_wconf 89' lang='lat' dir='ltr'><strong>et</strong></span> <span class='ocrx_word' id='word_1_642' title='bbox 1019 4626 1338 4673; x_wconf 72' lang='lat' dir='ltr'><strong>camerarum</strong></span> <span class='ocrx_word' id='word_1_643' title='bbox 1389 4616 1604 4671; x_wconf 87' lang='lat' dir='ltr'><strong>urbium</strong></span> 
     </span>
    </p>
   </div>
   <div class='ocr_carea' id='block_1_94' title="bbox 60 4698 1608 4776">
    <p class='ocr_par' dir='ltr' id='par_1_94' title="bbox 60 4698 1608 4776">
     <span class='ocr_line' id='line_1_94' title="bbox 60 4698 1608 4776; baseline 0.006 -27"><span class='ocrx_word' id='word_1_644' title='bbox 60 4698 287 4770; x_wconf 78' lang='lat' dir='ltr'><strong>indigena:</strong></span> <span class='ocrx_word' id='word_1_645' title='bbox 324 4708 390 4762; x_wconf 89' lang='lat' dir='ltr'><strong>ad</strong></span> <span class='ocrx_word' id='word_1_646' title='bbox 426 4707 542 4761; x_wconf 59' lang='lat' dir='ltr'><strong>haec</strong></span> <span class='ocrx_word' id='word_1_647' title='bbox 592 4705 929 4762; x_wconf 84' lang='lat' dir='ltr'><strong>conﬂuentes</strong></span> <span class='ocrx_word' id='word_1_648' title='bbox 982 4709 1311 4776; x_wconf 89' lang='lat' dir='ltr'><strong>spectacula,</strong></span> <span class='ocrx_word' id='word_1_649' title='bbox 1346 4709 1452 4763; x_wconf 87' lang='lat' dir='ltr'><strong>Deo</strong></span> <span class='ocrx_word' id='word_1_650' title='bbox 1500 4707 1608 4761; x_wconf 82' lang='lat' dir='ltr'><strong>sol-</strong></span> 
     </span>
    </p>
   </div>
   <div class='ocr_carea' id='block_1_95' title="bbox 60 4794 1606 4873">
    <p class='ocr_par' dir='ltr' id='par_1_95' title="bbox 60 4794 1606 4873">
     <span class='ocr_line' id='line_1_95' title="bbox 60 4794 1606 4873; baseline 0.007 -29"><span class='ocrx_word' id='word_1_651' title='bbox 60 4794 223 4849; x_wconf 84' lang='lat' dir='ltr'><strong>vehant</strong></span> <span class='ocrx_word' id='word_1_652' title='bbox 245 4814 332 4861; x_wconf 86' lang='lat' dir='ltr'><strong>ora</strong></span> <span class='ocrx_word' id='word_1_653' title='bbox 365 4802 590 4857; x_wconf 90' lang='lat' dir='ltr'><strong>vocibus</strong></span> <span class='ocrx_word' id='word_1_654' title='bbox 636 4802 981 4873; x_wconf 84' lang='lat' dir='ltr'><strong>hymnidicis,</strong></span> <span class='ocrx_word' id='word_1_655' title='bbox 1019 4803 1203 4858; x_wconf 84' lang='lat' dir='ltr'><strong>divino</strong></span> <span class='ocrx_word' id='word_1_656' title='bbox 1252 4804 1456 4857; x_wconf 89' lang='lat' dir='ltr'><strong>numini</strong></span> <span class='ocrx_word' id='word_1_657' title='bbox 1489 4803 1606 4856; x_wconf 87' lang='lat' dir='ltr'><strong>lau-</strong></span> 
     </span>
    </p>
   </div>
   <div class='ocr_carea' id='block_1_96' title="bbox 59 4883 1603 4964">
    <p class='ocr_par' dir='ltr' id='par_1_96' title="bbox 59 4883 1603 4964">
     <span class='ocr_line' id='line_1_96' title="bbox 59 4883 1603 4964; baseline 0.01 -30"><span class='ocrx_word' id='word_1_658' title='bbox 59 4883 157 4938; x_wconf 89' lang='lat' dir='ltr'><strong>dem</strong></span> <span class='ocrx_word' id='word_1_659' title='bbox 184 4890 437 4957; x_wconf 87' lang='lat' dir='ltr'><strong>dicentes,</strong></span> <span class='ocrx_word' id='word_1_660' title='bbox 461 4896 603 4963; x_wconf 81' lang='lat' dir='ltr'><strong>quod</strong></span> <span class='ocrx_word' id='word_1_661' title='bbox 633 4909 796 4949; x_wconf 88' lang='lat' dir='ltr'><strong>causa</strong></span> <span class='ocrx_word' id='word_1_662' title='bbox 827 4905 1074 4950; x_wconf 87' lang='lat' dir='ltr'><strong>sanctum</strong></span> <span class='ocrx_word' id='word_1_663' title='bbox 1105 4896 1230 4951; x_wconf 91' lang='lat' dir='ltr'><strong>illac</strong></span> <span class='ocrx_word' id='word_1_664' title='bbox 1285 4897 1603 4964; x_wconf 87' lang='lat' dir='ltr'><strong>deportandi</strong></span> 
     </span>
    </p>
   </div>
   <div class='ocr_carea' id='block_1_97' title="bbox 60 4979 1606 5059">
    <p class='ocr_par' dir='ltr' id='par_1_97' title="bbox 60 4979 1606 5059">
     <span class='ocr_line' id='line_1_97' title="bbox 60 4979 1606 5059; baseline 0.01 -33"><span class='ocrx_word' id='word_1_665' title='bbox 60 4979 308 5048; x_wconf 82' lang='lat' dir='ltr'><strong>acciderit,</strong></span> <span class='ocrx_word' id='word_1_666' title='bbox 330 4986 612 5041; x_wconf 88' lang='lat' dir='ltr'><strong>credentes</strong></span> <span class='ocrx_word' id='word_1_667' title='bbox 656 4987 913 5057; x_wconf 87' lang='lat' dir='ltr'><strong>quoniam</strong></span> <span class='ocrx_word' id='word_1_668' title='bbox 949 5004 1225 5058; x_wconf 87' lang='lat' dir='ltr'><strong>nunquam</strong></span> <span class='ocrx_word' id='word_1_669' title='bbox 1270 5003 1300 5043; x_wconf 86' lang='lat' dir='ltr'><strong>a</strong></span> <span class='ocrx_word' id='word_1_670' title='bbox 1331 4997 1479 5044; x_wconf 89' lang='lat' dir='ltr'><strong>tanto</strong></span> <span class='ocrx_word' id='word_1_671' title='bbox 1511 5004 1606 5059; x_wconf 83' lang='lat' dir='ltr'><strong>pa-</strong></span> 
     </span>
    </p>
   </div>
   <div class='ocr_carea' id='block_1_98' title="bbox 63 5074 1604 5144">
    <p class='ocr_par' dir='ltr' id='par_1_98' title="bbox 63 5074 1604 5144">
     <span class='ocr_line' id='line_1_98' title="bbox 63 5074 1604 5144; baseline 0.012 -28"><span class='ocrx_word' id='word_1_672' title='bbox 63 5074 194 5125; x_wconf 80' lang='lat' dir='ltr'><strong>trono</strong></span> <span class='ocrx_word' id='word_1_673' title='bbox 234 5076 354 5131; x_wconf 91' lang='lat' dir='ltr'><strong>talia</strong></span> <span class='ocrx_word' id='word_1_674' title='bbox 399 5078 513 5133; x_wconf 88' lang='lat' dir='ltr'><strong>suis</strong></span> <span class='ocrx_word' id='word_1_675' title='bbox 564 5089 884 5133; x_wconf 89' lang='lat' dir='ltr'><strong>emanarent</strong></span> <span class='ocrx_word' id='word_1_676' title='bbox 916 5078 1107 5144; x_wconf 89' lang='lat' dir='ltr'><strong>oculis,</strong></span> <span class='ocrx_word' id='word_1_677' title='bbox 1155 5080 1261 5134; x_wconf 90' lang='lat' dir='ltr'><strong>nisi</strong></span> <span class='ocrx_word' id='word_1_678' title='bbox 1314 5081 1604 5137; x_wconf 85' lang='lat' dir='ltr'><strong>ecclesiam</strong></span> 
     </span>
    </p>
   </div>
   <div class='ocr_carea' id='block_1_99' title="bbox 62 5157 1604 5242">
    <p class='ocr_par' dir='ltr' id='par_1_99' title="bbox 62 5157 1604 5242">
     <span class='ocr_line' id='line_1_99' title="bbox 62 5157 1604 5242; baseline 0.001 -17"><span class='ocrx_word' id='word_1_679' title='bbox 62 5157 205 5225; x_wconf 74' lang='lat' dir='ltr'><strong>iPsius</strong></span> <span class='ocrx_word' id='word_1_680' title='bbox 260 5168 561 5225; x_wconf 90' lang='lat' dir='ltr'><strong>incendium</strong></span> <span class='ocrx_word' id='word_1_681' title='bbox 620 5170 1007 5225; x_wconf 87' lang='lat' dir='ltr'><strong>dcvastaverit.</strong></span> <span class='ocrx_word' id='word_1_682' title='bbox 1073 5170 1280 5240; x_wconf 86' lang='lat' dir='ltr'><strong>Quippe</strong></span> <span class='ocrx_word' id='word_1_683' title='bbox 1325 5172 1451 5242; x_wconf 83' lang='lat' dir='ltr'><strong>quia</strong></span> <span class='ocrx_word' id='word_1_684' title='bbox 1506 5188 1604 5227; x_wconf 90' lang='lat' dir='ltr'><strong>nec</strong></span> 
     </span>
    </p>
   </div>
   <div class='ocr_carea' id='block_1_100' title="bbox 61 5246 1209 5331">
    <p class='ocr_par' dir='ltr' id='par_1_100' title="bbox 61 5246 1209 5331">
     <span class='ocr_line' id='line_1_100' title="bbox 61 5246 1209 5331; baseline 0.001 -17"><span class='ocrx_word' id='word_1_685' title='bbox 61 5246 206 5314; x_wconf 64' lang='grc' dir='ltr'><strong>ἱβδιιιιι</strong></span> <span class='ocrx_word' id='word_1_686' title='bbox 235 5257 339 5312; x_wconf 90' lang='lat' dir='ltr'><strong>suis</strong></span> <span class='ocrx_word' id='word_1_687' title='bbox 362 5258 582 5314; x_wconf 85' lang='lat' dir='ltr'><strong>allatum</strong></span> <span class='ocrx_word' id='word_1_688' title='bbox 613 5260 908 5331; x_wconf 82' lang='lat' dir='ltr'><strong>gauderent</strong></span> <span class='ocrx_word' id='word_1_689' title='bbox 938 5259 1209 5315; x_wconf 84' lang='lat' dir='ltr'><strong>confiniis.</strong></span> 
     </span>
    </p>
   </div>
   <div class='ocr_carea' id='block_1_101' title="bbox 118 5425 991 5505">
    <p class='ocr_par' dir='ltr' id='par_1_101' title="bbox 118 5425 991 5505">
     <span class='ocr_line' id='line_1_101' title="bbox 118 5425 991 5505; baseline -0.001 -13"><span class='ocrx_word' id='word_1_690' title='bbox 118 5425 215 5505; x_wconf 56' lang='grc' dir='ltr'><strong>(ἕξ)</strong></span> <span class='ocrx_word' id='word_1_691' title='bbox 247 5429 317 5505; x_wconf 77' lang='lat' dir='ltr'><strong>ita</strong></span> <span class='ocrx_word' id='word_1_692' title='bbox 343 5451 473 5492; x_wconf 88' lang='lat' dir='ltr'><strong>mss.</strong></span> <span class='ocrx_word' id='word_1_693' title='bbox 499 5437 729 5505; x_wconf 89' lang='lat' dir='ltr'><strong>editum,</strong></span> <span class='ocrx_word' id='word_1_694' title='bbox 757 5455 991 5494; x_wconf 79' lang='lat' dir='ltr'><strong>cursum.</strong></span> 
     </span>
    </p>
   </div>
   <div class='ocr_carea' id='block_1_102' title="bbox 119 5497 1604 5585">
    <p class='ocr_par' dir='ltr' id='par_1_102' title="bbox 119 5497 1604 5585">
     <span class='ocr_line' id='line_1_102' title="bbox 119 5497 1604 5585; baseline 0.001 -21"><span class='ocrx_word' id='word_1_695' title='bbox 119 5497 214 5566; x_wconf 62' lang='grc' dir='ltr'><strong>(ιδ)</strong></span> <span class='ocrx_word' id='word_1_696' title='bbox 249 5504 540 5585; x_wconf 61' lang='lat' dir='ltr'><strong>Calneium,</strong></span> <span class='ocrx_word' id='word_1_697' title='bbox 574 5497 1163 5585; x_wconf 50' lang='lat' dir='ltr'><strong>Mass&#39;onqCalnicum,</strong></span> <span class='ocrx_word' id='word_1_698' title='bbox 1212 5509 1378 5585; x_wconf 64' lang='lat' dir='ltr'><strong>vulgo</strong></span> <span class='ocrx_word' id='word_1_699' title='bbox 1402 5510 1604 5566; x_wconf 73' lang='lat' dir='ltr'><strong>Chatti-</strong></span> 
     </span>
    </p>
   </div>
   <div class='ocr_carea' id='block_1_103' title="bbox 64 5576 1604 5651">
    <p class='ocr_par' dir='ltr' id='par_1_103' title="bbox 64 5576 1604 5651">
     <span class='ocr_line' id='line_1_103' title="bbox 64 5576 1604 5651; baseline 0.006 -24"><span class='ocrx_word' id='word_1_700' title='bbox 64 5576 151 5651; x_wconf 45' lang='grc' dir='ltr'><strong>’με</strong></span> <span class='ocrx_word' id='word_1_701' title='bbox 203 5576 442 5651; x_wconf 67' lang='lat' dir='ltr'><strong>oppidum</strong></span> <span class='ocrx_word' id='word_1_702' title='bbox 496 5595 603 5634; x_wconf 89' lang='lat' dir='ltr'><strong>non</strong></span> <span class='ocrx_word' id='word_1_703' title='bbox 658 5581 850 5651; x_wconf 82' lang='lat' dir='ltr'><strong>procul</strong></span> <span class='ocrx_word' id='word_1_704' title='bbox 899 5582 967 5636; x_wconf 87' lang='lat' dir='ltr'><strong>ab</strong></span> <span class='ocrx_word' id='word_1_705' title='bbox 1015 5582 1165 5636; x_wconf 85' lang='lat' dir='ltr'><strong>Aisia</strong></span> <span class='ocrx_word' id='word_1_706' title='bbox 1205 5576 1391 5644; x_wconf 78' lang='lat' dir='ltr'><strong>ﬂuvio,</strong></span> <span class='ocrx_word' id='word_1_707' title='bbox 1437 5597 1604 5650; x_wconf 87' lang='lat' dir='ltr'><strong>equo</strong></span> 
     </span>
    </p>
   </div>
   <div class='ocr_carea' id='block_1_104' title="bbox 64 5633 1603 5760">
    <p class='ocr_par' dir='ltr' id='par_1_104' title="bbox 64 5633 1603 5760">
     <span class='ocr_line' id='line_1_104' title="bbox 64 5633 1603 5760; baseline 0.013 -68"><span class='ocrx_word' id='word_1_708' title='bbox 64 5633 288 5760; x_wconf 39' lang='lat' dir='ltr'><strong>minus</strong></span> <span class='ocrx_word' id='word_1_709' title='bbox 330 5648 472 5705; x_wconf 85' lang='lat' dir='ltr'><strong>rivus</strong></span> <span class='ocrx_word' id='word_1_710' title='bbox 502 5633 685 5723; x_wconf 63' lang='lat' dir='ltr'><strong>prope</strong></span> <span class='ocrx_word' id='word_1_711' title='bbox 703 5633 912 5708; x_wconf 77' lang='lat' dir='ltr'><strong>muros</strong></span> <span class='ocrx_word' id='word_1_712' title='bbox 933 5633 1298 5709; x_wconf 55' lang='lat' dir='ltr'><strong>éht&#39;e&#39;é&#39;rériim’</strong></span> <span class='ocrx_word' id='word_1_713' title='bbox 1317 5633 1391 5709; x_wconf 40' lang='lat' dir='ltr'><strong>etv</strong></span> <span class='ocrx_word' id='word_1_714' title='bbox 1410 5633 1603 5711; x_wconf 52' lang='lat' dir='ltr'><strong>Novio:</strong></span> 
     </span>
    </p>
   </div>
   <div class='ocr_carea' id='block_1_105' title="bbox 1713 4519 3301 4596">
    <p class='ocr_par' dir='ltr' id='par_1_105' title="bbox 1713 4519 3301 4596">
     <span class='ocr_line' id='line_1_105' title="bbox 1713 4519 3301 4596; baseline -0.008 -12"><span class='ocrx_word' id='word_1_715' title='bbox 1713 4530 1976 4584; x_wconf 90' lang='lat' dir='ltr'><strong>immensa</strong></span> <span class='ocrx_word' id='word_1_716' title='bbox 2006 4527 2365 4596; x_wconf 89' lang='lat' dir='ltr'><strong>suscipientes</strong></span> <span class='ocrx_word' id='word_1_717' title='bbox 2390 4521 2763 4584; x_wconf 85' lang='lat' dir='ltr'><strong>veneratione,</strong></span> <span class='ocrx_word' id='word_1_718' title='bbox 2811 4535 2877 4574; x_wconf 92' lang='lat' dir='ltr'><strong>ac</strong></span> <span class='ocrx_word' id='word_1_719' title='bbox 2905 4534 3113 4574; x_wconf 89' lang='lat' dir='ltr'><strong>summa</strong></span> <span class='ocrx_word' id='word_1_720' title='bbox 3137 4519 3301 4573; x_wconf 87' lang='lat' dir='ltr'><strong>devo-</strong></span> 
     </span>
    </p>
   </div>
   <div class='ocr_carea' id='block_1_106' title="bbox 1712 4612 3298 4689">
    <p class='ocr_par' dir='ltr' id='par_1_106' title="bbox 1712 4612 3298 4689">
     <span class='ocr_line' id='line_1_106' title="bbox 1712 4612 3298 4689; baseline -0.008 -12"><span class='ocrx_word' id='word_1_721' title='bbox 1712 4622 1861 4677; x_wconf 88' lang='lat' dir='ltr'><strong>tione</strong></span> <span class='ocrx_word' id='word_1_722' title='bbox 1899 4621 1951 4674; x_wconf 94' lang='lat' dir='ltr'><strong>in</strong></span> <span class='ocrx_word' id='word_1_723' title='bbox 1988 4619 2160 4689; x_wconf 91' lang='lat' dir='ltr'><strong>ipsam</strong></span> <span class='ocrx_word' id='word_1_724' title='bbox 2194 4616 2522 4688; x_wconf 85' lang='lat' dir='ltr'><strong>pontificalis</strong></span> <span class='ocrx_word' id='word_1_725' title='bbox 2578 4613 2856 4668; x_wconf 72' lang='lat' dir='ltr'><strong>cathedra:</strong></span> <span class='ocrx_word' id='word_1_726' title='bbox 2890 4612 3174 4666; x_wconf 82' lang='lat' dir='ltr'><strong>ecclesiam</strong></span> <span class='ocrx_word' id='word_1_727' title='bbox 3206 4612 3298 4666; x_wconf 86' lang='lat' dir='ltr'><strong>de-</strong></span> 
     </span>
    </p>
   </div>
   <div class='ocr_carea' id='block_1_107' title="bbox 1712 4702 3307 4779">
    <p class='ocr_par' dir='ltr' id='par_1_107' title="bbox 1712 4702 3307 4779">
     <span class='ocr_line' id='line_1_107' title="bbox 1712 4702 3307 4779; baseline -0.008 -11"><span class='ocrx_word' id='word_1_728' title='bbox 1712 4713 1904 4768; x_wconf 90' lang='lat' dir='ltr'><strong>tulere.</strong></span> <span class='ocrx_word' id='word_1_729' title='bbox 1938 4712 2116 4766; x_wconf 89' lang='lat' dir='ltr'><strong>Tenso</strong></span> <span class='ocrx_word' id='word_1_730' title='bbox 2147 4710 2328 4779; x_wconf 88' lang='lat' dir='ltr'><strong>itaque</strong></span> <span class='ocrx_word' id='word_1_731' title='bbox 2357 4709 2410 4763; x_wconf 89' lang='lat' dir='ltr'><strong>in</strong></span> <span class='ocrx_word' id='word_1_732' title='bbox 2459 4708 2636 4778; x_wconf 87' lang='lat' dir='ltr'><strong>platea</strong></span> <span class='ocrx_word' id='word_1_733' title='bbox 2678 4704 2831 4759; x_wconf 86' lang='lat' dir='ltr'><strong>urbis</strong></span> <span class='ocrx_word' id='word_1_734' title='bbox 2857 4711 3043 4757; x_wconf 89' lang='lat' dir='ltr'><strong>nostro</strong></span> <span class='ocrx_word' id='word_1_735' title='bbox 3077 4702 3307 4773; x_wconf 89' lang='lat' dir='ltr'><strong>papilio-</strong></span> 
     </span>
    </p>
   </div>
   <div class='ocr_carea' id='block_1_108' title="bbox 1711 4794 3299 4872">
    <p class='ocr_par' dir='ltr' id='par_1_108' title="bbox 1711 4794 3299 4872">
     <span class='ocr_line' id='line_1_108' title="bbox 1711 4794 3299 4872; baseline -0.01 -11"><span class='ocrx_word' id='word_1_736' title='bbox 1711 4819 1795 4869; x_wconf 89' lang='lat' dir='ltr'><strong>ne,</strong></span> <span class='ocrx_word' id='word_1_737' title='bbox 1828 4806 1989 4861; x_wconf 90' lang='lat' dir='ltr'><strong>iidem</strong></span> <span class='ocrx_word' id='word_1_738' title='bbox 2017 4804 2159 4859; x_wconf 90' lang='lat' dir='ltr'><strong>haud</strong></span> <span class='ocrx_word' id='word_1_739' title='bbox 2191 4803 2310 4858; x_wconf 89' lang='lat' dir='ltr'><strong>sine</strong></span> <span class='ocrx_word' id='word_1_740' title='bbox 2337 4801 2507 4872; x_wconf 91' lang='lat' dir='ltr'><strong>ipsius</strong></span> <span class='ocrx_word' id='word_1_741' title='bbox 2560 4799 2669 4855; x_wconf 91' lang='lat' dir='ltr'><strong>loci</strong></span> <span class='ocrx_word' id='word_1_742' title='bbox 2697 4797 2950 4851; x_wconf 89' lang='lat' dir='ltr'><strong>antistite</strong></span> <span class='ocrx_word' id='word_1_743' title='bbox 2990 4794 3299 4849; x_wconf 78' lang='lat' dir='ltr'><strong>Baldewiuo</strong></span> 
     </span>
    </p>
   </div>
   <div class='ocr_carea' id='block_1_109' title="bbox 1711 4895 3297 4972">
    <p class='ocr_par' dir='ltr' id='par_1_109' title="bbox 1711 4895 3297 4972">
     <span class='ocr_line' id='line_1_109' title="bbox 1711 4895 3297 4972; baseline -0.01 -18"><span class='ocrx_word' id='word_1_744' title='bbox 1711 4900 1823 4972; x_wconf 78' lang='lat' dir='ltr'><strong>(i7)</strong></span> <span class='ocrx_word' id='word_1_745' title='bbox 1867 4907 2181 4954; x_wconf 88' lang='lat' dir='ltr'><strong>reverenter</strong></span> <span class='ocrx_word' id='word_1_746' title='bbox 2222 4895 2570 4965; x_wconf 86' lang='lat' dir='ltr'><strong>recipientes,</strong></span> <span class='ocrx_word' id='word_1_747' title='bbox 2607 4907 2673 4947; x_wconf 91' lang='lat' dir='ltr'><strong>eo</strong></span> <span class='ocrx_word' id='word_1_748' title='bbox 2723 4900 3094 4960; x_wconf 87' lang='lat' dir='ltr'><strong>asportavere,</strong></span> <span class='ocrx_word' id='word_1_749' title='bbox 3146 4896 3297 4940; x_wconf 87' lang='lat' dir='ltr'><strong>tanto</strong></span> 
     </span>
    </p>
   </div>
   <div class='ocr_carea' id='block_1_110' title="bbox 1709 4978 3299 5062">
    <p class='ocr_par' dir='ltr' id='par_1_110' title="bbox 1709 4978 3299 5062">
     <span class='ocr_line' id='line_1_110' title="bbox 1709 4978 3299 5062; baseline -0.01 -16"><span class='ocrx_word' id='word_1_750' title='bbox 1709 4991 2014 5062; x_wconf 84' lang='lat' dir='ltr'><strong>gaudentes</strong></span> <span class='ocrx_word' id='word_1_751' title='bbox 2037 4987 2271 5059; x_wconf 89' lang='lat' dir='ltr'><strong>hospite.</strong></span> <span class='ocrx_word' id='word_1_752' title='bbox 2302 4986 2407 5043; x_wconf 89' lang='lat' dir='ltr'><strong>Ubi</strong></span> <span class='ocrx_word' id='word_1_753' title='bbox 2438 4983 2721 5040; x_wconf 88' lang='lat' dir='ltr'><strong>nocturnis</strong></span> <span class='ocrx_word' id='word_1_754' title='bbox 2757 4982 2824 5036; x_wconf 89' lang='lat' dir='ltr'><strong>de</strong></span> <span class='ocrx_word' id='word_1_755' title='bbox 2876 4992 3026 5035; x_wconf 90' lang='lat' dir='ltr'><strong>more</strong></span> <span class='ocrx_word' id='word_1_756' title='bbox 3066 4978 3299 5046; x_wconf 74' lang='lat' dir='ltr'><strong>expletis</strong></span> 
     </span>
    </p>
   </div>
   <div class='ocr_carea' id='block_1_111' title="bbox 1712 5066 3300 5155">
    <p class='ocr_par' dir='ltr' id='par_1_111' title="bbox 1712 5066 3300 5155">
     <span class='ocr_line' id='line_1_111' title="bbox 1712 5066 3300 5155; baseline -0.01 -17"><span class='ocrx_word' id='word_1_757' title='bbox 1712 5084 1954 5155; x_wconf 86' lang='lat' dir='ltr'><strong>vigiliis,</strong></span> <span class='ocrx_word' id='word_1_758' title='bbox 2008 5081 2396 5136; x_wconf 89' lang='lat' dir='ltr'><strong>matutiuorum</strong></span> <span class='ocrx_word' id='word_1_759' title='bbox 2448 5090 2668 5147; x_wconf 88' lang='lat' dir='ltr'><strong>quoque</strong></span> <span class='ocrx_word' id='word_1_760' title='bbox 2734 5066 3022 5128; x_wconf 88' lang='lat' dir='ltr'><strong>nostratim</strong></span> <span class='ocrx_word' id='word_1_761' title='bbox 3061 5068 3300 5140; x_wconf 61' lang='lat' dir='ltr'><strong>peractis</strong></span> 
     </span>
    </p>
   </div>
   <div class='ocr_carea' id='block_1_112' title="bbox 1708 5160 3298 5240">
    <p class='ocr_par' dir='ltr' id='par_1_112' title="bbox 1708 5160 3298 5240">
     <span class='ocr_line' id='line_1_112' title="bbox 1708 5160 3298 5240; baseline -0.011 -9"><span class='ocrx_word' id='word_1_762' title='bbox 1708 5174 2006 5240; x_wconf 87' lang='lat' dir='ltr'><strong>solemniis,</strong></span> <span class='ocrx_word' id='word_1_763' title='bbox 2036 5189 2101 5228; x_wconf 93' lang='lat' dir='ltr'><strong>en</strong></span> <span class='ocrx_word' id='word_1_764' title='bbox 2153 5173 2347 5226; x_wconf 90' lang='lat' dir='ltr'><strong>nmlier</strong></span> <span class='ocrx_word' id='word_1_765' title='bbox 2369 5169 2530 5226; x_wconf 69' lang='lat' dir='ltr'><strong>affuit.</strong></span> <span class='ocrx_word' id='word_1_766' title='bbox 2575 5180 2837 5235; x_wconf 87' lang='lat' dir='ltr'><strong>oppressa</strong></span> <span class='ocrx_word' id='word_1_767' title='bbox 2872 5163 3078 5217; x_wconf 87' lang='lat' dir='ltr'><strong>enormi</strong></span> <span class='ocrx_word' id='word_1_768' title='bbox 3114 5160 3298 5215; x_wconf 87' lang='lat' dir='ltr'><strong>dolore</strong></span> 
     </span>
    </p>
   </div>
   <div class='ocr_carea' id='block_1_113' title="bbox 1708 5254 3296 5337">
    <p class='ocr_par' dir='ltr' id='par_1_113' title="bbox 1708 5254 3296 5337">
     <span class='ocr_line' id='line_1_113' title="bbox 1708 5254 3296 5337; baseline -0.011 -16"><span class='ocrx_word' id='word_1_769' title='bbox 1708 5266 2013 5337; x_wconf 86' lang='lat' dir='ltr'><strong>vertiginis,</strong></span> <span class='ocrx_word' id='word_1_770' title='bbox 2057 5266 2109 5319; x_wconf 89' lang='lat' dir='ltr'><strong>in</strong></span> <span class='ocrx_word' id='word_1_771' title='bbox 2154 5272 2363 5318; x_wconf 90' lang='lat' dir='ltr'><strong>tantum</strong></span> <span class='ocrx_word' id='word_1_772' title='bbox 2395 5271 2455 5316; x_wconf 87' lang='lat' dir='ltr'><strong>ut</strong></span> <span class='ocrx_word' id='word_1_773' title='bbox 2506 5272 2745 5323; x_wconf 92' lang='lat' dir='ltr'><strong>sursum,</strong></span> <span class='ocrx_word' id='word_1_774' title='bbox 2796 5264 2890 5309; x_wconf 88' lang='lat' dir='ltr'><strong>aut</strong></span> <span class='ocrx_word' id='word_1_775' title='bbox 2929 5254 3296 5319; x_wconf 82' lang='lat' dir='ltr'><strong>dextrorsum,</strong></span> 
     </span>
    </p>
   </div>
   <div class='ocr_carea' id='block_1_114' title="bbox 1779 5431 3297 5514">
    <p class='ocr_par' dir='ltr' id='par_1_114' title="bbox 1779 5431 3297 5514">
     <span class='ocr_line' id='line_1_114' title="bbox 1779 5431 3297 5514; baseline -0.009 -17"><span class='ocrx_word' id='word_1_776' title='bbox 1779 5444 1891 5514; x_wconf 83' lang='grc' dir='ltr'><strong>(Π)</strong></span> <span class='ocrx_word' id='word_1_777' title='bbox 1940 5461 1959 5495; x_wconf 77' lang='grc' dir='ltr'><strong>ι</strong></span> <span class='ocrx_word' id='word_1_778' title='bbox 2008 5440 2303 5514; x_wconf 72' lang='lat' dir='ltr'><strong>Balduinus</strong></span> <span class='ocrx_word' id='word_1_779' title='bbox 2357 5431 3102 5514; x_wconf 48' lang='lat' dir='ltr'><strong>Noviomensis‘episcopgs,</strong></span> <span class='ocrx_word' id='word_1_780' title='bbox 3146 5436 3297 5514; x_wconf 76' lang='lat' dir='ltr'><strong>post-</strong></span> 
     </span>
    </p>
   </div>
   <div class='ocr_carea' id='block_1_115' title="bbox 1706 5497 3300 5585">
    <p class='ocr_par' dir='ltr' id='par_1_115' title="bbox 1706 5497 3300 5585">
     <span class='ocr_line' id='line_1_115' title="bbox 1706 5497 3300 5585; baseline -0.009 -16"><span class='ocrx_word' id='word_1_781' title='bbox 1706 5497 1890 5585; x_wconf 61' lang='lat' dir='ltr'><strong>quam,</strong></span> <span class='ocrx_word' id='word_1_782' title='bbox 1922 5521 2059 5568; x_wconf 87' lang='lat' dir='ltr'><strong>teste</strong></span> <span class='ocrx_word' id='word_1_783' title='bbox 2084 5512 2347 5585; x_wconf 80' lang='lat' dir='ltr'><strong>Buzelino</strong></span> <span class='ocrx_word' id='word_1_784' title='bbox 2379 5509 2474 5585; x_wconf 79' lang='lat' dir='ltr'><strong>lib.</strong></span> <span class='ocrx_word' id='word_1_785' title='bbox 2505 5523 2556 5562; x_wconf 87' lang='lat' dir='ltr'><strong>tv</strong></span> <span class='ocrx_word' id='word_1_786' title='bbox 2592 5501 2793 5585; x_wconf 67' lang='lat' dir='ltr'><strong>Anpai.</strong></span> <span class='ocrx_word' id='word_1_787' title='bbox 2822 5497 3300 5585; x_wconf 60' lang='lat' dir='ltr'><strong>CallolFlamtriar,</strong></span> 
     </span>
    </p>
   </div>
   <div class='ocr_carea' id='block_1_116' title="bbox 1709 5570 3303 5650">
    <p class='ocr_par' dir='ltr' id='par_1_116' title="bbox 1709 5570 3303 5650">
     <span class='ocr_line' id='line_1_116' title="bbox 1709 5570 3303 5650; baseline -0.009 -12"><span class='ocrx_word' id='word_1_788' title='bbox 1709 5570 1905 5639; x_wconf 76' lang='lat' dir='ltr'><strong>multos</strong></span> <span class='ocrx_word' id='word_1_789' title='bbox 1936 5583 2188 5638; x_wconf 80' lang='lat' dir='ltr'><strong>Ecclesia:</strong></span> <span class='ocrx_word' id='word_1_790' title='bbox 2202 5580 2537 5636; x_wconf 67' lang='lat' dir='ltr'><strong>Christiana:</strong></span> <span class='ocrx_word' id='word_1_791' title='bbox 2567 5576 2742 5650; x_wconf 86' lang='lat' dir='ltr'><strong>gratia</strong></span> <span class='ocrx_word' id='word_1_792' title='bbox 2767 5574 2980 5631; x_wconf 90' lang='lat' dir='ltr'><strong>labores</strong></span> <span class='ocrx_word' id='word_1_793' title='bbox 3008 5570 3303 5628; x_wconf 78' lang='lat' dir='ltr'><strong>admodum</strong></span> 
     </span>
    </p>
   </div>
   <div class='ocr_carea' id='block_1_117' title="bbox 1708 5654 2338 5712">
    <p class='ocr_par' dir='ltr' id='par_1_117' title="bbox 1708 5654 2338 5712">
     <span class='ocr_line' id='line_1_117' title="bbox 1708 5654 2338 5712; baseline -0.006 -4"><span class='ocrx_word' id='word_1_794' title='bbox 1708 5656 1919 5712; x_wconf 80' lang='lat' dir='ltr'><strong>fortiter</strong></span> <span class='ocrx_word' id='word_1_795' title='bbox 1946 5654 2288 5711; x_wconf 71' lang='lat' dir='ltr'><strong>collocasse&#39;.</strong></span> <span class='ocrx_word' id='word_1_796' title='bbox 2318 5670 2338 5704; x_wconf 76' lang='grc' dir='ltr'><strong>ι</strong></span> 
     </span>
    </p>
   </div>
  </div>
