3836 6320
587 346 725 403 1143

584 550 783 624 gaudio
835 563 989 603 cassa
1020 545 1263 601 luminis.
1294 543 1426 612 Qum
1456 558 1617 598 secus
1657 541 1917 596 feretrum
1962 546 2168 603 astans,

583 644 653 700 ad
682 643 852 713 ipsam
873 653 1043 709 usque
1065 636 1612 694 mediantem‘lucem
1659 634 1792 699 diei,
1845 634 1919 688 ita
1958 631 2166 687 reddita

583 746 667 790 est
699 733 983 790 incolumis
1008 740 1067 786 ut
1110 732 1196 787 his
1228 732 1427 801 quibus
1475 737 1589 800 prae
1613 728 1798 785 dolore
1840 725 2035 797 capitis
2061 723 2173 795 pri-

584 837 710 879 vata
772 833 892 880 erat
939 824 1241 891 remediis,
1284 821 1654 877 laetificaretur
1694 823 1877 875 coram
1932 816 2166 872 cunctis.

583 917 719 972 Nam
746 925 801 973 et
827 919 946 973 visu
972 917 1206 988 pristino
1245 916 1427 972 statim
1476 914 1725 969 redimita
1768 911 2015 983 suspexit
2056 925 2172 965 caa-

582 1009 684 1072 los,
735 1010 801 1063 ad
828 1008 1127 1080 gratiarum
1179 1010 1288 1065 Deo
1328 1007 1613 1063 solvendas
1656 1004 1920 1069 actiones,
1963 1012 2019 1059 et
2060 1004 2169 1059 cir-

580 1100 893 1157 cumferens
913 1101 1099 1157 oculos
1132 1101 1462 1171 respiciebat
1508 1099 1635 1154 hinc
1664 1098 1786 1153 inde
1836 1098 1902 1152 ad
1929 1096 2169 1152 circum-

578 1205 808 1260 stantes,
845 1195 1057 1251 Domini
1089 1194 1236 1249 circa
1262 1208 1321 1249 se
1343 1191 1665 1247 mirabiliter
1693 1190 2011 1245 enucleatas
2039 1204 2166 1243 uar-

580 1300 709 1340 rans
734 1286 981 1340 virtutes.

658 1378 746 1431 14.
790 1378 944 1448 (Cap.
983 1376 1095 1447 12.)
1143 1376 1262 1444 Quo
1319 1375 1463 1432 facto
1508 1375 1695 1430 statim
1736 1389 1833 1445 per
1878 1388 1974 1428 ora
2024 1372 2164 1443 vulgi

580 1470 849 1539 disperso,
882 1469 1103 1539 quidam
1161 1470 1356 1525 sedens
1408 1468 1520 1540 (18)
1561 1469 1696 1538 pede
1740 1468 1971 1523 distorto
1998 1467 2167 1522 addu-

580 1560 743 1625 citur,
773 1560 864 1629 qui
891 1561 1105 1630 propria
1132 1575 1237 1613 non
1272 1561 1505 1615 credens
1527 1560 1694 1615 humo
1732 1559 1981 1630 vestigia,
2013 1559 2165 1630 juva-

576 1652 725 1706 miue
758 1651 1084 1707 fulciebatur
1115 1652 1312 1707 alieno.
1345 1650 1500 1707 Unde
1559 1651 1760 1705 factum
1793 1660 1878 1706 est
1933 1660 1991 1705 ut
2036 1665 2164 1706 san-

1623 325 2041 384 CILLEBERTI
2080 326 2390 387 MONACHI
2433 330 2865 391 ELNONENSIS
3623 359 3715 417 tm
3790 398 3791 415 η

585 463 703 516 sive
723 459 1096 516 sinistrorsum
1137 468 1244 509 non
1278 451 1464 509 valens
1492 460 1652 520 caput
1694 448 2005 511 deflectere,
2033 445 2172 501 foret
2202 449 2247 508 Α

2892 472 3121 530 CAPUT
3157 474 3241 532 Ill.

2275 557 2386 629 (21)
2419 556 2530 629 Ορε
2557 559 2615 615 S.
2645 560 2893 651 Amaudi
2927 578 3223 651 carcerum:
3248 568 3491 641 liberatur,
3520 588 3557 631 et
3577 597 3715 651 σιφα-

2876 650 2965 689 8118
2986 648 3286 693 suscitatur.

2343 720 2433 776 16.
2476 721 2633 792 (Cap.
2666 724 2780 796 ﬂ.)
2833 724 2949 782 Mos
2986 726 3090 782 fuit
3123 729 3374 800 antiquis,
3397 748 3581 792 necnon
3602 754 3715 799 manet

3264 822 3442 895 [usque
3465 828 3673 899 moderns

2272 903 2568 978 Scriptoris
2599 908 2869 964 calamum
2892 911 3075 967 varios
3100 928 3408 983 percurrere
3426 918 3585 975 sulcos.

2279 999 2372 1057 Sic
2402 1004 2580 1059 variat
2608 1012 2847 1060 mentem
2893 1005 3155 1061 dictantis
3182 1023 3355 1077 prosa,
3385 1023 3673 1083 metrumque;

2270 1092 2423 1150 Unde
2447 1105 2620 1151 metro
2640 1097 2886 1151 canimus
2908 1098 3164 1167 quiddam
3197 1100 3445 1157 mirabilis
3466 1112 3585 1160 actus

2267 1184 2494 1245 Gestum
2524 1187 2728 1256 Coceji,
2752 1198 3038 1259 postquam
3063 1192 3412 1247 remeavimus
3435 1195 3533 1263 ipsi.

2262 1276 2420 1345 Quod
2442 1276 2555 1347 jam
2592 1295 2698 1334 non
2737 1280 2932 1346 oculis,
2967 1283 3061 1337 sed
3099 1283 3246 1340 fonte
3284 1286 3581 1354 probavimus
3610 1292 3718 1349 auris.

2267 1369 2451 1426 Terra:
2474 1370 2702 1426 culturze
2730 1388 2789 1428 se
2815 1374 3161 1429 condonabat
3184 1377 3392 1434 abunde

2267 1459 2501 1526 Quidam
2527 1460 2852 1528 Landricus,
2890 1464 2978 1519 hic
3006 1480 3169 1535 quem
3205 1468 3456 1523 ditaverat
3478 1486 3614 1527 usus:

2267 1550 2485 1607 Solibus
2507 1553 2713 1608 aestivis
2748 1554 2793 1609 is
2822 1571 2947 1610 eum
2980 1558 3318 1614 messoribus
3345 1560 3481 1629 ipsis,

2266 1643 2533 1713 Tempore
2552 1660 2662 1715 quo
2692 1644 2859 1703 flavas
2885 1648 3232 1718 segetesjam
3261 1651 3467 1706 demetit
3491 1663 3626 1715 astas,

574 1741 803 1797 ctissimi
833 1741 1165 1797 confessoris
1218 1742 1501 1811 requirens
1554 1740 1837 1805 auxilium,
1870 1741 2042 1810 ipsius
2067 1755 2163 1795 ex-
2266 1734 2431 1791 Stans
2457 1736 2608 1792 laatos
2628 1736 2841 1793 fructus
2864 1740 3116 1811 proprios
3139 1742 3387 1798 sumebat
3409 1744 3457 1798 in
3480 1759 3598 1808 usus,

576 1831 818 1902 ploraret
868 1833 1099 1903 gratiam
1153 1833 1491 1888 meritorum.
1545 1832 1681 1887 Nam
1728 1832 1933 1888 diutius
1978 1849 2160 1888 coram
2197 1813 2239 1873 Β
2267 1826 2400 1882 Cum
2432 1828 2742 1898 praemissus
2793 1845 2963 1900 eques
3001 1849 3261 1889 manuum
3290 1835 3558 1891 calcaribus
3585 1851 3722 1907 urgeat,

574 1923 697 1993 ejus
725 1938 954 1980 manens
983 1926 1370 1980 tremebundus
1402 1926 1711 1994 praesentia,
1740 1926 1872 1979 tanti
1900 1924 2166 1980 antistitis

574 2015 865 2071 invocabat
941 2017 1252 2087 precamina
1332 2018 1473 2088 apud
1527 2017 1764 2072 divinam
1818 2017 2163 2073 clementiam

573 2107 677 2166 sibi
704 2108 1005 2179 profutura.
1035 2110 1275 2165 Tandem
1316 2110 1479 2183 igitur
1499 2112 1641 2181 quod
1673 2112 1954 2182 qumrebat
2011 2125 2165 2182 repe-

573 2200 667 2269 rit,
691 2211 747 2256 et
766 2203 857 2271 qui
881 2201 1072 2259 alienis
1092 2212 1337 2269 venerat,
1364 2204 1477 2260 suis
1501 2204 1745 2275 vestigiis
1776 2204 1954 2269 rediit,
1982 2210 2165 2274 patro-

575 2293 892 2363 ciniumque
915 2295 1088 2349 sancti
1112 2294 1214 2350 sibi
1243 2310 1349 2350 non
1381 2295 1571 2351 defore
1620 2295 1889 2364 persensit
1956 2292 2084 2349 Haec
2107 2301 2164 2349 et

571 2384 882 2455 hujusmodi
914 2387 1314 2456 quamplurima
1356 2402 1462 2444 non
1517 2389 1677 2443 modo
1721 2388 1826 2453 his,
1879 2403 2068 2444 verum
2110 2397 2167 2445 et

572 2478 697 2534 aliis
725 2478 952 2535 urbibus
998 2480 1052 2534 iu
1102 2479 1297 2546 Callia,
1340 2496 1438 2551 per
1484 2492 1729 2538 nostrum
1775 2483 1922 2537 hunc
1976 2493 2162 2553 patro-

571 2583 730 2634 num,
769 2577 829 2623 ut
876 2569 1296 2641 praelibavimus,
1324 2580 1545 2627 ostensa
1599 2580 1726 2628 sunt
1776 2574 2035 2627 virtutum
2079 2572 2165 2627 in-

571 2660 766 2731 signia.
795 2677 916 2732 qua:
943 2661 1079 2717 aciei
1131 2671 1329 2718 nostra:
1358 2679 1464 2719 non
1521 2662 1807 2718 valuerunt
1853 2658 2164 2735 pertingere

570 2752 841 2817 notitiam,
868 2768 979 2822 pra:
1013 2755 1398 2811 immensitatis
1441 2756 1716 2829 popularis
1736 2771 2031 2828 pressura;
2065 2758 2159 2813 sed

568 2842 697 2912 quia
729 2842 1004 2900 noluimus
1050 2846 1317 2902 excedere
1360 2847 1652 2918 promissa,
1706 2834 2061 2921 adpraesens
2096 2862 2161 2905 ea

569 2934 861 2992 scribimus
883 2936 1150 2993 duntaxat
1170 2951 1404 3009 quorum
1420 2949 1639 2996 nostros
1658 2940 1850 2998 oculos
1865 2957 1974 2998 non
1993 2941 2163 2999 latue-

570 3035 699 3082 runt
729 3028 986 3099 insignia.

640 3115 731 3171 15.
774 3117 928 3221 (Cap.
966 3118 1224 3221 tals-ed
1255 3128 1313 3221 et
1342 3119 1470 3221 illud
1498 3122 1732 3179 reticere
1772 3139 1879 3179 non
1905 3124 2156 3181 ducimus
2186 3157 2232 3221 ο

569 3206 937 3273 commodum,
963 3211 1107 3280 quod
1144 3210 1435 3284 Duaci(i9)
1463 3214 1841 3284 perspeximus
1874 3215 2160 3286 insigniter

569 3306 967 3367 perpetratum;
997 3299 1253 3368 Quaedam
1284 3319 1519 3375 namque
1541 3306 1682 3361 inter
1711 3307 1849 3363 alias
1876 3308 2162 3367 incolumis

575 3390 843 3460 processit
871 3393 1028 3449 nobis
1080 3393 1307 3460 femina,
1337 3396 1452 3461 sed,
1509 3398 1693 3452 nescio
1721 3400 1806 3454 cui
1860 3400 2033 3455 reatui
2063 3401 2161 3457 ob-

571 3481 759 3547 noxia,
793 3498 899 3536 non
926 3491 1011 3539 est
1046 3484 1263 3541 iuventa
1310 3496 1500 3544 saneto
1522 3503 1809 3545 occurrere
1839 3490 2020 3561 digna,
2053 3491 2161 3547 for-

568 3575 730 3629 tassis
760 3576 812 3631 in
834 3592 956 3632 eum
971 3578 1199 3647 alicujus
1221 3580 1574 3651 blasphemiae
1601 3597 1712 3646 rea,
1736 3598 1897 3653 quam
1931 3589 2159 3641 necdum

568 3665 732 3736 digna
784 3670 1038 3738 punierat
1090 3672 1432 3741 pmnitentia.
1493 3672 1702 3731 Indicia
1750 3677 1895 3732 enim
1944 3678 2159 3735 Domini

573 3758 808 3829 abyssus
839 3761 1007 3816 multa
1037 3760 1210 3833 (Paul.
1237 3780 1404 3833 xxxv,
1429 3765 1508 3837 7).
1541 3767 1696 3823 Unde
1748 3769 1950 3825 factum
1979 3783 2064 3827 est
2101 3782 2161 3828 ut

576 3852 792 3916 statim,
821 3853 911 3907 ubi
942 3855 1162 3911 domum
1186 3858 1372 3921 rediit,
1405 3861 1573 3929 pedes
1602 3861 1722 3929 ejus
1767 3864 2004 3931 natibus,
2040 3883 2160 3923 ma-

573 3954 678 3995 nus
710 3956 926 4012 quoque
954 3945 1159 4013 pectori
1194 3947 1348 4016 quasi
1380 3948 1550 4006 clavis
1576 3950 1754 4008 infixae
1781 3955 2075 4025 haererent,
2098 3975 2163 4017 ac

572 4030 654 4087 sic
675 4033 1029 4090 semimortua
1046 4034 1277 4104 jaceret.
1310 4036 1463 4096 Hane
1497 4041 1685 4111 utique
1706 4043 1941 4101 vidimus
1965 4049 2064 4119 ipsi
2093 4050 2161 4105 ad

575 4122 883 4196 perfugium
934 4128 1106 4183 nostri
1163 4129 1399 4199 patroni,
1460 4133 1614 4201 quasi
1674 4144 1965 4203 mortuam,
2001 4148 2163 4209 atque

572 4215 784 4272 nullum
807 4217 1022 4289 penitus
1052 4218 1104 4275 in
1125 4236 1186 4277 se
1211 4222 1335 4278 vitae
1356 4224 1683 4293 spiraculum
1713 4232 2153 4300 przetendeutem,

573 4312 808 4381 quodam
838 4312 1037 4370 deferri
1065 4316 1337 4382 vehiculo,
1371 4319 1465 4374 sed
1492 4336 1599 4376 non
1649 4324 1817 4378 multo
1872 4337 1992 4395 post
2022 4322 2163 4383 vidi-

571 4419 693 4459 mus
720 4420 838 4460 eam
895 4408 1123 4477 pedibus
1172 4410 1422 4467 resolutis
1443 4426 1507 4467 ac
1560 4416 1809 4471 manibus
1856 4406 2011 4473 versa
2044 4420 2161 4476 vice

2268 1917 2529 1975 Concitus
2547 1937 2575 1974 a
2606 1932 2790 1978 castro
2816 1924 2985 1989 venit,
3014 1940 3176 1996 supra
3211 1936 3496 1983 memorato

2266 2010 2536 2069 Landrico
2558 2014 2779 2082 missus,
2812 2024 2867 2071 et
2889 2016 2939 2072 ei
2966 2018 3075 2072 vim
3103 2018 3251 2074 ferre
3272 2031 3513 2089 paratus;

2267 2103 2371 2170 Qui
2403 2105 2581 2160 nitens
2606 2106 2820 2177 aliquos
2851 2110 2920 2164 ab
2947 2124 3081 2179 agro
3110 2110 3217 2166 sibi
3250 2111 3394 2167 ferre
3419 2114 3643 2184 maniplos,

2268 2195 2389 2251 Mox
2420 2196 2493 2252 ibi
2525 2200 2699 2252 sensit
2726 2200 2840 2269 agri
2885 2214 3263 2270 possessorem
3291 2202 3571 2267 dominari;

2267 2288 2514 2359 Denique
2543 2290 2835 2346 ridiculum
2865 2293 3144 2348 commisit
3173 2303 3406 2363 uterque
3427 2292 3640 2355 duella;

2266 2375 2372 2434 Iste
2398 2381 2654 2449 negando
2674 2396 2793 2447 sua,
2817 2382 2912 2438 sed
2933 2394 2987 2439 et
3015 2382 3107 2439 ille
3132 2392 3329 2454 petens
3348 2384 3526 2439 aliena.

2266 2469 2404 2524 Tum
2432 2479 2619 2540 raptor
2638 2472 2860 2537 missus,
2891 2473 3136 2543 rapiendi
3161 2472 3293 2542 jure
3317 2474 3522 2544 potitus,

2264 2563 2475 2621 Conatu
2497 2578 2688 2620 cassus
2716 2566 2939 2636 proprio
2969 2567 3193 2637 repedat
3216 2566 3553 2636 pudibundus.

2264 2655 2508 2728 Cumque
2533 2658 2716 2714 statim
2743 2657 2947 2713 factum
2976 2658 3364 2715 foretAlbrico
3384 2657 3669 2717 manifestum.

2265 2748 2381 2821 (Sic
2409 2750 2737 2819 castellanus
2761 2765 2858 2822 per
2882 2765 3076 2807 nomen
3106 2761 3229 2807 erat
3254 2750 3523 2816 vocitatus)

2262 2842 2598 2910 Adducatur,
2628 2843 2728 2910 ait,
2754 2843 2955 2899 vinctis
2978 2854 3102 2914 post
3125 2853 3284 2916 terga
3315 2843 3535 2900 lacertis.

2263 2934 2567 2992 Landricus
2595 2936 2776 2992 dirum
2814 2948 3036 3008 gestans
3056 2936 3159 2993 sub
3191 2947 3416 3009 gutture
3449 2935 3609 2992 nodum

2261 3025 2514 3084 Carceris
2532 3027 2643 3083 ima
2671 3027 2833 3083 simul
2867 3027 3028 3099 digne
3051 3027 3189 3083 satis
3214 3027 3559 3098 experiatur.-

2263 3118 2344 3174 Ad
2375 3119 2531 3187 cujus
2552 3119 2781 3176 verbum
2807 3119 2923 3176 fera
2947 3120 3162 3175 vincula
3189 3120 3432 3175 carceris
3451 3118 3575 3173 illum

2265 3211 2478 3266 Vallant
2504 3221 2558 3267 et
2593 3220 2814 3276 vexant,
2837 3212 3051 3267 scrobis
3076 3226 3140 3266 ac
3164 3212 3396 3267 horrore
3416 3216 3648 3267 retentant

2264 3305 2378 3361 Hoc
2399 3307 2562 3377 igitur
2586 3316 2854 3368 castrum.
2884 3307 2966 3361 sic
2990 3316 3074 3362 est
3103 3307 3308 3362 merito
3341 3308 3626 3362 vocitatum:

2262 3398 2397 3454 Nam
2428 3399 2538 3454 fera
2569 3399 2722 3469 plebs
2741 3398 2858 3467 ejus
2880 3400 3124 3454 barathri
3145 3414 3203 3455 se
3235 3401 3405 3455 trudit
3427 3401 3488 3454 ad
3516 3407 3648 3460 actus,

2262 3489 2430 3560 Cujus
2457 3490 2769 3544 tlutniuibus
2794 3504 2853 3545 se
2878 3491 3290 3546 commiscendo
3310 3490 3531 3561 Cocytus
3551 3486 3654 3559 (22),

2265 3580 2392 3636 Post
2425 3596 2484 3635 se
2512 3580 2766 3650 Cocejum
2798 3582 2971 3637 trudit
2990 3598 3090 3652 per
3118 3598 3291 3653 prava
3318 3598 3546 3639 suorum.

2337 3674 2427 3729 17.
2474 3673 2718 3741 Qualiter
2760 3675 2850 3730 hic
2896 3684 3040 3732 tetro
3072 3677 3138 3731 sit
3191 3676 3434 3731 carceris
3456 3678 3731 3729 erutusantrt.

2264 3766 2580 3833 Pandimus,
2605 3777 2857 3824 auctores
2888 3777 2947 3822 ut
2968 3769 3363 3839 deprompsere
3398 3766 3578 3823 fideles.

2263 3856 2469 3927 Nempe
2499 3867 2809 3925 catenatus,
2842 3857 3082 3913 vallante
3100 3859 3386 3928 crepidine
3408 3859 3611 3919 clausus,

2266 3948 2324 4003 In
2350 3949 2562 4004 diversa
2595 3949 2736 4004 trahi
2766 3950 2936 4021 cmpit
2961 3969 2973 4003 :
3014 3951 3299 4020 mentique
3322 3950 3537 4015 revenit,

2264 4042 2418 4108 Quod
2452 4057 2624 4114 nuper
2655 4042 2828 4099 titulis
2865 4043 3095 4115 insignis
3122 4042 3406 4099 Amandus
3443 4038 3639 4097 honestis

2264 4132 2535 4199 Patrarat,
2567 4135 2731 4190 mutis
2755 4134 2892 4190 dans
2919 4135 3163 4200 verbum,
3193 4134 3401 4190 lumina
3422 4133 3580 4190 cacis.

2266 4223 2418 4279 Tunc
2440 4240 2603 4280 orans
2630 4226 2910 4293 lacrymis,
2938 4235 2994 4280 et
3024 4226 3161 4281 dans
3189 4227 3425 4297 suspiria
3453 4223 3622 4282 cordis.

2264 4318 2446 4373 Edidit
2472 4319 2539 4371 ad
2572 4326 2803 4385 tantum,
2829 4318 2909 4373 sic
2958 4318 3222 4384 clamans,
3257 4320 3421 4374 verba
3447 4326 3692 4389 patronum:

2266 4410 2583 4467 Pontificale
2609 4412 2793 4478 decus,
2823 4421 3425 4482 operumqnepatrator
3445 4411 3637 4481 opimus.

574 4510 760 4549 coram
792 4496 907 4565 ipso
930 4508 1169 4555 erectam
1199 4512 1379 4559 astare
1414 4503 1638 4560 feretro.
1670 4506 1796 4561 llmc
1838 4518 1984 4571 sunt,
2037 4510 2162 4581 qui-

2268 4501 2471 4558 Pratsul
2502 4502 2770 4566 Amande,
2803 4510 2925 4557 tuos
2946 4518 3090 4558 nunc
3115 4501 3284 4558 aﬂ‘one
3331 4516 3493 4574 posco
3520 4493 3739 4563 triumphs

576 4582 679 4638 bus
724 4600 821 4655 per
876 4586 1138 4645 Gallicam
1189 4594 1523 4662 provinciam
1572 4597 1870 4653 beatissimi
1924 4602 2156 4658 Amandi

578 4676 794 4747 merita,
826 4677 939 4749 (‘20)
988 4694 1053 4735 ea
1089 4690 1412 4752 tempestate
1465 4688 1743 4744 declarare
1799 4691 2051 4760 dignatus
2076 4700 2162 4746 est.

574 4762 856 4819 Dominus.
889 4766 1022 4822 Cum
1046 4771 1242 4839 quibus
1266 4783 1321 4829 et
1344 4774 1475 4842 alia,
1528 4793 1648 4847 qua:
1674 4779 1742 4833 ab
1772 4780 1900 4849 ipsis
1932 4781 2161 4836 infirmis

574 4856 807 4912 sanitate
840 4859 1217 4931 redintegratis
1248 4867 1348 4922 sub
1379 4868 1685 4926 testimonio
1718 4871 1953 4926 fidelium
2004 4873 2161 4928 nobis

592 4942 704 5004 ‘ttnt
747 4951 939 5006 relata.
974 4952 1163 5021 Qualia
1200 4965 1381 5013 tamen
1415 4960 1539 5027 ista,
1592 4972 1796 5032 quanta
1852 4971 1908 5017 et
1939 4963 2025 5017 illa
2055 4980 2069 5029 ;
2105 4965 2159 5019 in

577 5043 829 5098 omnibus
875 5046 1132 5115 operibus
1164 5049 1277 5105 suis
1318 5051 1389 5105 sit
1442 5068 1638 5109 nomen
1687 5053 1897 5109 Domini
1943 5055 2162 5115 benedi-

572 5145 721 5191 ctum
747 5137 799 5191 iu
826 5141 1042 5196 sa‘cula.
1067 5143 1258 5199 Amen.

641 5497 756 5635 $18)
796 5496 981 5564 Forte,
1012 5500 1282 5571 incedens.

674 5568 759 5633 t9)
805 5568 943 5623 Urbs
974 5572 1087 5625 haec
1114 5586 1282 5635 nuucl

674 5568 759 5641 19)
787 5568 943 5641 Urbs
974 5568 1087 5625 haec
1114 5586 1255 5627 nunc
1278 5572 1592 5641 przeclaram
1616 5574 1778 5632 habet
1801 5576 2154 5632 academiam.

647 5636 761 5705 (20)
786 5637 912 5692 Mss.
952 5651 1007 5694 et
1033 5655 1230 5696 excusa
1259 5636 1530 5699 habebant
1560 5656 1629 5701 et.

648 5706 763 5775 (21)
780 5706 1010 5781 _Titulus
1033 5710 1193 5779 hujus
1218 5715 1412 5781 capitis
1443 5731 1678 5774 excusus
1704 5728 1822 5774 erat
1856 5719 1907 5773 in
1930 5718 2157 5774 elencho

572 5789 737 5846 Supra
760 5778 886 5832 dato
914 5797 925 5830 :
954 5788 1005 5833 at
1037 5778 1538 5840 carmina-deerant.

2265 4594 2378 4650 Non
2403 4595 2636 4665 aliquem
2666 4595 2868 4665 quaeris
2902 4595 3085 4651 verbis
3114 4596 3190 4649 uti
3215 4594 3501 4651 cameratis
3526 4590 3635 4662 (ξδγ.

2265 4685 2598 4756 Simpliciter
2626 4686 2766 4752 dico,
2792 4686 2907 4755 jam
2930 4702 3076 4741 nunc
3108 4687 3239 4741 mihi
3267 4687 3536 4757 proximus
3556 4689 3677 4737 esto;

2265 4778 2321 4833 Si
2350 4795 2537 4835 verum
2564 4780 2631 4834 de
2664 4788 2716 4834 te
2741 4795 2915 4849 nuper
2942 4779 3402 4850 deprehendimus
3427 4792 3556 4842 esse,

2262 4872 2416 4939 Quod
2444 4886 2543 4942 per
2578 4880 2746 4938 tanta,
2777 4871 2923 4928 circa
2943 4872 3179 4928 confinia
3208 4881 3416 4937 nostra,

2265 4963 2492 5019 Exstent
2520 4964 2808 5033 completa,
2840 4981 2945 5020 non
2975 4963 3300 5019 naturaliter
3319 4973 3441 5018 acta
3468 4978 3483 5026 ;

2266 5056 2433 5127 Exige
2449 5055 2564 5125 jam
2602 5070 2790 5111 verum
2829 5057 3075 5112 clemens
3099 5072 3167 5112 ex
3194 5056 3355 5111 hoste
3378 5064 3607 5133 trojvenm

2262 5146 2365 5213 Qui
2395 5146 2557 5201 nimis
2583 5136 2857 5202 immerito
2886 5150 3083 5202 retinet
3113 5161 3202 5201 me
3229 5145 3472 5202 careeris
3497 5150 3640 5200 antro.

2263 5240 2343 5295 Ac
2368 5239 2422 5294 in
2462 5255 2549 5295 me
2575 5255 2755 5296 rerum
2781 5251 3069 5296 coacervat
3095 5255 3321 5311 qumque
3350 5238 3608 5295 malarum.

2263 5330 2395 5398 Oro,
2419 5330 2581 5399 juvcs
2618 5329 2894 5401 precibus,
2928 5347 2996 5386 ne
3028 5331 3254 5401 squalor
3285 5328 3519 5387 carceris
3535 5319 3658 5389 built!

2333 5504 2447 5572 (22)
2483 5504 2721 5575 cocytus
2741 5502 2938 5560 fluvius
2967 5503 3271 5571 infernalis,
3296 5504 3401 5560 ἀπὸ
3424 5507 3510 5559 τοῦ
3530 5490 3702 5553 κωπίω

2261 5578 2459 5647 lugere,
2488 5575 2714 5647 plorare.

2675 5625 2864 5721 tectis,
2893 5661 2987 5721 seu
3016 5645 3287 5701 involutis.
3323 5643 3538 5721 Camerti

2262 5708 2461 5778 fornix,
2490 5716 2665 5786 Belgis
2708 5708 3038 5781 cubiculum,
3092 5717 3452 5779 caenaculum,
3495 5711 3599 5767 hinc
3628 5708 3733 5756 θεῖ’

2263 5803 2405 5843 rare.
2437 5787 2594 5842 Aliud
2631 5803 2731 5843 tus.
2760 5787 2992 5842 habebat
3021 5788 3323 5841 cantarat-is.
