3836 6320
107 351 221 410 llis

102 469 170 524 lle
193 459 417 519 vexando
444 459 534 516 diu
557 458 796 530 subigat,
836 468 1177 529 mortemque
1206 460 1467 515 minetur.

98 557 311 615 Pondera
339 567 459 608 mox
496 546 624 607 ferri
648 560 770 623 post
799 550 916 621 ejus
938 552 1103 606 verba
1128 552 1325 607 resolvi

98 651 174 708 Sic
195 660 390 719 cmpere
425 645 609 712 simul,
644 644 785 716 quod
818 642 878 698 lit
902 644 1150 699 mirabile
1181 645 1354 709 dictu,

93 743 181 798 Ceu
208 744 321 810 quis
344 753 463 793 eum
488 735 634 792 ferro
664 734 914 791 manibus
942 735 1212 790 relevaret
1241 735 1310 791 ab
1334 736 1473 805 ipso.

93 835 208 889 Tum
227 828 939 899 tractaussensim,eapiens
962 836 1019 884 et
1067 828 1172 883 iter
1219 829 1573 899 pedetentim,

88 925 428 993 Egressusque
459 920 606 976 foras
626 920 796 986 venit,
821 920 987 990 judex
1019 920 1109 975 ubi
1134 935 1364 977 caussas

88 1016 391 1079 Exercendo,
420 1015 559 1070 latus
590 1014 823 1084 stipante
847 1013 1079 1068 satellite
1109 1013 1295 1079 fultus,

86 1107 239 1161 \‘anos
271 1119 548 1160 sermones
573 1103 841 1159 referebat
864 1112 919 1159 et
944 1104 1183 1175 undique
1205 1112 1387 1160 sontes
1411 1120 1426 1170 ;

82 1197 253 1251 Coram
276 1208 383 1263 quo
407 1192 637 1263 positus,
671 1192 883 1248 cunctis
905 1192 1255 1247 cernentibus
1284 1192 1397 1247 exit

80 1284 378 1350 Landricus,
422 1293 547 1355 post
590 1298 651 1340 se
677 1298 778 1340 nec
815 1298 1140 1354 quemquam
1183 1298 1409 1355 surgere
1440 1292 1639 1341 cermt.

80 1378 159 1434 Sic
185 1377 332 1447 cujus
352 1376 590 1433 clemens
620 1376 897 1431 miseratio
922 1374 1311 1431 vociferantem

76 1469 276 1523 Audivit
305 1467 536 1539 pridem,
569 1481 714 1522 nunc
743 1467 916 1537 ipsum
943 1467 1115 1521 munit
1143 1474 1383 1523 euntem.

136 1561 216 1615 l8.
260 1560 416 1631 (Cap.
451 1560 565 1631 15.)
612 1559 949 1631 Praecipuum
988 1559 1260 1629 quoddam
1314 1559 1640 1615 miraculum

1092 345 1413 404 HISTORIA
1448 341 1958 400 MIRACULORUM
2003 342 2059 399 S.
2096 344 2361 400 AMANDI

1677 466 1724 521 Λ
1754 467 1973 528 sumptu
1998 460 2186 514 eodem
2214 458 2334 513 loco
2357 465 2662 513 constructa
2684 467 2766 514 est
2795 460 2846 515 iu
2868 460 3069 516 honore
3109 462 3169 519 B.
3201 482 3342 536 pon-

3204 350 3342 406 μισ

1751 550 1911 606 tilicis
1940 548 2191 617 Amandi,
2222 551 2288 605 ad
2318 549 2530 604 laudem
2558 552 2653 605 Dei
2686 551 2990 610 Salvatoris
3012 557 3181 611 nostri
3209 557 3337 613 Jesu

1748 643 1972 708 Christi,
2025 651 2278 698 sanetum
2311 658 2467 697 suum
2501 644 2550 695 in
2582 644 2721 699 coelo
2753 654 2807 699 et
2853 648 2905 699 in
2939 656 3081 701 terra
3110 648 3339 701 mirilice

1747 734 2122 805 glorificantis,
2151 737 2240 805 qui
2274 750 2397 790 cum
2437 733 2597 789 Patre
2630 746 2685 790 et
2720 736 2973 806 Spiriritu
3007 738 3067 793 S.
3126 739 3254 793 vivit
3282 746 3340 792 et.

1745 834 1942 897 regnat
1967 826 2103 882 Deus
2129 842 2224 897 per
2250 827 2429 880 omnia
2453 826 2647 881 sarcula
2678 828 2862 882 smcul.
2888 831 3079 884 Amen.

2280 914 2508 971 CAPUT
2544 916 2612 971 tv
2658 915 2793 987 (as).

1893 1006 2203 1062 Periculum
2231 1008 2414 1061 mortis
2444 1016 2696 1061 amotum.
2726 1006 2929 1061 Clim'ca
2952 1019 3193 1064 sanatur.

1819 1097 1914 1153 19.
1951 1096 2085 1168 Styli
2117 1097 2321 1166 pandat
2346 1095 2687 1165 obsequium,
2722 1096 3019 1153 succedens
3046 1098 3132 1152 his
3165 1098 3335 1152 mira-

3054 1187 3256 1259 [culum

1748 1282 1819 1338 Ut
1849 1282 1993 1354 quod
2016 1282 2189 1337 claret
2225 1280 2606 1352 praesentibus,
2636 1288 2817 1349 pateat
2851 1279 3330 1349 subsequentibus.

1743 1374 2009 1432 Processu
2066 1388 2304 1444 namque
2359 1373 2640 1444 temporis,
2674 1373 2799 1427 dum
2831 1380 3108 1426 structura
3139 1369 3336 1423 funda-

1752 1520 1755 1523 η
3076 1462 3266 1535 [minis

1746 1559 1997 1615 Ecclesia
2023 1567 2331 1631 resurgeret
2355 1557 2491 1630 (29),
2519 1573 2584 1613 ae
2604 1557 2851 1613 valenter
2870 1556 3183 1627 proliceret,

73 1654 120 1707 in
163 1667 297 1723 pago
351 1650 723 1717 Noviomensi,
761 1666 792 1705 a
830 1650 891 1704 Β.
926 1649 1176 1705 Amando
1219 1648 1445 1716 factum,
1503 1651 1643 1705 sicut
1743 1648 1910 1703 Varie
1942 1648 2177 1719 operarii
2217 1649 2629 1719 occupabantur
2660 1646 2901 1717 plurimi.

78 1741 425 1812 quorumdam
452 1742 716 1798 relatione
763 1741 877 1813 (ει)
907 1741 1215 1806 didicimus,
1248 1732 1429 1811 legere
1459 1740 1642 1796 volen-

1744 1740 1983 1808 Quorum
2018 1742 2307 1795 mittuntur
2329 1740 2529 1812 gemini
2555 1748 2757 1795 terram
2788 1740 2971 1795 fodere
2996 1737 3193 1805 sabuli,

69 1834 201 1889 tibus
241 1832 607 1905 qualicunque
650 1833 855 1902 scripto
902 1832 1185 1888 notifleare
1214 1833 1638 1903 curabimus.,B.
1675 1824 1718 1880 Β
1746 1832 2095 1889 Willebertus
2125 1834 2410 1899 vocabulo,
2432 1832 2654 1887 Alberto
2680 1832 2781 1887 sibi
2800 1832 2967 1888 socio.

66 1926 217 1997 igitur
236 1925 487 1982 Amando
508 1938 630 1980 cum
657 1924 923 1980 duodenis
951 1922 1211 1980 fratribus
1242 1924 1295 1979 in
1329 1939 1467 1995 pago
1494 1924 1639 1979 Lau-

65 2016 303 2083 dunensi,
334 2015 456 2072 loco
483 2015 575 2086 qui
622 2015 822 2071 dicitur
864 2014 1181 2071 Baresetum
1214 2014 1351 2087 (25),
1392 2030 1637 2072 commo-

62 2118 228 2175 rante,
262 2109 497 2180 contigit
547 2118 608 2163 ut
641 2122 737 2164 rex
761 2107 1100 2164 Francorum
1156 2109 1495 2181 Dagobertus
1517 2108 1635 2182 (26)

57 2198 137 2252 die
157 2199 392 2269 quadam
422 2199 813 2269 Compendium
858 2198 970 2272 (27)
1008 2199 1306 2263 deveniret,
1339 2200 1495 2272 cujus
1536 2201 1636 2256 ad-

54 2299 206 2344 ventu
270 2299 551 2362 comperto
597 2289 660 2347 Β.
714 2290 839 2346 illuc
869 2291 1147 2347 Amandus
1174 2306 1403 2363 pergere
1447 2292 1631 2363 dispo-

54 2381 174 2434 suit.
216 2381 320 2448 Qui
344 2396 470 2437 cum
489 2382 555 2439 ad
576 2381 757 2437 villam
783 2380 1129 2437 Melincotum
1158 2381 1487 2453 appellatam
1514 2397 1637 2453 per-

51 2469 301 2537 venisset,
357 2472 413 2526 in
451 2472 614 2528 domo
659 2471 942 2541 cujusdam
989 2471 1188 2537 viduae,
1241 2486 1363 2541 quae
1413 2472 1634 2526 unicum

50 2559 280 2619 habebat
310 2562 844 2636 filium,hospitandi
902 2565 1076 2636 gratia
1128 2566 1371 2621 divertit.
1420 2565 1633 2621 Interea

43 2651 260 2720 quidam
285 2664 560 2725 raptores,
591 2670 659 2711 ex
710 2654 1025 2712 Belvacensi
1064 2658 1285 2725 regione
1328 2658 1632 2726 venientes,

43 2744 336 2812 quamdam
362 2746 489 2802 inde
518 2747 757 2817 praedam
788 2747 931 2803 furto
965 2749 1257 2804 abductam
1284 2758 1412 2806 ante
1434 2765 1494 2806 se
1533 2751 1631 2807 de-

39 2834 331 2892 ducebant.
368 2837 472 2905 Qui
503 2854 626 2894 cum
679 2840 747 2895 ab
801 2840 991 2896 incolis
1040 2839 1284 2910 ejusdem
1314 2842 1550 2913 regionis
1576 2858 1637 2900 se

42 2925 250 2999 insequi
318 2931 621 3001 perniciter
671 2932 919 2988 cominus
969 2933 1327 3002 aspexissent,
1380 2935 1637 3005 opaciore

33 3018 166 3074 silva
196 3034 326 3077 sese
366 3037 492 3078 cum
546 3023 724 3093 praeda
785 3038 880 3079 sua
931 3025 1179 3095 protinus
1225 3024 1633 3093 immerserunt,

33 3124 133 3165 nec
159 3118 353 3167 tamen
377 3112 446 3168 de
474 3113 582 3168 vita
606 3114 808 3183 securi,
833 3115 1179 3172 adversarios
1204 3131 1263 3172 se
1285 3117 1631 3187 insequentes

28 3201 239 3269 pernici
284 3217 484 3274 gressu
533 3203 834 3276 fugiebant.
882 3206 1131 3263 Fortuito
1163 3206 1280 3277 jam
1316 3223 1445 3265 casu
1489 3209 1632 3265 filius

28 3292 277 3349 mulieris
317 3294 515 3361 vidum,
572 3296 625 3351 in
667 3295 820 3367 cujus
870 3298 1165 3368 hospitium
1222 3297 1284 3353 B.
1338 3300 1633 3355 diverterat

23 3380 337 3453 Amandus,
368 3400 469 3455 per
492 3389 745 3444 eumdem
792 3389 990 3445 saltum
1044 3388 1191 3446 solus
1216 3377 1625 3448 deambulabat.

23 3474 158 3528 Cum
182 3491 423 3533 causam
454 3480 670 3548 penitus
693 3480 965 3551 ignoranti
1005 3483 1245 3553 praedam
1267 3499 1422 3539 suam
1456 3483 1631 3538 latro--

22 3580 119 3622 nes
153 3571 324 3639 quasi
375 3573 791 3628 custodiendam
842 3574 1203 3645 reliquerunt,
1227 3587 1283 3632 et
1310 3576 1412 3647 ipsi
1457 3585 1633 3632 semet

22 3668 238 3715 tantum
301 3663 528 3720 salvare
584 3665 872 3734 volentes,
928 3668 1233 3738 expeditius
1280 3668 1394 3737 jam
1447 3668 1632 3740 fugere

21 3765 339 3823 creperum.
365 3754 537 3814 Porro
565 3757 664 3812 viri
690 3759 781 3829 qui
808 3759 1047 3830 praedam
1069 3759 1136 3815 de
1163 3775 1325 3815 manu
1355 3760 1627 3817 latronum

21 3843 380 3902 festinabant
431 3849 669 3919 eripere,
716 3848 974 3920 juvenem
1018 3850 1195 3907 solum
1237 3867 1360 3907 cum
1394 3852 1630 3923 praedaa

21 3934 337 3996 latronibus
369 3940 596 3997 dimissa
625 3943 679 3998 in
725 3943 865 3999 saltu
913 3953 1252 4013 repererunt.
1285 3944 1456 4012 Quem
1503 3946 1628 4016 quia

22 4044 182 4084 mum
214 4045 292 4087 ex
330 4031 643 4087 latronibus
689 4032 859 4089 fuisse
885 4034 1354 4100 existimaverunt,
1384 4050 1630 4106 compre-

22 4122 254 4176 hensum
319 4120 471 4178 illico
527 4124 949 4193 suspenderunt.
1014 4124 1130 4182 Nec
1197 4142 1391 4194 mora,
1439 4142 1630 4182 rumor

21 4213 324 4279 :xcitatur,
376 4212 588 4269 clamor
630 4215 919 4279 attollitur,
970 4216 1114 4274 lilius
1159 4216 1405 4273 mulieris
1455 4218 1629 4273 viduae

21 4319 327 4374 suspensus
383 4316 552 4377 atque
592 4307 707 4379 jam
756 4318 1005 4369 mortuus
1035 4324 1158 4367 esse
1200 4310 1505 4365 nuntiatur.
1544 4312 1629 4366 Ab

21 4400 273 4456 tmnibus
329 4413 478 4470 pene
529 4400 724 4458 incolis
790 4402 1218 4473 circumquaque
1282 4405 1627 4460 manentibus

22 4493 262 4547 :urritur
294 4493 375 4546 ad
405 4492 698 4550 videndum
727 4512 742 4561 ;
773 4506 947 4551 mater
984 4496 1147 4551 etiam
1195 4498 1440 4567 suspensi
1468 4498 1629 4552 misc-

22 4583 195 4639 endis
251 4582 612 4639 clamoribus
668 4584 882 4655 ejulans
932 4600 1055 4641 cum
1102 4587 1165 4640 B.
1189 4601 1351 4657 quem
1392 4587 1626 4657 hospitio

22 4682 372 4745 usceperat,
396 4676 635 4730 accurrit
653 4677 918 4732 Amando.
946 4678 1082 4745 Quid
1106 4678 1259 4749 plura
1279 4678 1302 4731 Ῥ
1320 4679 1387 4733 in
1415 4678 1647 4735 tantum

23 4765 72 4820 ir
94 4766 323 4822 beatus
356 4780 520 4834 super
566 4767 946 4837 compassione
973 4769 1221 4825 mulieris
1273 4770 1526 4835 indoluit,
1567 4780 1626 4825 ut

27 4860 147 4914 umi
210 4866 544 4929 prostratus
607 4859 795 4914 tandiu
843 4862 1076 4916 orationi
1132 4862 1323 4933 plenus
1367 4862 1627 4934 lacrymis

22 4951 343 5008 tcubnerit
373 4990 389 5015 ,
444 4952 615 5007 donec
666 4950 921 5021 juvenem
972 4953 1149 5008 vivum
1203 4965 1258 5009 et
1302 4953 1625 5010 incolumem

21 5046 245 5116 reprim
309 5043 476 5098 matri
529 5044 781 5115 gaudenti
826 5055 882 5100 et
916 5046 1233 5111 exsultanti,
1283 5048 1395 5103 Deo
1438 5050 1625 5119 propi—

22 5146 164 5193 ante
194 5136 549 5193 restituerit.
593 5136 675 5193 0b
700 5137 803 5193 hoc
832 5153 960 5209 ergo
1002 5140 1261 5209 paradoxi
1294 5140 1545 5209 dignam,
1571 5150 1626 5196 et

22 5228 401 5287 :nerabilem
435 5230 751 5284 memoriam
807 5231 1066 5303 quaedam
1129 5230 1394 5301 capellula
1426 5233 1626 5305 exiguo

44 5345 183 5417 (24)
234 5344 395 5399 Dum
431 5343 594 5417 isthic
644 5359 766 5417 cum
798 5345 1154 5417 reliquiisHS.
1204 5348 1436 5403 Amandi
1479 5357 1627 5404 esset

22 5416 241 5481 letor;
294 5416 451 5485 quod
482 5431 512 5469 a
563 5416 789 5487 reliquis
834 5416 1111 5471 miraculis
1164 5427 1278 5472 tum
1330 5420 1491 5475 factis
1540 5434 1622 5474 se-

22 5500 203 5540 ittxtl.

44 5558 182 5627 (Ξό)
250 5556 379 5627 Sen
417 5556 771 5612 Barisiacnm.

45 5625 182 5695 (20’)
241 5627 299 5681 Α
339 5625 648 5700 Childerieo
697 5644 820 5699 rege
856 5640 1051 5700 nepote
1098 5630 1432 5700 Dagohertil
1479 5631 1622 5686 hunc

27 5717 170 5753 ίςηιη
208 5700 497 5751 donatum
531 5698 697 5755 fuisse
725 5698 782 5754 S.
828 5698 1073 5756 Amanilo
1098 5698 1354 5755 diximus.
1405 5705 1485 5757 An
1520 5703 1624 5756 Da-

23 5775 273 5841 ilutrtus
316 5767 462 5841 lilins
494 5769 554 5823 S.
583 5769 847 5839 Sigeberti
876 5772 1295 5841 intelligendus?

42 5841 181 5901 (‘27)
232 5839 522 5901 Oppidum
566 5842 782 5908 elegans
834 5845 898 5894 acl
950 5839 1281 5897 confluentes
1329 5845 1529 5898 Aaonze
1563 5850 1617 5896 ct

1746 1923 1810 1979 Hi
1831 1939 1962 1995 ergo
1991 1924 2125 1981 facti
2150 1939 2437 1995 compares
2460 1925 2528 1979 ad
2566 1924 2902 1994 operandum
2933 1924 3122 1995 agiles,

1741 2015 2196 2086 Exsequebantur
2225 2016 2474 2086 gnaviter
2496 2029 2632 2085 opus
2663 2014 2962 2083 iniunctum
2993 2014 3220 2085 pariter.

1741 2105 1844 2173 Qui
1878 2107 2037 2162 unius
2069 2105 2298 2163 articulo
2330 2106 2436 2162 diei
2466 2120 2588 2161 cum
2628 2104 2862 2161 fossorio

1739 2197 2010 2253 lntrantes
2031 2197 2331 2269 opificium,
2362 2197 2556 2253 mortis
2579 2197 2863 2253 incurrunt
2886 2196 3158 2268 laqueum.

1738 2289 1884 2359 Quos
1923 2291 1967 2346 si
2001 2294 2168 2362 cepit,
2206 2306 2314 2347 non
2359 2290 2559 2358 tenuit,
2610 2290 2707 2346 sed
2753 2289 2936 2344 laxum
2970 2291 3149 2346 sinum
3190 2306 3328 2363 prae-

3070 2381 3209 2455 [buit
3242 2399 3259 2450 ;

1739 2474 1806 2531 Et
1834 2490 1972 2545 quos
1999 2472 2238 2533 Satanas
2267 2474 2483 2539 terruit,
2508 2472 2702 2542 prresul
2733 2481 2919 2529 noster
2941 2473 3158 2546 eripuit.

1741 2565 1887 2632 Quos
1911 2566 2147 2622 turbavit
2167 2564 2401 2629 saevitia,
2424 2563 2559 2619 fovit
2587 2564 2981 2619 misericordia.

1738 2654 1876 2711 Nam
1907 2656 2059 2712 locus
2082 2666 2203 2712 erat
2230 2670 2503 2713 concavus
2521 2654 2714 2725 jaceus
2742 2656 2850 2710 illis
2878 2655 2978 2710 sub
3004 2656 3255 2726 pedibus,
3294 2712 3297 2713 ν

1739 2746 2021 2818 Terraque
2049 2762 2173 2803 cum
2207 2748 2475 2819 lapidibus
2511 2747 2832 2803 imminebat
2855 2746 3182 2803 cervicibus.

1737 2838 1878 2908 Quid
1904 2839 2092 2895 multis
2120 2842 2144 2895 ?
2173 2840 2343 2897 Moles
2386 2841 2618 2910 corruit,
2653 2841 2859 2911 hosque
2900 2838 3074 2897 ferme
3097 2842 3328 2897 commi-

3094 2933 3253 3007 [nuit.

1736 3023 2087 3083 Willebertus
2118 3026 2418 3099 pubetenus
2434 3024 2709 3083 detinetur
2738 3026 3067 3084 intrinsecus
3096 3043 3113 3094 ;

1738 3115 1992 3174 Albertus
2019 3126 2202 3173 autem
2225 3118 2441 3189 penitus
2465 3116 2534 3172 ad
2563 3116 2670 3171 ima
2696 3115 2909 3173 scrobis
2936 3116 3192 3172 truditur.

1659 3188 1705 3251 ο
1736 3209 1855 3277 Quo
1893 3188 2480 3275 concurrensivicinia,
2510 3209 2753 3264 membra
2777 3208 3058 3280 quaerebat
3082 3218 3323 3266 mortua.

1734 3301 1869 3356 Nam
1899 3302 2021 3372 quis
2053 3303 2234 3358 vivere
2286 3301 2537 3357 crederet
2584 3315 2745 3371 quant
2791 3309 2941 3356 tanta
2991 3300 3160 3357 moles
3186 3308 3329 3357 ster-

1958 3400 1961 3403 ‘
2019 3406 2023 3412 ‘
3032 3392 3254 3465 [πενθιῖ

1736 3489 1939 3544 Tamen
1964 3487 2180 3541 vivebat
2210 3486 2407 3541 merito
2442 3485 2614 3540 sancti
2638 3485 2886 3554 prmsulis
2916 3484 3137 3555 inclyto.

1733 3579 1839 3636 Per
1861 3596 2024 3651 quem
2054 3580 2251 3634 mirum
2275 3577 2545 3648 apparuit,
2568 3575 2711 3646 quod
2737 3590 2954 3631 servum
3002 3574 3166 3630 morti
3197 3587 3316 3629 sus-

3083 3664 3249 3738 [tulit.

1734 3762 1958 3819 Terram
1979 3760 2124 3816 enim
2152 3774 2273 3830 qua:
2297 3766 2504 3827 ruerat,
2534 3759 2881 3830 lapidumque
2907 3757 3181 3813 volumina

1731 3854 2066 3910 Amm/entes
2098 3851 2337 3919 finitimi,
2369 3852 2459 3907 vix
2484 3861 2647 3923 caput
2674 3851 3036 3919 semimortui,

1732 3946 1886 4013 Quod
1931 3959 2070 4017 pene
2118 3943 2233 4014 jant
2261 3943 2657 4011 contriveraut,
2703 3953 2760 3998 ut
2809 3951 2995 4013 petras
3025 3940 3135 3997 illic
3170 3939 3322 4010 jece—

3081 4034 3248 4106 iram.

1731 4130 2145 4201 Repperientes,
2172 4129 2469 4185 extrahunt
2499 4130 2654 4200 quasi
2683 4129 2917 4185 cadaver
2941 4136 3238 4183 mortuum.

1732 4219 1951 4275 Nullum
1983 4223 2107 4276 vitae
2136 4220 2465 4291 spiraculum
2496 4221 2548 4274 iu
2575 4235 2641 4275 eo
2668 4235 2767 4296 nec
2796 4219 3097 4275 anhelitum

1730 4312 2103 4383 Percipientes
2133 4313 2394 4369 vividum.
2419 4313 2555 4370 Nam
2582 4314 2651 4368 ab
2688 4313 2821 4368 hora
2845 4311 2961 4380 jam
2994 4312 3153 4367 tertia

1732 4403 1915 4475 Usque
1940 4404 2054 4459 fere
2072 4406 2140 4460 ad
2169 4405 2458 4474 septimam
2488 4406 2540 4461 in
2581 4405 2819 4460 tenebris
2844 4404 3191 4460 horrentibus

1730 4492 1985 4550 Jacuerat
2007 4496 2086 4549 sic
2121 4495 2366 4550 obrutus.
2390 4496 2520 4551 lnde
2552 4497 2827 4551 trahentes
2848 4494 3106 4564 pallidqu

1732 4586 2053 4657 Mortuoque
2074 4586 2438 4655 simillimum,
2461 4604 2585 4643 cum
2611 4597 2911 4643 tractarent
2938 4588 3005 4642 de
3029 4586 3202 4641 Iaculo

1730 4679 1804 4735 Et
1825 4676 2073 4759 faciendo
2105 4682 2357 4759 tumulo;
2389 4694 2675 4740 cernentes
2701 4686 2845 4739 inme
2884 4684 3196 4749 rubescere,

1730 4772 2121 4829 lntellexerunt
2147 4758 2346 4831 vivere.
2380 4778 2475 4832 llic
2496 4792 2711 4848 quoque
2737 4779 2905 4832 multo
2929 4787 3172 4847 tempore

1731 4871 1864 4928 Post
1894 4866 2062 4928 Sanus
2091 4873 2225 4929 vixit
2253 4889 2480 4945 corpore
2498 4891 2621 4931 cum
2652 4876 2742 4930 illo
2769 4892 2868 4931 suo
2894 4890 3169 4944 compare,

1729 4963 1799 5019 Et
1827 4974 1947 5034 post
1973 4964 2121 5020 illum
2144 4966 2447 5021 certissime
2479 4982 2837 5037 perseverans
2862 4968 3106 5022 servitio.

1799 5055 1889 5110 20.
1924 5055 2037 5129 (50)
2066 5057 2223 5111 Anno
2253 5056 2321 5111 ab
2366 5057 2745 5112 lucarnatione
2774 5058 2980 5112 Domini
3012 5058 3173 5122 1090,
3207 5061 3291 5114 cui

1729 5147 1851 5202 dam
1884 5151 2272 5204 monachorum
2301 5150 2357 5205 S.
2384 5150 2633 5210 Amandi.
2673 5166 2768 5220 per
2790 5166 3038 5205 somnum
3069 5152 3202 5206 visio
3227 5168 3318 5222 ap-

1729 5241 1910 5310 paruit
1934 5251 2187 5312 tanquam
2222 5243 2505 5298 deltiscens
2551 5243 2769 5307 uelum,
2822 5244 3070 5299 ardorem
3104 5246 3318 5316 igneum

1729 5352 1893 5407 Aisim
1919 5351 2220 5410 fluminum.

1799 5423 1919 5494 (εδ)
1970 5423 2098 5479 Haec
2130 5427 2236 5480 duo
2263 5426 2439 5495 capita
2473 5425 2824 5481 continentur
2872 5427 2923 5481 in
2966 5444 3068 5484 ms.
3112 5429 3320 5485 Aman-

1728 5491 2119 5567 dino,'pOStea
2173 5491 2447 5567 adjuncta,
2503 5498 2615 5551 sive
2667 5496 2735 5550 ab
2790 5499 2977 5566 eodem
3018 5500 3318 5556 Gileberto

1730 5578 1824 5619 seu
1853 5566 2034 5635 potius
2066 5566 2194 5620 alio.

1805 5636 1915 5707 (29)
1958 5636 2099 5707 Ergo
2158 5646 2280 5705 post
2328 5635 2536 5691 obitum
2584 5635 2882 5705 Lamlterti,
2931 5656 3023 5695 seu
3060 5641 3314 5697 Fulcardi

1729 5706 1981 5780 abbatis,
1997 5706 2097 5760 sub
2127 5707 2363 5780 Bovone,
2392 5718 2479 5780 aut
2508 5708 2696 5775 primis
2719 5711 2877 5764 annis
2910 5710 3168 5780 llugonis.

1802 5777 1914 5846 (50)
1956 5776 2410 5845 Prwponebantur
2442 5779 2557 5834 haec
2609 5782 2772 5835 verba
2835 5776 3209 5838 iustar'tituli:
3248 5779 3310 5838 S.

1732 5847 1955 5900 Amandi
1978 5848 2041 5901 de
2071 5848 2217 5903 Bizo.
