3862 6312
3272 315 3353 337 ἀρα

444 371 575 430 um
1512 354 1859 414 WlLLELMl
1902 351 2257 411 CLUSIENS.
2303 351 2611 411 MONACH.
3560 348 3689 412 1"}!

445 496 658 558 gentur,
699 484 985 539 inveniunt
1067 479 1344 536 Adventus
1392 488 1585 529 causas
1633 480 1932 543 exponunt,
1973 479 2029 526 et
2055 496 2101 554 Α
2126 467 2313 522 nullus
2337 467 2562 535 inesset,
2592 467 2988 524 Taurlnensem
3017 464 3354 538 potitiﬁccm,
3386 469 3477 539 qui
3516 471 3690 527 Amizo

444 557 719 632 licentiam
755 571 1097 630 construendi
1127 568 1359 625 emnobii
1399 569 1451 622 in
1486 574 1788 622 memorato
1824 563 2024 619 multo-
2129 558 2433 624 dicebatur,
2476 558 2632 623 adiit,
2671 557 2957 639 et’ohlatis
2985 572 3106 628 qius
3156 566 3365 611 tantum
3401 559 3567 614 virum
3604 563 3689 616 dc-

444 656 548 733 ties
577 638 694 722 loco
736 676 964 736 petunt;
1008 679 1071 719 ea
1123 662 1371 718 videlicet
1418 659 1626 713 ratione
1666 665 1729 710 ut
1758 656 2026 727 gloriosus
2123 648 2319 703 fiebam
2364 649 2697 712 muneribus.
2722 649 2936 705 cunCliS
2963 647 3158 703 ilel’um
3199 648 3379 704 locum
3417 648 3546 704 801νί
3573 666 3689 706 con-

444 762 688 817 marcliio
718 769 978 830 quantum
1011 756 1130 811 auri
1157 756 1316 811 vellet
1365 752 1447 808 vel
1483 750 1714 822 argenti,
1754 748 2023 803 mulorum
2124 741 2423 798 ditionibus
2479 757 2604 797 cum
2660 740 3026 796 anathematis
3079 741 3249 796 etiam
3302 740 3690 811 interpositione

434 862 876 921 taeterorumque
901 847 1272 903 vehiculorum
1305 861 1425 915 qua:
1455 844 1813 906 adduxerant,
1854 840 2031 894 maxi-
2125 830 2499 887 favorabiliter
2527 832 2856 902 impetravit.
2898 831 3135 901 Indeque
3178 832 3412 888 Romam
3438 834 3690 903 pmfectus

442 958 588 1000 mam
621 944 828 1011 copiam
859 940 1090 1010 benigne
1138 939 1424 1009 reciperet,
1453 945 1506 990 et
1537 935 1714 989 locum
1766 934 1833 988 ab
1878 932 2025 988 omni
2128 926 2373 981 omnium
2419 926 2800 997 prredictarum
2854 924 3205 995 sponsionum
3258 935 3368 980 tam
3418 927 3689 996 pontiﬁcis,

442 1049 540 1091 sua
602 1032 1090 1103 prolueredumque
1164 1044 1385 1085 suorum
1451 1025 1695 1081 saeculari
1755 1032 2028 1093 potestate

441 1129 647 1199 scripto
668 1124 910 1198 judiciali
934 1124 1171 1179 solveret
1203 1141 1218 1178 :
1249 1130 1516 1191 quatenus
1540 1120 1591 1172 in
1616 1126 1891 1190 posterum
1916 1116 2028 1171 Deo

440 1221 574 1279 inibi
621 1221 927 1283 servituris,
959 1234 986 1272 a
1018 1215 1228 1272 cunctis
1270 1228 1389 1285 qua:
1438 1211 1618 1268 sa‘culi
1667 1210 2028 1282 potestatibus

437 1315 524 1370 vel
552 1331 619 1369 ex
652 1314 856 1377 debito,
884 1312 963 1366 vel
994 1327 1058 1367 ex
1095 1319 1300 1364 terrore
1337 1306 1494 1371 fiunt,
1518 1306 1769 1375 expedita
1804 1304 2026 1358 libertas

442 1405 851 1461 conditionibus
893 1412 1057 1459 esset.
1096 1399 1537 1456 Liberalissimus
1566 1397 1819 1469 princeps
1850 1395 2026 1450 liben-

439 1492 524 1555 ter
553 1499 762 1555 annuit.

452 1582 463 1665 ί
513 1594 718 1648 Aderat
760 1590 831 1647 ibi
888 1589 1106 1662 quidam
1162 1598 1293 1644 nutu
1345 1584 1557 1642 Domini
1615 1582 1699 1638 vir
1744 1576 2028 1653 religiosus

441 1664 653 1742 ordinis
692 1664 1005 1748 monastici,
1034 1681 1253 1736 nomine
1275 1680 1558 1741 Atvertus,
1585 1676 1679 1746 qui
1708 1676 1759 1729 in
1782 1674 2029 1729 Lizathio

444 1774 778 1833 monasterio
823 1773 1037 1829 abbatis
1070 1773 1221 1844 prius
1267 1771 1445 1826 ollicio
1480 1769 1713 1832 functus,
1750 1777 1911 1837 atque
1960 1766 2028 1821 ab

2124 1031 2287 1087 quam
2339 1015 2676 1072 marchionis
2728 1025 2943 1072 tenores
2969 1056 2985 1079 ,
3024 1032 3353 1083 omnemque
3393 1019 3474 1072 sui
3528 1022 3695 1088 aperis

2131 1110 2353 1165 ordiens
2390 1110 2672 1166 historiam
2705 1125 2856 1181 papa:
2892 1111 3217 1182 Sylvestro'
3272 1111 3478 1178 retulit,
3510 1120 3558 1166 et
3585 1112 3691 1181 eius

2130 1204 2197 1256 ad
2260 1217 2501 1273 praesens
2562 1202 2825 1272 principis
2910 1201 3281 1271 apostolorum
3348 1202 3692 1269 auctoritate,

2082 1290 2089 1295 ’
2129 1306 2316 1366 postea
2350 1309 2477 1349 vero
2514 1294 2879 1366 imperatoria:
2911 1292 3214 1364 majestatis
3245 1296 3583 1351 corroborari
3624 1298 3697 1353 lo.

2086 1392 2089 1395 '
2132 1401 2256 1440 eum
2284 1384 2481 1439 litteris
2527 1394 2583 1440 et
2611 1386 2831 1445 nomine
2877 1386 3025 1441 fecit.
3078 1384 3157 1440 Ne
3188 1396 3380 1439 autem
3412 1385 3580 1455 aliqua
3607 1388 3698 1441 du-

2128 1476 2303 1531 bietas
2329 1491 2397 1531 ex
2434 1476 2522 1531 his
2543 1491 2665 1547 quae
2695 1475 2864 1531 relata
2906 1485 3033 1532 sunt
3081 1476 3134 1531 in
3173 1477 3432 1531 cordibus
3469 1477 3693 1532 ﬁdelium

2127 1569 2301 1639 possit
2329 1567 2485 1635 oriri,
2516 1567 2671 1623 testis
2698 1579 2783 1624 est
2820 1567 3063 1639 prtedicti
3107 1568 3353 1627 llutzouis
3392 1567 3530 1623 ﬁlius
3556 1568 3696 1623 llae-

2131 1660 2321 1726 ricius,
2349 1660 2501 1715 testis
2520 1669 2576 1714 et
2602 1659 2716 1729 ipsa
2745 1659 2971 1715 familia.

2198 1772 2367 1845 Igitur
2416 1775 2742 1832 venerabilis
2804 1792 2941 1847 papa
2981 1774 3238 1833 Nicolaus
3264 1820 3281 1845 ,
3318 1777 3461 1847 quod
3516 1784 3733 1835 nomea'

444 1868 550 1943 hoc
578 1885 609 1923 a
654 1867 945 1924 contrariis
982 1875 1186 1923 sanctas
1216 1862 1495 1935 riligionis
1526 1861 1806 1932 expulsus,
1846 1869 1970 1913 tunc
2000 1875 2030 1914 a
2067 1852 2106 1907 Β
2135 1866 2420 1922 victoriam
2447 1867 2629 1939 populi
2662 1868 2918 1923 nimirum
2948 1869 3205 1925 catholici
3237 1880 3415 1935 sonat,
3446 1873 3702 1937 narratio»

446 1962 724 2015 liminibus
747 1952 1115 2029 apostolorum
1152 1971 1457 2027 regressus,
1486 1955 1538 2008 in
1572 1954 1760 2009 eodem
1802 1967 1897 2020 per
1924 1951 2024 2005 ali-

442 2056 575 2124 Quot
606 2054 721 2107 dies
746 2053 920 2107 fuerat
949 2051 1187 2122 hospitio
1216 2057 1543 2103 remoratus.
1572 2045 1859 2101 Praefatum
1895 2057 2026 2113 ergo

439 2132 615 2199 virum
655 2145 965 2211 religiosum
1000 2143 1288 2197 Atvertum
1334 2139 1522 2194 multis
1570 2138 1823 2210 precibus
1858 2137 2029 2189 vincit

442 2235 692 2307 Hugo,et
730 2234 935 2290 relictis
960 2240 1222 2303 quantum
1251 2230 1317 2286 ad
1349 2244 1590 2301 praesens
1622 2238 1680 2283 ut
1703 2242 2026 2298 peregrinus

441 2333 660 2394 poterat
690 2322 1013 2379 necessariis
1049 2321 1098 2376 ei
1134 2320 1315 2375 locum
1352 2319 1718 2384 committens,
1749 2317 1908 2372 citius
1944 2331 2026 2371 re-

439 2418 655 2473 diturus
673 2415 740 2472 ad
766 2433 859 2471 sua
890 2429 1011 2470 cum
1034 2413 1230 2487 gaudio
1255 2412 1436 2467 rediit.

456 2570 465 2589 '
512 2510 718 2566 Exinde
763 2512 844 2564 vir
889 2509 998 2563 Deo
1045 2507 1237 2579 plenus
1284 2507 1541 2562 Atvertus
1604 2505 1825 2561 omnino
1869 2503 2026 2574 plena

444 2604 733 2659 devotione
762 2612 1038 2672 satagens,
1081 2609 1386 2670 opportuna
1429 2598 1712 2652 monachis
1744 2595 2059 2651 :ediﬁciola

446 2695 745 2751 secundum
770 2696 932 2749 situm
956 2692 1087 2754 loci,
1119 2708 1244 2746 nam
1266 2690 1501 2762 scopulis
1528 2690 1860 2760 asperrimus
1888 2697 2027 2755 erat,

440 2782 612 2859 coepit
643 2797 982 2843 construere.
1014 2783 1285 2857 Tempore
1322 2784 1624 2855 constituto
1657 2784 1795 2838 sicut
1824 2783 2029 2851 promi-

438 2890 588 2936 serat
619 2879 771 2951 llugo
800 2880 984 2944 rediit,
1018 2887 1073 2933 et
1110 2878 1365 2933 omnibus
1408 2875 1735 2932 necessariis
1768 2876 2027 2945 impensis

439 2971 505 3025 ad
532 2969 914 3039 perﬁciendam
938 2967 1182 3022 ecclesia:
1225 2966 1488 3021 fabricam
1519 2964 1686 3030 datis,
1730 2966 1923 3019 iterum
1954 2964 2021 3020 ad

354 3052 363 3065 “
446 3061 735 3132 praefatum
786 3059 1160 3115 marchionem
1214 3057 1504 3113 transitum
1547 3055 1696 3122 fecit,
1725 3064 1781 3111 et
1824 3055 1892 3110 ab
1937 3071 2027 3122 eo,

437 3140 587 3209 sicut
630 3161 686 3208 et
735 3151 930 3221 prius,
982 3138 1111 3205 dato
1165 3148 1343 3218 pretio
1395 3147 1635 3203 villulam
1681 3138 2024 3219 contiguam,

2135 1961 2220 2015 nis
2268 1960 2432 2031 hujus
2468 1958 2741 2015 ordiendae
2769 1959 3015 2016 laudator
3047 1972 3103 2016 et
3135 1972 3443 2034 praeceptor
3484 1964 3699 2029 exstitit,

2128 2061 2189 2106 ut
2245 2053 2456 2108 cunctis
2509 2052 2810 2123 legentibus
2860 2054 3259 2116 innotesceret,
3322 2056 3558 2126 praedicti
3608 2058 3701 2112 loci

2129 2159 2316 2198 curam
2364 2144 2677 2213 specialiter
2717 2159 2785 2197 an
2814 2144 2997 2198 sedem
3032 2132 3703 2216 apostolfcampertinere.

2216 2234 2376 2289 Anno
2397 2234 2561 2304 igitur
2587 2234 2690 2290 966
2717 2234 3105 2292 lncarnationis
3134 2237 3452 2306 Dominica‘,
3475 2247 3704 2292 constru-

2129 2324 2252 2389 etis,
2285 2333 2343 2377 ut
2374 2325 2564 2389 fertur,
2616 2325 2667 2379 in
2701 2327 2891 2381 eodem
2924 2326 3043 2382 loco
3088 2328 3322 2383 feliciter
3357 2328 3577 2383 Oﬂiciuis
3604 2344 3703 2383 coe-

2133 2415 2472 2479 uobialibus,
2502 2425 2665 2486 prout
2728 2427 2845 2471 erat
2880 2419 3161 2488 possibile,
3202 2436 3325 2473 cum
3359 2419 3448 2474 ille
3477 2420 3558 2473 vir
3595 2418 3705 2471 illuc

2130 2508 2260 2562 stris
2288 2505 2440 2577 llugo
2472 2508 2525 2561 in
2557 2508 2726 2562 armis
2754 2518 3031 2574 strenuus,
3063 2509 3158 2565 sed
3188 2511 3242 2564 in
3276 2512 3370 2565 Dei
3394 2509 3548 2565 rebus
3566 2510 3704 2564 circa

2126 2600 2292 2659 linem
2326 2599 2497 2669 magis
2532 2598 2779 2664 devotus,
2805 2599 2982 2655 locum
3013 2617 3197 2672 quem,
3247 2601 3390 2656 sicut
3426 2616 3583 2673 supra
3622 2617 3704 2655 re-

2132 2689 2377 2758 tulimus,
2426 2691 2606 2763 pretio
2648 2691 2750 2746 sibi
2788 2700 2848 2747 ut
2884 2694 3168 2762 proprium
3216 2694 3621 2760 vendicaverat,
3656 2704 3706 2749 et

2131 2783 2426 2852 apostolica
2454 2783 2780 2838 auctoritate
2827 2798 2925 2840 seu
2968 2787 3262 2857 praeceptis
3292 2787 3557 2857 regalibus
3582 2804 3707 2841 mn.

2131 2881 2344 2946 nierat,
2407 2880 2587 2935 abbati
2633 2881 2898 2935 duntaxat
2941 2895 3006 2935 ac
3058 2880 3348 2935 monachis
3410 2878 3705 2935 habendum

2130 2972 2466 3039 tradidisset,
2521 2982 2811 3043 postquam
2864 2972 3029 3027 etiam
3074 2971 3133 3026 S.
3176 2970 3419 3026 Joannes
3464 2972 3709 3033 eremita,

2132 3076 2341 3117 necnon
2372 3069 2427 3116 et
2456 3061 2628 3117 beatae
2674 3061 2951 3117 memOrias
2990 3062 3250 3117 Atvertus
3296 3062 3462 3116 abbas
3489 3063 3710 3130 migras-

2131 3163 2252 3209 sent
2274 3154 2338 3208 ad
2368 3154 2683 3219 Dominum,
2710 3155 3043 3210 successitei
3078 3155 3131 3209 in
3163 3155 3450 3224 regimine,
3482 3155 3710 3208 fratrum

434 3243 664 3319 nomine
712 3241 953 3309 Clusam,
1012 3249 1066 3297 et
1110 3240 1444 3297 :edilicandis
1498 3240 1698 3296 villulis
1754 3256 2025 3311 congruas

2136 3260 2402 3302 consensu
2442 3255 2495 3301 et
2525 3245 2792 3302 electione
2828 3247 2912 3301 vir
2944 3246 3316 3319 simplicitatis
3343 3256 3399 3302 et
3421 3246 3714 3319 prudentiae

437 3314 622 3390 tarras
667 3332 1021 3388 nihilominus
1053 3332 1337 3403 contiguas
1371 3331 1682 3402 acquisivit.
1718 3331 1788 3387 Ut
1833 3342 2017 3388 autem

435 3424 712 3484 libertatis
738 3422 844 3481 loci
881 3438 983 3498 pro
1012 3438 1121 3495 qua
1165 3424 1448 3495 satagebat
1486 3422 1779 3495 scrupulus
1804 3438 2028 3480 omnino

1320 3564 1333 3573 ς

1250 3593 1303 3629 λδ
1322 3590 1398 3637 sit?

2132 3341 2346 3407 merito,
2374 3338 2697 3395 Benedictus
2729 3338 2968 3393 nomine.

1166 3630 1185 3643 Α
1211 3618 1381 3651 ⁹‹ῗ“;⁶έι

1223 3654 1391 3674 ,λ,τ,

1234 3726 1318 3745 αρισξ
2035 3728 2041 3742 i

528 3910 583 3944 ρ.
610 3913 626 3927 .
650 3910 667 3929 .
691 3870 807 3928 Non
837 3872 1077 3943 ignoras,
1110 3872 1417 3929 conscende
1443 3871 1744 3943 intrepidus
1774 3890 1787 3925 :
1812 3881 1869 3928 et
1904 3886 2029 3928 cum

448 3968 630 4024 omnia
657 3982 780 4037 quae
818 3967 914 4022 tibi
957 3967 1100 4022 furto
1144 3966 1327 4021 ablata
1360 3965 1661 4031 verebaris,
1696 3965 1767 4019 ibi
1803 3965 2029 4020 collecta

446 4060 740 4126 inveneris,
781 4075 915 4129 opus
937 4060 1082 4130 quod
1116 4060 1537 4129 impcraveram,
1578 4057 1632 4111 in
1670 4058 1860 4112 eodem
1910 4056 2031 4114 loco

444 4153 710 4223 perﬁcere
756 4168 822 4207 ne
867 4152 1147 4209 cuncteris
1174 4188 1187 4203 .
1217 4191 1231 4205 .
1265 4192 1277 4205 .
1306 4189 1323 4204 .
1352 4189 1367 4204 .
1400 4149 1716 4205 morabatur
1746 4188 1761 4203 .
1789 4187 1804 4203 .
1928 4164 2027 4205 an-
2064 4214 2067 4215 ν

445 4246 616 4316 gelica
639 4245 967 4301 revelatione
992 4245 1155 4315 etrapit
1191 4243 1382 4298 honori
1411 4252 1466 4297 ut
1494 4242 1668 4297 amori
1700 4242 1886 4298 haberi
1913 4243 2026 4313 ipsa

445 4339 614 4408 regio,
642 4353 764 4407 quae
804 4347 966 4393 antea
1002 4336 1202 4391 inculta
1236 4346 1292 4392 et
1331 4336 1457 4392 vilis
1486 4336 1808 4393 habebatur.
1851 4334 2025 4392 Vene-

444 4429 634 4484 rabilis
658 4443 872 4499 quoque
915 4427 1111 4499 praesul
1153 4429 1347 4484 Λιιιίῑο
1401 4430 1469 4483 ad
1524 4428 1700 4485 locum
1732 4428 2059 4499 appropin-r

444 4534 637 4591 quans,
678 4526 732 4573 in
762 4528 943 4574 castro
985 4519 1291 4589 hospitatur
1335 4520 1622 4574 Avilliano.
1659 4519 1798 4575 Ecce
1843 4529 2026 4573 autem

442 4612 593 4667 circa
634 4612 817 4666 noctis
868 4611 1152 4679 medium,
1208 4612 1356 4667 dictu
1400 4611 1677 4666 mirabile!
1732 4612 2030 4667 immensus

2134 3869 2447 3942 angelorum
2494 3881 2833 3943 accepturus.
2880 3890 2901 3926 ι
2949 3870 3006 3927 lu
3056 3874 3362 3928 crastinum
3402 3872 3558 3944 igitur
3587 3887 3712 3929 cun

2132 3963 2199 4017 ad
2228 3963 2405 4019 locum
2454 3977 2675 4019 ventum
2726 3964 2938 4030 fuisset,
2994 3974 3052 4019 et
3103 3967 3441 4022 honorabilis
3469 3967 3706 4042 pontifex

2130 4069 2255 4109 cum
2294 4055 2606 4111 venerando
2626 4066 2773 4111 cmtu
2805 4056 3010 4111 foribus
3047 4057 3270 4113 humilis
3308 4058 3541 4114 basilica:
3581 4059 3715 4113 asti-

2138 4146 2316 4212 tisset,
2355 4147 2567 4217 aspexit
2609 4150 2678 4203 ab
2722 4149 2831 4205 alto
2880 4159 3140 4220 tanquam
3183 4150 3294 4206 olei
3332 4151 3591 4221 liquorem
3632 4151 3709 4203 ef-

2135 4236 2319 4303 fluere,
2349 4246 2405 4293 et
2432 4238 2661 4308 cﬁigiem
2702 4242 2882 4297 crucis
2914 4242 3142 4297 humore
3182 4257 3375 4298 crasso
3399 4259 3495 4313 per
3542 4244 3711 4298 eccle-

2134 4330 2285 4385 δίοιδε
2329 4331 2590 4400 quosdam
2651 4334 2898 4403 scopulos
2944 4335 3251 4389 eminentes
3313 4350 3592 4405 apparere.
3643 4337 3710 4388 At

2137 4420 2226 4476 ille
2252 4422 2657 4491 obstupefactus
2700 4433 2754 4477 et
2793 4439 2915 4477 cum
2962 4425 3108 4479 omni
3137 4424 3337 4496 populo
3360 4438 3567 4481 terrore
3590 4439 3711 4495 per-

2135 4509 2338 4574 culsus,
2368 4512 2585 4566 hmnilis
2628 4513 2944 4582 ingreditur,
2977 4522 3031 4567 et
3089 4516 3235 4569 humi
3264 4524 3590 4586 prostratus,
3621 4529 3706 4568 ar-

2136 4603 2400 4673 changclo
2456 4603 2725 4659 mediante
2771 4619 2801 4658 a
2855 4604 3205 4662 Dominatore
3269 4607 3392 4662 curii
3440 4618 3499 4662 et
3554 4616 3709 4661 terra:

444 4702 589 4775 ignis
620 4702 794 4757 instar
813 4717 1019 4774 magnas
1046 4703 1317 4760 columnae
1353 4719 1384 4759 e
1415 4703 1559 4759 ctelo
1585 4718 1749 4773 super
1790 4712 2028 4759 montem
2062 4717 2108 4775 ι)
2136 4695 2436 4766 perfectum
2474 4695 2634 4750 ﬁnem
2661 4703 2827 4751 tanta:
2861 4698 3045 4753 virtuti
3077 4697 3335 4755 obnixius
3361 4701 3705 4769 imprecatur.

444 4794 798 4859 descendere,
839 4794 1059 4864 suisque
1096 4792 1337 4850 ﬂammis
1382 4794 1625 4849 coruscis
1668 4809 1797 4848 aere
1839 4808 2034 4848 sereno

445 4892 617 4939 totum
650 4882 856 4938 circum
882 4881 1148 4939 lambere.
1174 4882 1341 4954 Cujus
1390 4884 1630 4937 novitate
1663 4883 1913 4937 miraculi
1938 4897 2031 4952 po-

445 4960 554 5044 puli
588 4974 774 5031 stratis
799 4976 989 5041 exciti,
1032 4975 1311 5045 supplices
1354 4976 1424 5030 ad
1463 4973 1661 5030 crelum
1693 4988 1884 5029 manus
1910 4982 2032 5027 ten-

445 5068 596 5132 dere,
639 5077 858 5138 pectora
903 5069 1096 5141 pugnis
1127 5069 1376 5123 tundere.
1404 5066 1796 5123 Vociferantur
1840 5067 2021 5123 cuncti

446 5159 863 5231 Pyrchiriauam
904 5162 1129 5232 penitus
1176 5160 1358 5216 exuri.
1418 5159 1655 5215 Tollitur
1696 5159 1902 5216 clamor
1955 5160 2026 5214 ad

444 5250 649 5313 sidera.
672 5252 970 5323 Episc0pus
997 5253 1133 5323 ipse,
1165 5261 1320 5308 tanto
1346 5267 1565 5308 rumore
1588 5254 1884 5316 attonitus,
1910 5266 2031 5307 sur-

444 5344 608 5410 rexit,
646 5354 969 5414 partemque
998 5342 1173 5399 rutilae
1197 5342 1336 5400 lucis
1354 5343 1694 5416 iamiamque
1722 5342 2033 5399 recedentis

444 5435 868 5505 contemplatus,
891 5436 971 5492 sic
992 5437 1072 5492 ait
1095 5437 1209 5492 suis
1233 5455 1247 5493 :
1285 5454 1306 5490 ι
1333 5435 1379 5493 0
1408 5452 1574 5508 quam
1603 5433 1929 5491 metuendus
1948 5438 2035 5490 est

447 5524 600 5597 locus
639 5529 741 5584 iste
763 5529 776 5583 ι
797 5528 859 5629 ᾼ
880 5527 1111 5585 Domino
1140 5545 1268 5595 vere
1295 5528 1514 5586 factum
1541 5539 1626 5585 est
1670 5527 1837 5593 istud,
1867 5534 2033 5629 etest.

446 5619 699 5679 mirabile
726 5616 976 5693 indeulis
1004 5621 1350 5685 nostris.llic
1373 5629 1458 5676 est
1486 5620 1575 5674 ille
1606 5618 1808 5675 ardens
1856 5616 2031 5672 rubus

450 5708 505 5765 in
535 5724 642 5777 quo
672 5708 843 5782 Moysi
886 5714 1161 5783 quondam
1199 5712 1455 5782 apparuit
1492 5709 1782 5766 Dominus.
1816 5707 1914 5762 Hic
1946 5714 2036 5763 est

450 5812 609 5873 tuens
644 5799 781 5858 alter
816 5800 967 5870 Sina,
1006 5804 1235 5881 {igneam
1280 5802 1451 5869 legem
1482 5816 1578 5871 per
1619 5797 2032 5869 dispositionem

2135 4790 2394 4845 Oratione
2419 4797 2599 4843 autem
2628 4787 2805 4854 finita,
2832 4804 2955 4845 cum
2980 4790 3165 4847 oculos
3194 4790 3453 4863 lacrymis
3482 4790 3709 4848 sum

2133 4880 2391 4947 levasset,
2419 4881 2568 4940 videt
2589 4881 2798 4937 titulum
2825 4883 2977 4938 mirae
2998 4882 3420 4952 pulchritudinis
3447 4892 3703 4945 erectam,

2135 4971 2324 5043 procul
2350 4972 2512 5027 dubio
2552 4973 2801 5029 manibus
2832 4974 3091 5042 angelicis
3125 4984 3465 5045 coaptatum,
3493 4984 3548 5030 et
3592 4974 3704 5030 bal.

2136 5075 2289 5117 samo
2324 5071 2487 5131 atque
2514 5061 2636 5118 oleo
2664 5078 2762 5132 per
2789 5063 3076 5119 circuitum
3113 5079 3388 5136 supraque
3429 5065 3705 5121 aﬂuenter

2130 5155 2348 5222 sudare,
2395 5155 2451 5210 in
2500 5165 2709 5210 tantum
2751 5163 2810 5210 ut
2855 5159 2924 5209 ad
2974 5164 3175 5211 terram
3225 5171 3399 5227 usque
3438 5158 3703 5213 videretur

2132 5245 2371 5302 ellluere.
2430 5245 2586 5314 Quod
2648 5261 2898 5303 cernens.
2954 5259 3177 5319 accepto
3225 5248 3461 5306 festinus
3504 5249 3701 5313 lintea,

2134 5338 2315 5394 oleum
2346 5348 2664 5395 reverenter
2691 5340 2943 5403 extersit,
2976 5348 3031 5395 et
3060 5341 3140 5396 sic
3178 5352 3372 5412 operto
3402 5343 3561 5396 titulo
3585 5344 3702 5397 nis-

2134 5445 2319 5486 sarum
2350 5432 2424 5486 ibi
2462 5430 2726 5487 solemnia
2754 5431 3101 5486 devotissime
3126 5431 3443 5488 celebravit.
3471 5435 3513 5489 Δ
3544 5434 3701 5488 linus

2134 5536 2287 5586 vero,
2318 5536 2429 5592 quo
2463 5535 2620 5577 sacra
2645 5530 2861 5581 extersa
2889 5530 2974 5576 εει
3008 5536 3124 5585 ara,
3152 5532 3355 5592 quanta
3386 5522 3701 5590 processerit

2134 5610 2333 5675 virtus,
2354 5625 2462 5665 non
2488 5620 2574 5668 est
2601 5620 2799 5667 nostra:
2828 5609 3107 5666 facultatis
3134 5611 3390 5668 evolvere
3418 5631 3431 5666 :
3460 5616 3584 5679 quia
3602 5626 3700 5665 non

2139 5703 2445 5767 imbecillis,
2495 5716 2603 5758 non
2641 5718 2672 5759 a
2716 5703 2960 5758 dzemone
2988 5716 3292 5772 possessus,
3340 5720 3448 5759 non
3473 5702 3699 5775 qualibet

2140 5792 2456 5849 inﬁrmitate
2510 5791 2762 5849 detentus
2804 5791 2999 5862 aliquis
3040 5790 3166 5847 inde
3209 5801 3389 5849 tactus
3415 5802 3515 5861 est,
3550 5804 3719 5862 quem,
