3862 6312
160 354 293 416 uss
350 428 353 433 _

1244 347 1564 409 HISTORIA
1606 350 1905 408 MONASTi
1949 348 2319 413 CLUSIENS

3282 354 3423 431 ttat

157 472 497 543 inexpertem
542 467 739 524 divina:
795 467 1015 540 pietatis
1061 482 1185 524 mox
1233 471 1467 527 sanitate
1522 482 1736 543 recepta
1768 478 1815 536 Α
1844 471 1928 527 lus
1973 470 2187 526 Domini
2232 485 2327 540 per
2372 478 2638 523 terrarum
2684 474 2761 523 tot
2792 468 2966 537 spatia
3019 467 3274 529 liabueuc
3327 490 3426 543 per

154 564 327 621 virtus
380 564 690 633 archangeli
738 565 1049 634 permiserit
1085 568 1338 624 existere.
1381 568 1571 626 Tatitis
1613 571 1736 640 pius

150 656 384 711 antistes
420 649 699 710 miraculis
748 667 951 724 motus,
1000 662 1348 716 anachoreta:
1377 662 1652 732 precibus,
1684 673 1737 719 et

150 750 220 805 ab
256 747 507 804 honestis
537 748 799 803 nobilium
832 752 1078 818 personis
1107 750 1199 821 qui
1232 751 1518 808 adfuerant
1541 769 1737 808 exora-

153 849 277 906 tus,
333 856 458 896 cum
511 840 953 897 interminatione
1004 844 1319 913 sempiterni
1374 846 1738 902 anatbematis

149 928 438 988 constituit
466 942 522 987 ut
545 938 700 987 a‘suo
728 948 1215 1005 successurumque
1242 948 1464 991 suorum
1489 936 1736 994 sazculari

146 1020 431 1079 dominatu
481 1022 1000 1095 vel'impcdimento
1050 1026 1189 1083 liber
1231 1039 1375 1084 esset
1411 1045 1509 1099 per
1537 1030 1735 1085 saecula

115 1114 336 1181 decus;
371 1130 436 1171 ea
467 1116 677 1171 ratione
721 1126 780 1171 ut
817 1117 863 1172 si
900 1117 1021 1188 quis
1071 1119 1187 1188 ejus
1235 1120 1637 1177 constitutionis
1684 1122 1737 1177 in

146 1215 433 1278 posterum
464 1216 808 1280 contemptor
850 1209 1026 1276 fieret,
1058 1211 1366 1283 apostolica:
1417 1214 1563 1268 sedis
1594 1222 1740 1270 esset

137 1298 337 1368 judicii
370 1315 517 1356 reus.

217 1391 307 1446 Ab
338 1390 432 1448 illo
464 1402 704 1465 tempore
771 1401 934 1463 taque
978 1402 1200 1451 sanctus
1232 1394 1459 1452 eremita
1499 1393 1738 1454 Joannes

144 1495 287 1538 usus
342 1483 536 1539 cellula
578 1483 731 1553 juxta
783 1485 981 1554 posita,
1034 1496 1272 1542 montem
1308 1487 1455 1543 solus
1502 1488 1740 1546 incolere

147 1576 346 1645 coepit,
377 1585 431 1632 et
454 1585 678 1632 sanctus
708 1576 922 1632 Domini
952 1578 1337 1647 archangelus,
1388 1580 1492 1637 loci
1541 1581 1624 1638 sui
1654 1583 1737 1637 tli-

143 1664 413 1722 iectoretn
467 1675 522 1721 et
548 1668 883 1738 provisorem
914 1681 974 1723 se
1018 1682 1138 1724 esse
1165 1658 1287 1726 luce
1324 1670 1525 1726 clarius
1560 1673 1736 1727 mani-

147 1760 359 1814 festare
400 1774 508 1813 non
540 1758 770 1814 distulit.
802 1758 918 1816 Non
950 1762 1176 1818 multum
1213 1776 1450 1833 namque
1476 1766 1737 1835 temporis

143 1838 463 1916 emttxerat,
489 1854 546 1907 et
567 1866 693 1907 ecce
722 1852 822 1908 viri
851 1865 1163 1911 sanctorum
1202 1857 1567 1926 apostolorum
1593 1858 1736 1914 Petri

150 1950 209 1998 et
245 1934 404 1998 Pauli
454 1940 665 2011 limina,
696 1961 904 2002 necnon
931 1957 987 2004 et
1018 1947 1255 2018 ejusdem
1286 1950 1457 2004 sancti
1509 1952 1740 2006 archan-

164 2034 271 2107 geli
303 2036 606 2107 patrocinia
634 2038 687 2093 itt
727 2048 909 2095 monte
937 2041 1173 2113 Gargani
1212 2043 1361 2097 adire
1390 2041 1737 2099 festinabant.

149 2132 405 2203 Cumque
448 2134 500 2188 in
532 2124 832 2206 Segusiana
873 2138 1011 2193 valle
1044 2140 1203 2210 positi
1240 2140 1615 2211 praescriptam
1652 2155 1740 2196 ec-

147 2222 381 2281 clesiam
416 2227 466 2281 in
505 2228 814 2282 summitate
844 2231 1076 2298 .montis,
1116 2239 1371 2301 tanquam
1418 2232 1471 2287 in
1524 2230 1740 2303 specula

148 2321 340 2387 sitam,
387 2322 782 2390 conspicerent,
828 2323 1001 2392 ignari
1042 2341 1247 2389 rerum,
1276 2340 1305 2379 a
1352 2341 1460 2396 quo
1492 2333 1742 2381 constru-

152 2420 267 2478 cta,
302 2412 387 2467 vel
429 2415 584 2485 cujus
631 2414 832 2468 nomini
861 2415 1036 2470 dicata
1083 2424 1245 2483 esset,
1278 2416 1517 2472 studiose
1559 2415 1740 2486 requi-

144 2513 300 2560 runt.
360 2506 565 2572 Quibus
622 2521 744 2561 cum
803 2522 969 2562 senex
1024 2524 1197 2581 nuper
1243 2518 1392 2578 gesta
1441 2508 1737 2574 retulisset,

145 2612 294 2653 unus
316 2597 551 2660 illorum,
578 2598 670 2667 qui
716 2582 969 2669 podagrae
1005 2600 1195 2654 morbo
1231 2600 1476 2671 graviter
1506 2604 1740 2656 vexaba-

146 2680 264 2755 tur,
295 2688 452 2745 laetus
483 2688 638 2744 valde
667 2688 915 2755 effectus,
951 2692 1129 2747 socios
1165 2693 1271 2750 hoc
1309 2694 1469 2749 modo
1492 2692 1691 2749 affatur
1720 2711 1736 2750 :

150 2799 170 2831 ι
210 2776 423 2848 Nostis,
470 2796 503 2837 o
548 2782 782 2849 sodales,
837 2794 1045 2853 quanto
1095 2785 1292 2854 pedum
1342 2801 1585 2841 meorum
1625 2795 1736 2843 tor-

144 2892 327 2945 qnear
355 2877 563 2945 dolore,
585 2889 637 2934 et
677 2894 837 2949 quam
876 2894 1018 2950 szepe
1060 2895 1155 2936 vos
1191 2879 1505 2937 offenderint
1548 2883 1601 2938 in
1636 2885 1739 2942 hoc

145 2968 352 3024 itinere
376 2985 494 3025 mea
526 2968 802 3025 tarditate.
829 2968 985 3026 Unde
1025 2972 1282 3042 quoniam
1315 2974 1381 3028 ad
1425 2974 1570 3030 illum
1616 2992 1742 3032 san-

144 3070 301 3114 ctum
334 3059 573 3133 Gargani
609 3071 864 3126 montem,
915 3064 1055 3119 sicut
1082 3079 1488 3135 proposueram,
1530 3084 1740 3138 nequeo

143 3151 485 3224 pertingere,
515 3153 759 3209 obtestor
791 3169 889 3225 per
919 3168 1041 3210 eum
1075 3169 1236 3226 quem
1265 3158 1568 3214 animarum
1602 3161 1733 3216 lide-
1766 3188 1812 3249 ο

144 3241 287 3296 lium
318 3243 513 3299 ducem
542 3254 666 3314 post
703 3257 937 3301 mortem
967 3247 1214 3325 maxime
1245 3248 1535 3313 credimus,
1575 3260 1632 3305 ut
1675 3253 1740 3306 li-

143 3342 276 3389 ceat
303 3334 435 3388 mibi
461 3335 652 3391 saltem
682 3335 822 3393 istud
855 3347 1103 3394 sanctum
1140 3339 1444 3397 oratorium
1479 3341 1553 3398 illi
1586 3344 1740 3401 dica-

144 3431 267 3477 tum
300 3425 558 3490 invisere,
587 3440 818 3498 eumque
856 3439 917 3482 ut
970 3436 1023 3483 in
1069 3429 1204 3486 hora
1240 3432 1420 3488 exitus
1449 3434 1520 3489 sit
1547 3436 1755 3509 animae

143 3530 291 3571 mete
320 3517 587 3589 propitius
613 3534 841 3577 exorare
876 3538 891 3575 :
926 3536 1130 3592 vosque
1155 3522 1256 3595 ipsi
1285 3534 1380 3580 aut
1406 3541 1619 3583 mecum
1642 3544 1741 3599 pro

141 3622 338 3667 vestra
393 3614 642 3670 mercede
692 3615 1021 3681 ascendatis,
1071 3624 1165 3671 aut
1219 3617 1275 3673 in
1326 3620 1532 3675 montis
1589 3621 1741 3681 calce

144 3705 391 3760 reditum
416 3721 591 3761 meum
620 3717 889 3762 maturum
912 3710 1259 3777 exspectetis.
1283 3728 1302 3763 ι
1333 3710 1401 3765 At
1431 3710 1504 3765 illi
1531 3711 1581 3766 in
1614 3728 1739 3771 eum

145 3796 397 3867 maligne
440 3800 831 3857 tumultuantes
884 3803 957 3857 ita
1016 3804 1088 3857 illi
1126 3806 1457 3874 exprobrant
1499 3826 1512 3860 :
1548 3826 1567 3859 ι
1598 3809 1739 3875 Quid

46 3938 49 3943 .
144 3895 260 3965 est,
292 3887 462 3943 miser
485 3891 664 3957 homo,
695 3892 839 3962 quod
872 3893 1145 3963 loqueris?
1166 3895 1284 3963 Quo
1316 3896 1435 3951 nisu
1472 3898 1619 3953 vales
1646 3914 1743 3969 per

140 3990 352 4047 aspera
379 3987 457 4062 ⁸ιιι
510 3982 676 4037 ardua
724 3984 1022 4053 scandere,
1052 3986 1143 4055 qui
1187 3987 1344 4057 plana
1395 3989 1494 4044 viae
1527 3990 1740 4047 hederis

143 4068 419 4138 planitie?
440 4070 540 4125 Abi
568 4088 673 4141 quo
700 4074 802 4140 vis,
831 4074 1040 4143 insane,
1058 4078 1331 4147 dispereat
1354 4081 1445 4152 qui
1474 4089 1526 4137 te
1547 4096 1741 4154 exspe-

140 4162 413 4216 ctaverit.
439 4178 460 4214 ι
482 4160 641 4219 Tunc
680 4163 787 4232 ille,
821 4166 1037 4224 deserto
1073 4170 1329 4227 comitum
1356 4174 1735 4243 contubernio,

141 4260 481 4322 sumptaque
518 4253 712 4311 fiducia
744 4272 811 4312 ex
856 4273 1041 4314 amore
1088 4260 1422 4333 archangeli,
1455 4264 1596 4332 quod
1634 4266 1739 4321 im-

150 4341 432 4412 possibile
461 4345 725 4413 putabant
767 4349 1101 4418 aggreditur,
1139 4359 1193 4405 et
1233 4352 1404 4423 magis
1433 4354 1660 4423 genibus
1686 4364 1742 4411 et

145 4434 413 4489 manibus
446 4437 724 4509 reptando,
754 4438 846 4494 vix
876 4441 1092 4496 tandem
1125 4444 1298 4499 victor
1320 4454 1508 4515 optato
1535 4447 1741 4517 potitur

1840 562 2094 634 capillum
2139 560 2344 617 Danieli
2402 561 2454 617 in
2495 560 2609 615 lacu
2646 561 2974 632 Babylonico
3018 564 3225 620 sedenti
3270 576 3326 623 et
3352 566 3428 621 fac

1841 654 2033 711 melico
2066 653 2445 724 asportavcrit,
2483 652 2528 708 si
2558 653 2769 709 ratione
2804 670 2950 711 nunc
2980 657 3418 727 compreltendis.

1840 747 2214 803 indubitanter
2262 755 2444 802 actum
2484 746 2665 801 crede.
2704 746 2787 800 An
2840 748 3081 819 nrgabis,
3121 750 3421 819 incredule,

1839 840 1982 908 quod
2023 851 2151 893 tunc
2188 837 2388 893 factum
2438 847 2524 894 est
2571 854 2667 910 per
2710 842 2981 909 angelum,
3027 860 3133 900 non
3181 846 3426 916 [nituisse

1845 947 1989 988 nunc
2041 932 2158 986 fieri
2210 946 2308 1003 per
2351 946 2622 986 summum
2665 933 3094 1005 archangelum?
3128 936 3219 994 Vir
3260 941 3423 1011 igitur

1841 1023 1931 1078 ille
1968 1039 2088 1078 cum
2131 1038 2243 1079 sua:
2290 1023 2569 1096 sospitatis
2603 1026 2812 1081 auctori
2845 1038 3074 1095 quantas
3104 1031 3278 1100 potuit
3303 1047 3429 1100 gra-

1842 1116 2040 1173 tiarum
2075 1117 2422 1187 persolvisset
2452 1117 2717 1182 actiones,
2752 1118 2904 1176 hctus
2929 1130 2985 1175 et
3019 1122 3277 1178 exsiliens
3302 1124 3428 1179 inde

1841 1207 2153 1278 repedabat.
2194 1206 2421 1279 Jamque
2463 1208 2693 1265 Romam
2748 1212 3058 1279 transierat,
3101 1228 3222 1268 cum
3275 1215 3428 1270 infidi

1839 1298 2066 1355 comites
2104 1298 2220 1370 ejus
2246 1300 2484 1355 nondum
2508 1302 2574 1355 ad
2609 1301 2805 1358 Urbem
2835 1314 3212 1374 pervenerant.
3254 1305 3426 1374 Quem

1840 1390 2089 1448 cumsibi
2106 1391 2320 1447 obviam
2342 1393 2553 1448 eminus
2572 1393 2884 1449 redeuntem
2906 1397 3424 1469 contemplarentur.

1840 1484 2174 1539 admirantes
2203 1494 2391 1541 mutuo
2410 1485 2548 1540 alter
2571 1486 2750 1541 aiebat
2776 1488 2842 1541 ad
2860 1486 3123 1542 alterum:
3150 1508 3166 1540 ι
3192 1489 3234 1544 Ο
3260 1491 3427 1557 Dens,

1840 1590 2005 1645 quem
2042 1575 2199 1631 video
2221 1576 2400 1651 !_num
2434 1577 2535 1631 iste
2563 1586 2748 1632 noster
2772 1579 2973 1643 socius,
3002 1580 3092 1649 qui
3124 1581 3266 1651 apud
3296 1582 3428 1637 Clu.

1841 1674 1959 1722 sam
1998 1684 2028 1721 a
2059 1668 2213 1724 nobis
2235 1648 2322 1725 est
2360 1668 2616 1724 relictus?
2640 1690 2657 1721 ι
2687 1670 2753 1724 Ει
2778 1670 2917 1726 alter
2948 1690 2961 1726 :
3000 1648 3027 1724 «⁷
3055 1648 3173 1728 Non
3209 1686 3316 1740 est,
3350 1677 3431 1730 ait

1843 1756 1953 1824 ille,
1981 1759 2075 1814 sed
2110 1759 2302 1815 similis
2326 1758 2462 1828 ejus.
2497 1760 2628 1815 Nam
2674 1761 2762 1817 ille
2808 1763 3065 1832 podager,
3094 1765 3194 1821 iste
3231 1767 3434 1823 incedit

1843 1848 2031 1904 firmus
2072 1858 2128 1903 et
2167 1849 2471 1906 incolumis.
2526 1852 2631 1908 Sed
2674 1855 2842 1923 quid?
2876 1852 3036 1911 Certe
3082 1858 3129 1914 is
3172 1858 3286 1929 ipse
3324 1871 3430 1916 est.

1843 1941 2025 1998 Salve.
2079 1942 2219 1998 bone
2265 1944 2368 1998 vir.
2402 1962 2422 1996 ι
2468 1943 2540 1999 At
2593 1945 2719 2000 ille:
2758 1967 2776 1998 ι
2812 1949 3029 2007 Salvete
3074 1965 3192 2015 vos.
3235 1968 3269 2008 ο
3298 1954 3431 2013 boni

1843 2035 2074 2090 sodales.
2098 2065 2166 2074 --
2193 2034 2332 2102 Quid
2369 2045 2454 2092 est
2485 2038 2603 2102 hoc,
2640 2038 2931 2109 inquiunt?
2952 2041 3085 2109 Quis
3116 2052 3166 2098 te
3196 2044 3300 2101 huc
3331 2058 3428 2101 aut

1843 2129 2114 2200 quomodo
2136 2144 2301 2185 sanus
2328 2126 2553 2185 effectus
2580 2130 2674 2185 es?
2704 2150 2723 2183 ι
2760 2131 2965 2199 Quibus
2987 2149 3110 2190 cum
3128 2138 3432 2209 praescripti

1844 2219 2087 2275 miraculi
2131 2222 2325 2276 seriem
2374 2221 2667 2288 retulisset,
2706 2232 2869 2279 tanta:
2898 2226 2978 2281 rei
3016 2228 3256 2285 novitate
3284 2237 3431 2284 atto~

1844 2312 1938 2367 nitt
1976 2312 2231 2369 dixerunt
2261 2315 2329 2370 ad
2357 2329 2481 2371 eum
2516 2332 2528 2368 :
2565 2334 2584 2367 ι
2616 2314 2753 2371 Nunt
2786 2317 2890 2373 ista
2921 2328 3110 2376 sancto
3136 2322 3434 2391 apostolico

1841 2417 1939 2471 per
1991 2403 2236 2460 ordinem
2297 2420 2403 2460 non
2458 2408 2753 2476 aperuisti?
2802 2420 3078 2466 revertere
3126 2414 3431 2482 nobiscum,

1842 2494 2075 2566 ingrate,
2125 2486 2419 2566 revertere,
2459 2511 2516 2556 et
2558 2515 2716 2557 narra
2750 2512 2949 2574 quanta
2985 2507 3078 2563 tibi
3110 2509 3252 2564 Deus
3282 2509 3430 2566 fece-

1844 2588 1934 2642 rit.
1970 2608 1988 2640 ι
2034 2588 2100 2645 Ει
2144 2590 2234 2647 ille
2267 2606 2282 2646 :
2320 2610 2339 2644 ι
2376 2591 2595 2649 Faciam
2648 2594 2747 2659 ita,
2791 2597 3004 2652 tametsi
3044 2614 3141 2655 vos
3170 2616 3276 2656 non
3304 2617 3432 2674 pro-

1843 2681 2140 2737 meruistis.
2179 2700 2198 2736 ι
2246 2681 2446 2748 Rediit,
2479 2687 2721 2741 narravit
2744 2695 2800 2741 et
2836 2688 2902 2743 ad
2932 2705 3171 2747 amorem
3204 2708 3432 2749 venera-

1843 2773 1966 2828 bilis
1998 2775 2154 2847 hujus
2200 2776 2301 2832 loci
2332 2776 2556 2834 Romam
2586 2789 2813 2836 matrem
2846 2783 3128 2839 civitatum
3157 2790 3431 2854 accendit.

1844 2867 2262 2935 totaqueltalia,
2295 2884 2400 2940 qua
2440 2872 2750 2942 veniebant,
2803 2873 2963 2944 hujus
2996 2877 3245 2936 miraculi
3282 2881 3430 2939 fama

1844 2965 2140 3037 perterruit.

1917 3055 2021 3112 Per
2051 3059 2193 3115 idem
2242 3068 2453 3131 tempus
2499 3061 2799 3132 imperante
2831 3063 3277 3136 Ottonejuniore
3322 3071 3439 3127 Au-
3482 3058 3540 3116 ’τ

1844 3157 2020 3219 gusto,
2051 3150 2270 3221 quidam
2311 3152 2596 3216 nobilium.
2627 3154 2782 3226 llngo
2829 3159 3066 3221 nomine,
3111 3160 3181 3217 de
3226 3165 3437 3217 Arver-

1847 3241 2000 3297 nensi
2028 3244 2307 3309 comitatu,
2342 3260 2464 3299 cum
2495 3248 2712 3316 propria
2743 3264 2952 3331 uxore.
2984 3290 2996 3306 .
3034 3290 3048 3305 .
3078 3292 3093 3307 .
3121 3290 3139 3307 .
3182 3257 3435 3309 turbatur

1845 3334 2139 3390 anxietate.
2170 3332 2456 3393 Nitebatur
2497 3338 2716 3395 Petrum
2742 3380 2757 3396 .
2785 3379 2801 3397 .
2830 3379 2849 3398 .
2872 3380 2889 3397 .
2919 3358 3071 3415 spem
3106 3347 3432 3404 miserorum

1844 3422 2163 3496 lacrymosis
2201 3428 2452 3498 suspiriis
2510 3445 2609 3487 nec
2662 3448 2720 3488 se
2770 3433 2947 3502 palam
2985 3437 3338 3505 prodentibus
3371 3449 3437 3494 ut

1845 3517 1928 3572 sui
1981 3517 2329 3574 misereretur
2377 3520 2674 3587 inflectere,
2722 3525 2849 3594 quia
2897 3527 3196 3597 palpitabat
3247 3531 3432 3604 lingua

1844 3606 1983 3661 mala
2013 3608 2352 3677 confusione,
2375 3626 2494 3681 quae
2517 3624 2798 3684 peccatum
2825 3617 3051 3674 celando
3088 3620 3226 3676 solet
3264 3638 3433 3678 accu-

1844 3697 2074 3765 mulare,
2101 3708 2156 3753 et
2177 3701 2534 3758 erubescebat
2564 3703 2724 3760 fateri
2751 3708 2893 3776 quod
2919 3723 3027 3766 non
3051 3712 3269 3768 erubuit
3305 3729 3434 3785 per-

1842 3799 2081 3860 petrare.
2107 3792 2350 3849 Tandem
2384 3805 2603 3853 coactus
2630 3800 2785 3855 uxori
2820 3800 3045 3872 suisque
3067 3803 3435 3863 circumstan-

1847 3883 1989 3940 tibus
2041 3900 2150 3955 quo
2203 3888 2544 3946 cruciaretur
2595 3892 2721 3961 igne
2750 3933 2763 3946 .
2795 3930 2809 3947 .
2837 3931 2854 3946 .
2881 3933 2896 3949 .
2927 3934 2942 3949 .
2971 3933 2987 3949 .
3012 3905 3068 3951 et
3131 3902 3430 3956 secundum

1844 3981 1963 4044 post
2003 3974 2326 4043 baptismum
2358 4016 2373 4031 .
2401 4016 2418 4033 .
2443 4017 2460 4035 .
2487 4019 2503 4035 .
2532 3980 2747 4050 quidem
2784 3984 2957 4052 prima
2995 4002 3082 4041 me
3110 3992 3455 4059 comprobat

1842 4077 2174 4140 apostatam,
2209 4069 2383 4126 hostis
2412 4071 2959 4131 abrenuntiatiouent.
2987 4078 3261 4145 Assentio,
3293 4096 3430 4137 con-

1844 4160 2025 4227 fiteor,
2062 4161 2407 4229 abrenuntio,
2458 4172 2511 4218 et
2563 4179 2594 4217 a
2627 4164 2780 4221 fonte
2806 4166 3000 4234 David,
3044 4171 3138 4239 qui
3176 4171 3231 4226 in
3276 4173 3430 4228 ablth

1845 4252 2044 4307 tionem
2087 4263 2437 4309 menstruatre
2469 4264 2638 4324 patet,
2670 4272 2766 4326 per
2812 4259 3175 4316 ministerium
3215 4263 3424 4320 domini

1844 4344 1949 4398 mei
1996 4344 2145 4399 Petri
2174 4346 2458 4401 consillum
2506 4349 2743 4417 requiro.
2776 4347 2901 4405 Haec
2932 4351 3275 4421 querimonia
3310 4357 3430 4412 dul-

1844 4438 1926 4494 cia
1959 4435 2217 4494 Romanze
2246 4440 2461 4511 pietatis
2487 4441 2694 4498 viscera
2730 4444 3025 4510 concussit,
3051 4454 3108 4502 et
3152 4455 3428 4506 tantorum

142 4525 450 4592 desiderio,
492 4526 809 4599 intransque
830 4532 1116 4586 ecclesiam
1150 4534 1437 4591 uberrimis
1464 4536 1748 4592 ltumecta-
1776 4545 1820 4599 ι)
1846 4530 2135 4586 criminum
2178 4546 2301 4588 reus
2327 4532 2396 4587 de
2423 4534 2828 4591 constructione
2867 4537 3026 4592 unius
3076 4540 3309 4596 caenobii
3334 4542 3430 4600 ubi

143 4616 229 4671 vit
252 4615 435 4673 solum
468 4618 746 4691 lacrymis,
779 4631 833 4676 et
874 4625 1016 4679 inter
1045 4634 1163 4679 vota
1197 4634 1252 4679 et
1277 4641 1486 4696 preces,
1514 4643 1650 4698 quas
1673 4645 1741 4685 ex

143 4709 353 4766 affectu
386 4710 577 4766 intimo
605 4711 883 4779 fundebat,
906 4714 1131 4771 Domino
1169 4717 1392 4790 ejusque
1414 4721 1742 4794 archangelo

142 4802 300 4872 quod
335 4803 406 4856 sit
435 4802 726 4859 derelictus
748 4821 777 4860 a
811 4806 964 4873 viris,
994 4822 1210 4879 suaeque
1252 4808 1384 4866 facit
1409 4814 1740 4869 mentionem

144 4894 522 4951 infirmitatis.
553 4895 789 4964 Interea,
830 4907 889 4954 ut
919 4902 1118 4958 assolet
1144 4901 1284 4969 ﬁeri,
1319 4919 1429 4972 prre
1470 4904 1657 4973 labore
1685 4916 1741 4963 et

144 4985 426 5041 maestitia
456 5001 678 5045 somnus
702 4989 980 5047 hominem
1015 4993 1261 5063 corripit,
1292 5002 1347 5049 et
1374 5005 1495 5065 post
1535 4996 1746 5069 aliquot

143 5077 324 5132 horas
358 5092 550 5148 sopore
576 5079 801 5144 solutus,
834 5095 1021 5137 coram
1050 5082 1205 5137 altari
1243 5084 1416 5140 sancti
1466 5083 1744 5142 Michaelis

144 5173 203 5227 in
246 5181 437 5228 monte
486 5174 740 5230 nimirum
771 5173 1006 5245 Gargani
1058 5191 1178 5232 sese
1205 5177 1463 5248 sospitem
1502 5188 1556 5235 et
1596 5181 1744 5236 inco-

142 5267 362 5323 lumem
393 5267 618 5324 invenit.
644 5269 858 5337 Quanta
891 5279 1019 5327 tunc
1048 5271 1183 5328 tiens
1215 5273 1441 5346 largitur
1470 5276 1563 5341 ibi,
1593 5291 1744 5346 qna:-

142 5376 263 5433 qtte
290 5361 653 5431 lacrymarum
684 5377 794 5431 pra:
825 5364 1021 5432 gaudio
1044 5363 1245 5420 fuderit
1280 5365 1523 5433 ﬂumina,
1553 5368 1598 5423 si
1628 5370 1742 5424 vel-

142 5450 228 5505 iet
282 5451 590 5521 exprimere
636 5451 910 5519 Tulliana,
971 5455 1075 5511 nisi
1132 5456 1311 5523 fallor,
1360 5462 1744 5517 succumberet

142 5534 435 5598 facundia.
466 5542 744 5600 Fortassis
771 5547 913 5614 quod
937 5546 1229 5617 loquimur,
1262 5562 1362 5618 pro
1391 5549 1473 5605 sui
1507 5552 1746 5608 novitate

141 5642 204 5687 et
240 5634 492 5690 miraculi
543 5636 913 5707 magnitudine
941 5638 1165 5694 cuilibet
1214 5640 1462 5695 videatur
1506 5642 1742 5698 incredi-

141 5722 267 5779 bile
302 5739 317 5777 :
356 5726 473 5792 sed,
499 5742 533 5782 ο
559 5735 614 5781 ιιι
655 5730 749 5799 qui
790 5728 915 5785 inde
946 5730 1196 5802 ambigis,
1227 5740 1465 5788 veterem
1506 5734 1744 5789 Dauielis

127 5814 446 5886 _h'tstoriatn
476 5831 581 5873 non
608 5826 660 5872 te
687 5817 865 5891 pigeat
895 5828 1159 5890 retexere,
1187 5832 1364 5895 etquo
1398 5833 1556 5895 pacto
1577 5839 1742 5897 ange-

1843 4622 2233 4693 perpetualiter
2253 4639 2284 4678 a
2315 4626 2596 4681 monachis
2624 4625 2732 4683 Dco
2763 4629 3050 4695 serviatur,
3080 4634 3427 4702 spcttsiouem

1843 4714 2004 4781 fecit;
2032 4716 2375 4787 exigentibus
2421 4727 2529 4774 tam
2562 4730 2863 4778 memorato
2893 4738 3031 4794 papa
3064 4739 3225 4794 quam
3268 4727 3432 4782 mini-

1844 4807 1974 4862 stris
2004 4808 2334 4880 apostolicis.
2364 4808 2637 4881 Purgatus
2674 4824 2853 4885 itaque
2885 4817 2978 4871 tali
3022 4819 3341 4886 paenitentia
3371 4831 3430 4876 et

1843 4898 2206 4968 confessione,
2252 4902 2330 4957 sic
2375 4903 2592 4959 demum
2655 4904 2842 4962 limina
2889 4919 3075 4965 sancta
3123 4910 3325 4983 ingredi
3373 4925 3434 4971 et

1844 4989 2021 5046 locum
2052 4992 2405 5064 vestigiorum
2452 4994 2663 5052 Domini
2708 5002 3007 5067 promissus
3047 5010 3131 5056 est
3167 5004 3424 5059 osculari.

1842 5082 1911 5137 Et
1936 5083 2116 5139 facere
2137 5086 2372 5155 gestiens
2410 5088 2551 5156 quod
2580 5090 2926 5159 promiserat,
2956 5090 3021 5144 ad
3050 5093 3267 5163 propria
3305 5110 3427 5150 σωκ

1842 5173 1922 5245 pit
1948 5190 2070 5232 cum
2098 5176 2293 5246 gaudio
2329 5180 2561 5248 regredi.

1919 5266 2169 5323 Emensis
2220 5268 2386 5341 igitur
2428 5268 2687 5339 longioris
2731 5270 2829 5325 vite
2864 5270 3054 5340 spatiis
3078 5312 3096 5336 ,
3129 5287 3251 5328 eum
3297 5274 3424 5330 boni
3458 5342 3461 5345 _

1844 5360 2099 5417 desiderii
2130 5361 2323 5431 plenus
2354 5376 2460 5417 una
2502 5376 2628 5416 cum
2673 5378 2840 5417 uxore
2883 5363 3104 5434 suisque
3136 5363 3424 5436 Segusiam

1844 5455 2123 5521 venisset.
2164 5465 2223 5510 et
2276 5455 2330 5511 in
2373 5453 2629 5510 familiari
2685 5454 2896 5528 sibique
2939 5465 3064 5511 nota
3096 5457 3255 5512 domo
3298 5473 3463 5529 cum,

1842 5555 2027 5602 vetere
2053 5546 2233 5601 amico
2282 5545 2588 5614 hospitatus
2626 5554 2813 5613 esset,
2868 5546 2938 5603 ab
2974 5548 3164 5604 eodem
3210 5548 3464 5620 hospite.

1845 5652 2008 5693 causa
2038 5636 2430 5692 familiaritatis
2450 5636 2742 5708 diligenter
2767 5641 2935 5712 ccepit
2960 5640 3159 5711 inquiri
3187 5641 3428 5713 qualiter
3452 5690 3463 5715 λ

1843 5743 2061 5786 cursum
2093 5728 2366 5800 explesset
2395 5728 2605 5786 itineris
2631 5732 2735 5786 sui.
2765 5730 3017 5789 Seriatim
3039 5744 3233 5790 cuncta
3268 5745 3427 5791 retu-
3447 5720 3467 5804 ’,

1844 5822 1941 5894 lit,
1971 5830 2028 5879 et
2053 5822 2320 5880 universa
2350 5822 2427 5881 rei
2469 5838 2633 5898 quam
2669 5824 2866 5899 prefati
2900 5842 3085 5886 sumus
3113 5827 3450 5901 mirabilem“
