3836 6320
474 364 617 443 itas

1527 376 1863 433 \\'ll.LliLtll
1902 374 2263 433 tlLL’SlE-NS.
2306 357 2612 433 uomica.

3566 391 3656 445 MSS

474 500 723 556 notitiam
761 497 926 553 dedit.
961 498 1243 551 Attonitus
1285 496 1484 565 hospes
1524 494 1659 549 tanti
1707 505 1925 563 stupore
1956 490 2057 546 mi-
2089 492 2139 553 Α
2168 492 2381 555 debito,
2423 493 2504 547 vel
2532 506 2595 545 ex
2640 502 2844 546 terrore
2878 490 3012 546 ﬁunt
3073 495 3315 562 expedita
3350 494 3656 557 lihertascuu.

476 592 643 647 raculi
664 634 679 659 ,
715 590 982 661 simulque
1024 589 1279 644 laudibus
1305 588 1509 643 diutius
1539 588 1855 642 immoratus
1886 584 2061 639 omni-

472 683 865 757 potentissima:
893 680 1281 737 misericordia:
1321 679 1570 743 Domini,
1620 677 1757 731 dixit
1794 677 1859 730 ad
1891 690 2056 730 eum:

476 796 499 828 ι
545 774 590 830 Ο
642 774 859 829 domine
900 772 1082 843 llugo,
1136 771 1181 826 si
1218 771 1498 826 desideras
1528 769 1652 824 boni
1694 769 1793 823 viri
1833 781 2059 839 compos

474 876 741 928 existere,
792 863 919 918 nulli
978 863 1067 917 alii
1126 861 1319 918 melius
1358 874 1479 932 post
1522 861 1753 932 gratiam
1792 857 2060 929 principis

473 955 885 1028 Apostolorum,
918 969 1080 1023 quam
1132 952 1359 1024 principi
1410 951 1650 1007 cmlestis
1675 951 1950 1004 exercitus
1972 965 2061 1003 ar-

466 1049 738 1119 changelo
772 1045 1018 1101 Michaeli
1059 1054 1114 1100 te
1147 1045 1303 1100 decet
1344 1041 1652 1100 coenobium
1702 1049 2058 1105 construere,

470 1150 539 1194 nt
564 1182 578 1203 ,
612 1139 852 1195 dimissis
877 1138 1129 1192 omnibus
1152 1136 1394 1208 peccatis
1436 1135 1542 1190 luis
1563 1177 1575 1197 ,
1608 1133 1734 1190 inde
1772 1134 1953 1188 exitus
1981 1131 2057 1186 tui

471 1235 542 1288 de
564 1233 669 1289 hoc
690 1230 883 1289 exsilio
914 1231 1111 1286 anima:
1144 1239 1247 1285 tua:
1277 1230 1378 1284 iste
1401 1229 1469 1284 sit
1494 1237 1711 1297 ereptor
1735 1268 1751 1291 ,
1779 1237 1833 1281 et
1860 1224 2059 1281 Petrus

470 1336 742 1398 receptor.
800 1349 818 1378 ι
876 1324 1047 1380 Simul
1093 1324 1257 1379 etiam
1307 1322 1482 1377 locum
1523 1321 1847 1391 pet-fatum,
1892 1333 2056 1389 quam

469 1420 787 1486 proximus,
815 1418 1069 1473 videlicet
1095 1434 1171 1473 xu
1211 1414 1446 1471 millibus
1475 1457 1487 1477 .
1515 1422 1659 1469 esset
1680 1454 1695 1477 ,
1726 1411 2023 1467 ostendens
2042 1451 2056 1473 ,

470 1522 527 1567 et
564 1512 914 1582 prmfatorunt
950 1508 1341 1565 miraculorum
1369 1507 1760 1561 nobilissimam
1791 1503 2060 1557 narratio-

474 1620 598 1659 nem
648 1619 1017 1675 prosequens,
1046 1602 1259 1657 animos
1305 1602 1408 1655 viri
1442 1600 1758 1668 jannludutn
1801 1599 1864 1652 ad
1894 1597 1943 1651 id
1979 1597 2061 1651 itt-

471 1706 652 1753 tentos
678 1695 1077 1753 exhortationis
1103 1696 1259 1750 bona:
1285 1693 1538 1748 scintillis
1590 1690 1855 1747 accendit.
1884 1692 2059 1761 Atque

469 1790 553 1846 sic
582 1790 797 1843 tandem
834 1797 887 1843 ct
926 1788 1087 1843 verba
1122 1785 1345 1847 salutis,
1371 1793 1427 1840 et
1467 1785 1607 1839 diem
1651 1800 1758 1854 quo
1797 1783 1925 1839 fessi
1968 1797 2059 1837 vc-

471 1886 669 1936 nerant
710 1896 812 1934 nos
867 1879 1206 1947 subsequens
1233 1877 1447 1932 clausit.
1488 1879 1655 1931 Adest
1691 1873 2055 1944 archangelus
2093 1855 2134 1910 Β

469 1986 573 2042 per
603 1973 864 2026 visionem
905 1970 1174 2039 soporatis
1216 1970 1459 2041 utrisque
1502 1968 1851 2039 coniugibus,
1879 1977 1934 2021 et
1962 1984 2057 2021 ca-

467 2064 591 2119 detn
624 2062 805 2131 Specie
836 2062 1152 2131 eisdemque
1182 2061 1361 2115 verbis
1383 2060 1720 2131 conSpicitur
1747 2068 1802 2114 ct
1833 2060 2054 2114 auditur

468 2172 498 2208 τι
545 2154 778 2209 duobus.
810 2152 1072 2207 llortatur
1102 2161 1157 2207 et
1213 2152 1474 2223 imperat,
1505 2160 1564 2205 ut
1618 2152 1673 2205 in
1718 2150 1839 2205 loco
1893 2166 2056 2221 quem

469 2249 672 2317 hospes
703 2245 1111 2317 designavcrat,
1150 2244 1315 2300 totius
1349 2243 1561 2299 consilii
1604 2244 1750 2299 vires
1798 2244 1954 2313 ligat,
2007 2252 2060 2299 et

472 2341 681 2409 absque
706 2336 1044 2393 dubitatione
1071 2338 1460 2394 monasterium
1504 2335 1779 2392 fabricatis
1800 2377 1813 2401 ,
1864 2337 2061 2391 animm

467 2448 585 2487 sine
641 2429 864 2487 mdeste
894 2446 953 2485 se
999 2440 1323 2487 construere
1369 2430 1629 2502 palatium
1681 2446 1787 2485 non
1831 2430 2057 2486 diﬁidat.

469 2523 561 2578 Vir
600 2534 721 2595 post
753 2522 1137 2579 revelationem
1169 2523 1321 2594 prior
1352 2522 1594 2593 evigilat,
1639 2531 1693 2577 ct
1722 2531 1834 2577 tum
1862 2523 2013 2577 uxori
2042 2564 2058 2589 ,

468 2614 820 2687 hiscngardae
845 2616 1097 2683 nomine,
1126 2616 1289 2672 totius
1322 2626 1566 2671 tenorem
1600 2615 1826 2671 visionis
1852 2625 2057 2671 narrat.

471 2708 770 2781 Postquam
800 2718 855 2764 et
882 2708 999 2781 ipsa
1036 2708 1225 2765 retulit
1268 2712 1380 2765 ita:
1412 2707 1762 2764 concordiam
1803 2706 2057 2781 visionis,

467 2776 639 2854 ocior
669 2808 843 2853 statu
889 2776 949 2854 se
987 2797 1249 2869 proripit.
1304 2805 1361 2852 et
1418 2796 1726 2868 hospitibus
1768 2776 2063 2853 sciscitatis

469 2889 746 2959 quomodo
772 2889 965 2945 melius
994 2889 1062 2945 ad
1101 2887 1357 2945 eﬁ'cctum
1383 2902 1474 2943 res
1501 2888 1762 2956 ducatur,
1789 2889 2061 2961 sagaciter

468 2981 756 3037 consilium
786 2982 1003 3051 quaerit.
1055 2979 1209 3036 Tunc
1252 2994 1392 3034 uxor
1420 2976 1657 3047 hospitis
1701 2977 1813 3032 Eva
1870 2977 2061 3035 melior

430 3072 433 3077 ’
472 3070 719 3127 consiliis
746 3069 871 3127 Eva;
910 3066 1143 3142 prioris,
1183 3075 1305 3138 Qua:
1344 3060 1469 3124 sero
1509 3067 1854 3124 contulerant
1883 3075 1899 3135 (
1930 3083 2057 3123 nam

471 3162 559 3217 his
598 3162 713 3232 ipsa
745 3160 1043 3233 plurimum
1077 3159 1395 3227 institerat)
1426 3159 1795 3215 narrationem
1824 3158 2053 3214 archan-

470 3254 628 3323 geiici
662 3253 887 3311 montis.
908 3251 1321 3309 corroboratam
1372 3251 1556 3323 gavisa
1578 3292 1592 3318 ,
1634 3266 1740 3305 una
1782 3266 1905 3307 cum
1936 3251 2055 3306 viro
2082 3224 2125 3282 ο

472 3344 699 3417 cpia-tis
727 3344 873 3401 valet
900 3344 1136 3416 ingeniis
1172 3358 1366 3399 omnes
1411 3342 1648 3400 directos
1691 3344 1869 3400 aditus
1916 3342 2056 3399 inci-

468 3437 681 3509 pienda;
707 3436 1077 3507 faciendaque
1099 3437 1175 3492 rei
1206 3438 1494 3508 perquirit.
1518 3437 1871 3505 Tandemque
1894 3432 2059 3490 sitnul

468 3529 880 3586 conferentibus
920 3530 1038 3585 sani
1088 3545 1221 3586 vena
1253 3531 1464 3587 consilii
1512 3547 1539 3586 a
1582 3531 1729 3587 fonte
1767 3530 2059 3601 Sapientia:

468 3623 656 3679 Patris
687 3624 993 3694 processit,
1026 3625 1117 3694 qui
1149 3624 1201 3678 in
1236 3623 1525 3694 Evangelio
1554 3624 1667 3679 suis
1691 3624 1960 3693 promittit
1991 3626 2057 3678 ﬁ-

470 3717 681 3772 delibus
707 3757 723 3783 ,
774 3718 1008 3772 dicens:
1062 3714 1164 3771 Ubi
1196 3717 1301 3770 duo
1343 3717 1422 3773 rel
1464 3729 1568 3773 tres
1593 3718 1896 3790 congregati
1944 3716 2057 3786 [ue-

470 3807 579 3861 riut
608 3807 665 3860 in
690 3806 900 3861 nomine
921 3822 1069 3872 meo,
1096 3808 1166 3860 ibi
1194 3824 1311 3862 sum
1354 3808 1409 3862 iu
1434 3808 1605 3862 medio
1635 3824 1842 3863 eorum.
1889 3809 2059 3880 Igitur

470 3897 707 3954 lavatnri
752 3899 886 3953 tanti
933 3898 1133 3955 nmium
1177 3900 1361 3969 palatii
1414 3898 1568 3970 llugo
1617 3909 1673 3955 et
1713 3914 1849 3955 uxor
1895 3900 2012 3971 ejus
2041 3941 2056 3966 ,

468 3992 729 4051 omnibus
758 3992 936 4048 modis
965 4007 1189 4048 arenam
1217 3994 1524 4049 nocituram
1551 3988 1847 4065 prudenter
1867 4008 2060 4066 expto-

468 4093 624 4149 rant,
649 4093 704 4139 et
728 4100 850 4141 eam
875 4085 1161 4141 obstruere
1212 4085 1353 4141 felici
1386 4087 1673 4142 conamine
1724 4096 1960 4157 parant,
1998 4096 2095 4142 ut‘

468 4193 634 4249 supra
672 4177 882 4234 ﬁrmam
933 4187 1141 4249 petram
1195 4192 1387 4233 secure
1449 4177 1865 4233 fundamentum
1916 4195 2059 4234 nun-

470 4288 635 4343 quam
676 4287 933 4328 casurum
966 4271 1186 4343 iaciant.
1228 4271 1488 4327 Ascensis
1533 4285 1669 4344 ergo
1693 4270 1933 4330 diluculo
1970 4287 2064 4327 ve-

470 4364 707 4429 hiculis,
741 4363 1003 4419 Bardoini
1042 4363 1377 4418 marchionis
1400 4364 1631 4430 curiam,
1669 4368 1789 4429 una:
1816 4378 1916 4418 xm
1945 4372 2061 4417 tan-

470 4465 588 4511 tum
613 4456 851 4512 millibus
885 4456 938 4511 in
970 4464 1157 4511 castro
1194 4455 1460 4510 Avilliano
1496 4465 1624 4511 tunc
1647 4457 1873 4521 aderat,
1905 4455 2051 4511 cclc-

2166 584 2465 640 ditiouibus
2512 594 2674 639 esset.
2720 584 3157 641 Liberalissimus
3207 587 3439 657 princeps
3488 593 3657 649 libenter

2165 678 2388 745 annuit,
2429 686 2482 731 ct
2506 677 2557 731 in
2587 677 2778 747 primis
2808 679 2979 743 gratis
3007 694 3125 748 quae
3174 682 3476 748 petebantur
3498 690 3659 756 exsequi

2165 768 2388 834 volens,
2414 769 2756 838 postmodum
2802 769 3003 824 saniori
3046 772 3271 825 consilio
3314 774 3517 842 pretium
3562 779 3661 845 quod

2161 859 2365 931 justum
2393 872 2476 917 cst
2506 862 2737 940 benigne
2770 864 3005 932 recepit,
3035 876 3088 918 et
3110 848 3415 936 evmrgclico
3445 869 3659 936 exentplo,

2168 953 2624 1023 quemadmodum
2669 955 2736 1008 de
2779 957 2955 1025 pretio
2988 955 3197 1010 Domini
3227 967 3429 1026 emptus
3472 972 3540 1014 est
3575 978 3665 1031 ager

2166 1047 2219 1102 in
2251 1047 2582 1117 sepulturam
2614 1049 3059 1119 peregrinorum,
3087 1050 3368 1103 manachis
3397 1052 3563 1105 sa-culo
3586 1072 3664 1106 ωυ-

2165 1142 2354 1195 rituris
2383 1139 2435 1195 in
2458 1140 2648 1196 eodem
2681 1140 2799 1195 loco
2855 1141 3030 1211 pretio
3076 1140 3260 1195 vitalis
3298 1141 3541 1209 sepultura
3579 1162 3665 1213 pro-

2169 1234 2419 1299 veniret,
2450 1242 2504 1287 et
2536 1232 2732 1288 futuris
2757 1232 3090 1303 temporibus
3127 1234 3451 1295 refragandm
3493 1238 3665 1290 cmttoLii

2166 1328 2431 1383 libertatis
2458 1328 2677 1383 occasio
2699 1328 2842 1381 nulla
2868 1327 3032 1381 foret.
3063 1326 3191 1381 Post
3224 1328 3337 1381 lnrc
3365 1330 3425 1381 ad
3447 1329 3666 1394 hospitium

2164 1407 2320 1474 hctus
2347 1417 2500 1489 Hugo
2529 1417 2868 1489 regreditur,
2904 1418 3218 1493 ct‘consilio
3259 1418 3568 1473 nihilominus
3600 1420 3669 1473 lm-

2164 1510 2321 1580 spitis
2342 1509 2541 1575 virum,
2570 1509 2655 1565 c‘ui
2688 1509 2911 1563 tutelam
2939 1509 3041 1563 loci
3077 1509 3455 1564 couuuittcrct.
3478 1512 3667 1565 οιιειξδὶιιιο
3698 1574 3701 1579 η

2168 1612 2277 1656 rus.
2318 1601 2541 1657 Interim
2569 1601 2695 1671 quia
2725 1600 2825 1655 via:
2849 1601 3064 1656 occasio
3090 1616 3148 1655 se
3176 1601 3431 1670 praebuit,
3461 1616 3561 1654 cum
3580 1618 3671 1669 par-

2165 1694 2245 1749 cis
2275 1693 2343 1749 ad
2382 1693 2584 1748 montis
2620 1708 2912 1759 cacumen,
2946 1692 3321 1747 habitudinem
3353 1692 3445 1748 loci
3485 1693 3672 1758 visurus,

2165 1786 2346 1855 potius
2370 1785 2543 1840 animi
2571 1801 2731 1855 quam
2761 1785 2812 1840 vi
2861 1784 3104 1856 corporis
3130 1786 3154 1857 (
3173 1801 3299 1839 nam
3332 1785 3412 1839 via
3440 1795 3541 1839 erat
3576 1786 3671 1839 ιιιιιι

2160 1873 2358 1929 cillima
2385 1874 2405 1944 )
2436 1874 2687 1928 trahitur.
2715 1871 2875 1928 [Estu
2916 1888 3047 1943 ergo
3096 1873 3179 1928 vel
3215 1872 3401 1929 labore
3422 1871 3579 1928 fessus
3606 1876 3670 1927 ad

2166 1966 2427 2034 modum,
2485 1965 2597 2021 imo
2647 1964 2736 2019 siti
2782 1974 2916 2019 nutu
2971 1965 3065 2021 Dei
3109 1965 3411 2030 deﬁciens,
3464 1966 3522 2018 ad
3561 1968 3675 2037 pedes

2160 2058 2421 2126 cretnitae,
2467 2057 2553 2111 cui
2584 2056 2832 2113 ecclesia:
2856 2058 3109 2129 contigua
3154 2067 3279 2112 erat
3305 2058 3432 2113 cella
3475 2058 3675 2129 parvus:-

2164 2164 2282 2215 ma,
2312 2149 2719 2218 prosternitur;
2742 2157 2797 2203 et
2835 2157 2895 2203 ut
2920 2149 3264 2220 archangeli,
3301 2151 3345 2204 si
3377 2166 3471 2206 non
3498 2152 3674 2206 humano

2163 2240 2429 2302 consilio.
2473 2239 2607 2294 tanti
2658 2239 2880 2311 periculi
2929 2240 3191 2296 medelam
3233 2244 3537 2311 quantocius
3574 2243 3678 2295 inve-

2163 2333 2279 2388 niat
2304 2374 2318 2399 ,
2347 2332 2700 2404 deprecatur.
2729 2332 2951 2387 Audivit
2982 2330 3052 2386 ab
3079 2332 3169 2387 illo
3190 2347 3392 2403 aquam
3423 2335 3470 2388 in
3495 2334 3680 2403 proximo

2162 2440 2270 2480 non
2307 2426 2527 2487 haberi;
2562 2425 2747 2479 vinum
2771 2433 2953 2480 autem
2987 2425 3042 2480 in
3072 2425 3370 2496 ampullula
3401 2441 3574 2497 parva,
3596 2440 3680 2497 qua

2163 2518 2232 2573 ad
2260 2516 2421 2571 unius
2446 2516 2628 2571 missa:
2655 2515 3079 2572 celebrationem
3108 2518 3200 2572 vix
3233 2531 3420 2588 posset
3458 2518 3679 2581 sullicerc,

2163 2608 2657 2667 contineri.Penes
2676 2623 2737 2664 se
2782 2608 2857 2665 nil
2898 2609 3135 2665 omnino
3167 2611 3400 2667 remedii
3448 2610 3563 2669 fore.
3589 2609 3681 2664 Nam

2162 2703 2421 2759 Virtutem
2452 2699 2765 2772 archangeli
2791 2700 2983 2772 procul
3022 2701 3187 2758 dubio
3215 2704 3403 2758 omnia
3431 2717 3582 2773 posse.
3628 2701 3681 2753 Ia-

2161 2805 2343 2854 stantc
2364 2811 2523 2867 quem
2551 2795 2672 2853 sitis
2697 2804 2752 2851 et
2786 2805 2951 2851 aestus
2977 2794 3282 2866 periculum
3306 2797 3583 2861 coartabat,
3604 2809 3686 2849 eic-

2164 2890 2296 2945 mita
2340 2890 2559 2945 tandem
2607 2889 2809 2960 pietate
2842 2889 3187 2954 concitatur,
3224 2901 3285 2944 et
3337 2887 3685 2955 archangelum,

2162 2982 2211 3038 si
2255 2989 2433 3037 status
2456 2979 2557 3035 loci
2601 2979 2707 3034 sibi
2740 2979 2982 3049 placeat,
3014 2977 3194 3033 devoti
3225 2979 3335 3033 viri
3369 2980 3553 3033 mederi
3586 2977 3685 3048 peri-

2160 3075 2286 3132 culo
2319 3075 2667 3146 deprecatur.
2714 3071 2867 3137 Mox,
2922 3074 3059 3128 mira
3091 3074 3345 3129 dicturus
3390 3074 3685 3143 sum,me

2161 3178 2311 3224 ctam
2342 3168 2522 3224 cernit
2561 3166 2941 3239 ampullulam,
2976 3169 3129 3238 quasi
3162 3168 3231 3222 ab
3274 3169 3388 3224 imo
3424 3168 3691 3223 scaturiat:

2159 3276 2295 3317 vena
2341 3258 2505 3337 fontis
2562 3259 2865 3324 inundare,
2935 3270 2990 3313 et
3040 3274 3321 3313 summum
3365 3257 3685 3328 archangelum

2159 3354 2418 3408 virtutem
2452 3351 2720 3407 visibilem
2747 3349 3025 3406 exhibere.
3052 3349 3334 3417 Quantum
3362 3349 3577 3420 oportuit
3622 3361 3689 3414 po-

2161 3449 2263 3505 tati
2292 3456 2419 3504 sunt
2440 3447 2531 3518 qui
2571 3456 2862 3511 venerant,
2893 3454 2946 3500 et
2974 3456 3193 3516 accepta
3240 3447 3597 3502 benedictione
3630 3458 3691 3496 ie-

2160 3542 2421 3606 deuntes,
2456 3540 2597 3596 sicut
2630 3539 2984 3610 praediximus
3007 3580 3023 3602 ,
3053 3537 3231 3592 virum
3263 3538 3445 3592 tutela:
3479 3536 3566 3590 loci
3598 3549 3690 3587 ευιιο

2158 3651 2350 3707 gruum
2378 3633 2539 3706 (nam
2579 3632 2826 3687 ercmita:
2858 3631 3003 3685 nulla
3032 3629 3147 3700 jam
3187 3631 3296 3685 nisi
3325 3633 3394 3686 de
3428 3628 3691 3685 cmicstibus

2160 3744 2291 3784 cura
2331 3724 2485 3796 crat)
2534 3725 2774 3794 reperire
2804 3723 3176 3777 desiderantes
3201 3724 3273 3777 ad
3304 3722 3690 3792 hospitiumpro-

2161 3826 2378 3891 perant.
2428 3815 2637 3872 Retulit
2671 3814 2871 3886 hospiti
2915 3814 2999 3869 vir
3046 3815 3154 3869 Deo
3176 3815 3411 3870 devotus
3436 3813 3563 3885 quod
3588 3809 3693 3865 acci-

2161 3910 2355 3976 derat,
2396 3917 2451 3966 et
2476 3909 2620 3965 inter
2649 3906 2813 3963 verba
2848 3906 3136 3964 locutionis
3167 3915 3309 3962 testu
3343 3905 3466 3961 boni
3496 3899 3691 3959 desiderii

2161 4016 2267 4057 non
2299 4001 2479 4057 minus
2501 4014 2664 4071 quam
2689 4000 2842 4071 prius
2868 3997 2956 4055 siti
2981 3998 3230 4069 corporis
3257 4008 3521 4062 aestuans,
3548 3997 3697 4050 item

2162 4104 2326 4166 atque
2363 4094 2558 4149 iterum
2608 4094 2675 4149 de
2728 4092 2830 4148 loci
2891 4092 3092 4157 tutela,
3137 4091 3223 4147 cui
3262 4103 3558 4164 opportune
3593 4094 3695 4140 esst

2162 4186 2550 4245 committenda
2569 4227 2583 4251 ,
2620 4187 2851 4240 verbum
2888 4185 3185 4255 repetebat.
3484 4180 3491 4187 “

2239 4277 2442 4334 Aderat
2469 4276 2544 4333 ibi
2574 4275 2798 4347 quidam
2836 4285 2969 4331 nutu
2992 4274 3207 4331 Domini
3234 4275 3327 4332 vir
3356 4274 3613 4346 religiosos
3632 4284 3696 4322 or-

2163 4370 2306 4426 dinis
2328 4368 2614 4425 monastici
2640 4409 2655 4433 ,
2703 4368 2922 4423 nomine
2955 4372 3248 4433 Atvertus,
3290 4370 3389 4439 qui
3420 4366 3473 4423 in
3509 4362 3700 4421 Lisathio

2169 4461 2508 4517 monasterio
2536 4459 2747 4515 abbatis
2782 4458 2932 4529 prius
2973 4458 3159 4514 ofﬁcio
3190 4459 3416 4515 functus
3440 4500 3456 4523 ,
3493 4468 3629 4527 atque
3650 4451 3699 4503 ab

468 4545 610 4603 riter
641 4546 877 4610 adeunt,
923 4559 1156 4616 eumrpre
1204 4546 1275 4600 ibi
1319 4561 1445 4600 cum
1474 4560 1645 4600 uxore
1702 4544 2062 4601 nihilominus
2090 4576 2138 4635 υ
2167 4553 2269 4607 hoc
2299 4568 2328 4606 a
2354 4552 2647 4607 contrariis
2676 4560 2881 4605 sancta:
2919 4549 3197 4621 religionis
3237 4550 3525 4623 expulsus,
3560 4558 3657 4602 tunc
3677 4557 3699 4594 ι

469 4646 606 4692 nutu
655 4636 1004 4703 Divinitatis,
1036 4654 1108 4692 ne
1128 4638 1333 4693 diutius
1370 4635 1664 4709 fatigentur
1690 4680 1704 4704 ,
1753 4636 2058 4694 inveniunt.

467 4730 694 4788 Nobiles
727 4739 783 4788 et
822 4731 1090 4801 elegantis
1139 4731 1480 4787 habitudinis
1536 4729 1808 4801 peregrini
1858 4745 1923 4784 ex
1949 4730 2061 4783 cis-

458 4825 750 4883 .montauis
814 4823 1062 4896 partibus
1113 4823 1401 4879 advenisse
1423 4823 1654 4894 principi
1699 4823 2083 4888 nuntiantur,’

466 4933 707 4990 moxque
739 4917 808 4975 ab
839 4931 906 4972 eo
932 4917 1126 4971 secuti.
1176 4914 1457 4971 Nobilibus
1493 4930 1612 4971 mos
1659 4914 2059 4985 qitodammodo

468 5011 796 5068 naturaliter
824 5011 966 5067 inest
994 5050 1012 5075 ,
1053 5009 1099 5066 si
1152 5008 1278 5065 boni
1316 5019 1444 5064 sunt
1528 5007 1836 5063 honoriﬁce
1880 5007 2053 5063 susci-

465 5108 710 5179 pluntur.
744 5106 1020 5160 Adventus
1071 5118 1268 5159 causas
1314 5110 1631 5174 exponunt,
1682 5110 1735 5157 et
1778 5100 2083 5157 licentiam

466 5195 819 5253 construendi
871 5195 1105 5250 cmnobii
1159 5194 1213 5249 in
1256 5204 1561 5250 memorato
1619 5192 1895 5249 multotics
1940 5192 2089 5247 loco.

466 5298 696 5359 petunt;
727 5303 789 5342 ea
818 5286 1069 5342 videlicet
1108 5286 1319 5343 ratione
1345 5327 1361 5353 ,
1393 5294 1455 5341 ut
1496 5285 1765 5357 gloriosus
1807 5283 2057 5340 marchio

468 5391 732 5453 quantum
763 5379 923 5435 vellet
960 5379 1079 5435 auri
1107 5378 1192 5434 vel
1230 5379 1483 5451 argenti,
1517 5377 1791 5433 iuniorum
1824 5384 2058 5431 contero-

467 5492 700 5550 rumque
725 5466 1133 5546 vehiculorum,
1180 5494 1317 5549 quae
1356 5478 1734 5540 adduxerant,
1791 5475 2055 5547 optimam

470 5572 682 5639 copiam
696 5570 928 5644 benigne
953 5571 1241 5641 reciperet,
1266 5578 1322 5627 et
1353 5573 1532 5627 locum
1556 5568 1625 5625 ab
1647 5585 1793 5625 omm
1816 5584 1913 5624 sua
1936 5582 2058 5639 pro-

469 5662 858 5734 btemtlumque
882 5680 1103 5720 suorum
1143 5664 1389 5721 saeculari
1423 5674 1692 5737 potestate
1724 5663 1928 5733 scripto
1969 5661 2055 5731 ju-
2086 5662 2089 5667 ’

464 5756 653 5812 dlciali
686 5756 950 5822 solveret;
993 5767 1263 5827 quatenus
1318 5757 1373 5812 in
1423 5766 1697 5826 posterum
1766 5755 1875 5810 Deo
1921 5753 2054 5808 inibi

472 5847 789 5911 territoria.
812 5864 843 5903 ιι
870 5849 1082 5904 cunctis
1108 5864 1228 5916 qua:
1259 5847 1820 5919 saecli-potestatibus
1850 5846 1935 5903 vel
1986 5859 2054 5901 ex
2086 5862 2087 5865 η

2163 4642 2447 4697 liminibus
2478 4641 2847 4713 apostolorum
2884 4657 3193 4718 regressus,
3223 4642 3278 4696 in
3312 4642 3503 4698 eodem
3528 4654 3611 4706 per
3630 4633 3701 4688 ai-

2162 4748 2293 4808 quot
2309 4737 2428 4791 dies
2451 4734 2876 4805 fueratbospitio
2904 4743 3228 4788 remoratus.
3248 4734 3431 4799 llunc,
3447 4732 3699 4798 ιιίιιιοδρεέν

2163 4839 2220 4885 ιιι
2267 4846 2391 4886 reor
2415 4872 2427 4896 ,
2452 4830 2626 4897 gratia
2670 4828 2850 4883 divina
2882 4825 3156 4899 providitf,
3186 4828 3280 4898 qui
3321 4843 3429 4883 non
3461 4836 3514 4879 ut
3543 4834 3698 4877 novus.

2162 4924 2255 4979 sed
2303 4932 2561 4992 expertus
2590 4920 2758 4976 ofﬁcii
2798 4920 3115 4984 monastici,
3147 4934 3351 4990 parvas
3378 4928 3620 4989 expensas
3652 4904 3700 4961 si

2162 5014 2267 5071 huc
2299 5012 2640 5083 incompositi
2673 5011 2850 5066 locelli
2878 5010 3069 5082 spiritu
3089 5025 3299 5082 pauper
3331 5022 3514 5064 amore
3538 5000 3700 5071 religio-

2162 5106 2247 5161 nis
2286 5105 2534 5160 amabit:
2592 5112 2648 5159 et
2702 5103 2891 5158 humili
2924 5119 3035 5157 stuc
3097 5102 3439 5172 paupertatis
3492 5090 3699 5161 obscqlﬁ‘l

2161 5197 2521 5254 serviturisin
2546 5205 2822 5267 posterum
2849 5194 3099 5258 Christo,
3131 5212 3248 5264 qua:
3291 5194 3433 5250 satis
3480 5192 3575 5246 sint
3599 5183 3699 5240 diii-

2164 5293 2267 5348 tias
2314 5291 2650 5361 aggregabit.
2705 5289 2916 5344 Auditis
2978 5288 3062 5342 his
3111 5287 3445 5341 venerabilis
3497 5288 3697 5354 βρίσειεν(

2162 5384 2318 5456 llugo
2349 5384 2400 5436 in
2432 5382 2643 5436 laudem
2696 5379 3082 5450 Redemptoris
3124 5379 3415 5433 attollitur.
3466 5372 3698 5430 Pnrfatum

2161 5492 2292 5547 ergo
2332 5475 2506 5530 virum
2561 5474 2871 5545 religiosum
2920 5473 3203 5527 Att-crtum
3262 5470 3460 5527 multis
3502 5464 3701 5539 precibus

2161 5568 2359 5633 vincit,
2389 5577 2444 5622 et
2475 5556 2680 5622 relictis
2708 5576 2971 5637 quantum
3020 5566 3087 5618 ad
3130 5580 3374 5634 przesens
3414 5574 3473 5616 ut
3513 5552 3701 5630 ιιετῡετίο

2161 5668 2264 5716 nos
2324 5666 2539 5729 poterat
2591 5657 2947 5727 necessariis,
3017 5655 3065 5709 ei
3116 5653 3293 5709 locum
3370 5649 3699 5706 committens:

2162 5753 2323 5810 citius
2364 5753 2635 5807 rediturus
2680 5752 2747 5806 ad
2797 5766 2929 5815 sua,
2966 5765 3088 5806 cum
3129 5746 3325 5819 gaudio
3356 5745 3531 5801 rediit.
3610 5828 3617 5829 γ
3704 5812 3719 5829 ⁴

2239 5845 2449 5901 Exinde
2499 5845 2583 5901 vir
2627 5844 2735 5901 Deo
2776 5844 2966 5916 plenus
3010 5844 3265 5897 Atvertus
3321 5837 3541 5895 omnino
3577 5828 3695 5903 pla"
