3836 6320
143 344 257 400 liii?

1210 336 1543 401 ,tllS'l‘OlilA
1588 330 1821 390 MONAS
1834 333 1897 391 Τ.
1939 336 2023 392 CL
2036 336 2291 395 [Sil-IRS:

3220 327 3380 399 am

138 459 413 517 devotione
439 464 692 530 satagens
738 465 1039 527 opportuna
1100 452 1381 509 monachis
1419 449 1696 506 aediliciola
1729 454 1774 510 Α
1811 450 2137 520 migrassent
2162 455 2227 508 ad
2259 454 2582 519 Drm.ni:ni,
2628 451 2891 511 successit
2917 448 2992 510 οῖ’
3022 453 3074 509 in
3123 448 3383 525 regimine

134 551 413 611 secundum
466 552 630 605 situm
683 549 783 604 loci
838 548 1005 620 (nam
1054 545 1291 617 scopulis
1339 544 1694 620 asperrimum

132 642 271 713 cratf)
299 641 464 710 coepit
512 614 863 704 construere,
895 649 950 692 et
992 614 1254 708 quidquid
1283 648 1509 703 usquam
1540 614 1697 687 colli:-

132 748 249 808 gere
270 740 488 803 poterat
517 773 531 797 ,
560 731 775 786 modico
807 730 951 786 victu
973 735 1295 792 contentus,
1329 727 1395 781 ad
1446 725 1499 779 id
1525 722 1698 783 solum

130 825 449 896 expendere.
514 822 780 893 Tempore
827 821 1123 878 constituto
1174 821 1315 875 sicut
1372 817 1701 888 promiserat

130 917 276 988 llngo
302 914 478 983 rediit,
503 922 558 969 et
582 912 836 969 omnibus
859 911 1180 968 necessariis
1208 908 1465 979 impensis
1491 907 1557 961 ad
1582 923 1703 977 peo-

128 1007 410 1065 liciendam
434 1006 679 1063 ecclesia:
726 1005 982 1063 fabricam
1021 1006 1192 1068 datis,
1224 1003 1417 1058 iterum
1456 1002 1523 1056 ad
1556 1016 1699 1071 prie-

125 1106 286 1159 f’atnm
331 1101 701 1157 marchionem
750 1099 1038 1155 transitum
1072 1096 1237 1162 fecit,
1270 1104 1326 1150 et
1355 1095 1514 1149 ab‘eo
1560 1093 1700 1153 sicut

130 1204 173 1249 et
210 1191 392 1263 prius,
444 1191 574 1247 dato
620 1190 797 1261 pretio
854 1188 1091 1245 villnlam
1131 1185 1300 1242 monti
1337 1185 1648 1254 contiguam
1676 1216 1699 1250 δ,

121 1285 333 1341 nomine
350 1284 592 1349 Clusam,
622 1293 679 1338 et
699 1281 1032 1339 ardilicandis
1054 1278 1252 1334 villulis
1282 1293 1556 1348 congruas
1584 1286 1697 1333 ter.-

126 1390 210 1431 ras
238 1373 597 1431 nihilominus
624 1376 909 1445 contiguas
957 1370 1265 1444 acquisivit.
1293 1368 1366 1426 Ut
1415 1378 1596 1427 autem
1631 1369 1697 1425 li-

124 1467 348 1523 berta‘tis
372 1466 513 1531 loci,
546 1482 647 1538 pro
670 1482 777 1531 qua
804 1467 1079 1538 prmcipue
1124 1468 1435 1538 satagebat,
1472 1472 1697 1534 scrupu-

120 1561 201 1615 lus
224 1559 453 1615 omnino
485 1559 664 1615 nullus
694 1561 916 1625 inesset,
947 1559 1337 1615 ‘l‘anrinensem
1364 1557 1694 1629 ponlitlcem,

117 1653 203 1721 qni
234 1653 426 1708 Amizo
446 1651 761 1718 dicebatur,
792 1651 953 1715 adiit;
985 1662 1038 1708 et
1089 1651 1289 1707 oblatis
1336 1667 1456 1723 qua:
1487 1660 1695 1707 tantum

119 1746 288 1800 virum
316 1745 584 1800 decebant
629 1744 972 1813 muneribus,
1001 1745 1212 1801 cunctis
1263 1746 1460 1801 iterum
1514 1743 1693 1800 locum

1806 541 2035 596 fratrum
2102 558 2369 598 consensu
2427 554 2484 598 et
2549 544 2820 601 electione
2894 544 2981 600 vir
3024 544 3384 614 simplicitatis

1802 650 1864 689 ac
1894 635 2196 706 prudentiie
2225 638 2422 692 merito
2453 638 2775 694 Benedictus
2800 647 2854 693 et
2874 636 3111 693 nomine.
3142 637 3237 692 llic
3259 653 3382 692 eum

1803 729 2047 798 plurimis
2090 728 2309 785 ﬂoreret
2344 730 2641 786 virtutibus
2686 740 2831 786 tanta
2862 732 3061 786 dicitur
3101 730 3383 787 charitatis

1802 820 2076 877 affluentia
2113 821 2363 888 refertus,
2390 831 2444 878 et
2467 823 2850 895 hospitalitatis
2876 822 3386 882 liberalitatemuni-

1805 916 1939 968 ﬁcus
1963 957 1975 978 ,
2026 925 2083 969 ιιι
2118 930 2318 971 omnes
2364 915 2432 971 ad
2485 930 2544 971 se
2596 916 2872 972 venientes
2900 925 2953 973 et
2981 914 3181 971 montis
3213 913 3380 970 ardua

1812 1023 1876 1061 ac
1908 1008 2224 1079 archangeli
2250 1008 2554 1079 patrocinia
2589 1017 2859 1078 petentes,
2893 1010 3232 1081 maximeque
3258 1008 3383 1066 Gal-

1805 1100 2012 1167 lorum,
2044 1101 2497 1172 Aquitanicorum
2535 1114 2589 1157 et
2619 1101 2997 1169 Hispaniarum
3028 1102 3251 1172 populos
3276 1100 3380 1154 Ro-

1806 1210 1948 1249 mam
1997 1195 2291 1262 adeuntes,
2357 1194 2718 1251 libentissime
2792 1196 3126 1265 susciperet,
3183 1204 3382 1264 etqua:

1808 1287 2032 1340 l'ralrum
2057 1295 2267 1341 tantum
2303 1288 2489 1343 usibus
2513 1298 2763 1359 poterant
2785 1296 3091 1357 competere
3120 1287 3383 1355 benignus

1808 1375 2133 1447 impertiret.
2192 1376 2362 1449 Cujus
2411 1377 2793 1449 qnamplurimi
2850 1380 3081 1449 gratiam
3128 1377 3384 1432 admirati

1803 1468 1822 1538 (
1853 1478 1969 1521 erat
1997 1468 2194 1539 quippe
2225 1469 2472 1525 moribus
2500 1471 2727 1526 etcanis
2756 1469 3014 1541 angelicis
3057 1469 3381 1539 decoratus)

1800 1557 2061 1613 aiebant:
2100 1576 2127 1610 ι
2166 1558 2308 1615 Ecce
2346 1558 2430 1615 vir
2448 1559 2690 1631 prudens
2726 1554 2817 1630 qui
2848 1558 3137 1615 aedificavit
3164 1559 3384 1613 donmm

1797 1668 1954 1708 suam
1984 1668 2148 1725 supra
2175 1662 2384 1724 petram
2408 1697 2425 1724 ,
2458 1655 2513 1711 in
2544 1653 2701 1725 cujus
2727 1668 2825 1710 ore
2854 1652 3009 1709 dolus
3033 1666 3139 1707 non
3169 1650 3381 1707 inveni:

1802 1756 1925 1801 tur:
1973 1760 2080 1817 quo
2126 1746 2273 1804 fideli
2325 1749 2706 1820 dispensatore
2756 1747 3116 1819 archangelns
3166 1746 3379 1802 Domini

113 1839 244 1892 SulVi
281 1838 703 1906 conditionibus,
732 1842 853 1893 cum
871 1838 1232 1894 anathematis
1258 1838 1421 1894 etiam
1455 1838 1694 1908 interpo-
1726 1825 1775 1889 Β
1800 1840 2145 1913 gratulatur,
2169 1849 2226 1896 et
2253 1839 2413 1911 hujus
2445 1841 2548 1898 loci
2588 1841 2732 1897 fama
2764 1857 2859 1898 sua
2906 1841 3105 1911 ubique
3136 1837 3384 1896 extendit

108 1932 341 1997 sitione,
396 1930 767 1987 favorabiliter
815 1931 1145 2000 impetravit,
1193 1932 1426 2001 indeque
1467 1931 1692 1985 Romani

112 2022 431 2093 profectus,
479 2023 722 2079 omnium
767 2022 1152 2091 pmdictarum
1189 2023 1538 2093 sponsionum
1587 2030 1695 2076 tam

104 2115 380 2184 pontificis
407 2130 569 2185 quam
607 2114 938 2170 marebionis
982 2123 1229 2181 tenores,
1261 2131 1585 2186 omnemque
1613 2115 1696 2171 sui

100 2210 291 2275 operis
332 2207 553 2263 ordiens
607 2208 935 2275 historiam,
983 2224 1135 2280 papa:
1185 2207 1450 2263 Silvestre
1479 2207 1697 2272 retulit,

95 2311 155 2356 et
186 2299 311 2369 ejus
341 2300 408 2353 ad
452 2315 691 2371 praesens
739 2301 1000 2372 principis
1037 2302 1407 2371 apostolorum
1461 2301 1696 2356 auctori-

95 2401 238 2456 tate,
274 2399 469 2460 postea
508 2392 639 2447 vero
659 2392 821 2447 etiam
861 2392 1224 2464 imperatoria:
1248 2392 1547 2462 majestatis
1577 2402 1697 2447 cor;

91 2485 359 2539 roborari
411 2484 587 2540 locum
616 2485 813 2542 litteris
838 2494 893 2541 et
936 2486 1154 2544 nomine
1187 2487 1340 2543 fecit.
1392 2487 1527 2544 Post
1581 2488 1697 2543 lucc

86 2578 285 2647 quoad
318 2578 461 2635 vixit
488 2581 670 2635 omnia
702 2582 1034 2637 monasterio
1063 2581 1360 2637 secundum
1394 2596 1553 2652 posse
1601 2596 1695 2636 nea

83 2673 341 2728 cessaria
382 2671 465 2729 vel
489 2674 705 2736 attulit.
734 2674 814 2729 vel
846 2676 1062 2743 direxit,
1090 2684 1142 2732 et
1172 2676 1370 2732 exinde
1389 2676 1694 2731 «Baebium

86 2766 463 2822 incrementis
493 2770 811 2838 opportunis
837 2785 902 2825 ex
933 2778 1173 2839 tempore
1200 2768 1307 2823 Deo
1337 2767 1554 2825 favente
1582 2784 1697 2824 me-

85 2859 212 2915 ritis
248 2852 525 2915 hactenus
544 2859 858 2932 archangeli
891 2860 1064 2916 crevit
1087 2902 1103 2927 ,
1130 2868 1185 2914 et
1210 2860 1375 2914 variis
1418 2860 1695 2916 miraculis

87 2963 411 3003 coruscans
437 2948 666 3005 diversis
690 2950 900 3022 populis
916 2959 1128 3021 gratum
1156 2960 1211 3006 et
1236 2950 1544 3007 venerabile
1570 2950 1695 3008 fuit:

85 3041 169 3096 Ne
198 3050 399 3096 autem
426 3040 602 3111 aliqua
634 3042 880 3099 dnbietas
906 3060 971 3099 ex
1011 3042 1095 3097 his
1135 3059 1254 3114 qua:
1282 3043 1449 3099 relata
1482 3053 1606 3098 sunt
1639 3042 1691 3098 in

84 3135 369 3192 cordibus
429 3133 665 3191 fidelium
703 3138 872 3207 possit
914 3138 1081 3203 oriri,
1115 3137 1269 3192 testis
1321 3146 1403 3192 est
1447 3136 1691 3205 pnedicti

83 3224 352 3297 llugonis
413 3224 556 3281 filius
618 3225 938 3295 Mauricius,
1001 3226 1229 3282 testiset
1281 3226 1393 3296 ipsa
1446 3225 1692 3293 familia,

82 3335 333 3389 quorum
373 3319 462 3374 vel
490 3319 605 3375 suis
632 3319 717 3374 vel
745 3327 1028 3391 parentum
1060 3318 1321 3391 proximis
1357 3316 1549 3374 diebus
1576 3328 1696 3372 tan-

80 3412 154 3465 tis
233 3410 470 3466 indiciis
536 3409 783 3480 angelica
846 3409 1023 3466 virtus
1098 3409 1315 3479 dignata
1371 3417 1457 3464 est
1502 3421 1698 3481 propa-

79 3504 210 3560 lari.
1144 3526 1147 3527 ν

148 3596 341 3669 Igitur
382 3595 709 3651 venerabilis
755 3610 891 3667 papa
941 3593 1197 3651 Nicolaus
1226 3596 1278 3659 ⁸,
1306 3595 1448 3665 quod
1498 3610 1695 3651 nomen

79 3688 398 3743 victoriam
434 3686 617 3757 populi
671 3688 925 3741 nimirum
979 3685 1234 3741 catholici
1269 3695 1461 3752 sonat,
1510 3702 1697 3740 narra-

74 3781 253 3837 tionis
305 3779 482 3849 hujus
532 3780 809 3835 ordiendae
868 3780 1118 3833 laudator
1167 3788 1328 3848 atque
1389 3786 1695 3849 prmceptor

66 3874 334 3940 exstitit,
374 3880 440 3927 nt
466 3872 675 3927 cunctis
703 3871 1006 3945 legentibus
1031 3875 1422 3938 innotesceret,
1452 3872 1719 3949 praedicti

68 3969 175 4023 loci
204 3984 421 4024 curam
441 3968 765 4038 ‘specialiter
794 3968 863 4024 ad
905 3971 1087 4027 sedem
1138 3971 1486 4044 apostolicam
1529 3971 1700 4041 perti—

63 4079 255 4123 nere:
317 4070 381 4118 ct
442 4060 690 4131 quisquis
742 4054 977 4119 fidelium
1010 4066 1061 4121 in
1113 4067 1221 4123 fine
1268 4066 1488 4122 caduca:
1532 4075 1697 4136 atque

63 4155 440 4211 transitoria:
495 4156 621 4211 vitae
664 4155 859 4224 pennis
908 4156 1167 4228 angelicis
1202 4158 1274 4213 ad
1323 4158 1492 4214 ccelos
1546 4167 1699 4229 Optat

54 4249 273 4316 evehi,
305 4254 526 4303 contra
559 4245 736 4301 locum
781 4261 941 4315 quem
972 4246 1206 4304 Michael
1230 4250 1486 4325 princeps
1534 4262 1698 4321 auge-

55 4339 247 4394 lorum
275 4338 499 4393 dilexit
540 4346 596 4391 et
642 4337 837 4405 elegit,
895 4347 1145 4392 vereatur
1183 4338 1386 4407 aliquid
1448 4338 1696 4405 iniquum

60 4434 262 4489 moliri
304 4452 319 4487 :
357 4440 649 4503 quatenus
672 4430 723 4484 in
765 4429 926 4485 domo
972 4446 1066 4485 sua
1091 4429 1293 4501 absque
1347 4428 1697 4486 scissionilnts

1721 3189 1765 3248 C

1802 1933 2051 2003 insignia.
2091 1951 2108 1987 ι
2146 1932 2446 2005 Coeperunt
2467 1926 2704 2006 namque
2735 1934 2999 1996 nonnulli,
3032 1943 3085 1988 et
3113 1931 3383 2004 praecipue

1795 2026 1867 2080 de
1927 2025 2428 2091 Ultratnontes,ad
2473 2026 2617 2081 hunc
2646 2026 2821 2080 locum
2873 2026 3047 2096 gratia
3104 2022 3383 2098 religionis

1798 2129 2128 2171 concurrere
2151 2155 2165 2180 ,
2190 2124 2245 2171 et
2265 2115 2463 2172 saeculo
2486 2115 2859 2171 renuntiantes
2880 2114 2981 2170 sub
3008 2110 3097 2168 illo
3119 2127 3249 2169 sene
3269 2113 3383 2184 glo-

1802 2206 1952 2262 rioso
1975 2221 2178 2261 normae
2206 2205 2435 2277 regulari
2450 2220 2578 2277 sese
2600 2206 2851 2262 subdere.
2874 2203 3211 2276 Langobardi
3236 2202 3389 2259 enim

1800 2298 2184 2370 quamplures,
2212 2296 2332 2355 fulti
2368 2297 2586 2353 inimica
2602 2288 2727 2353 lidei
2753 2295 3047 2353 calliditate
3068 2335 3085 2362 ,
3129 2293 3270 2350 haud
3300 2292 3383 2347 t‘a-

1800 2391 1906 2447 cile
1956 2391 2317 2462 acquiescunt
2357 2389 2734 2448 monachalem
2794 2390 3035 2446 habitum
3084 2388 3380 2458 suscipere.

1804 2483 1954 2541 Multi
1988 2499 2117 2540 vero
2164 2483 2425 2540 nobilium
2457 2493 2620 2555 atque
2646 2482 3126 2554 divitumgratiam
3161 2482 3384 2552 cupien-

1803 2588 1885 2633 tes
1913 2576 2117 2632 referre
2146 2574 2265 2646 ejus
2297 2576 2797 2643 benedictionibus,
2826 2592 2931 2646 quo
2957 2576 3056 2630 sibi
3083 2575 3384 2645 principem

1801 2669 2122 2741 angelorum
2153 2667 2513 2723 conciliarent
2538 2666 2591 2721 in
2624 2668 2713 2722 die
2737 2666 2819 2722 sui
2864 2666 3073 2731 exitus,
3107 2663 3196 2717 alii
3241 2662 3387 2731 dita-5

1804 2771 2002 2817 verunt
2038 2764 2217 2823 locum
2244 2762 2359 2816 suis
2389 2758 2709 2823 honoribus,
2761 2759 2855 2813 alii
2879 2757 3162 2813 tradebant
3190 2768 3385 2827 pueros

1804 2871 1932 2912 suos
1962 2854 2192 2911 Domino
2236 2852 2552 2909 educandos
2606 2850 2919 2906 immaturis
2968 2859 3183 2906 teneros
3212 2846 3385 2902 aetati-

1802 2949 1924 3003 bus.
1958 2947 2052 3003 Est
2091 2962 2325 3019 namque
2378 2945 2531 2999 locus
2563 2943 2633 2997 ab
2685 2945 2831 2998 onini
2894 2941 3283 3014 impedimento
3330 2938 3387 2992 et

1804 3041 2051 3096 szcculari
2112 3038 2346 3095 tumultu
2393 3040 2657 3097 semotus.
2710 3030 2899 3092 Nullus
2947 3033 3225 3091 hominum
3285 3045 3383 3087 seu

1802 3131 2119 3186 animalium
2175 3131 2245 3186 Ihi
2302 3130 2631 3203 perstrepit.
2686 3128 2896 3184 clamor
2955 3134 3118 3195 atque
3172 3123 3384 3194 rugitus

1800 3225 1966 3297 jacet.
2023 3223 2279 3281 Porrecta
2322 3222 2487 3279 Italiae
2515 3220 2767 3291 planities
2809 3232 2937 3274 suos
2971 3215 3210 3287 jucunda
3250 3214 3393 3270 lacis.

1799 3333 1863 3372 ae
1920 3316 2232 3372 ﬂuminibus
2264 3316 2532 3371 humanos
2597 3311 2868 3369 interdum
2916 3325 3038 3382 quae
3080 3309 3259 3366 valeat
3300 3322 3386 3363 re-

1799 3424 1992 3465 creare
2026 3409 2195 3464 visus.
2237 3406 2455 3478 Tepidze
2483 3419 2610 3466 sunt
2661 3410 2900 3475 hiemes,
2932 3414 3096 3462 testas
3153 3416 3383 3459 vernum

1799 3502 2045 3557 imitatur
2078 3510 2312 3573 tempus.
2362 3501 2511 3556 Mens
2565 3502 2677 3556 Deo
2723 3498 3100 3567 famulantium
3131 3493 3226 3551 tali
3272 3502 3383 3549 tota

1798 3594 1984 3665 quiete
2010 3635 2025 3658 ,
2069 3602 2125 3651 et
2158 3593 2435 3649 admonita
2485 3593 2783 3663 quamlibet
2816 3590 3043 3662 pulchra
3078 3603 3259 3646 rerum
3290 3602 3386 3655 op-

1799 3686 2163 3756 portnnitate,
2199 3684 2562 3751 vociferatur,
2614 3682 2895 3755 jubilando
2924 3678 3237 3751 frequenter
3260 3693 3385 3732 cum

1798 3778 2167 3832 exsultatione
2196 3796 2213 3835 ς
2243 3794 2262 3843 t
2301 3777 2526 3848 Magnus
2548 3776 2807 3833 Dominus
2831 3783 2895 3831 et
2916 3772 3202 3829 laudabilis
3228 3770 3392 3826 valde

1798 3872 1853 3949 in
1881 3871 2104 3949 civitate
2138 3871 2230 3926 Dei
2268 3872 2471 3935 nostri,
2499 3871 2555 3925 iu
2581 3879 2762 3926 monte
2783 3877 2976 3925 sancto
3000 3868 3137 3938 ejus.
3178 3887 3197 3919 ι

1869 3964 2110 4020 Dilectus
2142 3950 2337 4034 itaque
2355 3964 2465 4019 Deo
2490 3973 2546 4024 et
2589 3962 2902 4019 hominibus
2926 3960 3015 4017 ille
3042 3959 3385 4015 venerandus

1790 4075 1963 4119 senex
2035 4057 2363 4113 Benedictus
2414 4058 2619 4127 optime
2667 4072 2835 4127 agens
2886 4055 3067 4128 gregis
3103 4052 3381 4108 commissi

1798 4147 2135 4210 custodiam,
2184 4154 2372 4215 utpote
2395 4153 2582 4214 pastor
2604 4143 2855 4214 egregius
2874 4180 2890 4206 ,
2917 4139 3225 4197 sanctitatis
3256 4154 3381 4209 gra-

1802 4237 1875 4292 tia
1928 4234 2131 4292 claruit
2155 4235 2273 4290 suis
2299 4233 2667 4305 temporibus,
2693 4232 3084 4304 ampliavitqne
3108 4238 3381 4289 monastec

1799 4328 1940 4382 rinm
1962 4324 2520 4397 faventearchangelo
2541 4326 2721 4388 rebus,
2737 4324 2983 4396 personis
2994 4332 3047 4378 et
3060 4322 3377 4385 honoribus.

1800 4420 2012 4474 Etcum
2046 4410 2081 4474 εἰ
2121 4419 2395 4490 plerisque
2444 4415 2757 4486 hospitibus
2787 4424 2844 4471 et
2897 4414 3177 4469 monachis
3225 4411 3384 4482 quasi

45 4525 329 4579 cordium
362 4536 506 4577 cum
535 4537 706 4590 pace,
734 4537 855 4592 qum
889 4522 1166 4577 hominum
1198 4523 1351 4578 bona:
1398 4523 1693 4580 voluntatis

1802 4526 1909 4582 pro,
1936 4510 2165 4566 consilio
2194 4510 2511 4565 hortaretur
2543 4522 2863 4578 magnorum
2893 4506 3261 4561 cmunbiorum
3297 4516 3380 4558 tu-
3420 4518 3425 4525 '

44 4619 289 4689 propria
313 4625 438 4683 est,
460 4614 532 4668 sit
552 4629 746 4668 nomen
762 4612 971 4668 Domini
988 4629 1203 4685 semper
1221 4616 1693 4685 benedictum,qni

14 4724 265 4783 ‘omncs
326 4698 493 4761 Vsuos
542 4703 765 4774 spiritus
811 4705 1302 4761 administratorios
1349 4715 1569 4777 propter
1602 4721 1695 4761 eos

37 4799 137 4868 qni
172 4796 596 4853 lmreditatem
621 4794 847 4863 capiunt
883 4795 1101 4861 salutis,
1129 4783 1356 4869 implere
1384 4797 1695 4869 gratuitein

36 4891 321 4947 ecclesia:
356 4904 492 4944 sure
536 4888 702 4941 mittit
742 4888 1125 4945 ministerium.

112 4984 303 5040 Anno
342 4982 533 5054 igitur
554 4978 659 5034 9b6
682 4977 1080 5037 lncarnationis
1106 4982 1399 5039 Dominicze
1442 4994 1690 5040 constru-

32 5081 149 5134 ctis
171 5120 188 5143 ,
226 5086 298 5133 ut
333 5079 560 5139 fertur,
591 5074 644 5128 in
687 5074 877 5130 eodem
907 5074 1026 5130 loco
1072 5074 1305 5131 feliciter
1320 5075 1555 5131 officinis
1584 5091 1696 5131 ca:-

31 5172 401 5228 nobialibus
447 5209 467 5233 ,
514 5176 675 5238 prout
704 5178 824 5224 erat
844 5167 1132 5240 possibile,
1170 5168 1411 5226 camille
1464 5172 1546 5224 vir
1575 5169 1693 5224 illu-

37 5268 189 5321 stris
226 5265 415 5335 liugo
445 5262 509 5317 in
537 5261 707 5317 armis
737 5272 1023 5329 strenuus,
1048 5261 1141 5318 sed
1167 5263 1218 5317 in
1246 5262 1341 5318 Dei
1367 5264 1528 5321 rebus
1549 5265 1699 5323 circa

28 5359 219 5417 finem
254 5354 474 5424 magis
533 5352 760 5408 devotus
783 5393 798 5418 ,
831 5352 1005 5409 locum
1027 5394 1042 5419 ,
1097 5368 1292 5424 quem,
1343 5355 1485 5410 sicut
1530 5372 1692 5427 supra

28 5450 371 5506 retulimus
396 5489 414 5512 ,
461 5445 649 5512 pretio
667 5444 770 5500 sibi
822 5457 878 5500 ut
912 5446 1187 5516 proprium
1217 5447 1616 5515 vindicaverat,
1641 5457 1696 5503 et

23 5540 377 5614 apostolica
437 5537 806 5601 auctoritate,
843 5554 936 5593 seu
968 5538 1253 5610 praeceptis
1276 5539 1547 5611 regalibus
1574 5556 1692 5593 mu—

24 5637 274 5699 nierat,
352 5628 570 5701 abbati
620 5628 883 5683 duntaxat
933 5645 999 5685 oc
1054 5631 1339 5685 monachis
1384 5631 1693 5688 habendum

22 5726 393 5785 tradidisset
432 5737 447 5784 ;
491 5728 780 5787 postquam
811 5718 975 5773 etiam
1023 5729 1247 5774 sanctus
1291 5714 1529 5776 Joannes
1577 5737 1697 5778 ere-

17 5824 166 5878 mila
198 5863 213 5885 ,
274 5829 534 5873 necnon
585 5823 637 5866 et
681 5813 830 5866 bona:
884 5813 1176 5878 memoria),
1210 5813 1465 5871 Atvcrtus
1525 5815 1693 5873 abbas

1800 4604 1922 4660 tela:
1946 4611 2001 4659 et
2023 4602 2351 4659 ordinationi
2377 4601 2552 4657 locum
2585 4616 2741 4653 sutttn
2767 4598 3137 4662 committere,
3164 4612 3383 4677 eorum-

1795 4713 1904 4769 que
1977 4697 2397 4754 consuetudines
2460 4694 2750 4749 admittere
2785 4707 2894 4746 non
2956 4692 3377 4762 acquiescehat,

1798 4791 1987 4847 dicens
2020 4807 2077 4845 τι
2117 4789 2309 4853 Sinite,
2346 4786 2759 4857 fratres,gsiuite
2795 4784 2974 4839 Patris
3012 4783 3180 4839 nostri
3211 4782 3380 4837 Bene-

1800 4881 1927 4937 tlicti
1971 4880 2180 4952 Regula
2230 4881 2555 4950 parvitatem
2606 4886 2850 4933 nostram
2885 4884 3196 4929 contentam
3218 4889 3376 4935 esse.

1798 4992 1964 5046 quin,
2031 4974 2076 5030 si
2150 4974 2294 5044 quod
2357 4973 2570 5027 videtur
2620 4969 2956 5034 addendum,
3029 4964 3240 5021 abbatis
3272 4965 3383 5043 ad-

1798 5072 1970 5127 mittit
2021 5070 2261 5126 arbitrio
2307 5066 2667 5138 supplendum
2732 5078 2830 5134 pro
2867 5062 3078 5139 ratione
3124 5068 3180 5114 et
3250 5066 3395 5114 temv

1796 5178 1928 5234 pore
1959 5177 2107 5218 :nou
2136 5162 2207 5216 ita
2262 5171 2347 5216 est
2394 5169 2456 5215 ut
2506 5157 2738 5223 dicitis;
2770 5153 2965 5209 videtis
3020 5152 3196 5207 locum
3249 5164 3395 5229 con-_

1800 5257 1965 5312 ductu
2020 5253 2299 5312 difﬁcilem
2350 5261 2406 5309 et
2449 5249 2707 5311 arduum,
2761 5245 2932 5303 altera
2988 5234 3393 5300 consuetudine‘

1798 5345 2243 5404 modifieandum.
2274 5343 2465 5413 Neque
2503 5341 2651 5396 enim
2692 5338 2933 5393 humano
2959 5332 3200 5405 quolibet
3239 5331 3389 5388 indi-.

1799 5451 1889 5513 get
1912 5442 2234 5513 magisterio
2276 5439 2369 5509 qui
2404 5435 2723 5504 angelorum
2754 5442 2896 5500 saepe
2933 5420 3139 5483 fruitur
3161 5423 3384 5489 solatio,

1798 5535 2043 5604 tantique
2074 5529 2370 5604 provisoris
2392 5526 2595 5599 gaudet
2639 5520 2976 5595 patrocinio,
3006 5528 3061 5575 et
3088 5517 3221 5573 satis
3267 5530 3378 5570 me-

1801 5629 2002 5685 tuendo
2051 5625 2376 5697 quandoque
2429 5619 2648 5675 additur
2701 5614 3028 5670 ministerio.
3059 5610 3113 5666 ln
3158 5611 3260 5667 hoc
3292 5609 3397 5675 ni-l

1801 5723 1998 5775 tnirnm
2029 5727 2211 5773 monte
2242 5714 2419 5769 nnllns
2442 5720 2528 5767 est
2574 5709 2723 5765 locus
2765 5704 2975 5762 crimini
3003 5744 3017 5769 ,
3063 5717 3162 5781 nec
3186 5710 3268 5756 est
3300 5701 3381 5755 l'as

1732 5800 1737 5805 ’
1801 5814 1899 5868 sub
1928 5812 2044 5879 ejus
2072 5816 2369 5880 conspectu
2404 5803 2669 5863 scelerato
2717 5798 2949 5855 tatcbras
2981 5792 3377 5859 delitescendo,
