3836 6320
130 311 249 371 ΗΜ

1037 306 1593 379 νΙΤΑΒΕΝΕΒΙΟΤΙ
1629 300 1781 363 ABB.
1821 307 2020 365 CLUS.
2058 338 2125 348 ——
2161 306 2451 367 PROLOG.

3230 302 3377 377 HQ

190 428 238 482 2.
278 428 350 499 De
375 423 648 499 glusensis
676 425 905 482 abbatize
942 426 1150 499 origine
1174 435 1481 499 etgauctore
1505 440 1611 481 non
1643 440 1748 479 una
1789 433 1879 499 est
1898 424 2138 499 omnium
2180 426 2470 499 sententia.
2507 422 2622 499 §ibi
2661 440 2765 480 non
2800 420 3373 499 conslatgchronogra-

124 499 251 571 phus
294 496 686 571 Mallcacensis,
719 512 847 571 cum
887 493 1193 553 mtue'auno
1231 496 1335 553 872
1364 516 1380 547 ι
1418 494 1676 571 Clusense
1705 493 2014 571 coenobium
2061 495 2234 550 sancti
2292 493 2569 571 Michaelis
2590 496 3130 571 inemptuma'dicit
3167 493 3371 571 :__n'unc

122 564 329 624 centum
371 574 490 636 post
526 568 682 620 annis
718 567 768 620 id
814 566 1017 622 factmn
1061 578 1471 632 commemorat,
1504 566 1556 621 id
1597 575 1682 621 est
1731 567 1920 636 eodem
1961 574 2204 635 tempore
2242 580 2349 633 quo
2393 566 2697 620 (-(enobium
2750 566 2932 620 Sancti
2984 564 3260 621 Michaelis
3304 569 3372 622 de

124 638 293 693 Monte
332 635 606 709 cenditum
638 646 759 709 esti
788 636 1192 709 Chronographi
1237 639 1350 709 haec
1377 640 1541 691 verba
1594 646 1765 709 sunt:
1811 654 1830 687 ι
1868 635 1946 691 Εο
1995 644 2240 709 tempore
2264 636 2583 709 incoeptum
2625 637 2928 709 eratraliud
2981 638 3368 709 monasterium

120 709 183 763 de
210 713 407 765 Μικιο
434 706 690 776 hlicliacle
729 706 795 761 de
823 708 981 763 Clusa
1010 704 1057 764 va
1087 704 1276 764 sancto
1306 706 1513 762 Joanne
1549 707 1801 776 episcopo
1837 716 1890 759 et
1920 705 2145 761 eremita
2178 706 2312 776 {ubi
2351 704 2555 776 primus
2586 707 2722 760 abba
2754 708 2853 761 luit
2888 705 3123 776 Arveus.
3149 726 3166 759 ι
3200 704 3371 762 Joan-

118 791 231 832 nem
265 776 407 831 hunc
452 774 726 831 Ravenna:
760 778 1069 848 episcopum
1110 778 1277 831 fuisse
1327 777 1522 831 ferunt.

1612 775 1763 831 crum
1802 777 1905 829 alia
1936 784 2019 830 est
2064 775 2250 899 ﬁpinio
2289 775 2563 830 Francisci
2609 776 2927 847 Augustini,
2969 776 3059 845 qui
3096 775 3373 833 Clusensis

1612 848 1698 899 sed
1747 846 2029 899 Hueonem
2116 847 2352 899 arinum.
2381 855 2766 899 oraeootentem
2827 851 2910 899 (ut
2960 848 3074 899 inse
3112 846 3370 899 loouituri

119 848 420 901 monasterii
449 856 722 901 auctorem
772 862 876 917 non
917 846 1178 903 Luannem
1224 850 1571 917 episcopum,
1604 848 1698 902 sed
1747 846 2029 914 litigantem

2116 847 2352 908 arinum,
2381 846 2766 917 praepotentem
2827 851 2910 917 (ut
2960 848 3074 916 ipse
3112 846 3370 916 loquitur)

120 936 143 969 ιη
170 917 596 987 Auvergnacum.
633 935 651 969 ι
682 928 736 971 et
782 916 973 974 Mentis
999 917 1190 973 Buceri
1218 916 1519 979 dominum,
1554 919 1645 986 qui
1678 918 1807 972 dmn
1861 917 2032 972 Roma
2068 917 2134 971 ad
2166 918 2372 985 patrios
2412 916 2554 972 lares
2606 916 3174 987 redriret,’cmuobium
3226 918 3370 974 istud

114 985 371 1047 construi,
400 985 623 1056 ejusque
652 987 935 1042 ecclesiam
966 990 1035 1042 ab
1058 990 1276 1043 Anucco
1308 985 1626 1045 Tanrinensi
1671 987 1914 1043 antistite
1949 986 2185 1042 dedicari
2232 987 2443 1042 curavit
2472 1003 2615 1043 anno
2645 986 2769 1042 966.
2807 988 2879 1042 De
2908 998 3130 1043 auctore
3160 996 3369 1042 certum

113 1066 189 1110 est
215 1071 282 1129 es
313 1056 449 1110 Vita:
474 1059 749 1129 sequentis
778 1074 896 1128 cap.
922 1059 956 1112 5
987 1059 1127 1112 hunc
1152 1057 2013 1129 fuisseHugonemAquieutndem
2048 1058 2222 1112 locum
2254 1058 2561 1129 apostolica:
2589 1059 2701 1111 sedi
2734 1058 3006 1111 commisit
3045 1057 3370 1129 privilegiis-

111 1140 211 1195 que
240 1127 525 1199 decoravit
543 1126 563 1180 ι
584 1137 640 1181 at
667 1130 787 1196 quis
816 1126 1058 1197 qualisve
1097 1129 1258 1183 fuerit
1290 1126 1448 1199 [Iugo
1475 1128 1584 1199 ille,
1614 1126 1933 1183 Guilleitnus
1959 1142 2082 1199 _nou
2113 1126 2387 1196 exprimit.
2417 1128 2637 1199 Certum
2678 1142 2802 1181 vero
2828 1137 2923 1199 est,
2944 1126 3179 1182 veterem
3228 1126 3368 1180 lianc

109 1210 241 1268 esse
264 1197 627 1268 Clusiensium
656 1200 1039 1253 monachorum
1073 1197 1504 1268 persuasionem,
1541 1198 1818 1267 llugonem
1845 1197 2185 1252 fundatorem
2212 1213 2368 1252 suum
2399 1198 2724 1263 Arvernum,
2754 1208 2809 1252 et
2838 1198 3057 1268 quidem
3079 1212 3145 1252 ex
3172 1212 3369 1267 genere

110 1267 447 1340 dormiturum
477 1268 541 1340 de
580 1265 756 1340 Monte
789 1268 1019 1340 Buxegrio
1050 1265 1252 1325 fuisse:
1300 1270 1351 1324 id
1380 1270 1524 1340 quo‘d
1568 1265 1837 1324 teStantur
1883 1270 2075 1323 littera:
2105 1269 2319 1340 abbatis
2356 1269 2539 1323 Sancti
2582 1265 2871 1340 Michaelis
2888 1268 2953 1340 de.
2986 1267 3144 1322 Clusa
3166 1265 3195 1329 ,⁷
3224 1282 3369 1340 anno

107 1335 206 1422 ειη
403 1335 671 1418 Ludqvicp
705 1338 1177 1422 M91.[i_s_3uxgrii:.
1207 1340 1297 1422 qui
1346 1358 1364 1391 ι
1397 1335 1630 1422 sequens
1660 1339 2350 1422 progenitorttm“vestigia,
2388 1348 2442 1393 et
2475 1338 3044 1422 pl‘QSCt‘titnglurit-tszl‘
3094 1337 3370 1417 metttorife

107 1406 305 1459 domini
339 1404 596 1479 Hugonis,
631 1408 801 1476 inquit
827 1410 1011 1471 abbas,
1036 1404 1240 1464 domini
1265 1404 1534 1479 quondam
1565 1404 1773 1463 Montis
1791 1408 2031 1471 Buxerii,
2080 1404 2382 1464 funda'toris
2414 1404 2581 1463 noetri
2604 1450 2618 1474 ,
2660 1424 2689 1461 a
2718 1404 2872 1475 cujus
2913 1408 3054 1461 clara
3110 1408 3372 1479 progenie

106 1490 200 1541 per
247 1487 450 1529 rectam
499 1476 693 1531 lineam
740 1480 979 1534 noscitur
1021 1476 1533 1546 traxissefdonavit
1569 1480 1723 1535 nobis
1760 1485 1931 1535 octies
1992 1489 2210 1534 centum
2257 1494 2452 1535 aureos
2489 1498 2508 1531 ι

2557 1493 2694 1548 quas
2738 1480 2947 1533 litteras
2990 1494 3057 1533 ex
3100 1477 3372 1531 tabulario

104 1546 438 1620 inarehionis
480 1547 777 1620 de___l)yene
813 1549 1278 1620 ttostchlatnlius
1300 1549 1687 1620 Stephanotius
1718 1551 1879 1605 eruit.
1925 1548 2135 1605 Caetera
2175 1548 2374 1620 videsis
2406 1550 2546 1619 apud
2578 1546 2935 1604 Franciscum
2982 1547 3369 1618 Augustinum.

104 1611 328 1687 Pontius
356 1616 522 1671 abbas
555 1611 961 1682 \‘iieliacensis,
995 1619 1160 1674 frater
1184 1619 1328 1675 Petri
1355 1611 1563 1675 abbatis
1592 1618 1986 1685 Cluniacensis,
2032 1639 2050 1671 ι
2090 1620 2155 1673 de
2207 1611 2457 1674 Clusino'
2478 1621 2805 1674 monasterio
2838 1611 3146 1687 ιιδδιιιιιιιῇιε
3178 1627 3299 1679 est,
3343 1635 3365 1669 ι

102 1685 378 1761 ut_l_egitur
402 1687 452 1739 in
492 1687 638 1742 brevi
673 1687 942 1743 Chronico
973 1690 1325 1745 \‘izeliacensi
1357 1691 1496 1759 apud
1525 1689 1805 1746 Labbeum
1832 1691 2044 1761 tomo_ll
2071 1688 2419 1746 Bibliotheca:
2448 1704 2620 1746 nosce.
2654 1688 2810 1746 Modo
2837 1685 3109 1749 Clusensis
3152 1687 3374 1743 abbatia

94 1753 381 1826 collegium
403 1765 484 1812 est
508 1770 902 1833 perpaucorum
925 1762 1319 1821 canonicurum.
1346 1753 1710 1818 saecularium.
1794 1804 1799 1807 -

1448 1910 2040 1936 m

68 2025 173 2217 ς’
850 2164 854 2169 .
1283 2088 1583 2216 PRO

850 2164 854 2169 -
1283 2083 2109 2217 PROLOGUS

154 2344 215 2402 Ι.
256 2343 611 2410 WiLLeutus,
648 2344 968 2401 famulorum
999 2344 1196 2401 Christi
1227 2344 1481 2399 minimus
1504 2384 1520 2411 ,
1565 2343 1677 2400 (ἰε-
1705 2327 1757 2389 Α
1784 2343 1852 2401 ab
1898 2343 2175 2400 subeunda
2204 2357 2369 2401 onera
2396 2358 2515 2415 qua:
2560 2343 2692 2400 mihi
2741 2342 2977 2401 charltas
3010 2343 3077 2401 de
3113 2341 3374 2402 fraternis

74 2450 268 2492 meno
332 2436 587 2491 armario.
653 2435 896 2491 Meminit
961 2437 1098 2492 bene
1170 2435 1483 2492 fraternitas
1548 2444 1635 2491 tua
1659 2426 1683 2503 ,’

70 2525 323 2582 Geralde
349 2527 686 2594 charissime,
709 2528 923 2599 quoties
951 2528 1146 2585 fratres
1169 2528 1270 2583 mei
1295 2526 1679 2599 quamplurimi

73 2614 443 2671 i'nvitaverint
477 2618 792 2686 parvitatem
844 2631 1016 2674 meam
1060 2617 1173 2673 suis
1202 2617 1409 2673 crebris
1444 2618 1677 2673 hortati-

69 2705 205 2772 bus,
232 2714 297 2761 ut
321 2707 387 2763 de
410 2708 513 2763 vita
537 2716 588 2763 et
609 2707 819 2763 actibus
839 2708 1107 2765 Benedicti
1128 2708 1378 2779 junioris,
1406 2709 1676 2778 quondam

71 2798 304 2854 abbatis
335 2799 527 2865 nostri,
563 2815 714 2855 meus
741 2799 1011 2870 aliquanta
1042 2809 1385 2871 percurreret
1412 2801 1675 2857 calamus.

68 2891 303 2956 Quare,
357 2890 635 2962 inquiunt,
686 2902 875 2947 noctes
929 2894 1177 2965 diesque}
1202 2894 1497 2959 stertendo,
1528 2909 1681 2949 com-

69 2981 636 3052 missa-tibipecunia
671 2983 833 3054 ligata
864 2984 913 3037 in
946 2985 1185 3047 sudario,
1214 2986 1259 3040 si
1287 3001 1495 3041 marces
1528 2986 1672 3041 otio!

64 3072 187 3128 Cur
245 3073 457 3145 pateris
488 3113 505 3139 ,
559 3083 619 3130 ut
672 3084 791 3131 acta
844 3075 1020 3133 Patris
1068 3078 1237 3132 uestri
1278 3080 1525 3150 egregia,
1575 3080 1676 3135 sub

65 3166 184 3221 tuis
251 3166 430 3221 etiam
483 3166 655 3224 oculis
699 3176 944 3238 patrata,
1017 3170 1273 3242 temporis
1336 3172 1691 3243 longaevitate

63 3255 209 3312 (iant
266 3255 441 3313 oblita
485 3272 606 3328 quae
651 3274 757 3315 non
795 3260 1138 3329 ignoramus,
1171 3262 1226 3316 si
1268 3262 1673 3331 scriberentur,

60 3348 265 3404 multis
317 3349 600 3419 profutura
625 3350 754 3406 Hd
787 3364 925 3421 quos
966 3367 1111 3425 ego:
1165 3352 1375 3420 Nolite,
1419 3355 1675 3427 inquam,

56 3440 277 3498 fratres
306 3442 418 3498 mei
447 3452 503 3498 et
531 3444 766 3512 domini,
814 3446 980 3502 nolite
1022 3460 1109 3503 me
1163 3446 1244 3502 sic
1278 3446 1535 3505 illudere.
1563 3448 1675 3521 Ego

53 3532 216 3590 saltis
271 3534 409 3589 novi
448 3537 551 3591 mei
601 3538 730 3607 quid
781 3538 995 3593 valeant
1049 3540 1295 3605 humeri,
1344 3541 1471 3610 quid
1532 3540 1675 3597 ferre

50 3632 361 3680 recusent.
390 3623 522 3681 Novi
550 3636 699 3682 certe
725 3628 867 3683 vires
894 3630 1147 3699 ingenioli
1175 3631 1298 3697 mei,
1328 3639 1514 3687 tenues
1539 3633 1674 3689 satis

48 3723 108 3767 et
134 3715 377 3785 pigras,
424 3716 512 3771 cui
566 3717 751 3788 utique
791 3733 981 3789 parum
1028 3720 1099 3775 sit
1143 3720 1462 3791 eloquentia:
1510 3730 1673 3794 atque

47 3805 248 3862 minus
304 3805 634 3876 sapientiae;
684 3817 809 3864 sunt
851 3810 1159 3880 complures
1194 3812 1312 3881 ejus
1365 3813 1568 3872 alumni
1618 3815 1671 3871 in

4 3940 9 3947 κ
45 3892 296 3951 Clusino
328 3896 609 3963 coenobio,
640 3898 735 3967 qui
772 3900 1196 3970 nterprzecellant
1222 3902 1413 3971 peritia
1434 3918 1529 3960 seu
1546 3906 1685 3961 vita!

49 3988 305 4056 merito,
354 4002 588 4059 quorum
615 3991 858 4061 pervigili
907 3993 1086 4050 studio
1130 3993 1232 4049 hoc
1262 4009 1396 4066 opus
1425 3998 1675 4052 commit-

50 4082 232 4139 tenda
263 4096 390 4137 non
435 4081 670 4154 ambigo.
706 4083 773 4139 Et
800 4096 876 4152 tu,
910 4088 1184 4157 inquiunt,
1229 4088 1488 4143 doctrinae
1530 4087 1672 4144 illius

46 4171 225 4242 lacte,
257 4182 322 4229 et
362 4172 587 4229 fortium
634 4182 850 4231 actuum
890 4176 1063 4231 solido
1089 4177 1211 4232 cibo
1237 4178 1304 4232 ab
1342 4179 1458 4247 ipso
1501 4176 1674 4233 ferme

45 4263 329 4333 pueritiae
363 4271 609 4334 tempore
636 4266 917 4332 educatus,
954 4268 1004 4321 in
1040 4268 1320 4338 virilejam
1351 4270 1516 4324 robur
1545 4284 1675 4324 eva-

44 4369 241 4421 seras,
293 4355 873 4427 institutadisciplina:
896 4360 1038 4431 ejus,
1073 4360 1211 4417 sicut
1238 4371 1293 4417 et
1316 4377 1413 4417 nos
1443 4379 1631 4419 omnes
1655 4404 1675 4430 ,

42 4449 395 4506 sitibundus
442 4449 722 4519 hauseras,
768 4467 869 4508 nec
920 4461 970 4508 te
1014 4454 1285 4524 patiemur
1333 4454 1675 4525 aliquatenus

42 4539 119 4596 de
175 4540 303 4596 isto
338 4546 497 4595 tanto
522 4538 659 4596 duce
694 4550 900 4607 nostro,
933 4543 1025 4613 qui
1067 4558 1166 4599 nos
1202 4558 1392 4600 omnes
1427 4546 1672 4618 collegit,

42 4633 195 4690 aluit
260 4632 455 4689 instar
506 4632 627 4702 piae-
662 4635 970 4705 genitricis,
1034 4636 1419 4693 misericordize
1467 4641 1677 4710 gremio

1780 2437 2035 2493 cordibus
2062 2437 2309 2506 imperat,
2336 2437 2420 2491 cui
2454 2436 2706 2492 rciuctari
2736 2436 2815 2492 l‘as
2842 2452 2948 2492 non
2975 2444 3081 2503 est,
3109 2434 3369 2493 obedien-

1783 2529 1869 2582 tiat
1892 2527 2174 2581 humerum
2190 2525 2566 2597 subdo.Spero
2585 2525 2830 2597 equidem
2859 2525 3023 2597 ipsius
3048 2525 3373 2583 obedientiu

1779 2633 1931 2673 remo
1960 2618 2205 2690 cymbam
2246 2617 2416 2673 nostri
2444 2618 2622 2689 operis
2668 2619 2746 2673 sic
2776 2617 3103 2689 gubernari,
3143 2627 3203 2673 ut
3250 2626 3369 2676 tuta

1778 2716 1833 2762 et
1862 2706 2020 2763 illaesa
2055 2715 2292 2762 transeat
2330 2707 2473 2762 inter
2501 2706 2745 2779 Scyllam
2778 2715 2831 2763 et
2853 2706 3179 2780 Charybdim
3222 2722 3364 2765 saeva

1778 2799 1946 2853 maris
1975 2797 2230 2867 pericula,
2264 2797 2517 2853 evitando
2544 2797 2764 2853 Circeos
2804 2813 2868 2854 ac
2912 2797 3227 2853 Sirenarum
3261 2796 3365 2853 illi.

1777 2900 1871 2942 ces
1920 2897 2115 2942 cantus
2158 2900 2290 2941 aure
2336 2887 2676 2943 surdissima.
2714 2886 2891 2941 Tuum
2916 2901 3132 2957 quoque
3169 2886 3367 2943 nihiio~

1778 2979 1976 3043 minus,
2004 2994 2039 3035 o
2077 2977 2339 3044 Geralde,
2371 2979 2608 3034 studium
2650 2978 2853 3049 appulit
2894 2979 3135 3034 animum
3182 2986 3367 3037 meum

1776 3070 1843 3124 ad
1870 3070 2237 3136 scribendum,
2276 3070 2368 3141 qui
2399 3070 2593 3126 multos
2618 3085 2789 3126 annos
2817 3086 2915 3127 ceu
2951 3085 3082 3141 apes
3121 3072 3363 3141 prudens

1778 3162 1985 3217 tissima
2013 3161 2495 3219 circumvolitando
2526 3162 2642 3218 loca
2672 3177 2981 3233 qumqueac
3008 3160 3363 3231 monasteria,

1776 3269 1883 3311 non
1909 3267 2095 3311 cessas
2138 3252 2407 3311 deﬂorare
2445 3253 2665 3310 melleas
2693 3253 2919 3309 Patrum
2959 3254 3259 3310 sententias
3300 3254 3368 3310 ac

1774 3344 2073 3412 volumina,
2095 3342 2240 3399 unde
2267 3353 2453 3400 nostra
2478 3344 2752 3414 compleas
2772 3344 3031 3410 armaria,
3058 3343 3372 3415 potioribus

1773 3436 2028 3491 videlicet
2054 3434 2322 3491 thesauris
2346 3434 2519 3490 (ἓνωεί
2545 3435 2736 3504 opibus
2784 3449 2880 3491 seu
2909 3435 3057 3507 gazis
3083 3434 3367 3504 opulentis

1772 3527 2040 3586 Arabum.
2070 3524 2265 3597 quibus
2292 3526 2553 3597 augendis
2598 3524 2843 3589 incubas,
2872 3535 2927 3579 et
2956 3524 3143 3580 sedulo
3179 3534 3383 3580 custo-

1775 3619 1856 3674 dis
1884 3618 2040 3688 quasi
2082 3616 2245 3673 cellas
2275 3627 2601 3672 aromatum.
2638 3615 2785 3670 inter
2827 3631 2995 3686 quos,
3025 3614 3229 3670 domno
3257 3612 3361 3670 Ero

1705 3699 1749 3754 Β
1774 3709 2078 3782 mengaudo
2112 3709 2591 3780 abbate—iubente,
2624 3708 2836 3778 placeat
2887 3706 2983 3763 tibi
3032 3706 3135 3761 hoc
3184 3716 3371 3764 nostra

1773 3796 1937 3854 libelli
1982 3798 2379 3865 munusculum,
2415 3798 2538 3853 licet
2583 3796 2994 3868 pauperculum,
3038 3798 3360 3865 admittere,

1773 3890 1918 3962 quod
1949 3905 2049 3963 ego
2088 3890 2143 3947 in
2194 3888 2543 3947 tabernaculo
2579 3888 2831 3958 Domini,
2874 3891 2967 3961 qui
3002 3906 3110 3948 non
3152 3889 3364 3961 spernit

1773 3986 2023 4053 caprinos
2058 3984 2273 4041 humilis
2300 3984 2656 4041 confessionis
2698 3983 2856 4054 pilos,
2888 3984 3068 4040 studui
3113 3984 3310 4041 offerre
3336 4026 3354 4053 ,

1771 4075 1990 4144 perfuso
2009 4073 2124 4142 jam
2154 4076 2358 4131 vertice
2388 4074 2577 4131 llorida
2616 4076 2841 4145 mitique
2882 4076 3105 4132 canitie.
3140 4075 3247 4132 Sed
3294 4090 3379 4131 ne

1768 4163 1884 4234 jam
1949 4166 2138 4219 videar

1900 4304 2143 4358 Dalﬁnum
2166 4307 2305 4360 silvis
2324 4307 2864 4370 appingere,liuctibus
2888 4320 3055 4369 aprum

1774 4433 1842 4489 ad
1912 4448 1979 4491 ea
2049 4449 2173 4505 quae
2233 4435 2299 4491 de
2360 4435 2478 4490 viro
2526 4435 2928 4506 proposuimus,
2977 4435 3361 4507 accingamur;

1773 4539 1915 4596 quae,
1945 4526 2156 4581 tametsi
2183 4524 2393 4595 abiecta
2443 4526 2612 4582 videri
2654 4537 2908 4597 poterunt
2949 4542 3048 4599 pro
3090 4527 3363 4585 dictorum

1774 4615 2163 4681 inurbanitate,
2192 4627 2363 4672 erunt
2385 4626 2585 4680 tamen,
2618 4620 2672 4673 ni
2714 4618 2893 4685 fallor,
2911 4627 3135 4691 accepta
3155 4630 3211 4675 et
3231 4621 3333 4676 cba

1776 4722 1838 4762 ra
1861 4708 1975 4763 suis
2003 4708 2298 4779 discipulis,
2331 4725 2429 4779 pro
2457 4710 3089 4780 ipsorumfactorumet
3120 4715 3369 4769 materiae

2 4758 11 4779 .
37 4723 231 4794 fovit,
265 4738 383 4781 seu
424 4734 633 4780 mutum
662 4734 719 4781 et
744 4728 959 4797 penitus
985 4727 1251 4800 elinguem
1292 4733 1553 4797 reticere,
1582 4733 1676 4803 qui

38 4817 277 4873 dudum
310 4815 524 4872 veteris
555 4815 848 4874 Benedicti.
876 4818 1036 4888 hujus
1063 4836 1277 4893 quoque
1322 4823 1422 4879 loci
1468 4824 1679 4882 abbatis

34 4905 340 4966 studuisti
397 4918 551 4979 gesta
606 4910 851 4979 quaedam
918 4912 1059 4983 stylo
1107 4916 1504 4973 commendare.
1564 4918 1680 4989 Age
1826 4914 2085 4987 Contigit
2114 4930 2185 4971 ex
2212 4931 2377 4985 asque
2402 4933 2595 4973 nomen
2628 4918 2723 4974 tibi
2757 4920 2849 4988 qui
2883 4920 3203 4975 Benedictus

38 5002 268 5073 igitur,
312 5014 456 5071 age,
501 5001 679 5072 incipe
718 5004 1029 5059 omnimoda
1059 5007 1347 5063 occasione
1391 5009 1674 5079 seposita:
1707 5061 1750 5079 η
1952 5006 2200 5063 Moribus
2222 5008 2456 5077 implesti
2489 5011 2722 5066 nominis
2745 5009 3004 5067 olilciurn.

37 5095 182 5161 quia
229 5091 356 5152 etsi
395 5092 680 5164 imperitus
725 5108 785 5150 es
816 5110 1098 5164 sermone,
1146 5112 1253 5153 non
1291 5109 1473 5155 tamen
1501 5100 1679 5155 scien-
1702 5061 1750 5126 C
1852 5098 1931 5153 Tu
1956 5097 2135 5170 gregis
2160 5105 2215 5153 et
2242 5098 2415 5169 plebis
2443 5100 2634 5156 doctor
2655 5101 2940 5167 bonus,ac
2968 5100 3277 5157 moderator
3300 5141 3315 5165 ,

39 5186 145 5240 tia.
270 5260 280 5267 .
1958 5191 2189 5248 iustitia
2213 5192 2366 5249 limes
2393 5206 2456 5249 ac
2484 5193 2699 5263 pietatis
2718 5207 2859 5248 eras.

115 5276 184 5332 9.
234 5273 349 5331 His
400 5281 456 5329 et
504 5274 871 5345 hujuscemodi
911 5278 1119 5337 excitus
1156 5281 1427 5337 rationum
1462 5281 1677 5339 ﬂatibus
1826 5282 1995 5339 Grex
2025 5284 2120 5339 tibi
2154 5284 2477 5340 commissus
2510 5281 2687 5338 Patris
2712 5282 3000 5353 exsequias
3029 5284 3335 5341 celebravit

33 5366 183 5435 dum
248 5370 313 5423 in
370 5375 531 5437 portu
573 5366 770 5425 silentii
818 5380 870 5426 et
924 5370 1119 5442 quietis
1168 5388 1389 5430 securus
1440 5376 1675 5446 navigo,
1956 5370 2059 5427 Mai
2091 5379 2364 5446 postrema
2392 5381 2752 5447 przetereunte
2782 5373 2889 5431 die.

1775 4800 2056 4856 netissima
2087 4802 2367 4871 qualitate.

1561 5590 1879 5614 σ-ιοοσηο
