3862 6312
385 264 525 343 iis;

1450 274 1796 334 WlLLELMl
1833 275 2191 334 nosne-ss.
2228 266 2520 335 nomen.
2640 264 2643 267 ’
2676 262 2683 269 ”
3484 282 3616 343 μω

1130 438 1766 568 TEXTUS
1858 440 2295 571 VIT/E
2356 376 2991 569 'IPSIUS.

441 703 495 756 5.
540 700 851 755 Benedictus
895 698 1203 753 Tolosanus.
1234 696 1325 752 Fit
1377 698 1682 752 monachus.
1710 696 1948 753 Clusium
1977 709 2021 762 Α
2055 699 2233 761 miter,
2262 708 2530 767 praesente
2552 699 2773 757 Airaldo
2797 700 2874 773 (ὅ)
2901 700 3244 758 Bremetensi
3274 703 3472 772 abbate,
3502 711 3617 766 viro

368 809 424 849 se
454 793 653 856 recipit.
683 791 1005 846 Benedictus
1027 792 1210 861 itaque
1237 791 1328 845 Dei
1354 790 1609 854 famulus,
1641 793 1815 859 patria
1846 790 1951 844 Tu-

369 883 611 948 losanus,
660 883 975 953 parentibus
1024 884 1322 937 nobilitatis
1372 882 1527 936 titulo
1567 897 1671 936 non
1700 883 1950 937 obscuris

368 977 473 1033 fuit
522 979 856 1050 progenitus.
887 979 1031 1046 Quos
1077 988 1257 1034 tamen
1306 977 1420 1047 ipse
1449 978 1619 1047 magis
1650 976 1951 1047 insignibus

368 1079 573 1126 sancte
634 1071 1065 1126 conversationis
1112 1070 1397 1141 praeconiis
1445 1069 1772 1134 nobilitavit,
1822 1071 1948 1124 dum

367 1159 566 1216 lucifer
612 1164 911 1217 matutinus
963 1177 1028 1217 ac
1074 1162 1225 1218 sidus
1267 1176 1491 1217 aureum
1520 1163 1699 1219 noctis
1735 1165 1955 1219 umbras

368 1252 669 1327 decutiens,
702 1264 846 1311 astra
869 1270 1096 1326 qumque
1132 1256 1246 1311 suis
1278 1254 1562 1313 luculentis
1595 1257 1764 1311 radiis
1787 1272 1952 1313 exsu-

365 1348 598 1416 peravit.
626 1347 725 1403 Hic
748 1363 871 1404 cum
897 1349 1073 1409 adhuc
1096 1349 1251 1415 bona:
1277 1350 1476 1405 indolis
1500 1358 1645 1405 esset
1673 1348 1950 1418 parvulus,

367 1454 399 1493 a
420 1447 596 1510 patre,
623 1438 905 1499 Bernardo
925 1441 1143 1497 nomine
1181 1441 1279 1513 (l),
1304 1441 1424 1496 viro
1445 1444 1585 1497 bono
1606 1450 1661 1496 et
1683 1440 1953 1495 Christia-

366 1531 593 1592 nissimo
642 1534 877 1604 regulari
906 1549 1098 1591 norma
1134 1535 1509 1590 informandus
1530 1536 1588 1589 in
1612 1536 1948 1590 monasterio

367 1622 556 1680 Sancti
588 1624 780 1685 Hilarii
811 1627 893 1701 (2)
929 1637 1011 1685 est
1043 1629 1297 1697 traditus,
1342 1630 1430 1691 ubi
1462 1631 1706 1700 pueritia:
1733 1640 1790 1687 et
1812 1630 1946 1686 ado-

366 1719 641 1778 lescentiae
684 1732 835 1778 caste
865 1731 922 1777 et
947 1723 1128 1779 sobrie
1156 1724 1387 1779 vivendo
1425 1739 1597 1778 annos
1634 1724 1834 1794 exegit,
1869 1722 1953 1776 in-

366 1821 662 1884 tentusque
711 1815 929 1882 divinis,
985 1830 1086 1872 nec
1126 1830 1232 1870 non
1262 1823 1316 1871 et
1339 1815 1614 1871 saecularis
1636 1814 1953 1871 litteratum

365 1905 579 1970 studiis,
603 1904 704 1961 sub
725 1908 895 1975 patris
916 1907 1160 1963 custodia
1175 1905 1433 1976 juvenilia
1461 1906 1704 1977 corporis
1738 1905 1953 1961 deside-

363 1997 447 2053 ria
496 1997 799 2071 frangendo
819 1999 1079 2054 edomuit.
1118 1999 1224 2056 Sed
1256 2015 1380 2054 cum
1424 1998 1636 2057 tandem
1663 1999 1801 2053 idem
1828 2012 1939 2053 NB-

361 2092 586 2149 nobium
619 2109 649 2147 a
680 2093 913 2163 regulari
965 2093 1181 2148 tramite
1208 2092 1601 2162 aliquantisper
1637 2091 1947 2146 exorbitare
1979 2071 2021 2128 Β

362 2184 845 2251 animadverteret,
895 2186 1092 2241 timens
1142 2200 1211 2241 ne
1264 2185 1403 2241 forte
1430 2185 1636 2241 ordinis
1662 2183 1947 2239 dissolutio

361 2286 732 2333 remorantem
780 2278 1041 2349 paulatim
1089 2279 1145 2341 in
1172 2292 1417 2357 praeceps
1464 2278 1725 2341 traheret,
1754 2274 1943 2331 simul-

361 2386 470 2440 que
517 2386 779 2428 accensus
846 2371 1146 2443 spiritualis
1198 2372 1475 2443 proiectus
1522 2370 1823 2435 desiderio,
1876 2369 1944 2424 ad

362 2461 574 2527 Italiam
620 2465 795 2530 venit,
854 2466 942 2519 ubi
967 2464 1036 2519 ab
1065 2462 1262 2527 abbate
1291 2463 1603 2519 monasterii
1628 2462 1810 2518 Sancti
1843 2461 1943 2516 Mi-

358 2555 589 2629 chaelis,
618 2556 760 2625 quod
790 2557 841 2610 in
872 2556 1003 2626 ipsis
1031 2556 1195 2611 Italiae
1220 2556 1469 2611 faucibus
1490 2572 1733 2611 summus
1758 2566 1943 2609 vertex

357 2645 703 2721 lfyrchiriani
742 2647 943 2702 montis
970 2647 1153 2716 specie
1181 2662 1246 2701 ac
1274 2647 1537 2719 religione
1572 2646 1949 2711 venerandum

357 2737 575 2800 cunctis
602 2738 838 2793 ostendit
865 2738 1133 2808 gentibus,
1165 2737 1396 2807 benigne
1420 2746 1703 2807 susceptus
1731 2745 1834 2792 cst.

392 2829 481 2889 .1.
524 2828 614 2882 Fit
648 2830 917 2887 sacerdos.
966 2830 1145 2900 Coepit
1195 2830 1379 2901 itaque
1426 2830 1480 2884 in
1519 2829 1639 2885 dies
1680 2829 1967 2886 virtutum.

355 2922 620 2983 exercitio
645 2922 815 2994 magis
844 2923 1124 2993 magisque
1150 2922 1203 2977 in
1229 2923 1395 2978 Deum
1416 2921 1703 2992 prolicere,
1720 2934 1943 2976 amorum

356 3011 583 3075 lenitate
630 3022 685 3069 et
733 3011 1052 3075 aﬂ‘abilitate
1105 3014 1160 3068 in
1197 3027 1437 3068 amorem
1482 3012 1565 3067 sui
1621 3020 1942 3067 cunctorum

356 3103 574 3183 nmmos
614 3103 814 3158 mirum
839 3104 893 3159 in
926 3104 1143 3160 modum
1190 3103 1507 3167 accendere,
1548 3101 1742 3157 divinae
1768 3099 1944 3172 philo-

357 3195 564 3266 sophia:
590 3195 796 3252 rivulos
825 3196 1102 3261 inhianter
1143 3197 1394 3263 haurire;
1425 3204 1636 3253 certare
1659 3210 1782 3251 cum
1808 3196 1942 3251 ado-

356 3288 698 3349 lescentibus
728 3290 815 3359 ,de
860 3289 1214 3359 subjectione,
1237 3306 1362 3346 cum
1399 3289 1691 3359 juvenibus
1721 3290 1836 3361 ipse
1852 3289 1942 3361 ju~

357 3382 516 3439 venis
569 3382 638 3437 de
692 3380 1031 3448 fortitudine,
1065 3398 1189 3438 cum
1224 3382 1447 3439 senibus
1470 3382 1586 3451 ipse
1606 3389 1851 3439 maturus
1873 3380 1973 3451 de;

356 3472 652 3545 gravitate.
674 3473 744 3529 Et
762 3489 885 3530 cum
914 3474 1055 3535 forte
1077 3488 1267 3531 omnes
1285 3474 1591 3531 honestatis
1613 3480 1668 3529 et
1689 3471 1942 3527 utilitatis

356 3565 529 3638 gratia
585 3567 842 3633 anteiret,
868 3581 1023 3638 atque
1049 3577 1228 3623 tamen
1283 3567 1538 3625 omnibus
1562 3563 1941 3631 charus,uulli

355 3658 573 3717 invidiae
623 3658 867 3725 fomitem
915 3661 1248 3717 ministrare.
1302 3658 1459 3716 Unde
1506 3658 1709 3715 factum
1733 3668 1812 3714 est
1853 3667 1938 3723 ut,

354 3748 551 3805 merito
592 3748 856 3805 fratribus
903 3751 1115 3806 cunctis
1158 3750 1521 3806 annuentihus
1546 3759 1602 3805 et
1631 3746 1940 3815 abbateju-

358 3843 544 3906 Lente,
602 3843 671 3898 ad
705 3843 1069 3899 sacerdotium
1111 3851 1555 3914 promoveretur:
1599 3841 1754 3911 cujus
1776 3840 1941 3897 cilicii

353 3932 623 4004 dignitate
670 3934 746 3993 ita
799 3935 1078 3994 humiliter
1102 3944 1158 3990 et
1182 3945 1497 3992 reverenter
1518 3934 1739 3989 functus
1762 3942 1849 3988 est
1880 3940 1940 3986 ut

355 4042 480 4085 sese
511 4027 786 4101 indignum
812 4030 1011 4086 mentis
1048 4028 1257 4102 judicio
1283 4044 1499 4099 seruper
1522 4028 1828 4092 clamitans,
1855 4025 1939 4080 vel

353 4129 478 4193 post
522 4121 732 4194 aliquot
779 4122 895 4178 dies
940 4123 1007 4176 ad
1067 4123 1239 4179 altare
1296 4123 1577 4179 oblaturus
1631 4123 1936 4178 accederet.

351 4212 751 4287 Nonnunquam
774 4231 905 4270 vero
926 4226 1114 4287 postea
1152 4217 1218 4272 de
1259 4216 1589 4286 praedicante
1627 4216 1917 4272 didicimus

355 4322 481 4362 eum
509 4322 569 4362 se
599 4308 794 4363 missas
816 4324 977 4377 agere
1012 4310 1065 4366 in
1104 4308 1193 4364 die
1212 4352 1215 4357 .
1235 4306 1624 4378 proposuisset,
1656 4318 1940 4380 exspecta-

325 4399 450 4459 .hat
476 4400 527 4455 si
559 4398 701 4467 forte
726 4415 757 4453 a
787 4401 969 4469 priore
989 4400 1121 4456 illud
1151 4401 1201 4456 ei
1225 4401 1532 4472 jubcretur,
1572 4400 1942 4457 indttbitnter

353 4490 586 4545 credens
622 4488 961 4545 oblationem
1013 4506 1166 4546 suam
1224 4492 1422 4546 virtute
1448 4491 1770 4548 obedientite
1799 4492 1939 4561 apud

353 4583 526 4638 Deum
553 4584 947 4650 commendari,
980 4599 1100 4654 quae
1118 4584 1421 4654 Scriptura:
1455 4584 1769 4639 testimonio
1790 4585 1941 4640 holo-

352 4674 754 4729 cautomatibus
783 4673 908 4742 jure
939 4675 1228 4745 praefertur
1255 4685 1310 4729 et
1334 4676 1591 4735 victimis.

2058 794 2333 865 religionis
2360 810 2423 850 ac
2458 794 2739 863 sapientia:
2763 793 2920 849 titulo
2945 793 3000 848 id
3044 794 3311 864 temporis
3341 794 3619 854 famosussi-

2053 903 2163 951 mo,
2196 888 2438 942 omnium
2472 886 2699 942 fratrum
2727 887 3018 943 conclusus
3047 898 3131 943 est
3160 896 3337 943 curtus
3357 890 3420 944 de
3451 890 3617 948 Patris

2053 979 2319 1034 electione
2344 977 2444 1034 sub
2469 986 2690 1048 aspectu
2711 977 3023 1050 archangeli
3056 979 3142 1035 sui
3181 980 3256 1048 pii
3293 982 3475 1035 tutoris
3501 982 3619 1036 siin.

2050 1072 2266 1141 pliciter
2291 1078 2533 1127 acturus.
2586 1070 2740 1126 Tunc
2774 1070 2917 1128 lecto
2951 1072 3007 1126 in
3035 1071 3251 1127 abbatis
3289 1071 3619 1127 ordinatione

2053 1165 2275 1236 Regula:
2330 1164 2592 1233 capitulo,
2640 1174 2695 1220 et
2720 1179 2749 1219 a
2770 1164 3001 1236 praefato
3033 1164 3235 1220 abbate
3257 1164 3404 1219 clare
3424 1175 3620 1235 aperte-

2052 1277 2159 1332 que
2205 1259 2473 1329 exposito,
2522 1258 2613 1314 alii
2641 1258 2830 1324 alium,
2856 1266 2915 1313 ut
2936 1258 3161 1327 assolet,
3192 1257 3504 1325 acclatuare,
3532 1259 3619 1313 alii

2052 1358 2253 1421 alium;
2278 1358 2497 1428 quidam
2538 1358 2757 1429 quidem
2788 1358 3177 1423 Bertrannum,
3213 1358 3492 1427 quemdam
3517 1356 3622 1411 Cu-

2054 1449 2447 1514 miliacenscm,
2503 1450 2593 1519 qui
2646 1458 2700 1504 et
2742 1448 2877 1503 satis
2931 1448 3097 1503 homo
3154 1448 3424 1501 humanus
3462 1446 3623 1502 etbc~

2055 1544 2251 1610 nignus
2299 1552 2436 1606 erat,
2489 1541 2779 1611 plurimum
2832 1556 3047 1611 quoque
3102 1539 3315 1596 habens
3364 1538 3624 1609 religionis

2053 1634 2248 1699 zelum.
2269 1644 2325 1691 et
2344 1632 2639 1690 secundum
2665 1633 2972 1687 scientiam.
2988 1630 3244 1702 Plerique
3267 1645 3399 1686 vero
3424 1631 3625 1686 Aicium

2051 1727 2289 1797 priorem
2338 1724 2623 1780 monastici
2679 1724 2888 1779 ordinis
2926 1723 3364 1777 eruditissimum
3392 1723 3619 1778 etdisci-

2050 1818 2210 1890 plina:
2232 1816 2521 1874 severitate
2566 1816 2851 1887 insignem.
2883 1815 3074 1869 Stabat
3101 1824 3286 1869 autem
3317 1814 3627 1869 Benedictus

2050 1921 2239 1967 noster
2267 1911 2336 1967 de
2365 1919 2542 1966 morte
2568 1908 2745 1963 Patris
2771 1908 3010 1963 defuncti
3048 1916 3255 1973 motus,
3279 1917 3335 1962 et
3363 1906 3510 1977 quasi
3534 1923 3628 1978 pro

2049 2001 2169 2071 ejus
2218 2000 2409 2055 funere
2452 1998 2748 2053 sollicitus.
2798 1996 3000 2052 Fuerat
3048 1997 3252 2067 quippe
3312 1995 3386 2050 illi
3435 2012 3625 2067 genere

2049 2093 2407 2165 propinquus,
2431 2105 2621 2147 omnes
2657 2089 2966 2158 superiores
2990 2087 3092 2143 sibi
3122 2089 3327 2142 fratres
3357 2087 3627 2141 humiliter

2049 2183 2389 2246 existimans,
2420 2180 2663 2251 nihilque
2696 2178 2877 2233 minus
2906 2193 3069 2245 quam
3093 2177 3160 2233 de
3183 2178 3266 2232 sui
3298 2177 3631 2248 promotione

2010 2294 2017 2301 ·
2049 2276 2234 2336 animo
2269 2282 2634 2346 pertractans,
2676 2285 2798 2325 cum
2830 2271 3012 2328 subito
3030 2279 3157 2326 vota
3190 2285 3257 2325 ac
3284 2269 3478 2337 judicia
3508 2285 3628 2323 om-

2048 2370 2197 2427 tiium
2243 2367 2373 2425 hinc
2397 2366 2524 2423 inde
2562 2367 2787 2423 reducta
2816 2366 2870 2421 in
2904 2364 3047 2420 hunc
3069 2379 3239 2418 unum
3279 2360 3629 2424 conveniunt,

2047 2470 2107 2516 ut
2159 2474 2229 2516 ne
2285 2460 2446 2515 unius
2489 2459 2707 2530 quidem
2754 2459 2908 2513 favor
2934 2457 3003 2512 ab
3052 2455 3476 2512 eodisseutiret.
3513 2452 3630 2507 Una

2047 2552 2288 2607 omnium
2319 2566 2471 2616 voce,
2505 2566 2610 2606 una
2634 2550 2928 2615 sententia,
2956 2549 3208 2620 quamvis
3230 2546 3471 2604 clamans
3494 2547 3631 2601 tnnl—

2048 2653 2269 2713 tnmque
2318 2643 2555 2698 renitens
2606 2643 2843 2713 capitur,
2902 2650 2957 2696 et
3008 2641 3219 2697 electus
3254 2640 3321 2694 ad
3346 2639 3631 2694 ecclesiam

2047 2753 2171 2791 cum
2204 2737 2454 2792 laudibus
2479 2736 2716 2790 ducitur.
2759 2734 2883 2790 Haec
2915 2734 2981 2789 de
2999 2734 3119 2801 ejus
3142 2732 3434 2797 electione,
3467 2747 3630 2800 quam

2047 2844 2188 2899 puro.
2222 2829 2419 2884 intuitu
2462 2828 2722 2898 justeque
2776 2827 2970 2883 ordine
2998 2825 3093 2881 Dei
3119 2836 3254 2879 nutu
3301 2834 3420 2881 acta
3447 2822 3631 2886 fuerit,

2045 2921 2235 2992 paucis
2263 2919 2545 2976 absolvere
2572 2919 2782 2989 curavi,
2820 2928 2881 2973 ut
2906 2918 3191 2973 evidenter
3215 2926 3401 2987 pateat
3421 2916 3631 2979 lectori,

2047 3014 2230 3070 vivum
2280 3014 2517 3084 lapidem
2542 3014 2635 3069 Dei
2666 3014 3042 3076 Benedictum,
3070 3023 3123 3067 et
3144 3012 3457 3066 columnam
3480 3010 3632 3065 veri-

2048 3108 2176 3163 tatis
2225 3107 2315 3162 tali
2357 3106 2712 3164 fundamento
2740 3115 2796 3161 et
2823 3106 2951 3160 base
2980 3106 3061 3159 sui
3096 3106 3356 3160 introitus
3395 3104 3633 3158 inniten-

2045 3211 2179 3267 tem,
2206 3200 2406 3256 merito
2429 3215 2536 3256 non
2567 3200 2808 3269 potuisse
2845 3198 2968 3253 ullis
2999 3198 3200 3253 futuris
3224 3196 3635 3251 tribulationum

2045 3293 2354 3349 turbinibus
2382 3292 2599 3347 concuti
2637 3299 2733 3345 aut
2755 3290 3085 3362 perturbari.
3127 3289 3379 3345 Antehac
3399 3289 3548 3343 enim
3580 3287 3634 3341 in

2044 3386 2195 3443 Italia
2224 3401 2321 3457 per
2357 3385 2565 3456 aliquot
2602 3400 2774 3440 annos
2806 3384 2895 3439 vix
2934 3382 3164 3453 alicujus
3193 3381 3407 3453 prtelati
3436 3380 3637 3436 eiectio

2046 3476 2228 3531 audita
2287 3476 2486 3541 fuerat,
2532 3476 2620 3531 cui
2659 3475 2743 3530 vel
2790 3475 2961 3547 regia.
2994 3488 3211 3537 manus,
3256 3471 3342 3527 vel
3383 3470 3640 3541 quaelibet

2043 3567 2352 3641 perniciosa
2381 3574 2436 3622 et
2462 3566 2739 3622 srecularis
2769 3564 2995 3621 ambitio
3019 3581 3126 3621 non
3154 3564 3485 3633 subriperet.

2113 3659 2168 3735 6.
2214 3657 2346 3729 Ejus
2367 3658 2609 3713 electiom'
2628 3659 2898 3727 episcopus
2922 3655 3268 3711 Taurinemis
3296 3656 3635 3711 contradia’t.
3660 3683 3668 3692 -

2046 3753 2163 3807 Non
2189 3761 2368 3807 tamen
2400 3760 2529 3806 tunc
2557 3749 2728 3806 defuit
2751 3750 2944 3805 solitus
2970 3749 3182 3820 antiqui
3221 3750 3394 3805 hostis
3420 3748 3565 3803 livor
3583 3758 3639 3804 et

2043 3844 2269 3900 invidia.
2320 3840 2456 3899 Cum
2505 3842 2652 3898 enim
2681 3841 2841 3911 hujus
2871 3850 2980 3897 tam
3021 3840 3184 3910 justa:
3211 3840 3497 3896 electionis
3527 3856 3637 3894 non
3666 3868 3667 3871 η

2044 3935 2206 3992 modo
2234 3934 2494 3992 Ecclesiae
2536 3934 2656 4000 lilii,
2679 3948 2867 3991 verum
2894 3934 3063 3991 totius
3085 3933 3254 3989 Italiae
3285 3934 3639 3989 marchiones

2043 4039 2098 4084 et
2142 4028 2329 4093 duces,
2367 4027 2660 4098 populique
2709 4026 3102 4098 applauderent
3165 4027 3434 4091 universi,
3478 4026 3639 4081 solus

2045 4119 2402 4175 Taurinensis
2441 4118 2682 4188 pontifex
2715 4118 3087 4176 Chunibertus
3127 4119 3231 4189 (4),
3262 4121 3353 4189 qui
3380 4135 3447 4175 ex
3472 4118 3641 4173 bonis

2044 4211 2215 4267 initiis
2240 4211 2411 4271 malos
2436 4219 2662 4267 eventus
2682 4211 2893 4277 habuit,
2916 4212 3186 4282 superbia:
3213 4214 3638 4283 typointumuit.

2046 4304 2115 4375 Et
2170 4319 2294 4361 cum
2348 4305 2546 4361 fratres
2591 4306 2751 4362 electi
2804 4307 2889 4362 sui
2944 4307 3641 4363 consecrationemabeo

2043 4397 2399 4467 postularent,
2432 4398 2645 4454 bestiali
2677 4399 2891 4453 fremitu
2923 4399 3232 4469 indignans,
3258 4399 3312 4453 in
3334 4402 3449 4456 hinc.
3466 4399 3640 4455 verba
3666 4416 3671 4423 '

2045 4492 2440 4548 contumeliosa
2491 4501 2549 4546 et
2598 4491 2948 4561 blasphemiae
2987 4491 3146 4562 plena
3177 4492 3358 4562 erupit
3390 4512 3403 4545 :
3442 4511 3461 4543 ς
3494 4493 3642 4560 Quis

2044 4593 2149 4646 est,
2178 4583 2273 4650 ait,
2306 4585 2407 4640 iste
2435 4584 2776 4651 Benedictus,
2816 4584 3083 4653 quibusve
3106 4597 3263 4641 ortus
3289 4584 3643 4656 majoribus?

1970 4706 1973 4711 ~
2047 4675 2162 4742 Qua
2220 4674 2445 4731 audacia
2502 4690 2595 4731 seu
2655 4676 3002 4742 auctoritate,
3034 4674 3395 4745 velaquihus
3424 4690 3519 4729 me
3544 4675 3645 4730 ab-
3702 4702 3713 4717 -

425 4767 481 4823 5.
522 4768 693 4822 Abbas
716 4770 945 4837 eligitur.
980 4768 1244 4825 Defuncto
1275 4770 1510 4841 denique
1534 4770 1623 4826 illo
1648 4770 1862 4836 abbate,
1889 4780 1942 4827 et
1971 4774 2021 4836 ι)
2046 4777 2200 4824 serite
2245 4767 2502 4827 electus?
2536 4787 2555 4820 ι
2589 4766 2669 4821 Ad
2719 4766 2835 4822 haec
2861 4782 2985 4823 cum
3032 4766 3232 4823 fratres
3257 4782 3537 4822 canonum
3579 4783 3644 4822 ac

356 4863 534 4917 adhuc
578 4874 832 4919 manente
894 4864 1183 4934 insepulta,
1236 4879 1306 4919 ne
1356 4863 1496 4920 forte
1533 4864 1778 4937 improba
1823 4864 1940 4921 lues

336 4946 711 5011 Taurinensis
734 4955 979 5024 praesulis
998 4972 1118 5012 sese
1152 4964 1347 5012 contra
1369 4971 1639 5012 canonum
1661 4965 1716 5012 et
1739 4957 1939 5026 regula:

358 5054 547 5100 sancta
596 5047 813 5107 decreta
839 5062 907 5102 ex
945 5062 1097 5102 more
1128 5047 1519 5116 interponeret,
1551 5048 1640 5117 pie
1667 5056 1723 5103 et
1752 5047 1938 5101 unani-

429 5226 598 5350 ἕηῷόε
625 5235 858 5282 mortem
889 5227 1028 5284 obiit
1060 5226 1115 5282 in
1146 5225 1481 5285 mouaSIcrio
1504 5225 1748 5292 Clusino,
1774 5226 1940 5294 infra,

343 5312 477 5369 ,αρε
504 5312 594 5369 1’9;

2046 4858 2281 4929 Regula:-
2324 4873 2435 4913 suaa
2498 4858 2876 4914 auctoritatem
2934 4858 3335 4928 praetendentes
3385 4856 3643 4913 dicereut

2046 4950 2354 5020 hujusmodi
2420 4950 2744 5008 electionem
2789 4949 2865 5005 illi
2923 4966 3029 5006 non
3072 4951 3282 5017 deberi,
3331 4952 3435 5006 nisi
3488 4952 3643 5007 forte

2045 5046 2300 5107 monachi
2327 5047 2574 5103 vitiosam
2596 5062 2926 5119 pravamque
2951 5062 3240 5120 personam
3264 5062 3333 5105 ex
3360 5062 3642 5103 consensu

2051 5242 2175 5297 non
2209 5240 2397 5297 parum
2450 5241 2701 5283 censurae
2752 5233 3015 5297 meretur,
3040 5234 3103 5279 ut
3138 5224 3231 5295 qui
3254 5223 3636 5297 permittebat,

2049 5308 2105 5349 ut
2132 5294 2318 5350 clerici
2352 5297 2603 5351 Ecclesia:
2645 5313 2779 5362 suae,
2811 5294 3179 5365 cujuscunque
3238 5294 3461 5365 ordinis,
3496 5294 3641 5348 celat

431 5364 511 5439 (2)
548 5367 660 5421 Hoc
685 5366 743 5421 '6.
767 5365 956 5421 Hilarii
986 5367 1367 5427 monasterium
1390 5367 1549 5422 situm
1577 5367 1629 5421 in
1657 5369 1786 5422 urbe
1814 5368 1945 5423 Car-
2038 5367 2165 5439 jure
2192 5369 2510 5439 matrimonii
2540 5364 3019 5439 roufmdemreutur
3045 5366 3322 5439 uxoribus.
3343 5364 3501 5431 Quod
3536 5366 3641 5439 ipsi

393 5454 607 5492 assnne.

358 5452 388 5495 ε
431 5510 511 5574 (5)
555 5508 745 5563 Simile
787 5508 1092 5579 exemplqu
1120 5509 1289 5565 habes
1318 5509 1370 5563 in
1398 5507 1591 5564 Smcnli
1622 5509 1942 5579 superioris,

354 5591 478 5652 pag.
513 5580 636 5643 78!.

430 5650 509 5718 (4)
550 5649 745 5704 Durius
797 5650 1010 5719 quidem
1045 5649 1096 5703 in
1127 5649 1517 5704 Chunibertum
1576 5659 1767 5703 auctor
1795 5648 1941 5717 loqui

334 5720 594 5788 Lvidctur,
627 5720 720 5776 sed
749 5718 861 5801 ipsa
892 5719 1207 5785 Chuniberti
1252 5718 1444 5800 agendi
1496 5720 1635 5775 ratio
1698 5720 1752 5774 in
1800 5719 1941 5777 aliis.

2049 5437 2382 5506 itnpropcrat
2425 5437 2619 5493 Petrus
2651 5438 2893 5493 Datniaui
2922 5440 2973 5492 in
2996 5436 3223 5505 epistola
3256 5437 3325 5491 ad
3346 5451 3470 5489 eum
3495 5436 3640 5506 scri-

2047 5519 2139 5577 pta
2172 5523 2185 5561 :
2224 5505 2277 5561 et
2305 5508 2393 5576 qui
2425 5524 2453 5561 a
2488 5507 2709 5562 Nicolao
2770 5523 2904 5577 papa
2945 5508 3455 5565 excommunicatus
3508 5505 3637 5577 fuit,

2048 5580 2190 5645 quod
2218 5578 2275 5632 in
2305 5590 2573 5633 conventu
2603 5576 2984 5633 Mediolaneusi
3015 5594 3137 5634 cum
3161 5577 3283 5632 aliis
3305 5576 3636 5645 quibusdam

2050 5648 2320 5718 episcopis
2347 5650 2616 5704 concessit
2650 5649 2863 5703 clericis
2902 5648 3212 5705 facultatem
3239 5647 3477 5705 habendi
3500 5662 3639 5711 uxo-

2053 5735 2163 5775 res.
2208 5718 2340 5776 Vide
2381 5718 2519 5774 infra
2545 5735 2699 5791 capp.
2730 5722 2760 5775 8
2787 5729 2840 5781 et
2878 5719 2959 5784 ll.

3834 1098 3841 1153 ἓ
