3836 6320
110 357 226 422 Ηίίὕ

1148 356 1153 363 ·
1208 346 1359 403 vm
1404 312 1763 398 BENlCDlCTI
1804 337 1953 391 sua.
1993 316 2223 393 cuis.’

3210 328 3349 392 Ἡῧῧ

104 476 187 534 sibi
238 470 592 543 prattuleriut,
659 463 1119 523 consecrationem
1180 470 1359 516 autem
1392 460 1655 514 duntaxat
1686 459 1728 519 Α
1761 461 1919 524 Ρηῑίδδ
1949 467 2047 508 "05
2078 452 2327 522 ignm'i‘rc
2377 451 2518 505 ῖηίηε
2576 436 2680 505 Ioc;
2734 434 2950 506 ίυῑθῇῖηυ
2995 438 3350 541 “il-“mnam?

100 565 204 622 boni
227 563 380 618 electi
411 576 560 616 suam
592 559 723 613 fore.
744 557 881 611 Tum
908 571 1035 609 vero
1059 564 1191 609 satis
1218 568 1487 621 superque
1520 566 1650 607 cou-

98 659 200 715 fusa
258 655 366 710 bile
408 652 663 708 efferatus
709 648 979 711 ciierbnit,
1015 645 1530 715 tumensquejurgio
1566 644 1649 698 iu-

97 752 231 825 quit:
270 769 288 801 ‹
317 748 475 803 Absit
531 747 656 809 hoc,
705 744 846 799 absit
884 741 1009 796 illud
1049 739 1140 811 jus
1168 738 1562 800 detestandum,
1595 724 1653 811 ut

96 861 179 916 per
212 858 306 896 vos
360 856 455 896 seu
511 854 608 909 per
646 835 904 906 Regulam
951 842 1215 896 vestram,
1270 840 1330 887 ut
1386 829 1650 895 asseritis,

95 938 197 995 iste,
246 932 379 985 mihi
442 929 742 1000 prmserlim
794 928 1026 997 ignotus,
1089 926 1321 981 introeat
1363 927 1376 979 ἰ
1419 923 1535 978 Mea
1570 933 1654 993 est

92 1027 285 1087 (lectio,
320 1040 471 1079 meus
499 1025 603 1077 erit
625 1022 793 1076 abbas
831 1022 1043 1089 meique
1074 1018 1235 1089 juris,
1265 1018 1393 1073 mihi
1434 1017 1523 1071 ttui
1556 1020 1653 1093 obs

92 1132 403 1188 temperans,
433 1115 716 1170 familiaris
743 1111 1074 1167 domesticus
1101 1126 1165 1165 ac
1194 1110 1463 1166 subditus.
1500 1109 1653 1165 Sicut

87 1212 214 1263 enim
267 1207 529 1278 accipiter
586 1206 709 1259 dum
766 1200 952 1258 molles
975 1211 1128 1271 urget
1158 1200 1457 1266 columbas,
1486 1215 1649 1270 quam

84 1300 175 1353 sibi
206 1298 439 1353 voluerit
466 1295 735 1365 unguibus
766 1293 929 1364 rapit,
976 1292 1119 1346 haud
1150 1292 1307 1348 aliter
1335 1308 1435 1362 ego
1460 1282 1652 1361 repen4

86 1393 218 1445 tinus
251 1390 399 1445 inter
453 1406 548 1444 vos
601 1398 983 1459 exspectantes
1034 1386 1451 1458 superveniens,
1499 1385 1647 1459 illum

83 1485 165 1551 qui
218 1484 399 1536 animo
446 1490 658 1536 tantum
688 1482 888 1536 sederit
920 1497 1060 1547 meo,
1108 1480 1309 1551 quique
1340 1479 1469 1533 mihi
1501 1475 1650 1533 cordi

82 1574 253 1639 fuerit,
287 1573 549 1642 accipiant
576 1575 865 1647 ct.eunctis
889 1570 1387 1649 vobispraaliciam.
1416 1588 1434 1621 ι
1463 1569 1651 1624 Nonne

81 1665 157 1719 his
186 1666 275 1722 tibi
302 1665 646 1735 paucissimis
672 1676 727 1720 et
748 1665 1216 1737 sesquipedalibus
1246 1662 1426 1717 verbis
1448 1662 1653 1725 dixisse,

76 1758 283 1812 videtur
314 1776 328 1812 :
362 1757 465 1812 Per
494 1774 579 1813 me
603 1754 770 1813 abbas
802 1758 1045 1823 intrabit,
1078 1774 1183 1812 non
1208 1772 1305 1828 per
1333 1742 1649 1811 Christum?

1760 546 2017 603 Ecclesia!
2053 546 2236 600 sedem
2280 543 2616 599 solummodo
2652 545 2961 615 pertinere?
2990 544 3238 597 fundator
3270 534 3351 599 ni;

1758 645 1953 696 mirum
1974 640 2141 708 ipsius
2168 636 2506 701 monasterii,
2536 636 2687 707 [lngo
2715 637 2948 701 nomine,
2974 636 3214 707 ejusdem
3246 618 3349 691 loci

1756 748 1941 789 curam
1976 734 2136 807 beato
2169 729 2333 785 Petro
2358 730 2605 797 apostolo
2631 728 2852 799 ejusque
2875 729 3093 783 virariis
3122 730 3174 782 in
3197 738 3352 807 teter:

1756 840 1881 880 num
1912 804 2211 890 commiSit,
2253 831 2308 876 et
2354 822 2668 891 apostolicis
2696 822 2989 891 privilegiis
3037 820 3189 875 locus
3227 799 3352 875 inde

1758 915 1955 971 muniri
1984 915 2301 983 promeruit.
2343 932 2361 966 ›
2397 915 2513 983 Ipse
2540 926 2758 983 quoque
2803 912 2924 982 pius
2954 926 3087 981 papa
3119 892 3351 965 Alexani-

1758 1011 1873 1074 dcr,
1905 1008 2118 1080 cegnita
2168 1006 2402 1076 episcopi
2459 1004 2742 1073 iujustitia,
2788 1004 2868 1059 sic
2901 1021 3023 1059 cum
3059 1003 3352 1058 milisallo-

1756 1106 1941 1176 quitur
1972 1125 1984 1160 :
2021 1124 2040 1156 ‹
2061 1106 2191 1160 Esto
2224 1104 2501 1174 pacificus,
2542 1102 2615 1156 ﬁli
2648 1101 2982 1157 (lbuniberte
3008 1140 3021 1160 ,
3053 1109 3171 1153 esto
3203 1080 3352 1153 ncni‘

1757 1215 1914 1270 gnus.
1964 1198 2260 1262 Compesce
2318 1206 2573 1257 mentem,
2616 1196 2863 1249 turbatus
2913 1202 2997 1249 est
3044 1194 3185 1247 enim
3239 1208 3350 1262 pra:

1760 1289 1943 1346 furore
1974 1291 2163 1345 oculus
2191 1301 2333 1343 tuus.
2361 1288 2572 1342 RevOca
2601 1288 2838 1341 animum
2866 1287 2933 1341 ab
2957 1284 3348 1355 indignatione,

1757 1397 1919 1450 quam
1954 1396 2058 1435 non
2088 1381 2241 1435 decet
2281 1378 2625 1449 aliquatenus
2650 1376 2901 1432 residere
2947 1375 2999 1430 in
3051 1366 3350 1430 sacerd0tis

1757 1488 1994 1545 pectore.
2024 1474 2287 1545 lnjustnm
2331 1484 2479 1528 certe
2530 1473 2685 1527 nobis
2736 1471 2949 1527 videtur
2992 1480 3047 1527 et
3087 1470 3346 1525 intolera-

1755 1567 1862 1620 bile
1892 1566 2069 1620 locum
2107 1565 2253 1619 illum
2295 1574 2480 1619 nostro
2511 1573 2720 1618 tantum
2773 1563 3119 1618 commissum
3160 1560 3349 1631 prresi-

1755 1660 1843 1714 dio
1873 1674 1935 1713 ac
1966 1658 2177 1721 ditioni,
2216 1657 2465 1727 quamvis
2499 1666 2601 1711 tua:
2628 1656 2698 1711 sit
2729 1655 2999 1719 dimeesis,
3028 1663 3134 1708 tam
3167 1650 3348 1727 inique

1757 1750 1962 1805 vexari.
1993 1749 2335 1819 Quapropter
2369 1763 2673 1811 monemus,
2716 1757 2771 1800 ut
2801 1746 2980 1801 abbati
3024 1744 3147 1812 jure
3175 1761 3236 1799 ac
3263 1726 3349 1799 re;

76 1850 299 1907 Aliunde
354 1854 613 1907 ascendet
656 1853 813 1907 sicut
870 1851 957 1906 fur
986 1860 1040 1906 et
1090 1826 1252 1916 latro,
1284 1859 1343 1905 ut
1372 1858 1572 1905 maelet
1598 1861 1650 1905 et
1683 1842 1726 1901 Β
1756 1841 2017 1913 gulariter
2040 1842 2212 1896 electu
2245 1852 2525 1908 paternum
2576 1826 2816 1902 animum
2873 1846 2923 1892 et
2971 1836 3241 1899 alTeetum,
3287 1845 3347 1888 ut

73 1944 281 2014 perdat,
338 1960 443 1999 non
506 1959 601 2015 per
632 1948 853 2001 ostium.
891 1947 933 2003 Ο
960 1946 1369 2002 similitudinem
1402 1954 1649 2017 argutam

71 2047 120 2092 et
164 2039 421 2109 episc0po
469 2039 727 2110 dignam!
762 2040 1014 2094 lusanisti
1065 2048 1190 2093 tunc
1228 2040 1402 2106 impos
1453 2039 1650 2092 mentis

67 2138 189 2194 tuae,
240 2130 575 2186 Cbuuiberte
622 2132 911 2203 episcupe;
944 2132 1068 2186 talia
1099 2132 1283 2195 fando,
1316 2130 1567 2185 insanisti
1596 2146 1652 2183 re

63 2236 190 2277 vera
244 2220 339 2275 tali
392 2222 680 2276 cothurno.
718 2222 983 2292 Apparuit
1031 2223 1116 2277 his
1155 2223 1316 2278 dictis
1353 2236 1457 2291 qua
1487 2221 1653 2290 polle-

56 2311 177 2377 bas,
225 2313 339 2369 imo
390 2329 497 2384 qua
544 2315 953 2384 ampullabaris,
1005 2325 1093 2370 tua
1138 2330 1322 2372 crassa
1367 2315 1652 2385 pinguisve

51 2408 327 2462 minerva.
380 2406 515 2462 Cum
547 2409 691 2462 enim
736 2415 882 2461 tuam
939 2407 1229 2478 ingluviem
1265 2407 1527 2479 specie.et
1556 2392 1655 2461 no;

45 2498 200 2552 mine
255 2499 543 2568 accipitris
591 2500 858 2571 figurasti,
909 2499 1237 2569 simplicium
1270 2509 1324 2556 te
1356 2497 1650 2556 inseetato-

46 2604 189 2655 rem,
239 2588 633 2660 iusontumque
666 2600 935 2661 raptorem
987 2592 1079 2646 tali
1128 2590 1303 2647 forma
1333 2591 1649 2663 depinxisti.

42 2680 206 2735 l'atet
274 2680 448 2750 igitur
494 2682 615 2737 luce
666 2683 885 2749 clarius,
937 2683 1079 2753 quod
1112 2699 1218 2737 non
1244 2684 1524 2753 aperuerit
1555 2682 1650 2737 tibi

43 2773 253 2827 ostium
303 2772 559 2829 veritatis
616 2775 893 2839 ostiarius,
925 2775 1097 2846 quiet
1125 2774 1364 2845 Spiritus
1403 2784 1647 2840 sanctus,

41 2880 90 2922 et
130 2868 259 2922 ideo
294 2882 650 2938 compressus
682 2868 900 2922 defluxit
942 2869 1178 2923 tumidus
1214 2868 1517 2937 prudentia:
1549 2876 1651 2921 tua:

44 2961 241 3013 fastus.
276 2958 438 3023 Quod
467 2974 647 3015 sermo
677 2958 973 3014 declarabit
994 2960 1293 3028 subjectus.

120 3053 172 3108 7.
220 3050 452 3106 Romam
481 3050 730 3121 appellat.
770 3052 974 3107 Servus
1024 3052 1206 3122 itaque
1240 3051 1449 3106 Domini
1481 3050 1651 3106 Bene-

45 3144 251 3209 dictus,
293 3141 515 3212 coguita
540 3142 778 3213 episcopi
815 3143 1070 3199 vecordia
1099 3150 1151 3198 et
1190 3144 1479 3198 exactione
1504 3142 1644 3197 irra-

1758 1946 1807 1987 te
1841 1936 2025 1998 decet,
2079 1934 2373 1996 exhibeas,
2420 1940 2581 2000 atque
2626 1930 3087 1985 consecrationem
3118 1922 3346 2005 benigne

1757 2025 2053 2094 impertias.
2095 2043 2112 2075 ι
2146 2021 2296 2089 Quod
2332 2039 2452 2076 eum
2489 2036 2546 2075 se
2591 2021 2768 2074 facere
2798 2019 2942 2072 nulla
2983 2020 3212 2081 ratione,
3238 2018 3345 2099 nisi

1753 2119 1906 2172 alteri
1943 2135 1973 2173 a
2008 2133 2066 2173 se
2107 2118 2299 2181 electo,
2337 2117 2503 2170 durus
2532 2124 2824 2181 assereret,
2861 2123 3171 2184 contempta
3223 2110 3343 2182 ejus

1756 2210 2027 2280 protervia
2050 2250 2065 2274 ,
2094 2224 2161 2264 ne
2190 2208 2409 2279 longum
2438 2209 2652 2269 laeiam,
2678 2222 2743 2261 ex
2773 2204 3039 2260 sententia
3069 2202 3346 2277 etjudicio

1758 2305 1920 2357 notius
1952 2302 2243 2357 venerandi
2277 2312 2451 2357 enatus
2479 2301 2568 2371 qui
2610 2300 2819 2364 aderat,
2876 2298 3198 2353 lieiiedietus
3248 2314 3343 2351 no-

1754 2405 1869 2451 ster
1893 2397 1960 2449 ab
1992 2397 2108 2464 ipso
2145 2395 2390 2450 ltoiuano
2416 2394 2668 2463 pontifice
2695 2391 3033 2447 benedicitur
3068 2401 3118 2445 ct
3153 2406 3346 2444 conse-

1755 2498 1961 2542 cratur.
1992 2486 2255 2555 Episcopo
2294 2500 2420 2539 vero
2470 2482 2870 2537 iutermiuando
2927 2481 3249 2551 imperatur.
3284 2480 3343 2536 ut

1755 2576 1956 2631 nullam
1991 2576 2245 2645 deinceps
2276 2568 2456 2629 abbati
2484 2590 2581 2629 seu
2619 2574 2781 2628 rebus
2813 2572 3126 2627 monasterii
3177 2568 3347 2628 mole;

1754 2670 1915 2721 stiam
1957 2666 2155 2721 inferre
2185 2666 2403 2730 audeat,
2434 2665 2567 2720 nihil
2596 2665 2697 2719 nisi
2728 2665 2871 2735 quod
2919 2662 3240 2719 canonicum
3288 2658 3345 2719 et

1756 2759 2004 2831 regulare
2033 2769 2117 2814 est
2148 2759 2272 2814 inde
2302 2759 2530 2813 ulterius
2568 2761 2772 2829 exigat,
2806 2761 2906 2813 nisi
2939 2758 3077 2812 forte
3108 2758 3176 2811 ab
3197 2742 3344 2811 ordi-Q

1755 2851 1843 2905 nis
1888 2851 1972 2906 sui
2013 2859 2158 2905 statu
2207 2851 2500 2920 periclitari
2544 2868 2649 2906 nun
2704 2852 2909 2906 timeat.
2944 2851 3045 2917 Qui
3098 2849 3345 2919 malignae

1753 2954 1867 2994 sua:
1906 2942 2106 2995 mentis
2161 2940 2388 2996 callidus
2433 2941 2820 3004 dissimulator,
2861 2941 3089 3012 benigne
3124 2941 3342 3009 quidem

1756 3043 1885 3089 tunc
1926 3035 2207 3103 respondit
2254 3044 2414 3104 prout
2470 3045 2642 3103 pater,
2684 3034 2934 3089 illaturus
2960 3033 3206 3103 plurima
3246 3033 3345 3085 ad-

1755 3143 1936 3196 versa,
1966 3142 2086 3199 qua:
2115 3128 2168 3182 in
2202 3143 2301 3184 suo
2356 3127 2607 3182 versabat
2661 3136 2905 3197 pectore;
2953 3141 3074 3196 qua:
3122 3140 3225 3181 nos
3274 3127 3342 3180 ad

46 3234 302 3289 tionabili
361 3191 427 3287 ξε
489 3191 799 3300 durrissimra,
831 3234 1004 3303 primo
1048 3233 1263 3302 quidem
1296 3241 1444 3287 tanto
1473 3232 1647 3289 furori
1675 3191 1721 3254 C
1756 3222 2036 3279 Benedicti
2069 3222 2346 3278 cumulum
2378 3221 2652 3291 patientiae
2682 3221 2735 3275 in
2788 3235 2966 3275 rerum
3024 3222 3346 3290 quandoque

41 3328 225 3382 locum
283 3328 426 3381 dare
476 3326 864 3392 delitescendo,
919 3336 972 3383 et
1025 3327 1287 3382 honorem
1325 3328 1648 3384 declinando

41 3421 391 3476 decreverat
429 3418 756 3474 humilitatis
780 3420 976 3491 gratia,
1012 3420 1108 3476 sed
1138 3421 1333 3478 iterum
1364 3432 1527 3490 atque
1550 3422 1655 3477 ite-

38 3528 159 3566 rum
201 3528 234 3566 a
263 3504 559 3571 fratribus,
589 3520 646 3565 ut
674 3519 991 3566 constanter
1015 3520 1222 3581 ageret,
1251 3522 1305 3567 et
1326 3527 1391 3568 ex
1418 3512 1650 3568 adverso

36 3602 363 3658 ascendens
404 3616 618 3656 murum
667 3616 765 3671 pro
790 3605 949 3658 domo
977 3601 1143 3659 Israel
1164 3612 1482 3674 opponeret,
1513 3619 1657 3667 neve,

33 3695 275 3750 irruenti
315 3694 453 3763 lupo
482 3694 544 3747 ac
592 3693 807 3748 diabolo
837 3694 1081 3760 cederet,
1108 3704 1275 3766 utque
1309 3697 1391 3750 sui
1423 3695 1649 3749 misere-

33 3796 192 3841 retur
257 3784 610 3851 admonitus,
675 3786 888 3841 tandem
934 3786 1024 3841 diu
1058 3788 1395 3857 multumque
1444 3788 1513 3844 ab
1543 3789 1648 3859 illis

27 3880 334 3951 fatigatus,
403 3885 461 3931 et
507 3878 709 3931 virtute
736 3881 1058 3934 constantiae
1096 3890 1150 3935 et
1184 3881 1507 3937 obedientize
1528 3886 1644 3939 aui-

27 3982 216 4027 matus
249 3969 501 4025 'viriliter
524 3970 693 4037 stetit,
718 3979 773 4024 et
799 3972 1088 4040 quemdam
1110 3972 1360 4043 fratrem,
1379 3975 1644 4034 Bosonem

22 4066 289 4129 nomine,
318 4063 423 4133 qui
450 4062 632 4118 sedem
664 4063 1016 4133 apostolicam
1055 4065 1308 4136 appellet,
1344 4065 1653 4125 Taurinum.

20 4159 216 4215 tnittit.
274 4156 393 4227 Qui
446 4152 600 4225 jussa
647 4154 1095 4227 perficiens,gvix
1151 4156 1309 4223 inter,
1337 4158 1565 4229 lapides,
1591 4171 1659 4215 et.

14 4247 272 4303 furentis
302 4244 508 4317 populi
541 4244 709 4299 fustes
733 4244 887 4299 vivus
912 4247 1105 4302 evasit.
1140 4245 1293 4305 Tunc
1322 4249 1645 4306 Benedictus

13 4340 216 4409 paucis
279 4352 495 4394 secum
548 4336 839 4405 assumptis
872 4335 1128 4392 fratribus
1158 4338 1385 4394 Romam
1418 4352 1645 4397 conten-

10 4434 109 4487 dit.
141 4433 336 4500 Quem
373 4427 674 4500 episcopus
717 4444 842 4483 cum
873 4444 970 4484 suo
1000 4431 1233 4500 quodam
1272 4434 1517 4490 exercitu
1539 4450 1641 4505 pro

6 4528 235 4585 viribus
263 4534 684 4597 persecuturus
709 4525 1073 4594 subsequitur.
1654 4588 1657 4591 Α

74 4624 135 4678 8.
207 4621 295 4675 Ab
356 4618 677 4672 Alexandro
736 4616 800 4671 ΙΙ
860 4619 1200 4674 benedicitur.
1240 4618 1379 4687 Quid
1460 4624 1653 4692 plura?

4 4714 66 4766 fit
146 4720 495 4769 conventus
560 4724 839 4764 sacrorum
901 4710 1213 4780 pontificum
1277 4722 1332 4768 et
1398 4716 1659 4772 cardina-

3 4786 137 4861 lium
206 4814 355 4860 ante
430 4803 693 4857 domnmn
747 4800 1144 4866 Alexandrum,
1201 4812 1325 4858 tunc
1393 4808 1657 4876 temporis

3 4896 352 4965 pontiﬁcem
451 4891 800 4954 Romanum,
855 4901 1019 4960 atque
1084 4890 1400 4963 Gregorium
1472 4897 1651 4951 archi-

4 4989 319 5042 Jiaconum
357 5025 374 5050 ,
448 4990 638 5051 postea
704 4981 1077 5049 apostolicum.
1142 4981 1382 5051 Iteplicat
1441 4988 1650 5055 episco-

4 5094 102 5145 pus
156 5076 465 5147 prazdicta
534 5070 798 5141 superbiae
872 5072 1080 5137 verba,
1140 5075 1311 5145 magis
1374 5076 1644 5134 rhetorica

4 5169 270 5224 ’acuntlia
322 5166 525 5221 fretus
570 5179 733 5233 qualn
767 5164 1009 5218 veritatis
1062 5179 1223 5219 causa
1252 5167 1533 5223 subnixus.
1563 5170 1646 5224 Ad

4 5263 155 5330 rujus
185 5260 541 5318 orationem
571 5270 726 5310 sacer
753 5255 1039 5325 pracsulum
1070 5266 1264 5324 enatus,
1307 5260 1647 5330 maximeque

3 5354 481 5410 ircliidiaconus
510 5340 825 5417 Gregorius,
859 5349 1208 5405 vehementer
1241 5352 1538 5407 admiratus
1567 5354 1645 5410 sic

4 5450 142 5502 alttr
175 5465 189 5501 :
237 5467 258 5498 ‹
284 5441 455 5511 Quid
493 5450 600 5506 est,
639 5441 927 5509 episcopc,
954 5443 1093 5511 quod
1136 5443 1404 5512 loqueris?
1432 5444 1526 5499 Ubi
1562 5456 1647 5501 est

11 5538 279 5608 apientia
313 5526 466 5591 tua?
515 5530 761 5584 Tuumne
792 5532 925 5585 dicis
949 5532 1218 5593 abbatem,
1256 5534 1439 5604 tuique
1478 5535 1642 5591 solius

3 5646 102 5682 ore
131 5623 342 5701 juris?
385 5624 523 5691 Qua
555 5623 897 5689 auctoritate,
928 5638 1134 5692 quaeso,
1163 5631 1256 5676 aut
1290 5639 1393 5692 qtta
1435 5626 1644 5682 ratione

4 5735 145 5774 unm
201 5713 495 5773 asseris?
538 5711 673 5766 Num
721 5716 991 5781 possessio
1030 5724 1116 5767 tua
1162 5722 1253 5767 aut
1304 5730 1491 5772 servus
1522 5726 1643 5773 tuus

4 5812 102 5866 st?
134 5805 311 5866 Itane
350 5798 536 5865 sacri
569 5794 804 5863 canones
830 5808 1009 5862 animo
1049 5809 1364 5865 exciderunt
1410 5812 1638 5869 tuo?‘.»\u

1671 4551 1723 4610 D

1751 3334 2015 3391 ponemus
2038 3316 2200 3373 serie.

1822 3432 1874 3486 9.
1921 3430 2075 3483 Ritus
2103 3428 2303 3482 alienos
2346 3427 2538 3497 rejicit.
2573 3426 2825 3496 Regulam
2863 3425 3113 3479 inculcat.
3146 3423 3349 3479 Pastoi

1752 3523 1830 3578 ris
1859 3522 2027 3593 igitur
2045 3528 2301 3591 suscepto
2347 3519 2631 3590 regimine,
2662 3526 2861 3586 quanta
2892 3516 3171 3587 vigilantia
3206 3517 3346 3571 illud

1752 3612 2233 3677 administraverit,
2267 3626 2430 3681 quam
2456 3618 2646 3666 sancte
2680 3616 2737 3663 et
2769 3608 3023 3679 reiiginse.
3053 3623 3173 3679 quae
3196 3610 3349 3679 justa’

1752 3713 1880 3760 sunt
1914 3704 2161 3760 faciendo
2187 3712 2243 3759 et
2277 3694 2521 3758 docendo
2578 3702 2793 3764 vixerit,
2839 3702 3089 3773 quamvis
3145 3706 3347 3757 nostra!

1752 3794 2026 3848 facultatis
2051 3808 2157 3848 non
2183 3794 2257 3849 sit
2280 3794 2551 3855 evolvere,
2576 3794 2760 3863 aliquo
2786 3800 2966 3848 tamen
2996 3809 3095 3864 pro
3127 3794 3349 3848 modulo'

1752 3896 1952 3942 nostrae
2003 3886 2242 3942 scientiae
2294 3888 2488 3942 amudo
2537 3886 2741 3942 referre
2772 3887 3151 3954 tentabimus,
3208 3888 3349 3942 sicutl

1750 3980 2048 4034 audivimus
2074 3988 2124 4034 et
2169 3979 2396 4034 vidimus
2424 3980 2479 4033 in
2511 3979 2719 4033 civitate
2740 3978 2835 4033 Dei
2866 3979 3053 4045 nostri,
3083 3979 3140 4032 in
3166 3984 3351 4033 muniti

1750 4082 1931 4125 sancto
1971 4087 2106 4140 ejus.
2139 4069 2313 4137 (Psal.
2363 4086 2529 4130 sunt.
2575 4070 2653 4140 9).
2710 4070 2950 4125 Primum
2998 4071 3191 4140 itaque
3215 4080 3349 4124 eunr

1750 4164 2302 4233 coguovissetquam
2333 4161 2614 4231 jplurimos
2666 4160 3101 4232 congregationis
3144 4160 3346 4214 tratres

1749 4254 2071 4323 quibusdam
2101 4253 2327 4308 novellis
2363 4252 2548 4308 usibus
2569 4261 2624 4307 et
2655 4251 2871 4323 Regulae
2900 4252 3193 4307 contrariis
3216 4252 3345 4321 gaui

1750 4349 1879 4402 dere
1920 4346 2371 4408 Institution-ibus,
2408 4353 2471 4398 ut
2497 4359 2658 4414 supra
2711 4343 2926 4398 ﬁrmam
2965 4344 3183 4399 Petram
3213 4343 3349 4398 aedis

1749 4433 1962 4499 ﬁcaret,
1989 4434 2141 4488 nisus
2169 4442 2253 4488 est
2294 4434 2436 4488 hanc
2474 4447 2695 4488 arenam
2740 4433 3081 4501 postmodum
3126 4431 3353 4487 nocitu-i

1751 4541 1866 4580 ram
1895 4516 2107 4581 eruere.
2138 4534 2199 4581 et-
2225 4541 2414 4596 agrum
2448 4526 2532 4580 bis
2566 4524 3169 4595 sentibusexpurgare.
3198 4523 3352 4579 «Νοοῖ

1756 4621 1879 4681 stis.
1912 4619 2123 4689 inquit,
2156 4618 2353 4673 fratres
2380 4629 2436 4673 et
2468 4618 2561 4673 filii
2607 4619 2712 4673 mei
2765 4618 3158 4683 amantissimis
3205 4630 3353 4688 quo-i

1753 4713 1915 4767 modo
1942 4728 2121 4768 sermo
2149 4711 2366 4767 divinus
2393 4727 2488 4766 eos
2510 4712 2781 4781 increpet,
2807 4712 2896 4781 qui
2944 4712 3210 4766 humanas
3246 4711 3323 4765 ad
3346 4728 3351 4745 ‘-

1753 4806 2097 4862 inventiones
2135 4806 2337 4860 divinis
2368 4803 2666 4875 prteferunt
2705 4805 2975 4861 mandatis
2998 4820 3061 4859 ac
3092 4803 3337 4873 judiciis.

1753 4898 1904 4954 Unde
1929 4899 2074 4953 canit
2112 4899 2373 4968 propheta
2401 4897 2846 4968 psalmographus
2874 4914 2888 4951 :
2912 4895 2980 4951 Et
3000 4896 3353 4951 irritarerune

1752 4991 1918 5045 Deum
1951 4993 2005 5046 in
2033 4993 2486 5046 adinveutionibns
2514 4993 2644 5057 suis,
2677 5002 2727 5045 et
2749 4992 2863 5045 ideo
2883 4990 3227 5056 multiplicata
3248 4998 3353 5043 λθειν

1749 5086 1802 5137 in
1826 5085 1899 5139 eis
1922 5085 2074 5139 ruina
2103 5082 2280 5154 (Psal.
2313 5084 2539 5151 cv,99);
2582 5093 2637 5139 et
2662 5083 2917 5138 ulciscens
2941 5090 3059 5137 erat
3082 5098 3137 5136 tu
3159 5097 3351 5135 omnes

1748 5175 2140 5230 adinventione:
2189 5192 2370 5230 eorum
2411 5175 2586 5248 (Ptol.
2627 5190 2814 5241 xcvnt,
2842 5174 3071 5245 8).-lpse
3119 5188 3355 5244 quoque:

1747 5265 2008 5322 Dominus
2037 5268 2089 5321 in
2122 5268 2458 5340 Evangelia:
2495 5268 2583 5323 Va:
2606 5270 2770 5332 nobis,
2804 5268 2901 5331 ait,
2934 5266 3217 5332 Pliarisa'i,
3243 5267 3336 5336 qui

1748 5358 2099 5429 dereliquistis
2125 5362 2381 5415 mandata
2412 5361 2509 5415 Dei
2536 5372 2748 5432 propter
2776 5362 3095 5416 traditiones
3114 5371 3330 5424 vestras,

1746 5450 1967 5520 (Matth.
1993 5467 2074 5516 ttt,
2107 5453 2183 5519 6);
2207 5464 2261 5509 et
2293 5452 2489 5507 Paulus
2530 5470 2545 5507 :
2591 5452 2695 5518 Qui
2737 5454 3031 5508 deserentes
3072 5454 3353 5513 iustitiam'

1747 5540 1887 5606 Dei,
1943 5552 1991 5596 et
2038 5560 2189 5597 suam
2232 5543 2455 5613 caietae:
2507 5554 2758 5607 statuere,
2809 5545 3036 5613 justititv
3083 5544 3179 5599 Dei
3226 5560 3354 5605 non'

1744 5641 1863 5685 sunt
1925 5632 2162 5701 subjecti.
2230 5632 2403 5702 (liam.
2461 5649 2524 5700 Χ,
2572 5634 2649 5703 ⁵5).
2706 5634 2944 5706 Itemque
3002 5635 3326 5703 Scriptura:

1745 5721 1871 5778 Sine
1903 5743 2084 5791 causa,
2110 5725 2209 5791 ait,
2239 5726 2414 5791 colunt
2459 5744 2537 5781 me
2575 5727 2840 5783 mandatis
2879 5738 2926 5781 et
2954 5728 3208 5782 doctrinis
3233 5727 3331 5780 Ito-

1746 5818 1942 5870 minum
1976 5816 2111 5891 (Im.
2148 5834 2297 5883 XXIX,
2332 5819 2436 5887 l5).
2480 5819 2838 5889 Quamobrem
2896 5820 3087 5879 bottor
3133 5817 3327 5873 frater-1
