3836 6320
531 268 684 382 ἥρων

1644 280 1988 339 ινιιιεωιι
2028 278 2392 339 CLUSIENS.
2433 279 2737 340 MONACH.
3578 294 3659 353 ιω

536 398 770 454 nitatem
792 402 1058 463 vestram,
1089 402 1151 452 ut
1191 393 1508 467 postpositis
1552 393 1882 467 quibusdam
1932 410 2124 465 super-
2153 394 2201 452 Α
2226 391 2406 464 piouis
2444 393 2790 449 collationem
2834 391 2902 451 de
2930 400 3062 451 octo
3092 394 3236 451 vitiis
3263 395 3572 469 principalibus
3596 408 3663 460 es.

536 489 850 547 stitiouibus
874 499 930 545 et
981 490 1233 545 humanis
1281 489 1571 553 institutis,
1601 504 1722 558 quae
1749 488 1815 542 ad
1848 502 1960 542 rem
2013 503 2122 542 non

536 581 833 653 pertinent,
859 590 916 634 et
943 596 972 633 a
1003 594 1126 635 vera
1157 579 1415 651 religione
1441 577 1978 649 abhorrent,Regula2
1994 594 2124 634 san-

536 671 612 728 eti
649 671 820 739 patris
860 671 1030 724 nostri
1083 669 1358 726 Benedicti
1418 669 1646 733 studiis,
1688 668 1739 722 in
1789 684 1895 736 qua
1946 668 2125 723 omnis

534 760 847 832 evangelica
874 770 926 816 et
952 760 1244 829 apostolica
1274 759 1534 831 perfectio
1556 766 1786 823 constat,
1803 761 2039 815 auitnum
2057 758 2124 813 ad

536 868 732 927 purum
764 852 1074 910 intendatis.
1106 852 1291 923 Neque
1313 854 1460 908 enim
1495 868 1594 921 ego
1645 867 1675 906 a
1717 851 1961 907 Romano
1991 866 2127 920 pon-

538 947 688 1002 titice
726 955 1111 1001 consecratore
1132 959 1253 1000 meo
1268 944 1412 999 aliud
1442 944 1543 998 nisi
1572 943 1815 998 eamdem
1842 941 2121 1012 Regulam,

538 1054 704 1111 quam
733 1038 1083 1108 praedicarem
1135 1037 1345 1108 suscepi
1389 1037 1441 1091 in
1493 1036 1782 1101 manibus;
1838 1049 1938 1089 nec
1993 1034 2123 1088 mihi

539 1140 876 1201 praeceptum
927 1131 1170 1197 memini,
1204 1139 1261 1185 ut
1298 1131 1538 1186 diversos
1568 1130 1817 1184 docerem
1850 1138 1906 1184 et
1950 1138 2124 1183 secta-

539 1236 630 1275 rer
662 1222 1113 1275 monasteriorum
1167 1237 1316 1276 usus.
1371 1222 1427 1276 lu
1467 1222 1654 1277 eadem
1692 1236 1905 1291 quoque
1942 1221 2124 1292 regula

539 1313 626 1386 (3.
657 1312 928 1368 Benedicti
953 1313 1166 1385 Regula:
1188 1330 1238 1369 c.
1264 1313 1352 1384 61)
1384 1314 1543 1369 audio
1576 1314 1703 1368 mihi
1735 1313 1982 1369 eumdem
2030 1314 2127 1368 Pa-

540 1417 679 1461 trem
709 1415 764 1461 et
789 1407 978 1463 ducem
1015 1409 1374 1473 intonantem,
1421 1417 1475 1461 et
1522 1409 1917 1477 quodammodo
1959 1406 2124 1462 incul—

539 1508 789 1567 cantem,
841 1510 899 1557 et
940 1502 1209 1573 praecipue
1260 1512 1320 1556 ut
1370 1510 1691 1572 praesentem
1746 1501 2003 1571 Regulam
2067 1500 2125 1556 in

536 1592 791 1649 omnibus
825 1608 1162 1652 conservcm.
1191 1594 1257 1649 Et
1290 1594 1413 1650 alibi
1446 1595 1581 1666 (Id.,
1610 1610 1661 1650 c.
1698 1593 1753 1665 ὅ)
1784 1594 1938 1663 quasi
1970 1609 2123 1649 com-

538 1685 795 1742 minando
824 1683 988 1741 infert
1017 1704 1031 1739 :
1070 1686 1124 1740 In
1156 1686 1408 1742 onmibus
1444 1686 1611 1755 igitur
1668 1683 1986 1755 magistram
2041 1699 2125 1739 sc-

538 1883 835 1939 quoquam.
867 1867 1000 1923 Nam
1032 1870 1076 1924 si
1124 1864 1259 1937 ’quid
1313 1869 1529 1924 videtur
1572 1869 1624 1923 in
1672 1868 1874 1938 Regula
1914 1869 2121 1937 deesse,

538 1969 632 2014 aut
657 1962 835 2016 minus
863 1962 1085 2027 dictum,
1120 1962 1408 2031 unicuique
1461 1961 1642 2017 abbati
1672 1960 1897 2033 iubetur
1927 1970 2127 2033 tempe-

537 2053 708 2107 rando
733 2053 1108 2123 complendum
1155 2062 1315 2123 atque
1357 2054 1739 2121 ordinandum,
1778 2070 1901 2110 cum
1951 2055 2017 2109 ab
2059 2072 2125 2110 eo

538 2141 737 2197 dicitur
758 2140 894 2210 (Id.,
916 2158 975 2198 c.
992 2143 1081 2215 65)
1113 2162 1129 2197 :
1163 2160 1260 2199 nos
1289 2153 1467 2200 autem
1509 2144 1875 2216 providemus,
1904 2156 2125 2217 propter

494 2231 691 2303 vpacis
718 2232 1113 2304 charitatisque
1165 2234 1491 2300 custodiam,
1548 2235 1602 2289 in
1653 2236 1867 2293 abbatis
1889 2237 2124 2313 pendere

536 2325 769 2381 arbitrio
793 2326 1190 2381 ordinationem
1246 2327 1559 2381 monasterii
1602 2328 1724 2394 sui;
1770 2329 1914 2399 quod
1958 2330 2122 2385 etiam

538 2414 701 2472 facile
737 2425 823 2473 est
881 2417 933 2473 in
988 2418 1257 2487 plerisque
1317 2418 1556 2487 ejusdem
1611 2418 1827 2492 Regulae
1873 2422 2126 2493 capitulis

537 2509 992 2567 animadvertere.
1027 2511 1141 2566 Non
1182 2521 1267 2567 est
1297 2526 1425 2583 ergo
1457 2529 1679 2569 necesse
1731 2515 1784 2569 in
1820 2515 2124 2570 scribendis

542 2602 838 2657 multorum
893 2604 1346 2659 monasteriorum
1386 2605 1891 2674 consuetudinibus,
1919 2607 2123 2677 Regula

540 2709 704 2763 quam
731 2696 961 2766 quisque
988 2695 1267 2766 professus
1298 2707 1382 2754 est
1422 2698 1688 2769 neglecta.
1720 2697 1948 2753 multum
1975 2698 2128 2754 insu-

538 2788 692 2841 dare.
722 2786 798 2843 De
826 2787 927 2843 hac
955 2788 1153 2859 quippe
1179 2790 1443 2860 scriptum
1474 2799 1651 2861 potest
1693 2790 1917 2861 intelligi
1950 2808 1965 2844 :
1999 2790 2125 2846 Haec

538 2879 626 2935 via
652 2920 667 2945 ,
707 2880 982 2935 ambulate
1021 2881 1073 2935 in
1109 2897 1193 2937 ea.
1245 2882 1360 2938 Non
1420 2883 1706 2938 declinetis
1746 2883 1814 2939 ab
1832 2899 1919 2952 ea,
1951 2898 2126 2954 neque

535 2971 605 3026 ad
637 2972 940 3039 dexteram,
975 2989 1151 3044 neque
1201 2974 1271 3030 ad
1304 2975 1580 3031 sinistram
1610 2976 1788 3045 (Deut.
1825 2992 1904 3045 v.,
1935 2977 2050 3048 52).

610 3086 702 3142 10.
741 3088 1168 3199 ξιιιιεηακιεὲὺι
1210 3090 1502 3199 prioratus”
1526 3090 1967 3199 abl-egataNoves
1998 3094 2126 3148 tiro-
2152 3123 2198 3185 ο
2234 3146 2300 3199 mi

545 3200 637 3239 nes
668 3194 724 3240 ut
749 3186 1020 3257 informat.
1047 3188 1211 3248 Dixit.
1238 3198 1294 3245 et
1320 3205 1350 3245 a
1392 3191 1713 3261 quibusdam
1762 3192 1861 3262 ipsi
1906 3193 2126 3265 Regula:

535 3283 771 3355 adjectis
809 3296 864 3342 et
896 3303 1051 3358 qua5t
1101 3291 1421 3361 superfluis,
1475 3296 1527 3348 in
1580 3303 1725 3350 vnctu
1778 3295 2031 3352 videlicet
2072 3307 2128 3354 et

538 3393 759 3458 vestitu,
789 3408 854 3451 ac
900 3394 1075 3463 lectis,
1105 3397 1484 3454 abstinendum
1512 3410 1568 3456 et
1594 3403 1811 3471 parcius
1857 3405 2124 3476 agendum

538 3486 840 3543 mandavit.
864 3486 995 3556 Qua
1016 3505 1140 3545 cum
1166 3493 1488 3561 quihusdam
1516 3494 1649 3549 dura
1676 3507 1732 3551 et
1764 3498 2125 3568 imporlabilia

536 3577 869 3647 viderentur,
895 3596 961 3636 eo
973 3584 1115 3652 quod
1145 3583 1197 3637 in
1236 3593 1415 3640 mente
1437 3587 1607 3641 veteri
1637 3600 1960 3660 cogerentur
1987 3608 2125 3649 nova

540 3669 817 3736 meditari,
851 3688 955 3727 non
991 3682 1168 3731 tamen
1192 3690 1285 3731 eos
1312 3678 1626 3733 omnimodo
1655 3691 1975 3748 aspernatus
2020 3693 2126 3752 est,

539 3759 634 3813 sed
670 3775 880 3830 paucis,
903 3764 1100 3832 quibus
1129 3763 1229 3818 ista
1254 3766 1594 3823 observanda
1635 3770 1921 3840 placebant
1940 3788 2124 3828 secum

541 3854 801 3918 retentis,
830 3854 1067 3925 reliquos
1094 3856 1145 3910 in
1182 3856 1335 3912 cellis
1378 3873 1497 3915 esse
1527 3863 1804 3931 praecepit.
1861 3863 2127 3933 Opinatus

540 3960 736 4015 nempe
754 3956 837 4002 est
864 3960 959 4003 eos
994 3948 1284 4019 aliquando
1331 3952 1649 4021 resipiscere
1696 3965 1752 4009 et
1798 3954 2127 4015 salutaribus

542 4035 808 4093 institutis
861 4039 1216 4097 diuturnitate
1250 4044 1462 4101 consilii
1494 4045 1799 4102 assuefleri.
1850 4048 1985 4118 ipsis
2032 4065 2128 4107 au-

543 4136 654 4183 tem
686 4128 738 4183 in
767 4130 930 4185 noxio
956 4140 1197 4204 tempore
1213 4137 1710 4205 perseverantibus,
1736 4146 1791 4192 et
1810 4140 1953 4209 quod
1975 4142 2126 4212 prius

540 4227 754 4276 tantum
778 4221 1083 4280 didicerant
1124 4236 1528 4283 sacrosanctum
1567 4225 1957 4297 iudicantibus,
1995 4235 2123 4289 dum

543 4327 665 4369 sese
716 4313 929 4371 invitati
973 4317 1041 4371 ad
1081 4333 1292 4375 coenam
1344 4320 1677 4376 Dominicam
1724 4322 2126 4391 quodammodo

539 4416 807 4463 conantur
835 4425 1121 4477 excusare,
1148 4413 1340 4469 statuit
1365 4414 1637 4484 quoslibet
1652 4416 1847 4472 divites
1867 4431 1960 4472 seu
1991 4432 2125 4488 pau-

2226 483 2381 557 gulos
2419 486 2674 557 scriptam
2699 469 2897 542 habere
2928 495 2985 542 et
3019 487 3218 542 imitari
3246 490 3455 560 cogebat.

2299 575 2385 630 Η.
2410 575 2554 649 Erga
2580 577 2882 647 conﬁtentes
2909 590 2964 632 ut
2993 596 3051 634 se
3065 581 3215 650 gerit.
3243 578 3349 647 Quo
3369 586 3494 638 modo
3510 587 3581 652 ipse
3596 592 3670 643 ddi-

2225 676 2309 720 cla
2351 684 2448 721 sua
2504 669 2756 738 expiaret.
2807 670 2917 725 Cen
2935 670 3107 726 fitenti
3147 672 3352 742 aliquod
3396 674 3557 732 facinus
3584 689 3671 736 tanta

2226 756 2419 813 affectu
2448 769 2502 814 et
2532 775 2636 815 non
2668 761 2784 836 sine
2812 761 2939 818 ﬂetu
2980 764 3441 830 condescendebat,
3480 784 3526 821 ac
3546 772 3576 822 si
3611 774 3671 841 ipe

2182 900 2185 901 ν
2230 848 2473 917 ejusdem
2497 851 2746 907 criminis
2775 854 3049 924 particeps
3073 866 3245 920 esset;
3282 858 3361 911 cui
3386 859 3529 911 statim
3547 874 3673 928 proca-

2229 956 2430 995 nonum
2459 943 2783 1000 auctoritate
2810 947 3144 1013 poenitentim
3180 947 3347 1019 legem
3375 947 3596 1005 indicebat.
3614 952 3673 1007 Ne:

2228 1033 2395 1087 multa
2426 1044 2567 1103 post,
2596 1035 2639 1090 si
2672 1048 3080 1107 compunctum,
3115 1040 3161 1093 si
3193 1039 3432 1094 humilem
3455 1050 3498 1095 et
3512 1046 3674 1111 quietum,

2228 1132 2283 1177 et
2314 1123 2542 1179 verbera
2580 1125 2791 1181 Domini
2842 1137 3161 1183 trementem
3194 1130 3490 1201 explorando
3530 1136 3677 1189 animi-

2227 1222 2499 1279 vertcret,
2533 1223 2831 1285 temperata
2882 1226 2938 1271 et
2985 1218 3192 1272 indulta
3237 1234 3450 1274 censura
3486 1238 3677 1289 canonum,

2227 1307 2398 1361 sacris
2434 1306 2694 1363 altaribus
2729 1309 3144 1379 reconciliabat,
3175 1312 3250 1366 ita
3282 1320 3444 1367 tamen
3497 1324 3539 1368 ut
3555 1330 3679 1372 memor

2227 1397 2309 1453 sui
2341 1397 2523 1453 delicti
2557 1416 2832 1469 nunquam
2858 1401 3166 1475 plangendo
3192 1404 3321 1459 ﬂere
3344 1406 3582 1461 desisteret.
3599 1409 3681 1463 Vidi.

2228 1503 2348 1544 mus
2402 1487 2627 1544 fratrem
2669 1490 2939 1562 fragilem,
2979 1502 3035 1547 et
3077 1504 3301 1565 peracta
3331 1496 3680 1566 pmnitentialabi-

2227 1579 2333 1636 lem
2364 1570 2418 1636 et
2451 1599 2680 1657 pronum
2725 1585 2777 1639 in
2824 1585 3076 1651 crimine,
3110 1602 3283 1656 quem
3308 1596 3363 1641 ut
3388 1587 3571 1643 animam
3592 1605 3679 1644 sua

3762 0 3767 309 Ι

2228 1687 2327 1744 pro
2354 1689 2453 1729 ove
2475 1684 2733 1746 poneret,
2769 1677 2823 1731 in
2855 1676 3139 1734 ecclesiam
3182 1678 3333 1736 Beati
3366 1678 3681 1750 Benedictus:
3770 1672 3771 1679 “

538 1786 780 1848 quantur
803 1775 1087 1849 ltegulam,
1119 1793 1294 1846 neque
1315 1778 1382 1833 ab
1409 1793 1471 1833 ea
1530 1788 1733 1835 temere
1769 1776 2067 1835 declinetur
2094 1792 2123 1831 a
2155 1769 2199 1830 Β
2230 1763 2497 1819 εθετθῑίοτ
2528 1773 2635 1831 θδῑν
2690 1782 2875 1823 Secum
2914 1767 3091 1833 άυιίι»
3129 1768 3318 1839 ibique
3366 1770 3536 1841 ³¹ίιί¹¹⁰ι
3572 1771 3680 1823 diem

2228 1869 2349 1909 cum
2380 1870 2445 1910 eo
2474 1858 2679 1927 pariter
2728 1867 3013 1914 contentus
3056 1874 3200 1929 pane
3251 1870 3305 1916 et
3333 1876 3456 1933 aqua
3480 1861 3681 1932 ieiunantis,

2226 1945 2547 2003 Psalterium
2586 1950 2782 2006 devote
2813 1966 2921 2006 non
2963 1949 3080 2005 sine
3109 1950 3353 2019 fletibus,
3374 1963 3423 2009 et
3448 1969 3522 2024 per
3540 1952 3683 2021 singulis

2225 2055 2414 2096 versus
2448 2041 2679 2098 invicem
2728 2042 2915 2116 ﬂagris
2961 2044 3192 2102 affectus
3226 2044 3515 2117 complerit,
3549 2043 3682 2099 oblati:-

2226 2150 2458 2205 nemque
2511 2151 2609 2207 pro
2649 2140 2888 2209 peccatis
2945 2139 3087 2196 illius
3118 2142 3340 2196 demum
3370 2138 3550 2203 obtulit,
3578 2150 3612 2191 et
3639 2138 3681 2190 sit

2225 2243 2321 2297 per
2368 2228 2460 2283 Dei
2494 2231 2725 2301 gratiam
2770 2230 2926 2287 fratri
2958 2248 3061 2287 non
3097 2232 3277 2289 solum
3325 2232 3483 2288 delicti
3525 2229 3683 2302 patenti

2226 2318 2619 2395 indulgentiam
2669 2324 2941 2391 obtinuit,
2987 2326 3078 2381 sed
3106 2326 3280 2400 (quod
3320 2326 3474 2381 satius
3513 2321 3679 2389 came

2226 2423 2373 2467 ctum
2401 2422 2458 2468 et
2480 2414 2815 2471 voluntatem
2852 2417 3111 2493 peccandi
3154 2418 3378 2473 ademit.
3409 2415 3683 2481 Excessitsipst

2227 2518 2356 2559 suos
2384 2506 2647 2561 lratribus
2673 2507 3064 2577 spiritualibns,
3113 2520 3208 2564 aut
3241 2510 3376 2563 bene
3398 2509 3517 2562 uotis
3535 2507 3603 2561 sibi
3624 2510 3683 2572 qi:-

2226 2598 2406 2666 sc0pis
2437 2614 2500 2653 ac
2525 2600 3138 2661 sacerdotibusliomam
3165 2600 3512 2679 pergentibus,
3532 2598 3684 2665 frequen-

2228 2688 2438 2744 tissime
2473 2690 2622 2745 humi
2652 2701 2960 2761 prostratus
3012 2691 3402 2756 confitebatur;
3437 2700 3482 2744 et
3501 2688 3686 2767 eorumis-

2227 2780 2369 2836 dicio
2417 2781 2887 2853 eleemosyuarum
2939 2782 3326 2852 largitionibus
3380 2781 3685 2841 diluebat,cut
3772 2780 3773 2833 ἓ

2229 2871 2342 2941 ipse
2374 2872 2592 2942 proprio
2637 2873 2955 2943 corpusculo
2998 2875 3338 2930 creberrime
3375 2874 3504 2928 duris
3544 2871 3628 2924 loris
3652 2881 3688 2919 tt
3772 2860 3773 2875 ³

2183 3003 2190 3012 .
2228 2961 2450 3016 nodosis
2488 2978 2659 3027 ttsque
2686 2962 2752 3016 ad
2777 2964 3091 3033 sanguinem
3128 2982 3238 3019 non
3266 2972 3510 3037 parceret.

2305 3055 2391 3107 l2.
2419 3053 2687 3109 Exercilia
2721 3055 2859 3129 ejus.
2894 3053 3090 3109 Tribus
3113 3072 3213 3126 per
3237 3072 3430 3110 annum
3457 3046 3688 3124 quadrageni

2309 3145 2467 3217 s[ms.
2488 3145 2796 3220 quadrinis]
2824 3155 2991 3201 totum
3015 3162 3216 3218 corpus
3240 3162 3407 3217 usque
3429 3147 3485 3199 ad
3502 3139 3688 3213 petlescili-

2232 3239 2315 3292 cio
2350 3238 2610 3303 ambibat,
2636 3238 2857 3308 jejuniis
2884 3242 3191 3295 edomahat.
3232 3240 3458 3295 Vestitus
3474 3235 3582 3292 omni
3605 3246 3682 3283 teat-

2232 3340 2365 3396 pore
2398 3327 2606 3380 cuculla
2635 3336 2690 3381 et
2724 3330 2902 3382 tunica
2949 3338 3004 3382 et
3046 3328 3184 3383 duro
3216 3328 3425 3401 cingulo
3447 3325 3689 3396 super-citata.

2228 3416 2371 3471 velut
2412 3417 2464 3471 in
2500 3416 2620 3471 acie
2649 3419 2879 3487 positus,
2906 3427 3064 3473 nocte
3092 3419 3422 3474 dormiebat.
3448 3410 3691 3484 Corporisiﬁ'

2229 3506 2581 3563 firmitatibus
2624 3508 2797 3578 magis
2846 3510 3153 3563 orationum
3206 3525 3273 3565 ac
3317 3499 3692 3580 jejunioruntauli-

2230 3599 2378 3666 doto,
2429 3616 2590 3669 quam
2650 3599 2887 3655 carnalis
2931 3600 3216 3654 medicinae
3261 3599 3439 3670 aliquo
3484 3592 3691 3650 medebatur

2228 3694 2543 3759 electuario,
2578 3695 2783 3750 ducens
2807 3695 3083 3766 indignum
3115 3695 3431 3765 cujusquam
3460 3703 3604 3758 corpus
3622 3680 3694 3735 Gal-

2229 3783 2357 3841 lieni
2414 3787 2709 3842 observare
2754 3789 3102 3853 catarticum,
3160 3789 3306 3858 quod
3358 3791 3691 3843 sacramentonm

2229 3877 2409 3947 potius
2435 3877 2589 3934 decet
2614 3893 2734 3935 esse
2760 3880 3060 3934 vasculum.
3085 3879 3363 3952 Sanguine
3395 3892 3503 3933 vero
3540 3874 3692 3928 minutus

2230 3966 2465 4024 lectione
2514 3970 2733 4024 assidua
2777 3986 2966 4026 carere
3010 3986 3120 4025 non
3168 3981 3401 4042 poterat.
3444 3961 3693 4023 Peculiiritrs

2236 4058 2582 4114 orationibus
2633 4061 2705 4114 ita
2736 4074 2956 4135 operam
2988 4048 3172 4126 dabat,
3202 4072 3260 4115 ut
3286 4076 3406 4116 raro
3435 4056 3696 4125 unquam?”

2231 4151 2546 4217 matutinos,
2580 4151 2662 4207 vel
2698 4152 2862 4208 etiam
2907 4153 2960 4208 in
2992 4162 3205 4219 testate,
3238 4153 3448 4224 quando
3480 4145 3696 4210 ocdlisin'

2233 4249 2317 4297 lus
2340 4258 2504 4313 sopor
2530 4243 2667 4299 solet
2688 4244 3134 4315 irrepere,quieti
3165 4246 3483 4317 indulgeret;
3505 4240 3575 4295 sed
3591 4230 3696 4327 οωρίξ

2230 4337 2456 4391 oratorii
2485 4336 2757 4393 circuiens
2809 4337 3025 4403 altaria,
3066 4340 3357 4407 quaesitum
3386 4330 3609 4391 nocturnis
3627 4324 3698 4391 *τέ’

2228 4427 2315 4483 liis
2339 4428 2536 4484 mentis
2569 4429 2805 4500 vigorem
2830 4444 2894 4484 ac
2942 4431 3240 4500 puritatem
3277 4430 3509 4487 studebat
3524 4415 3698 4480 custodiit

539 4512 700 4568 peres
729 4501 1001 4575 colligere,
1057 4507 1398 4576 maximeque
1441 4522 1639 4577 pueros
1690 4510 1949 4566 nobilium
1985 4511 2122 4567 filios
2152 4536 2204 4596 υ
2232 4530 2289 4575 et
2311 4534 2534 4592 augere,
2560 4522 2755 4592 spiritu
2803 4538 3006 4578 canens
3052 4525 3105 4577 in
3145 4525 3410 4581 matutino
3453 4510 3698 4578 interadd:at

539 4590 808 4660 enutrirc,
839 4603 899 4648 ut
940 4594 1209 4661 iacturam
1243 4597 1471 4668 legionis
1505 4601 1904 4669 quodammodo
1962 4602 2125 4657 dimi-

541 4691 708 4747 nutas,
757 4699 855 4739 ceu
903 4686 1074 4741 bonus
1124 4689 1260 4754 dux,
1293 4705 1433 4747 novo
1469 4691 1637 4747 milite
1687 4692 2034 4761 instauraret,
2071 4703 2121 4751 et

543 4776 758 4845 novello
820 4780 1136 4850 recentique
1189 4783 1445 4854 juvenum
1523 4786 1774 4842 examine
1842 4788 2123 4843 inventum

540 4882 724 4938 ovium
747 4898 1033 4939 numerum
1065 4900 1170 4939 non
1200 4887 1358 4941 modo
1386 4887 1683 4958 supplendo
1710 4884 2124 4959 redintegraret,

538 4987 729 5030 verum
763 4976 927 5031 etiam
967 4978 1213 5049 augendo
1244 4979 1649 5051 multiplicaret.
1685 4980 1863 5052 lisque
1893 4980 2129 5050 denique

539 5062 920 5136 informandis,
957 5078 1013 5124 et
1039 5069 1107 5124 ad
1140 5069 1362 5125 meliora
1389 5071 1752 5142 provehendis
1791 5072 2011 5128 sedulus
2040 5073 2126 5127 iu-

538 5160 720 5214 stabat
749 5162 1112 5230 praedicando,
1140 5162 1369 5236 legendo
1396 5172 1452 5221 et
1500 5165 1725 5229 orando,
1778 5178 1913 5235 opus
1959 5165 2129 5235 quod-

540 5249 710 5316 libet,
742 5267 810 5307 ne
839 5268 939 5323 per
985 5255 1154 5310 otium
1206 5265 1507 5327 torperent,
1563 5257 1888 5323 exercendo,
1937 5258 2127 5328 dignas

537 5339 667 5397 boni
702 5343 936 5410 pastoris
954 5345 1212 5402 excubias
1255 5345 1405 5419 gregi
1450 5361 1550 5402 suo
1587 5346 1872 5402 exhibens.
1907 5344 2125 5401 Duode-

541 5433 650 5489 cim
688 5435 989 5502 praesertim
1040 5438 1240 5508 gradus
1273 5438 1598 5494 humilitatis
1648 5446 1709 5491 ut
1755 5437 2125 5508 unusquisque

541 5525 822 5581 memoriae
847 5531 1255 5586 commendaret
1280 5530 1667 5601 persuadebat,
1707 5531 1893 5588 dicens
1921 5531 2121 5588 ibidem

548 5616 813 5673 virtutum
838 5634 1105 5678 summam
1131 5634 1405 5692 constare,
1427 5628 1572 5682 unde
1610 5626 1733 5697 quis
1776 5624 1934 5681 facile
1958 5636 2125 5698 queat

543 5705 1011 5779 adcelsitudinem
1051 5714 1321 5773 cmlestem
1363 5720 1645 5777 scandere.
1715 5716 1902 5775 Sancti
1955 5718 2121 5776 Sera-

2232 4629 2421 4670 omnes
2448 4623 2762 4685 peccatores
2787 4625 2964 4672 terrae.
2985 4616 3118 4673 l’ost
3137 4618 3525 4689 completorium
3542 4622 3630 4664 rem
3649 4602 3697 4653 ιὲε

2232 4706 2442 4761 solebat
2463 4721 2624 4763 orare
2660 4716 2717 4764 et
2746 4710 2927 4780 legere
2968 4708 3197 4764 dicendo
3228 4726 3243 4761 :
3284 4705 3342 4761 Si
3362 4707 3526 4760 dedero
3547 4704 3699 4753 solum

2233 4799 2399 4853 oculis
2440 4802 2568 4855 meis
2595 4810 2641 4855 et
2671 4800 2973 4871 palperibus
3019 4802 3147 4855 meis
3178 4800 3578 4855 dormitatiom‘ut,
3602 4790 3697 4839 4⁸⁸⁸

2233 4890 2493 4945 inveniam
2519 4890 2694 4946 locum
2722 4892 2948 4948 Domino
3002 4890 3174 4964 (Psal.
3203 4906 3386 4956 cxxxt,
3422 4889 3489 4957 ‘J-
3511 4885 3609 4940 Cum

2233 4978 2341 5036 huc
2376 4995 2553 5035 essem
2600 4981 2861 5037 imberbis
2932 4990 2987 5037 et
3039 4979 3358 5038 adolescens
3408 4974 3697 5047 sequerere!as

2233 5086 2356 5128 cum
2386 5072 2605 5127 lucerna
2634 5072 3149 5146 vestigia,lab0rem
3178 5083 3383 5131 tantum
3407 5068 3640 5128 orationi!
3661 5066 3697 5105 εί

2231 5164 2540 5236 vigiliarum
2570 5166 2691 5236 ejus
2709 5176 2928 5238 propter
2961 5167 3232 5223 infirmam
3284 5179 3483 5224 aetatem
3523 5167 3624 5215 iam
3642 5162 3695 5201 κ’

2230 5259 2471 5327 quibam.
2494 5259 2649 5315 Illum
2689 5269 2872 5317 tamen
2900 5260 3204 5319 indefessos
3249 5261 3498 5332 singultus
3520 5262 3564 5309 et
3592 5256 3695 5309 5W

2234 5350 2309 5404 ria
2342 5352 2449 5407 imo
2478 5351 2646 5407 latere
2676 5353 2840 5424 petita
2900 5355 3153 5410 emittere
3197 5354 3483 5409 audiebam.
3531 5339 3695 5411 0'13"

2232 5458 2394 5512 quam
2426 5459 2614 5499 senum
2651 5455 2745 5499 aut
2781 5443 3041 5514 juvenum
3105 5456 3211 5501 tam
3251 5444 3456 5499 fervens
3489 5435 3569 5491 fuit
3599 5432 3695 5514 alii“

2235 5532 2487 5588 robustus
2515 5533 2569 5589 in
2599 5512 2877 5606 religione,
2901 5549 3063 5606 quem
3093 5536 3139 5590 si
3164 5549 3343 5592 secum
3374 5521 3621 5601 aliquandi!
3640 5512 3695 5611 {1*

2234 5634 2401 5693 ceret,
2429 5624 2827 5696 quodammodo
2855 5624 3053 5679 vietum
3094 5634 3149 5680 et
3185 5624 3487 5680 exhaustum

2234 5716 2639 5775 tualicxercitio
2663 5733 2768 5777 non
2799 5717 3086 5777 redderet?
3112 5716 3362 5774 Oratoria
3392 5697 3647 5767 ιιιοιιοςιετίιι
3664 5696 3695 5738 ά
