3836 6320
80 317 207 379 tua
607 341 618 350 -

1172 319 1357 378 'VITA
1400 315 1770 377 BENEDICTI
1806 319 1961 379 ABB.
1992 316 2203 379 CLUS.’

3190 316 3345 384 1870

79 437 373 497 necessaria
416 444 643 509 qumque
670 422 931 495 fratribus
955 433 1263 493 habitacula
1290 438 1561 495 aedificare
1588 445 1645 495 et
1672 439 1722 502 Α
1751 434 2092 495 terminando
2115 478 2132 506 ,
2186 434 2667 508 processionesque
2712 432 3072 507 protrahenda
3097 477 3112 503 ,
3162 445 3221 496 ut
3268 440 3338 497 ad

77 530 393 603 amplificare
443 532 781 586 decreverat.
816 528 1084 603 Ad‘quod
1135 543 1269 601 Opus
1326 530 1651 601 frequentis-

78 625 223 689 sime,
277 632 540 692 sequente
592 623 821 677 fratrum
865 632 921 678 et
950 621 1210 692 juvenum
1248 633 1485 690 caterVa,
1526 640 1649 680 cum

75 713 278 770 silentio
301 713 582 783 psallendo
609 714 833 769 incurvo
854 717 1016 771 dorso
1045 730 1151 770 non
1184 713 1300 770 sine
1336 716 1535 772 sudore
1570 714 1648 771 la-

74 805 220 875 pides
238 815 292 859 et
321 816 582 861 emnnenta
631 805 862 861 ferebat.
904 805 1072 861 Nemo
1116 807 1404 877 aliquando
1453 809 1646 864 ducum

74 905 159 951 aut
194 897 430 953 militum
459 906 667 953 tantum
700 899 962 970 gloriatus
983 909 1067 958 est
1098 902 1151 957 in
1187 902 1449 975 speciosis
1485 904 1651 959 armis

72 998 119 1043 et
146 988 374 1045 fortibus
397 993 575 1061 equis,
610 1004 873 1063 quantum
907 997 1023 1068 ipse
1069 996 1337 1067 gaudebat
1386 995 1650 1052 librorum

71 1081 240 1149 copia,
273 1081 671 1140 immortalibus
696 1094 880 1157 utpote
906 1089 1102 1144 animas
1133 1088 1428 1156 thesauris,
1455 1087 1649 1158 quibus

73 1173 367 1229 scribendis
392 1183 447 1229 et
485 1178 840 1234 emendandis
888 1179 1126 1236 instabat
1174 1179 1450 1236 laboribus
1498 1178 1652 1234 inex-

68 1265 271 1320 haustis
318 1274 376 1322 et
436 1268 692 1324 assiduis.
724 1268 940 1329 Balneis
968 1314 984 1340 ,
1035 1273 1139 1327 nisi
1188 1271 1649 1342 superfundendo,

69 1372 169 1410 non
199 1365 286 1412 est
312 1357 490 1425 lotus;
528 1376 694 1416 carne
724 1371 779 1417 et
807 1364 987 1433 adipe,
1020 1380 1179 1422 caseo
1209 1375 1264 1420 et
1291 1365 1408 1422 ovis
1432 1380 1536 1422 non
1550 1373 1652 1423 ‘cst

68 1462 211 1513 usus,
240 1450 491 1519 quamvis
528 1440 696 1521 ipsi'hs
732 1455 915 1509 carnis
937 1455 1174 1510 edulium
1201 1455 1543 1524 concederet,
1597 1458 1653 1513 et

65 1538 290 1607 ipsemet
325 1544 557 1611 propriis
604 1544 854 1601 manibus
894 1558 1249 1619 praepararet,
1297 1558 1353 1604 et
1388 1548 1651 1606 incideret

61 1628 349 1687 debilibus.
376 1631 757 1701 Quotidianam
809 1636 861 1690 in
894 1636 1031 1694 cibis
1064 1638 1432 1712 frugalitatem
1462 1638 1650 1710 hujus-

61 1720 199 1775 modi
253 1722 402 1777 omni
463 1731 708 1794 tempore
758 1726 1136 1784 inconcussam
1172 1741 1358 1789 tenere
1408 1737 1643 1800 studuit,

1751 532 1897 588 diem
1932 545 2106 602 usque
2133 529 2371 585 divinum
2408 544 2543 600 Opus
2577 529 2917 600 procederet,
2950 543 3019 583 ne
3054 530 3181 600 quid
3216 540 3343 603 post

1751 620 2046 677 matutinos
2100 621 2168 675 ad
2220 618 2418 676 lectum
2472 620 2868 676 revertentibus
2925 619 3105 676 invida
3166 622 3341 679 hostis

1750 713 1901 770 fraus
1954 713 2296 783 subriperet,
2355 712 2503 784 quod
2552 713 2822 769 castitatis
2871 711 3122 769 ﬂosculos
3175 728 3341 772 suave

1751 803 1959 859 olentes
1990 782 2277 869 adureret;
2309 782 2474 859 etvita
2497 782 2504 799 ’
2527 802 2765 859 solemne
2803 802 3057 875 gaudium
3086 802 3341 861 fmdando

1750 910 1782 950 a
1812 909 1971 950 sacra
1996 895 2375 949 communione
2403 895 2755 950 absterreret.

1824 985 1912 1041 15.
1953 985 2030 1041 De
2061 987 2232 1041 missis
2266 996 2313 1041 et
2356 988 2715 1041 communione
2747 987 2874 1057 quid
2909 989 3171 1044 statuerit.
3217 987 3336 1044 Jam

1749 1088 1882 1132 vero
1906 1076 1960 1131 in
1991 1075 2247 1146 capitulo,
2284 1091 2509 1147 qumque
2533 1084 2689 1130 erant
2715 1076 2943 1132 dicenda
2967 1078 3018 1131 in
3040 1079 3338 1136 crastinum

1752 1166 2069 1234 differendo,
2099 1184 2205 1223 non
2237 1168 2587 1234 permittebat
2634 1167 2833 1224 fratres
2872 1183 3068 1224 vacare
3103 1171 3339 1227 multilo-

1751 1258 1913 1328 quio;
1957 1258 2053 1315 sed
2089 1267 2311 1329 peracto
2358 1274 2494 1329 puro
2537 1268 2591 1315 et
2631 1258 2935 1316 hortatorio
2983 1275 3234 1317 sermone
3273 1262 3340 1317 de

1751 1351 2067 1422 Evangelio,
2111 1362 2167 1406 et
2210 1352 2481 1407 mentibus
2527 1353 2835 1408 auditorum
2877 1351 3207 1409 suﬁcienter
3237 1354 3342 1409 im-

1748 1456 1959 1512 presso,
1984 1443 2235 1502 monebat
2265 1451 2326 1499 ut
2353 1445 2558 1514 pariter
2580 1460 2763 1501 secum
2795 1454 2920 1500 ante
2942 1455 3184 1502 sanctam
3218 1459 3340 1502 cru-

1750 1549 1869 1594 cem
1899 1550 2018 1591 sese
2046 1535 2226 1591 cuncti
2255 1544 2682 1606 prosternerent,
2713 1545 2768 1592 et
2800 1536 3189 1607 indulgentiam
3231 1537 3337 1595 sibi

1750 1626 2055 1682 interventu
2087 1625 2263 1681 sancti
2298 1624 2444 1690 festi,
2475 1627 2616 1696 quoi
2645 1626 2933 1697 agebatur,
2965 1642 2995 1681 a
3024 1626 3134 1683 Deo
3158 1635 3343 1684 atten-

1753 1717 1860 1773 tius
1885 1715 2243 1789 postularent.
2285 1716 2437 1784 Quod
2468 1718 2797 1773 unanimiter
2822 1726 2877 1773 et
2906 1734 3030 1773 cum
3069 1719 3340 1792 laerymo-

65 1819 121 1865 ut
171 1812 370 1868 vilibus
419 1821 474 1867 et
528 1817 710 1872 minus
752 1818 1209 1878 esculentioribus
1257 1835 1421 1896 atque
1481 1827 1645 1882 insul-

1751 1811 1827 1866 sis
1848 1810 2096 1881 suspiriis
2142 1807 2249 1865 illis
2297 1807 2733 1878 adimplentibus,
2765 1809 2970 1879 primus
3000 1808 3115 1877 ipse
3154 1788 3341 1878 surge.

56 1902 130 1956 sis
176 1903 315 1959 cibis
354 1904 587 1961 refectus
636 1908 938 1965 satietatem
969 1927 1358 1987 usquequaque
1407 1928 1647 1987 caveret,

56 1991 245 2046 vinum
296 1992 437 2050 forte
491 2004 545 2050 et
579 2007 856 2054 austerum
892 2004 1045 2072 quasi
1086 2020 1355 2061 venenum
1413 2007 1646 2079 fugeret.

52 2084 330 2157 Benignus
348 2098 404 2145 et
428 2090 770 2150 humillimus
792 2106 913 2151 erat
927 2099 1159 2154 subditis
1178 2109 1233 2155 et
1252 2100 1646 2167 obedientibus,

53 2178 316 2235 terribilis
345 2193 410 2236 ac
434 2179 582 2237 velut
625 2181 805 2254 fulgur
829 2187 1123 2257 apparebat
1155 2190 1405 2260 superbis
1430 2202 1487 2247 et
1514 2194 1651 2247 resi-

49 2280 66 2315 ε
78 2267 341 2323 tentibus.

119 2359 210 2413 13.
252 2361 453 2417 Auctor
474 2365 540 2417 ab
567 2382 625 2419 eo
648 2367 863 2437 benigne
904 2382 1166 2442 acceptus.
1208 2374 1427 2432 Memini
1471 2387 1642 2444 certe,

45 2461 148 2507 nec
176 2465 414 2519 unquam
445 2453 624 2524 aliqua
653 2456 767 2511 dies
790 2459 933 2514 hanc
957 2465 1270 2520 memoriam
1301 2482 1421 2523 meo
1446 2468 1647 2523 eximet

46 2536 261 2603 animo,
313 2555 475 2609 quam
529 2544 793 2613 benignus
852 2550 1096 2607 mihimet
1135 2570 1285 2610 more
1336 2557 1407 2626 pii
1467 2557 1647 2615 Patris

45 2629 293 2683 occurrit
327 2636 615 2690 revertenti
648 2651 712 2694 ac
745 2638 1051 2698 miserrimo
1081 2643 1208 2710 tilio,
1250 2655 1305 2703 et
1333 2663 1419 2703 me
1457 2649 1644 2722 fugiti-

46 2734 173 2777 vum
222 2731 280 2777 et
328 2723 572 2783 inutilem
633 2744 869 2798 servum,
924 2736 1318 2809 prodigumque
1368 2740 1537 2797 ﬁlium
1588 2752 1645 2799 et

50 2811 362 2871 famelicum
416 2817 549 2873 stola
587 2823 800 2887 vestiri,
846 2834 1008 2896 atque
1059 2821 1441 2887 calceamentis
1479 2834 1643 2903 pedes

50 2906 251 2961 tnuniri
278 2906 459 2975 jussit.
499 2908 609 2966 Nec
638 2927 723 2967 me
752 2914 890 2970 inter
917 2921 1282 2976 mercenaries
1324 2938 1515 2992 passus
1545 2925 1643 2980 ha-

48 2996 183 3065 beri,
222 3001 275 3055 iu
315 3016 598 3059 numerum
632 3006 864 3063 ﬁliorum
904 3010 996 3080 qui
1037 3026 1221 3068 secum
1267 3030 1480 3086 semper
1527 3012 1642 3073 iue-

48 3099 169 3144 rant
212 3096 463 3162 quamvis
492 3095 860 3166 immeritum,
891 3118 1106 3174 semper
1154 3106 1364 3171 ascivit,
1406 3115 1461 3162 et
1485 3107 1636 3164 vituli

48 3181 278 3251 saginati
309 3184 481 3254 epulis
518 3196 574 3243 et
613 3190 820 3259 gaudiis
863 3208 967 3248 non
1020 3195 1297 3251 discrevit.
1339 3198 1491 3255 Unde
1528 3216 1635 3255 non

46 3272 321 3332 immerito
352 3277 424 3332 illi
453 3278 646 3350 ingens
678 3297 707 3335 a
737 3298 823 3337 me
852 3284 1080 3341 debetur
1113 3289 1317 3358 gratia;
1350 3300 1402 3344 et
1432 3292 1635 3361 optavi,

48 3378 375 3440 semperque
402 3373 598 3442 optabo
643 3385 700 3429 ut
737 3375 851 3444 ejus
888 3378 1065 3433 anima
1098 3380 1316 3436 sedibus
1351 3383 1638 3441 sublimata

46 3458 299 3516 aethereis
332 3471 586 3519 nectat-ea
621 3468 886 3524 suavitate
913 3478 968 3525 et
997 3472 1142 3542 regni
1177 3474 1417 3543 potiatur
1447 3486 1639 3533 aucto-

47 3552 227 3619 ritate,
262 3556 355 3611 ubi
386 3572 471 3613 me
493 3559 606 3613 suis
639 3561 842 3618 sanctis
871 3563 1076 3620 meritis
1103 3565 1355 3637 impetret
1396 3570 1498 3627 sibi
1546 3586 1640 3627 so-

45 3646 174 3698 ciari
200 3649 429 3715 perenni
460 3658 720 3721 tempore.

115 3735 202 3790 14.
246 3735 416 3793 Festa
446 3750 499 3793 ut
532 3741 773 3800 celebrat.
802 3744 1058 3802 Somnum
1081 3758 1196 3819 post
1220 3753 1505 3809 matutinos
1532 3771 1639 3811 non

44 3831 250 3894 probat.
313 3829 373 3885 lu
404 3831 741 3891 celebrandis
795 3852 924 3893 vero
974 3838 1427 3911 solemnitatibus,
1476 3862 1636 3918 quam

46 3921 306 3980 festiuum
336 3940 396 3980 se
436 3941 500 3979 ac
534 3937 835 3997 strenuum,
875 3946 938 3987 ac
972 3933 1238 4004 Spirituali
1287 3939 1484 4008 gaudio
1520 3940 1638 3995 ala-

43 4030 190 4077 crem
242 4017 333 4074 vel
386 4017 611 4074 hilarem
665 4023 1011 4090 ostendebat,
1059 4026 1180 4097 quis
1222 4028 1383 4101 digne
1435 4032 1640 4090 referre

44 4106 323 4163 sulIiciat?
361 4107 542 4167 Pridie
568 4110 783 4180 quidem
809 4113 861 4167 in
889 4114 1084 4185 vigiliis
1108 4115 1323 4175 illorum
1347 4122 1638 4180 admodum

43 4198 142 4254 sibi
163 4199 218 4255 in
252 4201 381 4257 cibo
404 4209 458 4256 et
486 4208 612 4271 potu
635 4217 831 4273 parcus
860 4213 999 4273 erat,
1031 4208 1216 4266 dicens
1243 4212 1476 4283 primum
1507 4230 1639 4270 san-

43 4288 143 4345 etis
192 4291 533 4362 martyribus
583 4308 706 4350 esse
748 4298 1209 4367 compatieadum,
1269 4318 1391 4357 eum
1443 4306 1640 4374 quibus

43 4384 392 4450 postmodum
444 4397 658 4454 semper
712 4386 783 4441 sit
837 4386 1151 4446 laetandum.
1222 4391 1360 4449 Exin
1422 4374 1657 4453 modico.

1748 1902 1865 1967 bat,
1912 1910 1969 1956 et
2016 1898 2344 1957 absolvendo
2393 1913 2513 1965 eus,
2562 1908 2823 1968 quantum
2871 1907 3104 1969 poterat,
3163 1908 3223 1955 ut
3269 1899 3338 1955 ad

1750 1993 1946 2049 missas
1974 1993 2208 2064 agendas
2234 1992 2425 2047 devote
2472 1996 2527 2045 et
2574 1988 2852 2045 humiliter
2880 1998 3338 2058 praepararentur,

1750 2091 1805 2137 et
1829 2091 2190 2138 sacrosanctae
2218 2090 2527 2136 reverenter
2552 2079 2897 2135 eucharistia:
2926 2079 3337 2149 participarent,

1749 2177 2100 2244 hortabatur;
2132 2175 2478 2232 sacerdotum
2525 2183 2706 2229 autem
2737 2171 2916 2228 nullus
2939 2180 3065 2227 ante
3094 2186 3340 2227 commu-

1748 2286 1873 2325 nem
1924 2269 2297 2335 oblationem,
2342 2275 2403 2322 ut
2442 2267 2708 2337 privatam
2766 2265 2987 2320 missam
3035 2271 3246 2335 ageret,
3304 2277 3340 2320 a

1746 2361 1913 2416 choro
1968 2362 2278 2424 secederet;
2337 2358 2433 2413 sed
2487 2372 2593 2411 uno
2646 2355 2945 2425 eodemque
2994 2365 3238 2425 tempore
3280 2354 3337 2410 in

1748 2463 2093 2523 conspectum
2133 2452 2328 2506 summi
2373 2450 2467 2505 Dei
2498 2449 2729 2505 oblaturi
2762 2448 2815 2503 in
2847 2448 3073 2504 odorem
3096 2448 3339 2505 suavita-

1748 2545 1816 2597 tis
1838 2544 2179 2598 accederent.
2206 2541 2650 2612 Eleemosynario
2675 2556 2891 2611 quoque
2914 2555 3181 2612 pauperes
3213 2556 3334 2596 om-

1746 2651 1845 2691 nes
1886 2646 1942 2691 et
1982 2636 2222 2711 hospites
2253 2634 2457 2706 largius
2488 2633 2647 2689 solito
2671 2649 2735 2689 ea
2764 2634 2851 2689 die
2880 2648 3130 2689 recreare
3163 2634 3337 2703 impe-

1747 2727 2095 2793 rabat,~cum
2124 2726 2352 2798 ipsemet
2384 2725 2734 2781 nihilominus
2789 2726 2931 2781 inter
2976 2727 3093 2796 ipsa
3142 2726 3341 2782 missa-

1746 2836 1864 2875 rum
1892 2819 2152 2875 solemnia
2179 2820 2324 2892 gregi
2350 2834 2643 2889 pauperum
2668 2819 2734 2873 ad
2761 2833 2820 2873 se
2847 2816 3135 2875 confluenti
3173 2832 3337 2887 pecu-

1744 2911 1849 2967 niae
1882 2911 2177 2983 largiretur
2220 2924 2467 2965 munera.
2527 2910 2714 2979 Itaque
2755 2908 3007 2965 omnibus
3046 2910 3340 2966 exstructis

1742 3013 1799 3062 et
1827 3003 2091 3061 ordinatis
2113 3019 2180 3059 ex
2208 3004 2498 3069 sententia,
2529 3003 2763 3073 qualiter
2793 3011 2847 3059 et
2881 3018 3043 3072 quam
3077 3017 3336 3057 reveren-

1745 3094 1967 3151 dissime
2012 3094 2079 3150 ad
2119 3094 2294 3150 sancti
2324 3094 2636 3165 archangeli
2661 3093 2938 3150 Michaelis
2968 3093 3337 3149 venerandum

1743 3183 1938 3249 altare,
1989 3184 2075 3238 cui
2122 3198 2227 3239 non
2254 3190 2384 3254 puto
2416 3182 2469 3237 in
2499 3182 2632 3239 orbe
2659 3182 2882 3252 reperiri
2912 3181 3106 3249 simile,
3139 3196 3334 3251 proce«

1740 3276 1904 3332 debat
1942 3284 1997 3331 et
2023 3276 2239 3331 astabat
2290 3290 2413 3330 cum
2453 3273 2626 3331 electo
2683 3273 3052 3329 ministrorum
3109 3274 3327 3340 ordine,

1739 3366 1891 3435 cujus
1920 3367 2309 3437 quantumlibet
2339 3367 2529 3422 diserti
2572 3366 2877 3434 eloquentia
2927 3366 3106 3421 valeat
3151 3367 3337 3435 expri-

1739 3458 1933 3513 mere?
1970 3457 2082 3528 Ego
2120 3457 2375 3513 nimirum
2414 3457 2599 3529 (liceat
2635 3457 2929 3511 concedere
2958 3456 3119 3526 veris)
3147 3455 3338 3511 obstu-

1739 3549 1985 3622 pefactus
2012 3551 2065 3604 in
2094 3551 2193 3605 hac
2215 3559 2370 3620 parte
2395 3548 2608 3604 delicio.
2651 3546 2758 3603 Sed
2784 3563 2852 3604 ne
2894 3555 3101 3602 reatum
3149 3546 3335 3601 incur—

1741 3659 1880 3709 ram,
1917 3643 1961 3700 si
1989 3644 2054 3699 de
2086 3652 2232 3697 tanta
2255 3658 2313 3696 re
2334 3641 2549 3713 penitus
2571 3640 2793 3705 siluere,
2817 3654 2922 3695 non
2950 3646 3141 3699 totum,
3166 3643 3334 3708 prout

1740 3735 1848 3790 vidi
1879 3743 1933 3791 et
1958 3734 2151 3799 sentio,
2188 3733 2283 3788 sed
2314 3742 2585 3802 utcunque
2621 3731 2765 3802 quod
2809 3744 3048 3800 possum,
3085 3728 3332 3798 eloquor.

1740 3827 1875 3895 Cum
1918 3827 2059 3881 enim
2092 3824 2271 3881 divina
2303 3823 2685 3880 tremebundus
2730 3832 2914 3894 ageret
2951 3821 3228 3893 mysteria,
3272 3830 3334 3877 et

1740 3918 1794 3973 in
1848 3917 2065 3972 modum
2108 3916 2287 3971 crucis
2340 3929 2407 3970 ex
2463 3928 2613 3969 more
2666 3913 2828 3969 tentis
2870 3911 3108 3967 brachiis
3173 3919 3229 3967 et
3274 3910 3331 3965 in

1740 4009 1938 4065 calum
1988 4006 2180 4064 deﬁxis
2228 4014 2399 4062 staret
2442 4006 2741 4070 obtutibus,
2786 4001 3036 4075 perfusus
3081 4001 3336 4073 lacrymis

1740 4100 1911 4173 ipsam
1951 4101 2286 4157 divinitatem
2330 4098 2613 4153 videbatur
2654 4095 3009 4166 contemplari
3054 4095 3330 4150 vicinius:

1739 4206 1797 4252 et
1853 4204 1998 4252 totus
2061 4195 2259 4250 ardens
2313 4206 2544 4258 amore,
2595 4189 2718 4245 imis
2760 4188 3002 4243 funditus
3055 4185 3337 4243 concussis

1737 4286 2053 4353 visceribus,
2082 4286 2223 4339 inter
2259 4282 2481 4353 angelos
2506 4288 2685 4336 mente
2709 4277 3024 4340 translatus,
3061 4276 3108 4331 si
3143 4274 3227 4331 fas
3250 4284 3337 4332 est

1740 4381 1865 4445 dici,
1895 4396 2001 4434 non
2029 4376 2145 4448 jam
2172 4378 2333 4433 homo
2366 4375 2512 4429 credi
2538 4379 2767 4444 poterat,
2798 4370 2890 4425 sed
2914 4368 3135 4439 spiritus
3168 4376 3223 4424 et
3254 4368 3338 4440 (ut

42 4486 234 4530 somno
283 4474 617 4547 indulgebat,
668 4485 724 4535 ot
776 4481 1039 4537 maturius
1100 4484 1313 4539 caeteris
1361 4501 1391 4541 a
1439 4486 1638 4545 lectulo

1750 4487 1871 4545 pace
1899 4478 2209 4526 sanctorum
2241 4464 2441 4537 dicam)
2479 4462 2875 4536 quodammodo
2902 4460 3042 4515 alter
3082 4459 3336 4531 angelus.

44 4578 307 4636 surgens,
372 4564 428 4621 in
484 4568 731 4623 oratione
804 4570 1194 4642 aliquantiSper
1258 4579 1633 4645 pernoctabat.

42 4653 195 4712 Tunc
227 4657 413 4714 denuo
440 4671 561 4713 cum
590 4658 852 4723 fratribus
881 4661 1097 4718 laudum
1124 4664 1296 4720 ollicia
1322 4668 1393 4723 ita
1416 4676 1640 4727 strenue

41 4749 417 4817 persolvebat,
454 4758 515 4805 ut
547 4751 689 4807 inter
715 4754 936 4822 angelos
975 4756 1181 4826 positus
1225 4758 1423 4814 divina:
1472 4758 1641 4829 majo-

43 4839 166 4895 s'ati
193 4839 515 4897 crederetur
536 4850 736 4899 astare.
778 4843 1002 4901 Videres
1024 4845 1171 4902 illum
1204 4849 1272 4903 ad
1301 4850 1637 4920 psallendum

43 4943 97 4991 et
118 4932 429 4988 canendum
458 4948 556 4988 sua
591 4933 795 5004 liquida
834 4946 892 4993 et
914 4938 1062 4993 clara
1092 4955 1220 4995 voce
1265 4941 1501 5012 reliquos
1544 4958 1638 4999 ex-

44 5025 239 5092 citare,
264 5043 341 5084 ne
363 5024 485 5081 ouis
513 5039 702 5082 eorum
729 5041 919 5084 somno
949 5041 1239 5101 marceret,
1285 5031 1474 5089 sedilia
1514 5049 1638 5089 cum

45 5116 269 5174 lucerna
307 5119 572 5186 circuire;
607 5119 845 5177 delectos
870 5129 925 5177 et
961 5124 1191 5180 humiles
1215 5134 1484 5192 cantores,
1511 5129 1638 5199 qui-

44 5209 143 5265 bus
171 5227 279 5268 νος
306 5220 453 5267 esset
478 5210 801 5269 modulatior
821 5212 889 5267 ad
917 5216 1241 5279 canendum,
1271 5226 1326 5273 et
1355 5218 1422 5273 ad
1457 5216 1639 5291 legen-

46 5302 175 5358 dum
221 5303 501 5372 doctiores
542 5317 879 5375 praeponere,
923 5307 1060 5361 adeo
1089 5316 1152 5363 ut
1178 5310 1377 5366 chorus
1406 5325 1471 5366 eo
1502 5326 1641 5382 prae-

46 5404 201 5453 sente
223 5408 337 5449 non
364 5401 549 5464 egeret
582 5392 688 5448 alio
726 5394 863 5449 duce
900 5407 993 5456 seu
1017 5408 1372 5466 praecentore.
1411 5398 1643 5471 Egomet

46 5482 199 5540 hisce
241 5485 417 5541 oculis
446 5486 651 5550 notavi,
687 5498 809 5539 cum
841 5498 1097 5556 peracuta
1132 5496 1189 5542 et
1236 5488 1465 5546 altisona
1506 5504 1641 5546 voce

46 5574 129 5649 in.
151 5578 596 5647 processionibus
641 5583 909 5643 cantando
927 5579 1214 5683 jubilaret,
1245 5580 1514 5653 lacrymas
1542 5595 1640 5650 per

47 5667 164 5736 ejus
196 5685 298 5725 ora
345 5668 528 5745 (luere,
570 5672 715 5745 quod
748 5667 955 5744 pauc's‘,
1007 5680 1065 5728 et
1108 5671 1214 5727 nisi
1269 5670 1639 5742 spiritualibus

50 5774 174 5821 reor
205 5776 372 5833 posse
401 5763 731 5839 contingere.
774 5762 1105 5822 Observabat
1153 5771 1331 5824 autem
1376 5762 1636 5822 lectiones

1737 4570 1816 4629 Ita
1844 4580 2002 4622 verus
2031 4562 2123 4619 Dei
2167 4561 2414 4617 minister
2439 4562 2793 4628 semetipsum
2824 4564 2992 4611 totum
3023 4569 3121 4625 per
3146 4554 3336 4610 cordis

1739 4659 2120 4720 contritionem
2168 4654 2280 4709 Deo
2314 4650 2640 4708 incendebat
2683 4649 2739 4704 in
2768 4648 3167 4717 holocaustum,
3216 4647 3339 4719 ipse

1741 4768 1858 4818 ara,
1905 4752 2023 4822 ipse
2070 4748 2320 4806 sacerdos
2356 4753 2476 4801 erat
2525 4752 2580 4799 et
2626 4741 2976 4799 sacrificium.
3044 4741 3338 4799 Recolebat

1681 4851 1687 4858 '
1741 4844 2009 4915 siquidem
2058 4852 2429 4910 smpenumero
2455 4836 2598 4907 quod
2631 4836 2708 4890 ait
2735 4836 2926 4891 beatus
2952 4832 3247 4903 Gregorius
3273 4832 3338 4888 de

1742 4935 1847 4994 hoc
1888 4940 2042 4989 tanto
2088 4929 2349 5003 mysterio
2402 4926 2636 4997 (Dialog.
2690 4924 2783 4979 lib.
2828 4940 2903 4991 tv,
2957 4939 3005 4978 ο.
3051 4921 3141 4987 58,
3200 4920 3341 4991 59):

1745 5040 1767 5076 ι
1798 5022 2095 5079 Pensemus
2139 5016 2299 5090 quale
2348 5017 2420 5072 sit
2472 5031 2574 5086 pro
2631 5015 2788 5070 nobis
2830 5013 2934 5068 hoc
2984 5010 3332 5076 sacrificium,

1739 5115 1885 5187 quod
1928 5129 2028 5185 pro
2080 5109 2423 5169 absolutione
2472 5116 2657 5163 nostra
2713 5106 3019 5179 passionem
3072 5102 3327 5174 unigenit'

1740 5207 1861 5263 Filii
1892 5207 1984 5262 Dei
2014 5221 2227 5277 semper
2250 5204 2515 5260 imitatur.
2557 5200 2688 5268 Quis
2715 5199 2859 5252 enim
2884 5196 3119 5253 fidelium
3139 5194 3338 5249 habere

1741 5301 1962 5359 dubium
1985 5300 2150 5371 possit
2176 5301 2228 5354 in
2249 5299 2362 5371 ipsa
2403 5292 2789 5356 immolationis
2816 5291 2946 5346 hora
2991 5290 3058 5345 ad
3086 5288 3333 5345 sacerdo-

1741 5393 1813 5448 tis
1840 5406 2024 5447 vocem
2048 5391 2218 5447 caelos
2241 5388 2465 5462 aperiri,
2499 5389 2553 5443 in
2585 5386 2676 5443 illo
2702 5385 2826 5441 Jesu
2858 5385 3057 5441 Christi
3083 5382 3335 5455 mysteria

1742 5483 2055 5554 angelorum
2069 5483 2265 5538 choros
2280 5480 2490 5543 adesse,
2508 5476 2738 5534 summis
2758 5476 2863 5530 ima
2882 5473 3103 5538 sociari,
3126 5480 3335 5528 terrena

1739 5576 2049 5634 cmlestibus
2090 5573 2267 5645 jungi,
2308 5587 2477 5628 unum
2524 5569 2653 5642 quid
2706 5582 2773 5624 ex
2823 5564 3126 5622 visibilibus
3177 5570 3335 5632 atque

1740 5668 2105 5728 invisibilibus
2140 5667 2304 5724 fieri?
2341 5666 2447 5725 Sed
2471 5679 2692 5722 necesse
2720 5670 2904 5727 estut,
2938 5676 3058 5729 cum
3086 5661 3199 5716 lucc
3228 5658 3341 5730 agi-

1741 5776 1883 5831 mus,
1928 5760 2290 5835 nosmetipsos
2336 5760 2444 5819 Deo
2479 5757 2530 5817 in
2575 5758 2755 5821 cordis
2787 5752 3109 5815 contritione
3139 5760 3355 5809 macto-‘
