3862 6312
518 298 562 354 ’1
585 294 667 353 ἲῖΐ

1624 290 1971 348 Wll.LEl.}li
2012 288 2368 346 CLUSIENS.
2407 291 2689 354 ΜΟΝᾸΟΠ

3628 306 3724 383 ure

528 426 688 479 Vinus;
718 412 846 483 quia
866 410 958 482 qui
986 410 1249 484 paSsionis
1270 408 1567 464 ﬁatniuicm
1596 418 1770 479 ηιξ-ιο
1806 409 1851 461 ia
1882 406 2129 463 eelebra-
2160 408 2205 466 Α
2232 423 2299 464 ac
2353 410 2666 467 eireuiendo
2718 412 2965 483 providet
3013 412 3213 481 omnia,
3250 418 3476 491 cupiens
3521 418 3650 500 varia,
3689 454 3726 496 ιη

533 521 701 573 mus,
755 504 1014 561 debemus
1068 502 1264 558 imitari
1318 503 1458 571 quol
1505 501 1731 571 agimus.
1787 498 1937 553 Tunc
1998 514 2125 569 ergo

528 616 683 656 vere,
709 613 808 670 pro
837 597 993 653 nobis
1035 597 1142 651 Deo
1181 596 1353 650 hostFa
1395 594 1519 660 erit,
1552 609 1674 648 eum
1702 608 1801 647 nos
1834 592 1978 660 ipsos
2030 592 2126 648 ho-

533 693 693 749 stiam
733 690 940 745 fecerit.
986 688 1052 743 Et
1095 689 1322 743 lidenter
1360 687 1501 752 dico,
1533 686 1659 755 quia
1686 684 1907 740 salutari
1950 683 2125 739 hostia

532 792 657 855 post
701 790 930 837 mortem
976 794 1083 836 non
1129 778 1507 850 indigebimns,
1555 778 1597 832 si
1647 788 1771 831 ante
1812 777 1921 831 Deo
1950 775 2123 832 hostia

530 873 638 944 ipsi
702 870 988 927 fuerimus.
1053 868 1378 925 Benedictus
1427 884 1556 939 ergo
1607 868 1803 937 quibus
1859 866 2124 923 Dominici

526 964 778 1036 corporis
812 964 1115 1036 portionem
1158 963 1422 1027 tradebat,
1456 961 1636 1015 vultus
1661 977 1847 1017 eorum
1880 970 1935 1017 et
1971 976 2122 1017 men-

526 1065 636 1126 tes,
695 1066 859 1129 prout
900 1065 1021 1113 erat
1067 1054 1341 1127 possibile,
1391 1055 1707 1124 inspiciebat
1742 1072 1754 1108 :
1787 1064 1841 1111 et
1895 1053 1938 1110 si
1990 1067 2125 1126 quos

526 1149 756 1207 minime
809 1161 1162 1220 compunctos
1212 1158 1304 1205 aut
1343 1149 1591 1219 indignos
1639 1148 2123 1218 animadvertebat,

524 1260 554 1298 a
607 1245 935 1302 sacramenti
967 1244 1252 1313 participio
1298 1242 1556 1298 continuo
1585 1243 1824 1299 arcebat.
1865 1240 1998 1310 Quis
2032 1242 2125 1299 de-

526 1336 694 1406 nique
733 1344 943 1405 potens,
978 1344 1072 1389 aut
1100 1334 1376 1390 saecularis
1413 1333 1666 1403 quzelibet
1698 1348 1951 1404 persona,
1983 1333 2124 1391 festo

525 1427 619 1481 die
648 1427 822 1481 virum
856 1426 1243 1483 Deo‘deditum
1288 1435 1341 1480 et
1391 1425 1609 1481 lectioni
1666 1436 1967 1492 vacantem,
2016 1427 2123 1482 nisi

526 1518 733 1590 grande
761 1527 816 1574 et
855 1516 1167 1574 inevitabile
1194 1528 1410 1591 urgeret
1446 1520 1742 1588 negotium,
1774 1520 2067 1577 extrahere
2089 1534 2123 1577 α

524 1610 778 1666 claustris
808 1619 1019 1681 poterat
1041 1611 1064 1664 ?
1095 1630 1114 1663 ι

600 1704 686 1757 16.
728 1703 783 1757 ln
817 1704 960 1759 hunc
986 1703 1149 1775 igitur
1198 1706 1415 1761 modum
1461 1707 1728 1763 solemnes
1772 1707 1907 1775 dies,
1936 1723 1998 1765 ac
2026 1723 2122 1780 po-

524 1796 795 1850 tissimum
838 1795 1005 1865 ipsius
1063 1795 1275 1851 Domini
1333 1804 1386 1852 et
1439 1797 1775 1854 intemerata:
1824 1800 2119 1856 Geniricis

523 1889 642 1957 ejus
670 1888 803 1943 festa
831 1888 1061 1955 colebat,
1081 1890 1328 1960 quamvis
1354 1891 1404 1945 in
1436 1891 1687 1962 profestis
1711 1895 2121 1964 acqnotidiants

521 1980 713 2035 diebus
754 1997 782 2033 a
816 1981 1100 2036 missarum
1132 1982 1493 2038 celebratione
1528 1998 1742 2041 cessare
1778 1986 1999 2041 minime
2026 2003 2117 2041 n0-

522 2082 694 2127 verat.
738 2073 1029 2130 Dominicae
1050 2091 1265 2147 quoque
1290 2078 1754 2147 Annnntiationis,
1782 2078 2118 2149 Nativitatis,

521 2161 988 2229 Circumcisionis,
1018 2167 1407 2238 Apparitionis,
1441 2170 1493 2225 in
1530 2171 1786 2242 templum
1823 2171 2123 2229 Praesenta-

524 2254 712 2321 tionis,
763 2260 1087 2327 parentibus
1122 2260 1378 2318 exhibita:
1422 2263 1795 2333 subjectionis,
1840 2265 2117 2335 baptismi,

517 2346 726 2418 jejunii,
770 2361 972 2407 sanctae
1020 2356 1347 2420 lentationis,
1390 2365 1445 2411 et
1472 2357 1726 2426 angelica:
1757 2358 2118 2415 ministratio-

523 2443 647 2506 nis,
706 2458 806 2498 nec
854 2461 958 2499 non
1020 2456 1074 2500 et
1124 2448 1524 2516 przedieationis
1572 2464 1636 2504 ac
1689 2450 2118 2518 miraculorum,

520 2532 1039 2605 Transtigurationis
1092 2538 1301 2604 itidem,
1350 2538 1623 2597 Passionis
1656 2551 1713 2597 et
1761 2543 1978 2611 mortis,
2019 2543 2124 2599 Re-

516 2628 899 2696 surrectionis,
957 2629 1329 2700 Ascensionis,
1388 2633 1887 2707 Advocationisque
1933 2645 1989 2693 et
2033 2651 2122 2695 se-

520 2719 757 2775 cundum
788 2733 1120 2792 assumptam
1148 2725 1311 2781 totius
1346 2736 1547 2782 nostrae
1578 2727 1875 2784 salutifera:
1898 2729 2121 2800 dispen-

517 2809 751 2865 sationis
775 2814 1089 2868 memoriam
1105 2816 1345 2884 quotidie
1360 2832 1491 2887 pura
1511 2817 1796 2875 devotione
1823 2820 2116 2887 recolebat,

516 2912 576 2957 et
627 2903 1016 2974 quinquaginta
1051 2908 1287 2977 psalmos
1318 2909 1458 2966 inter
1501 2912 1603 2966 ista
1654 2922 1778 2983 apte
1832 2913 2118 2984 partiendo

468 3034 474 3045 .
518 3000 649 3049 crnn‘
670 2998 980 3068 antipnonis
1010 3003 1263 3073 cotigrnis
1292 3012 1342 3057 et
1367 3003 1606 3059 collectis
1636 3004 2022 3062 intercinebat.
2102 3003 2113 3029 ’

546 3094 553 3099 '
593 3089 680 3142 17.
724 3089 963 3159 Hospites
1000 3094 1188 3163 excipit
1218 3104 1271 3149 ut
1309 3093 1592 3151 Christum.
1638 3096 1713 3152 De
1745 3094 2116 3168 hoSpitalitate
2145 3122 2188 3180 ο

518 3190 701 3236 autem
759 3184 903 3238 illius
948 3185 1177 3255 plurima
1219 3189 1401 3243 dicere
1449 3204 1909 3258 supervacaneum
1960 3191 2115 3245 duxi-

520 3292 662 3345 mus,
693 3277 845 3346 cujus
886 3294 943 3334 re
974 3289 1135 3351 atque
1162 3282 1493 3353 experientia
1527 3286 1598 3339 ita
1628 3285 1801 3342 factus
1829 3294 1913 3342 est
1945 3284 2114 3356 incly-

520 3372 639 3437 tus,
687 3381 748 3425 ut
802 3372 1131 3443 singularem
1181 3375 1416 3446 palmam
1479 3378 1620 3433 illius
1680 3380 1795 3436 suis
1846 3380 2116 3436 oht'neret

521 3464 877 3533 temporibus,
921 3464 1180 3537 fieretque
1221 3483 1318 3537 per
1351 3484 1469 3525 eam
1519 3472 1727 3527 cunctis
1771 3472 1824 3527 in
1873 3472 2115 3529 Romano

518 3555 633 3612 fere
661 3561 792 3615 orbe
823 3560 1143 3631 degent’bus
1189 3562 1421 3618 celebris
1460 3579 1523 3619 ac
1562 3566 1897 3622 notissimus.
1954 3565 2113 3632 Nam,

514 3650 771 3717 quoniam
801 3650 1020 3705 hilarem
1049 3651 1285 3707 datorem
1307 3654 1476 3724 diligit
1505 3654 1640 3709 Deus
1665 3655 1748 3726 (ΙΙ
1772 3655 1896 3710 Cor.
1925 3671 2002 3721 ιι,
2033 3658 2112 3727 7),

517 3740 742 3793 multam
766 3741 930 3795 animi
962 3757 1025 3797 ac
1050 3741 1231 3797 vultus
1262 3744 1312 3799 in
1343 3746 1577 3801 adventu
1609 3747 1880 3815 hospitum
1918 3734 2115 3804 alacri;

519 3841 686 3885 tarem
716 3831 1066 3900 przefrrebat;
1096 3845 1150 3893 et
1185 3844 1310 3891 tunc
1338 3839 1670 3908 permaxima
1702 3839 1962 3896 divinitus
1992 3856 2113 3898 sese

516 3923 725 3979 vis'tari
757 3934 809 3981 et
839 3927 1236 3996 quodammodo
1273 3929 1568 3984 beatificari
1593 3929 1865 3997 crederet,
1897 3932 2113 4002 quoties

519 4036 623 4073 non
653 4036 790 4077 unus
822 4030 1025 4077 tantum
1054 4025 1269 4093 hospes,
1303 4027 1397 4080 sed
1446 4028 1596 4081 multi
1646 4027 1806 4083 simul
1856 4045 2114 4100 superve-

517 4111 745 4166 nissent.
807 4112 957 4168 llane
1006 4115 1189 4184 itaque
1255 4126 1364 4171 tam
1416 4117 1693 4173 liberalem
1760 4119 2112 4176 humanitatis

516 4204 748 4271 gratiam
798 4221 919 4260 cum
984 4208 1147 4263 nullis
1194 4208 1479 4276 cujuslibet
1526 4194 1739 4281 generis
1802 4204 2113 4293 hominibus

514 4297 827 4369 denegaret,
860 4300 1171 4357 domesticis
1201 4301 1322 4355 fidei
1355 4305 1656 4372 prresertim
1689 4320 1751 4361 ac
1791 4305 2108 4377 peregrinis,

516 4387 656 4443 sicut
690 4388 1023 4459 przeeipitur,
1056 4392 1273 4462 speciali
1304 4403 1358 4447 et
1391 4377 1692 4451 humillimo
1718 4395 1935 4463 all‘ectu,
1970 4398 2109 4453 sicut

2229 498 2452 565 dicitur,
2492 500 2709 557 fastidia
2749 504 2967 560 vincere
2999 520 3175 561 creua.
3228 506 3490 566 Procnrat
3532 498 3655 577 etiam
3682 542 3724 585 ω

2231 598 2387 661 turpe
2443 592 2615 660 toral,
2669 609 2739 650 ne
2794 595 3015 651 sordida
3075 613 3269 669 mappa
3330 615 3566 671 corruget
3607 627 3726 673 nam,

2227 681 2520 755 Splendeat
2547 693 2603 741 ut
2632 686 2803 753 focus,
2834 689 3187 760 scyphorum,
3241 691 3414 749 lancis
3463 706 3517 750 et
3554 707 3725 765 eanthari

2220 777 2426 832 munda
2486 778 2748 849 supellex.
2793 780 3080 837 Postremo
3118 783 3213 853 qui
3264 786 3478 855 pridem
3513 791 3596 846 sibi
3625 812 3727 868 asper

2224 877 2344 922 erat
2370 877 2428 924 et
2460 885 2679 939 parcus,
2724 873 3101 943 participando
3149 890 3352 932 mensae
3408 878 3637 950 hospitum
3665 892 3728 947 be.

2227 967 2390 1037 nigne
2413 967 2657 1024 solvebat
2684 971 2913 1041 hospitis
2933 974 3199 1041 animum,
3230 985 3286 1030 et
3308 988 3563 1046 praesente
3578 994 3729 1050 sponso,

2226 1058 2468 1129 ineptum
2497 1063 2722 1132 putabat
2744 1072 2797 1118 et
2818 1064 3077 1135 injustam
3097 1081 3323 1123 servare
3345 1068 3551 1124 solitum
3569 1072 3730 1142 rigorem

2220 1152 2579 1224 jejuniorum;
2605 1167 2728 1226 post
2756 1172 2944 1213 eorum
2972 1158 3271 1217 discessum
3317 1176 3677 1232 recompensans
3696 1170 3733 1224 ir.

2225 1246 2571 1304 districtione
2625 1250 3017 1319 continentiae,
3078 1254 3352 1323 quidquid
3433 1255 3579 1311 mittis
3617 1261 3733 1314 solito

2224 1339 2466 1409 ipsorum
2508 1354 2672 1397 causa
2723 1341 2906 1398 fuerat
2965 1344 3275 1418 actitatum,
3329 1346 3598 1401 secundum
3633 1352 3737 1418 quod

2223 1428 2490 1498 scriptum
2550 1440 2637 1487 est
2685 1448 2701 1487 :
2755 1430 2881 1488 Non
2936 1445 3156 1504 possunt
3204 1417 3460 1505 jejunare
3499 1437 3583 1504 lilii
3614 1417 3737 1503 sperni

2222 1523 2457 1593 quandiu
2492 1540 2611 1578 cum
2650 1523 2867 1580 illisut
2920 1541 3178 1596 sponsus;
3221 1529 3425 1582 venient
3473 1538 3619 1583 autem
3647 1533 3737 1599 dies,

2218 1613 2432 1683 quando
2474 1615 2747 1684 auferetur
2784 1616 2850 1669 ab
2882 1617 2957 1671 eis
2993 1634 3221 1687 sponsus
3255 1629 3307 1673 et
3342 1629 3469 1673 tunc
3497 1621 3741 1690 jejunium

2225 1703 2421 1775 (Marc.
2446 1721 2509 1773 tl,
2541 1706 2647 1777 l9).
2689 1707 2835 1764 Inter
2856 1709 3042 1779 epulas
3065 1710 3231 1781 ipsas,
3257 1720 3442 1766 amoto
3463 1713 3623 1781 procul
3643 1718 3745 1771 carni

2224 1796 2476 1865 strepitu,
2534 1805 2627 1852 aut
2671 1797 2831 1855 lectio
2881 1799 2995 1855 sola
3035 1814 3313 1865 resonare,
3370 1810 3486 1866 aut,
3532 1812 3584 1856 ut
3620 1805 3744 1859 latina

2223 1898 2407 1959 ageret
2451 1890 2761 1957 convivam,
2803 1891 3104 1963 jucundum
3145 1894 3213 1948 de
3247 1895 3414 1950 rebus
3454 1895 3747 1964 spiritualibus

2223 1980 2553 2050 colloquium
2579 1982 2719 2038 fieri.
2762 1983 2900 2051 Quid
2942 1983 3142 2055 plura?
3182 1985 3361 2056 Large
3390 1986 3496 2041 illis
3518 2002 3602 2056 per
3620 1990 3748 2043 Oll'llll

2222 2072 2616 2141 suppeditanda
2664 2073 2982 2145 indigentia,
3028 2075 3255 2131 credere
3300 2089 3361 2131 se
3405 2076 3617 2132 reficere
3637 2079 3748 2132 Chri-

2223 2172 2388 2229 stum,
2438 2164 2740 2220 secundum
2795 2164 3356 2238 illudpropheticum
3394 2186 3409 2223 :
3455 2167 3578 2223 Ηιτε
3611 2172 3753 2241 requies

2222 2272 2358 2320 mea,
2401 2256 2599 2325 reﬁcite
2620 2257 2815 2312 lassum
2841 2257 2997 2327 (lsai.
3024 2275 3215 2326 xxvttt,
3244 2261 3358 2331 12).

2300 2350 2384 2405 18.
2429 2349 2720 2405 Enimvero
2745 2350 3000 2406 videntur
3022 2350 3243 2421 quidam
3264 2353 3515 2425 ~implere
3536 2355 3757 2410 chariutis

2222 2439 2456 2497 olliciutn
2488 2443 2774 2499 serviendo
2820 2444 3123 2513 hospitibus
3164 2461 3262 2515 per
3307 2447 3532 2501 biduum
3582 2458 3662 2502 aut
3692 2450 3757 2503 tri-

2221 2535 2411 2588 duum.
2497 2534 2823 2591 Benedictus
2882 2552 3004 2591 cutn
3056 2552 3154 2593 eos
3213 2553 3401 2593 secum
3451 2539 3658 2594 haberet
3696 2556 3758 2611 per

2223 2628 2431 2699 aliquot
2458 2645 2673 2687 menses
2713 2645 2807 2686 seu
2831 2639 3039 2702 tempus
3069 2646 3331 2697 annuum,
3363 2630 3516 2703 quin,
3550 2641 3603 2686 ut
3626 2647 3759 2687 ventu

2223 2720 2435 2788 fatear,
2484 2722 2764 2779 biennium
2827 2723 2912 2779 vel
2968 2724 3298 2788 triennium,
3359 2722 3651 2779 exhibendo
3686 2733 3762 2779 tam

2222 2813 2354 2885 ipsis
2379 2831 2541 2885 quam
2564 2818 2719 2886 equis
2749 2828 2938 2871 eorum
2968 2832 3032 2872 ac
3058 2816 3277 2872 fanmlis
3314 2817 3383 2870 ad
3411 2832 3566 2872 usum
3589 2822 3762 2887 queque

2220 2910 2380 2957 erant
2424 2905 2749 2969 necessaria,
2805 2919 2911 2958 non
2967 2905 3281 2959 mutabatur
3336 2920 3438 2960 nec
3485 2905 3762 2960 minuebatur

2220 3009 2348 3065 erga
2397 3010 2492 3050 eos
2540 2997 2688 3067 prior
2742 2997 3147 3064 benevolentia;
3198 2997 3295 3053 sed
3346 2998 3699 3052 inconcussum
3730 3007 3765 3052 et

2220 3086 2470 3142 eumdem
2515 3102 2709 3156 gerens
2766 3089 3027 3156 animum,
3082 3090 3300 3161 qualem
3344 3091 3624 3147 charitatis
3668 3089 3763 3144 ιπε-

2222 3190 2368 3233 cutm
2395 3188 2791 3235 monstraverat
2819 3181 2871 3236 in
2904 3183 3218 3252 primordio,
3256 3184 3418 3239 talem
3450 3194 3505 3239 ct
3537 3184 3767 3238 ferventio-

2220 3286 2336 3327 rent
2377 3272 2602 3343 gerebat
2648 3273 2699 3326 in
2745 3283 3011 3328 extremo.
3071 3274 3139 3331 Et
3189 3292 3259 3332 ne
3299 3286 3509 3331 tantum
3546 3277 3765 3330 videretur

2219 3366 2322 3423 illis
2356 3368 2613 3438 prodesse
2643 3369 2694 3424 in
2732 3369 3031 3432 alimentis,
3075 3373 3341 3441 quosdam
3387 3371 3622 3428 vestibus
3657 3373 3768 3425 valde

2216 3462 2395 3529 bonis,
2423 3462 2579 3535 quasi
2602 3462 2715 3519 suis
2742 3463 2929 3520 usibus
2953 3464 3292 3535 praeparatis,
3326 3467 3546 3533 vestire,
3588 3466 3765 3537 quibus-

2217 3553 2341 3610 dam
2367 3571 2538 3626 eqnos
2564 3557 2788 3623 donare,
2813 3557 3042 3613 aliorum
3068 3557 3274 3613 loculos
3295 3559 3531 3613 nummis
3554 3556 3766 3627 implere;

2215 3650 2487 3709 nonnullis
2512 3668 2659 3720 vero,
2693 3651 2785 3721 qui
2812 3650 3067 3707 omnibus
3094 3651 3181 3705 bis
3224 3651 3507 3717 carebant,
3557 3662 3647 3705 aut
3690 3652 3769 3705 suis

2217 3745 2379 3800 rebus
2421 3744 2629 3810 nudati,
2684 3741 3088 3814 deprzedatiqtte
3129 3742 3183 3796 in
3214 3734 3413 3797 itinere
3442 3741 3668 3804 fuerant,
3691 3741 3769 3794 hac

2213 3836 2396 3891 omnia
2426 3835 2585 3891 simul
2612 3834 2974 3907 largiebatur;
3011 3842 3065 3889 et
3094 3834 3167 3889 ita
3197 3835 3380 3890 denuo
3404 3834 3508 3891 lteti
3546 3854 3610 3893 ac
3640 3835 3767 3890 Deum

2214 3928 2595 3984 benedicentes
2623 3935 2786 3997 atque
2814 3926 2932 3995 ejus
2972 3926 3173 3981 famulo
3217 3936 3403 3997 grates
3451 3938 3670 3999 agentes
3705 3929 3769 3979 do-

2214 4035 2361 4074 mum
2411 4019 2878 4091 regrediebantur.
2934 4016 3149 4074 Debiles
3206 4033 3424 4088 quoque
3478 4030 3533 4076 et
3583 4019 3769 4073 diutinis

2212 4126 2311 4180 per
2352 4112 2497 4165 viam
2530 4109 2881 4180 languoribus
2919 4107 3100 4163 allecti
3133 4109 3498 4172 enitebantur,
3549 4122 3767 4181 quantum

2212 4211 2487 4271 poterant,
2508 4210 2567 4256 ut
2582 4204 2650 4256 ad
2665 4192 3050 4257 monasterium
3072 4202 3444 4270 pertingercnt
3463 4203 3765 4272 quantocius.

2202 4288 2353 4371 good
2397 4295 2529 4349 certi
2575 4303 2730 4349 erant
2780 4308 2901 4349 esse
2953 4294 3105 4364 quasi
3147 4294 3360 4365 asylum
3405 4311 3468 4350 ac
3522 4288 3771 4350 commune

2213 4386 2613 4455 receptaculum
2638 4386 2879 4441 omnium
2918 4385 3267 4444 miserorum.
3320 4386 3467 4453 Quos
3495 4388 3653 4443 Pater
3677 4404 3767 4443 san-

516 4478 616 4546 ipsi
670 4478 915 4543 Christo,
970 4496 1092 4534 cum
1149 4483 1296 4535 omni
1346 4484 1649 4539 reverentia
1709 4486 2049 4541 deserviebat
2090 4504 2103 4539 :
2144 4486 2335 4561 prius
2382 4480 2667 4549 benignius
2701 4480 3058 4545 refocillabat,
3099 4492 3406 4551 corpusque
3453 4496 3661 4545 eorum,
3692 4482 3771 4548 pln-

515 4585 745 4637 quornnt
806 4570 1116 4639 frequenter
1162 4573 1485 4639 multitudo,
1536 4577 1795 4645 quoniam
1852 4577 2001 4633 locus
2052 4578 2107 4633 iu

482 4660 762 4753 “inmane
798 4664 990 4720 itinere
1032 4674 1113 4721 est
1144 4667 1374 4738 positus,
1408 4668 1604 4737 oppido
1654 4668 1795 4725 fessa
1840 4679 1895 4725 et
1941 4670 2111 4725 lassa-‘

512 4752 691 4833 bunda
733 4752 807 4809 ad"
839 4771 960 4812 eum
1008 4759 1331 4815 conﬂuebat.
1393 4759 1487 4816 llis
1538 4762 1790 4817 nimirum
1841 4772 2113 4833 quotquot“

511 4828 671 4909 erant
730 4848 967 4921 episcopi
1023 4864 1117 4905 seu
1174 4850 1477 4906 cardinales
1531 4851 1804 4919 llonmni,
1857 4848 2113 4908 canonici

510 4953 747 5009 quoque,
773 4941 994 4997 abbates
1018 4954 1071 4997 et
1093 4941 1368 5008 monachi,
1398 4952 1682 5013 postquam
1712 4944 1779 4999 de
1809 4959 1958 4999 more
1983 4961 2106 4999 cum

511 5030 773 5086 frarribus
811 5033 956 5089 omni
987 5030 1163 5090 oliicio
1198 5036 1482 5091 cliatitatis
1521 5038 1868 5103 occurrisset,
1901 5032 2107 5108 praelia!

510 5132 629 5176 rata
657 5124 964 5180 habitacula
988 5136 1042 5181 et
1076 5129 1344 5198 tapetibus
1365 5128 1694 5184 sullicientcr
1716 5137 1882 5183 strata
1924 5130 2106 5200 singu-

510 5212 578 5269 lis
601 5226 724 5283 apte
754 5217 1133 5286 dislribttebat,
1158 5230 1211 5275 et
1238 5222 1515 5277 ministros
1541 5223 1708 5276 lectos
1741 5238 1804 5276 ac
1834 5230 2104 5290 strenuos,

509 5307 602 5374 qui
634 5307 701 5361 ad
731 5318 917 5362 nutum
949 5325 1160 5379 semper
1197 5315 1426 5368 astando
1465 5314 1756 5375 servirrnt,
1798 5312 1903 5367 illis
1943 5316 2109 5382 depu-

512 5400 681 5457 tabat.
733 5401 851 5469 Ipse
887 5418 1015 5459 vero
1043 5405 1189 5460 velut
1219 5406 1528 5461 succinctus
1567 5406 1785 5475 hospes,
1820 5406 1923 5459 huc
1954 5404 2108 5461 illuc-

511 5506 618 5559 que
646 5494 984 5563 cursitantlo,
1016 5506 1261 5569 tempore
1302 5498 1513 5569 prandii
1562 5498 1807 5552 omnium
1855 5497 2111 5554 manibus

515 5598 711 5651 aquam
774 5586 1058 5643 infundere
1114 5590 1356 5646 festinat.
1423 5589 1630 5645 Dehinc
1692 5589 2052 5658 pulmentaria
2089 5629 2105 5655 ,

517 5686 679 5759 prout
702 5678 960 5752 cujusque
983 5682 1318 5754 propositum
1357 5691 1462 5750 est,
1489 5682 1711 5753 copiose
1739 5681 2112 5735 administrari

511 5766 682 5838 jubet.
726 5771 859 5843 ipse,
900 5791 963 5829 ne
992 5776 1073 5831 cui
1107 5776 1307 5847 aliquid
1336 5778 1494 5846 desit,
1530 5776 1808 5832 ministros
1837 5774 2100 5837 hortatur,

2214 4570 2350 4623 rima
2402 4570 2710 4626 valetudine
2766 4581 3150 4637 attenuatum,
3208 4571 3617 4627 delicatioribus
3675 4573 3769 4623 ιίιιις

2213 4672 2376 4733 atque
2427 4680 2527 4719 usu
2578 4663 2892 4719 balneorum
2947 4679 3120 4735 usque
3167 4664 3470 4730 recreabat,
3513 4663 3681 4717 donec
3729 4664 3771 4711 ad

2214 4756 2503 4825 pristinum
2566 4755 2959 4811 incolumitatis
3007 4765 3209 4811 statum
3257 4771 3355 4811 eos
3400 4756 3701 4813 reduceret;
3736 4760 3771 4803 et
3810 4740 3813 4835 Ῐ

2211 4848 2290 4900 sic
2318 4861 2413 4901 eos
2443 4862 2542 4902 suo
2575 4848 2775 4902 viatico
2803 4858 2858 4903 et
2889 4847 3270 4903 benedictione
3301 4845 3548 4901 sntfultos
3571 4845 3773 4899 dimitte-

2211 4946 2316 5000 ret,
2359 4939 2629 5008 praecipito
2667 4938 2806 5006 illos,
2835 4953 2865 4992 a
2892 4936 3088 5008 quibus
3115 4934 3401 5009 praesentis
3433 4936 3613 4992 smculi
3653 4934 3771 4989 retri~

2212 5032 2489 5086 butionem
2518 5031 2716 5086 nullam
2746 5041 3007 5125 speraret.
3470 5023 3477 5030 ’

2284 5126 2372 5181 19.
2410 5125 2655 5182 Prmsens
2699 5121 3096 5183 aderam‘cum
3143 5125 3315 5181 frater
3367 5125 3603 5198 quidam,
3652 5121 3771 5189 cujus

2211 5232 2409 5272 nomen
2434 5217 2671 5288 prudens
2700 5226 2988 5287 praetereo,
3028 5224 3156 5273 ante
3196 5216 3416 5273 Patrem
3458 5216 3769 5272 Benedictum

2210 5308 2377 5374 venit,
2410 5317 2463 5363 et
2493 5306 2729 5379 maligno
2776 5308 2976 5363 mentis
3026 5322 3143 5362 suae
3172 5307 3366 5377 spiritu
3407 5306 3617 5362 inﬂatus
3644 5314 3783 5371 super.

2212 5400 2849 5470 hospitum'frequentia,
2894 5415 2960 5457 eo
3001 5394 3147 5470 quod
3178 5402 3494 5456 viderentur
3530 5400 3631 5456 sibi
3687 5390 3783 5457 ωοέὶ

2211 5492 2433 5548 nasterii
2462 5491 2600 5547 bona
2634 5492 2861 5562 quaeque
2891 5492 3201 5558 absumere,
3249 5494 3321 5546 ita
3358 5492 3611 5547 audacter
3655 5484 3767 5558 aperi

2211 5602 2333 5641 cum
2359 5593 2684 5656 conquestus
2710 5594 2794 5639 est
2821 5602 2833 5638 :
2867 5602 2886 5635 ι
2916 5583 3055 5650 Quid
3082 5593 3166 5639 est
3194 5584 3298 5639 hoc
3327 5585 3471 5653 quod
3493 5598 3578 5639 vos
3602 5576 3767 5650 agitis?

2210 5695 2373 5749 quam
2422 5677 2492 5732 ob
2537 5691 2649 5732 rem
2694 5692 2933 5731 omnium
2982 5688 3167 5732 rerum
3227 5688 3537 5733 nostrarum
3586 5674 3767 5743 capiam"

2214 5772 2408 5840 ignotis
2438 5780 2489 5827 et
2521 5771 2749 5829 advenis
2783 5782 2889 5828 tam
2918 5769 3203 5827 afﬂuenter
3240 5787 3304 5826 ac
3340 5785 3436 5841 per
3461 5767 3616 5826 multa
3667 5776 3765 5817 lilii?"
