3836 6320
52 372 184 432 ιιῖΰ

1194 366 1349 426 ιτινιἈ
1392 368 1749 427 ΒΕΝΕΒΙΟἸῚ
1790 370 1942 429 ΔΒΒ.
1987 368 2186 429 CLL'S.

3180 380 3320 435 ιιτι

50 508 172 563 pora
203 488 545 559 dilapidando
576 490 928 563 dispergitis?
965 488 1275 558 Aiquuntne
1302 488 1456 542 vobis
1482 488 1628 543 vide-
1657 489 1699 545 Λ
1731 489 1991 543 severitas
2050 489 2214 543 animi
2271 490 2321 544 in
2370 489 2487 559 ejus
2545 502 2767 550 venuste
2832 503 2885 550 et
2940 495 3109 565 gratia
3160 495 3321 565 pleno

48 598 132 641 tur
152 593 204 638 et
232 583 497 654 integrum
533 594 591 637 ut
621 584 750 654 ipsis
772 584 975 654 optime
1002 598 1065 635 ac
1093 581 1372 651 splendide
1399 580 1631 648 epulan-.

47 678 205 740 tibus,
234 690 333 731 nos
360 690 458 744 per
484 691 661 731 rerum
688 677 1007 730 tuendarum
1042 674 1274 743 inopiam
1308 673 1623 729 deﬁcientes

47 784 140 824 ceu
205 768 437 823 famelici
494 768 843 822 esuriamus?
897 766 1052 821 Sicut
1101 782 1130 819 a
1182 766 1431 820 veridicis
1471 776 1633 821 certe

46 862 366 931 accepimus,
418 870 470 915 et
513 861 609 929 ipsi
668 860 1037 928 experimento
1084 859 1459 928 probavimus.
1514 875 1620 913 non

45 955 241 1009 habent
262 953 489 1007 aliorum
522 952 968 1008 monasteriorun
999 949 1224 1003 abbates
1251 947 1621 1017 hujuscemodi

47 1061 198 1109 usus;
230 1046 321 1100 sed
347 1046 389 1099 si
422 1046 543 1114 quis
573 1045 638 1098 ad
666 1060 760 1099 eos
786 1042 1123 1114 vespertinus
1158 1042 1353 1111 hospes
1391 1044 1626 1097 advene-

44 1139 131 1200 rit.
168 1149 264 1191 aut
298 1138 523 1191 discedit
554 1138 607 1192 in
638 1137 954 1198 crastinum,
981 1144 1175 1209 atat,le
1207 1134 1457 1200 multum,
1483 1133 1623 1191 forte

44 1238 285 1284 moratur
312 1245 421 1299 per'
447 1229 689 1283 biduum.
726 1226 832 1282 Vos
866 1237 1047 1283 autem
1094 1231 1167 1285 nil
1210 1227 1493 1282 credendo.
1528 1225 1633 1305 lto-1

44 1320 269 1389 spitibus
305 1330 505 1381 aetum,
536 1334 659 1372 cum
694 1319 822 1387 quid
853 1321 1086 1388 supersit
1128 1320 1415 1389 agendum,
1464 1318 1622 1387 quid—

42 1409 162 1475 quid
193 1410 554 1478 undecunque
600 1410 888 1464 corradere
928 1412 1173 1480 potestis,
1217 1412 1417 1466 eisdem
1460 1411 1622 1465 nimis

41 1515 207 1569 prono
232 1500 417 1555 favore
449 1516 661 1570 semper
695 1501 875 1572 largiri
906 1518 1010 1557 non
1035 1504 1282 1559 cessatis.
1318 1523 1334 1555 ι
1379 1502 1621 1572 Cumque

44 1592 161 1647 talia
200 1594 362 1647 verba
413 1594 658 1649 nesciens
700 1611 763 1650 ac
804 1596 1157 1665 pusillanimis
1198 1599 1620 1652 murmuratione

45 1685 286 1753 turgidus
334 1685 637 1741 dillideuter
684 1697 983 1752 evomeret,
1018 1689 1103 1741 vir
1144 1689 1337 1752 bonus,
1393 1695 1451 1741 ιιι
1500 1698 1620 1743 erat

42 1774 184 1829 mitis
210 1784 373 1845 atque
401 1776 661 1845 placidus,
694 1777 761 1831 ad
784 1777 993 1848 singula
1020 1776 1138 1846 ejus
1169 1779 1439 1835 mordacis
1476 1779 1615 1833 dicta

43 1865 172 1921 nihil
194 1866 343 1922 aliud
372 1882 531 1938 quam
574 1869 719 1925 illam
745 1870 971 1940 apostoli
995 1873 1371 1927 auctoritatem
1414 1875 1622 1928 studuit.

42 1972 309 2027 opponere
358 1975 372 2013 :
423 1957 720 2030 Hospitales
777 1961 992 2015 invicem
1036 1964 1151 2016 sine
1207 1963 1623 2018 murmuratione

43 2050 88 2120 (Ι
114 2047 257 2105 l'etr.
284 2067 356 2116 tv,
382 2051 459 2121 9).
505 2051 656 2107 Unde
686 2053 911 2122 contigit
943 2062 998 2107 ut
1045 2064 1153 2107 tam
1184 2053 1355 2108 sancti
1392 2054 1620 2125 apostoli

40 2144 383 2212 auctoritate,
430 2161 593 2214 quam
647 2146 919 2215 patienti:e
963 2147 1130 2217 ipsius
1181 2147 1403 2202 lenitate
1451 2146 1624 2202 frater

39 2237 302 2303 devictus,
346 2254 620 2308 nunquam
676 2239 937 2311 deinceps
988 2240 1291 2310 proriperet
1342 2241 1394 2295 in
1446 2248 1622 2296 tantos

37 2325 345 2383 difﬁdentia:
368 2328 452 2383 vel
478 2329 826 2399 impatientia:
863 2346 1048 2385 ausus.

101 2418 196 2474 20.
245 2418 587 2491 Pnescriptis
639 2422 821 2492 itaque
867 2421 1085 2491 pietatis
1129 2429 1184 2477 et
1234 2421 1621 2478 misericordia:

29 2513 327 2582 operibus,
381 2528 610 2584 quorum
661 2514 829 2570 odore
881 2514 1081 2585 ubique
1134 2514 1394 2585 ﬂagrabat
1427 2554 1440 2577 ,
1480 2514 1621 2568 sicut

31 2622 160 2674 ager
190 2605 384 2677 plenus
425 2606 511 2663 cui
543 2606 819 2663 benedixit
859 2606 1142 2673 Dominus,
1185 2607 1415 2663 dilertus
1445 2608 1621 2663 factus

32 2707 112 2753 est
157 2699 270 2753 Deo
318 2709 373 2755 et
426 2700 780 2756 hominibus:
823 2699 958 2755 adeo
1012 2709 1070 2754 ut
1116 2700 1289 2756 beata:
1343 2702 1620 2758 memoriae

36 2804 165 2858 papa
197 2789 521 2858 Gregorius,
563 2801 873 2847 sanctorum
925 2807 1195 2847 canomun
1245 2793 1538 2847 suscitatur
1564 2802 1619 2847 et

36 2890 213 2937 custos
261 2884 664 2953 integerrimus,
699 2886 790 2955 qui
834 2899 932 2955 pro
966 2884 1100 2955 legis
1136 2885 1228 2939 Dei
1276 2886 1509 2941 veritate
1549 2884 1618 2941 ab

38 2970 269 3030 llenrico
321 2976 528 3045 perfido
583 2991 709 3046 rege
757 2987 812 3030 et
867 2976 1195 3043 Simoniaco,
1248 2988 1303 3033 et
1354 2976 1621 3035 Guiberto

40 3064 391 3121 baercsiarcba
445 3067 756 3137 apostolicae
809 3068 954 3123 sedis
1006 3068 1258 3124 invasere
1302 3069 1615 3127 innumeros

39 3172 319 3227 perpessus
352 3169 433 3216 est
465 3160 901 3231 persecutionum
943 3162 1197 3232 impetus,
1234 3163 1348 3219 suis
1381 3179 1501 3219 eum
1535 3165 1614 3221 sic
1642 3190 1689 3253 ο

39 3248 298 3306 attolleret
324 3266 389 3305 ac
423 3251 632 3307 foveret
656 3252 961 3307 litterarum
994 3254 1477 3311 consolatiouilnts.
1528 3256 1616 3310 Vi-

40 3354 179 3396 scera
210 3353 525 3399 sanctorum
580 3344 959 3415 requievernnt
1004 3360 1100 3413 per
1148 3355 1219 3411 te,
1269 3345 1455 3401 frater.
1497 3347 1620 3403 llzec

39 3431 101 3485 de
127 3432 237 3500 ejus
263 3434 633 3506 hospitalitate
659 3436 800 3491 dicta
829 3435 1121 3491 sulliciaut;
1174 3436 1325 3493 Nune
1374 3437 1440 3493 de
1482 3454 1618 3507 pau-

38 3534 215 3588 perum
241 3539 375 3580 cura
401 3534 457 3580 et
485 3524 837 3596 eleemosynis
867 3525 983 3595 ejus
1022 3527 1209 3595 paucis
1242 3541 1488 3597 agamus,
1521 3544 1617 3582 eu-

36 3610 111 3680 ins
139 3624 242 3671 tam
273 3614 674 3673 vehemens'illi
722 3628 839 3672 erat
881 3619 1139 3686 studium,
1192 3627 1252 3673 ut
1300 3634 1420 3674 cum
1467 3620 1629 3677 nefas

39 3717 264 3777 putaret,
321 3711 368 3764 si
421 3725 588 3780 penes
620 3725 680 3765 se
706 3710 927 3765 alterius
955 3711 1195 3779 pecunia:
1226 3711 1426 3783 aliquid
1456 3712 1508 3766 in
1541 3713 1610 3767 lo-

44 3798 165 3853 culis
208 3801 438 3858 haberet
472 3802 831 3867 reeonditum,
871 3801 1079 3857 ferebat
1120 3812 1300 3857 tamen
1348 3818 1511 3874 super
1560 3819 1627 3860 se

45 3903 241 3961 semper
267 3894 625 3965 eleemosynte
660 3910 902 3960 censum,
954 3910 1022 3951 ne
1055 3897 1270 3967 quando
1304 3912 1505 3953 vacuus
1548 3900 1617 3956 ab

45 3997 103 4037 eo
150 3989 321 4044 redire
380 3997 565 4059 posset
622 3989 819 4059 aliquis
859 4005 1177 4059 pauperum.
1217 3990 1285 4045 Et
1310 3992 1556 4063 quamvis
1585 4010 1615 4048 a

46 4089 132 4129 suo
162 4083 511 4145 monasterio,
546 4091 602 4136 ιιι
645 4082 781 4137 alter
826 4080 1109 4149 Martinus,
1156 4082 1309 4139 facile
1358 4085 1472 4140 erui
1510 4100 1613 4139 non

47 4178 234 4236 posset;
270 4173 319 4227 si
356 4184 537 4227 tamen
576 4173 930 4228 existentibus
977 4174 1157 4229 causis
1190 4175 1256 4230 de
1297 4185 1477 4231 monte
1523 4179 1623 4231 de-I

46 4259 326 4329 scenderet,
360 4264 727 4336 elcemosyna,
778 4266 921 4320 sicut
954 4265 1213 4337 scriptum
1242 4276 1344 4331 est,
1376 4282 1621 4337 ιιιιοιθιιιι-¹

46 4360 139 4414 quc
163 4351 270 4409 ibat
296 4356 348 4410 iu
374 4370 536 4410 manu
573 4357 713 4411 illius
740 4354 1005 4423 sudabat;
1053 4367 1319 4428 quatenus
1339 4359 1456 4428 ejus
1479 4361 1613 4413 assi-

46 4437 138 4493 dua
168 4441 451 4516 largitione
476 4446 818 4517 quotidianos
864 4455 1149 4504 numdaret
1200 4463 1474 4515 excess-us;
1521 4450 1625 4521 qui

1725 578 1900 643 vultu,
1944 578 2117 649 signis
2164 578 2480 635 docentibus
2517 586 2853 655 erumpendo
2894 586 3212 656 apparebat,
3262 598 3320 640 et

1724 669 1979 727 formosa:
2034 672 2371 751 egregiaique
2420 691 2665 743 persona:
2714 678 2956 748 speciosa
3018 680 3318 749 proceritas

1726 761 2011 832 imperiose
2037 780 2252 835 semper
2288 774 2343 819 et
2386 766 2583 836 ubique
2612 770 2902 835 eminebat,
2951 779 3009 825 ttt
3052 773 3320 841 τιδρίοἱοιιη

1727 853 1857 908 tium
1884 855 2068 912 oculos
2095 859 2162 912 ad
2192 858 2492 915 honestatis
2518 862 2875 915 reverentiam
2906 872 2959 916 et
2996 862 3087 917 Dei
3111 863 3317 917 cultum

1724 960 1831 1001 non
1864 949 2037 1004 solum
2068 950 2341 1017 invitaret,
2371 952 2463 1007 sed
2489 952 2650 1005 etiam
2681 954 2778 1015 tral
2802 963 2919 1009 cret

1756 1038 1882 1094 .21.
1917 1039 2194 1096 Prioratus
2249 1054 2302 1097 ut
2353 1044 2546 1098 visitet.
2596 1043 2818 1098 Fra'res
2870 1056 3067 1111 anfem,
3102 1048 3192 1117 qui
3250 1048 3321 1111 in,

1724 1128 1878 1187 cellis
1903 1134 2216 1187 monasterii
2258 1134 2471 1203 longius
2527 1132 2822 1204 degebant,
2863 1143 2918 1188 et
2963 1150 3192 1204 quorum
3243 1135 3319 1190 illi

1723 1235 1854 1275 cura
1882 1232 2003 1277 erat
2028 1225 2285 1291 maxima,
2321 1226 2658 1287 visitaturus.
2683 1225 2735 1279 in
2765 1226 2951 1294 primis
2979 1241 3321 1295 samnmpere

1723 1314 2041 1382 providebat
2067 1324 2272 1371 tantam
2303 1318 2563 1381 librorum
2596 1319 2805 1388 copiam
2843 1332 3027 1377 set-um
3081 1317 3317 1382 deferre,

1723 1421 1843 1475 qua:
1867 1422 2037 1477 usque
2065 1408 2132 1462 ad
2163 1409 2393 1464 reditum
2425 1410 2670 1467 sullicerc
2700 1419 2881 1480 posset
2934 1410 3037 1466 sibi
3097 1410 3319 1465 comiti-

1722 1499 1931 1569 busque
1959 1500 2024 1553 ad
2064 1502 2517 1571 paslumanimze.
2579 1502 2791 1558 l‘esitus
2823 1517 2951 1557 vero
2998 1502 3051 1556 in
3102 1503 3323 1569 itinere,

1722 1604 1819 1658 per
1867 1590 2073 1660 aliquot
2126 1593 2313 1655 horas,
2345 1592 2659 1662 priusquam
2718 1593 2787 1647 ab
2831 1592 3067 1663 hospitio
3121 1594 3319 1658 exiret,

1721 1701 1843 1741 cum
1857 1686 2202 1743 suislectioni
2227 1703 2445 1743 vacare.
2480 1689 2560 1743 Ad
2588 1690 2727 1759 quod
2750 1690 2794 1744 si
2826 1689 3322 1747 forteszecularitnu

1723 1776 1987 1831 tumultus
2037 1775 2300 1842 obiceret,
2335 1777 2387 1831 in
2437 1780 2694 1847 pomeriis
2754 1780 2945 1834 domus
3000 1794 3094 1835 seu
3146 1782 3321 1836 vincis

1656 1842 1697 1896 Β
1727 1866 1902 1930 locum
1926 1869 3048 1940 amicumquietiseligere,pr:estolantibus
3076 1877 3320 1937 caeteris,

1726 1960 1937 2018 consilii
1966 1961 2156 2031 agendi
2179 1962 2261 2014 vel
2287 1961 2575 2030 cujuslibet
2618 1962 2693 2016 rei
2735 1963 3048 2019 occasione.
3105 1966 3175 2018 At
3228 1965 3321 2019 ubi

1724 2069 1845 2109 cum
1870 2060 2090 2107 ventum
2126 2059 2245 2106 erat
2288 2052 2355 2105 ad
2415 2051 2530 2106 loca
2582 2067 2813 2122 quorum
2857 2056 3031 2122 gratia
3085 2058 3318 2119 exierat,

1724 2146 1955 2201 fratrum
1990 2145 2159 2199 vitam
2211 2155 2267 2200 et
2316 2145 2583 2211 actiones,
2613 2148 2914 2202 secundum
2965 2148 3315 2221 prophetam,

1722 2236 1976 2291 fodiendo
2009 2236 2269 2305 parietem
2302 2235 2580 2305 inquirere
2606 2244 2662 2291 et
2713 2235 3071 2293 subtilissime
3110 2239 3320 2294 exami-

1722 2341 1856 2387 nare
1913 2327 2214 2398 satagebat,
2248 2335 2303 2381 et
2355 2326 2772 2385 instructionem
2810 2331 3319 2401 correctionemque

1721 2420 2087 2475 necessariam
2142 2420 2583 2477 subministrare.
2638 2421 2884 2480 Claustra
2949 2439 3043 2480 seu
3093 2433 3321 2479 cteteras

1721 2508 2267 2580 regularesolﬁeinas
2302 2510 2486 2568 facere
2524 2526 2619 2568 eos
2651 2514 3034 2583 compellebat,
3085 2515 3313 2585 quibus

1722 2602 1846 2657 dam
1873 2602 2289 2673 pauperioribus
2328 2604 2395 2658 ad
2424 2604 2527 2659 hoc
2555 2619 2694 2675 opus
2722 2616 2971 2676 sumptus
3002 2606 3321 2676 praebendo.

1720 2692 1957 2761 seipsuut
2009 2707 2314 2763 panperare
2361 2693 2551 2759 voluit,
2599 2704 2694 2753 aut
2739 2708 2836 2765 per
2889 2711 2949 2752 se
3001 2696 3318 2752 aediﬁcando

1719 2793 1962 2853 moratus
1984 2796 2087 2853 est,
2119 2787 2299 2858 quoad
2323 2786 2453 2843 illud
2474 2789 2961 2858 operecomplevit.
2990 2789 3321 2845 llortabatur

1719 2890 2046 2948 magnopere
2074 2894 2147 2934 ne
2184 2879 2297 2934 bini
2354 2888 2561 2936 tantum
2590 2890 2683 2937 aut
2710 2882 2876 2946 terni,
2915 2892 3007 2938 aut
3028 2891 3177 2938 certe
3204 2882 3331 2938 εἰη-η

1716 2966 1826 3036 guli
1850 2977 2135 3025 manentes
2158 2984 2310 3024 more
2335 2968 2740 3027 Sarabaitarum
2767 2972 2963 3027 vellent
2987 2973 3195 3038 vivere;
3219 2974 3316 3031 sed

1717 3073 1933 3130 semper
1950 3060 2273 3132 hujusmodi.
2305 3063 2347 3116 si
2367 3064 2481 3117 fieri
2509 3072 2709 3133 posset,
2736 3080 3017 3121 numerum
3048 3066 3315 3123 exceden-

1721 3160 1825 3218 tes,
1842 3142 1897 3207 et
1925 3154 1992 3209 ad
2016 3156 2402 3210 monasterium
2434 3171 2527 3211 seu
2552 3157 2619 3211 ad
2644 3156 2808 3212 cellas
2834 3157 2886 3211 in
2905 3158 3100 3227 quibus
3125 3158 3317 3228 majori

1723 3245 1858 3301 ordo
1889 3245 2211 3301 servabatur
2239 3245 2542 3316 diligentia,
2573 3247 2765 3304 crebro
2802 3257 3149 3305 recurrentes
3190 3250 3315 3305 ani-

1724 3352 1937 3392 marum
1969 3352 2190 3393 suarum
2214 3339 2372 3393 saluti
2399 3339 2628 3395 sollicite
2660 3340 3032 3396 consulerent.
3061 3341 3316 3399 Obtestas

1720 3428 1883 3483 batur
1916 3444 2015 3500 per.
2040 3429 2338 3494 Christum,
2370 3445 2437 3485 ne
2463 3431 2772 3488 Simoniaca
2810 3434 3154 3504 aliquatenus
3195 3435 3317 3490 ba:-

1722 3518 1913 3575 bteresi
1960 3519 2372 3589 polluerentur,
2428 3537 2752 3592 summaque
2796 3524 3156 3580 detestatione
3216 3541 3315 3583 eos

1721 3610 2070 3677 abhorrebat,
2099 3611 2189 3681 qui
2218 3626 2317 3679 pro
2347 3611 2594 3678 decimis,
2622 3612 2706 3667 vel
2730 3613 2979 3670 ecclesiis
3006 3616 3314 3688 adipiscen.

1722 3702 1824 3765 dis.
1858 3702 2002 3758 sicut
2031 3703 2200 3760 moris
2222 3718 2344 3759 esse
2366 3702 2576 3760 solebat
2629 3706 2952 3774 quibusdam
3005 3710 3311 3779 monachis,

1720 3790 1805 3846 vel
1837 3792 1997 3847 unius
2020 3792 2162 3848 oboli
2184 3794 2416 3862 pretium
2447 3794 2759 3865 largiretur.

1790 3883 1881 3937 22.
1908 3883 2107 3940 Absens
2127 3901 2159 3938 a
2188 3886 2300 3943 suis
2317 3887 2661 3947 desideratur.
2682 3887 2814 3944 Cum
2831 3899 3010 3944 autem
3024 3893 3202 3947 causis
3212 3891 3314 3948 ali--

1718 3980 1933 4051 quando
1958 3979 2382 4051 emergentibus,
2417 3981 2554 4035 ultra
2585 3983 2913 4051 promissum
2932 3993 3306 4053 statutumque

1720 4073 1983 4143 temporis
2040 4074 2329 4127 terminum
2383 4085 2716 4138 moraretur,
2765 4077 2844 4131 sic
2902 4091 3025 4131 eum
3075 4079 3305 4132 fratrum

1719 4162 1967 4221 ﬁdelibus
1985 4164 2124 4218 citus
2163 4163 2447 4220 desideriis
2473 4180 2537 4219 ac
2562 4166 2700 4220 votis
2729 4168 3019 4221 revocabat
3068 4182 3309 4222 conven-

1719 4264 1843 4311 tus:
1875 4273 1895 4309 ι
1930 4254 2080 4325 Opie
2100 4265 2287 4325 pastor
2313 4264 2367 4310 et
2391 4255 2610 4310 Patrqu
2645 4259 2897 4321 maxime,
2924 4258 3036 4328 jam
3068 4260 3297 4314 nimium

1718 4352 1867 4416 abes,
1890 4360 2164 4406 maturum
2195 4350 2426 4405 reditum
2458 4350 2869 4421 pollicitus,jatu
2899 4353 3061 4407 nimis
3089 4353 3302 4425 ingrata

1718 4453 1823 4499 tua:
1849 4442 2159 4498 sanctitatis
2183 4442 2428 4497 absentia
2454 4452 2639 4503 nostra
2670 4443 2826 4513 plena
2861 4452 2966 4498 tua:
2994 4445 3303 4500 dilectionis

48 4525 338 4601 frequenter
357 4539 533 4595 solent
557 4540 799 4611 irrepere
826 4542 973 4597 euris
1001 4539 1285 4597 familiaris
1315 4544 1389 4597 rei
1433 4559 1496 4598 ac
1525 4558 1616 4598 ne-
1647 4554 1691 4608 ι)
1716 4536 2225 4606 sollieitatpectora.
2249 4553 2267 4585 ι
2287 4538 2432 4602 Quos
2450 4534 2817 4605 ipseApostoli
2835 4536 3212 4607 dicttt(PItilt'p.
3238 4541 3301 4609 ιι)

44 4620 190 4685 gotiis
228 4631 602 4687 saecularibus.
651 4631 769 4687 Jam
822 4648 952 4689 vero
1008 4643 1160 4689 extra
1222 4637 1611 4691 monasterium

46 4710 256 4783 Positus,
301 4722 524 4778 tutelam
568 4734 623 4777 et
674 4738 859 4779 curam
905 4724 1209 4791 viduarum,
1258 4726 1621 4796 pupillorum-‘

44 4812 139 4866 quo
165 4814 235 4862 et
260 4814 651 4885 orphanorum,
690 4818 781 4887 qui
813 4830 925 4872 sua:
958 4818 1201 4873 ecclesia:
1244 4818 1386 4887 ju'ris
1437 4828 1629 4887 erant;

45 4892 102 4945 ad
134 4910 189 4951 se
218 4905 559 4970 potissimum
592 4908 864 4977 pertinere
896 4909 1074 4963 aiebat
1101 4925 1116 4973 ;
1158 4921 1211 4963 et
1265 4925 1331 4964 ne
1385 4910 1611 4977 alicujus

43 4980 285 5049 violentia‘
323 4999 791 5069 opprimerentur,
843 4999 1007 5055 anxie
1059 5001 1395 5070 providebat.
1462 5004 1610 5059 Vidi-

44 5083 150 5163 mus
200 5095 338 5155 stepe
404 5106 527 5146 cum
584 5092 727 5147 inter
772 5090 983 5161 judiees
1039 5093 1455 5163 compelleretur
1516 5112 1607 5152 sc-

43 5157 157 5217 del‘e
184 5206 200 5231 ,
246 5172 456 5247 ipsique
503 5157 1021 5249 causidici'linguas
1068 5157 1341 5238 acuerent
1397 5182 1602 5251 litibus,

45 5252 245 5314 tacitum
291 5265 454 5325 linem
506 5270 584 5327 rei
630 5279 1054 5341 exspectantem,
1108 5279 1163 5327 et
1212 5272 1445 5339 librum,
1500 5290 1606 5345 quo

44 5352 213 5403 carere
234 5368 337 5411 non
366 5371 599 5431 poterat,
625 5377 738 5434 pra:
771 5365 1355 5431 manibusbabentem,
1385 5366 1603 5423 lectioni

44 5437 437 5533 l‘ff‘éifoperam
461 5455 610 5522 dare,
634 5455 805 5512 donec
829 5458 881 5511 in
914 5457 1092 5527 placiti
1114 5458 1262 5512 exitu
1290 5473 1603 5513 necessario

43 5520 225 5615 ﬁliduid
266 5538 586 5603 decerneret
625 5559 718 5603 aut
753 5550 1161 5604 determinaret.
1218 5550 1351 5617 Quis
1400 5561 1606 5605 morta-

203 5636 255 5678 ³⁸³
293 5630 410 5699 eius
456 5639 740 5724 Praesentia
786 5641 1002 5711 nugari,
1052 5651 1148 5695 aut
1199 5641 1380 5711 inepte
1417 5642 1603 5697 ludere

45 5699 314 5805 μίξεὶηειιιε
345 5737 403 5783 ιιι
426 5709 594 5804 nepos
618 5744 993 5805 praesumeret,
1034 5748 1260 5790 excusso
1291 5736 1401 5789 risu
1426 5736 1600 5791 disso-

46 5789 173 5856 lutus
219 5822 307 5870 aut
357 5828 493 5897 turpi
546 5827 935 5883 scurrilitateo?
997 5828 1145 5883 Adeo
1202 5829 1483 5901 integritas
1543 5840 1614 5886 et~

1716 4632 1795 4688 sic
1821 4638 2048 4687 noverat
2074 4630 2350 4685 refovere:
2376 4650 2396 4682 ι
2431 4629 2488 4685 Si
2518 4644 2622 4699 qua
2651 4631 2949 4687 consolatio
2976 4633 3028 4685 in
3052 4632 3313 4698 Christo,=

1714 4722 1760 4779 si
1782 4722 1925 4792 quod
1949 4721 2197 4777 solatium
2226 4722 2526 4787 cbaritatis,
2558 4723 2730 4793 siqua
2771 4723 3003 4780 societas
3048 4726 3312 4795 spiritus,-

1712 4816 1758 4871 si
1791 4831 1895 4886 qua
1920 4816 2127 4871 viscera
2159 4815 2543 4881 miserationis,
2576 4817 2791 4887 implete
2805 4818 3057 4887 gaudium
3091 4833 3296 4883 meum,

1712 4916 1773 4960 ut
1824 4906 1962 4960 idem
2017 4905 2279 4975 sapiatis,
2330 4907 2576 4961 eamdem
2635 4907 2955 4961 clmritatem
3012 4907 3299 4972 haben'es,

1711 5000 2018 5064 unanimes,
2058 4999 2290 5068 idipsum
2342 5000 2661 5054 sentientes.
2729 5001 2938 5069 Itaque,
2987 5000 3307 5054 ebarissimi-

1710 5094 1840 5161 mei,
1870 5093 2011 5149 sicut
2038 5108 2254 5164 semper
2284 5094 2535 5160 obeditis,
2567 5110 2671 5149 non
2701 5102 2760 5148 ut
2787 5096 2837 5148 in
2870 5094 3157 5164 praesentia
3189 5094 3297 5150 mei

1711 5196 1943 5254 tantum,
1974 5187 2067 5242 sed
2090 5186 2259 5242 multo
2289 5188 2460 5257 magis
2492 5203 2633 5242 nunc
2658 5188 2710 5242 in
2740 5187 2983 5243 absentia
3005 5203 3146 5248 mea.
3171 5203 3309 5242 enm'

1708 5290 1854 5336 metu
1891 5289 1946 5335 et
1968 5288 2208 5337 tremore
2249 5292 2484 5336 vestram
2542 5281 2780 5349 ipsorum
2826 5279 3053 5335 salutem
3102 5290 3309 5349 opera“

1707 5371 1859 5425 mini.
1886 5390 1905 5423 ι
1928 5370 2048 5426 Jam
2072 5387 2200 5427 vero
2226 5372 2280 5427 in
2310 5370 2507 5437 reditu,
2532 5385 2655 5425 cum
2674 5370 2940 5425 adventus
2970 5370 3115 5425 illius
3144 5370 3307 5425 fante:

1706 5464 1935 5519 fratrum
1969 5478 2128 5519 aures
2155 5463 2494 5534 percelleret,
2550 5469 2751 5533 quanto
2796 5463 2992 5531 gaudio
3045 5464 3307 5516 omuium‘

1705 5554 1866 5608 corda
1892 5555 2314 5619 bilarescebant,
2347 5553 2686 5608 testabantur
2714 5550 2967 5623 lacrymze
3003 5552 3132 5606 fusa:
3182 5567 3293 5621 prae

1706 5646 1871 5700 nimia
1896 5646 2279 5701 exsultatione.

1773 5739 1862 5793 25.
1890 5738 2024 5792 Item
2046 5756 2077 5793 a
2107 5736 2443 5808 pauperibus.
2475 5735 2655 5793 Taceo
2678 5736 2745 5792 de
2785 5733 3131 5807 pauperibus.
3158 5749 3291 5803 qup-

1705 5846 1823 5885 rutn
1857 5828 2199 5885 multitudine
2229 5829 2363 5886 adeo
2389 5838 2516 5884 tunc
2556 5830 2924 5886 dcnsabantur
2955 5828 3154 5881 montis
3193 5841 3287 5881 an.
