3862 6312
508 334 649 396 Ηῖδ

1571 331 1918 395 WILLELMI
1956 333 2316 395 CLUSIENS.
2356 335 2659 397 MONACH.

3622 322 3730 406 uss

507 457 732 523 fractus,
769 465 828 513 ut
855 455 941 512 vix
970 470 1068 528 per
1116 470 1213 513 eos
1256 455 1411 511 lieret
1442 454 1749 511 'transitus.
1812 453 1876 508 lli
1934 468 2085 523 ergo,
2116 468 2162 514 Α
2194 466 2312 507 rum
2338 450 2532 522 (Marc.
2553 467 2629 517 vr,
2646 450 2703 518 5,
2718 450 2794 523 6).
2826 451 3099 511 Etbeatus
3125 462 3264 527 papa
3286 454 3572 528 Gregorius
3592 458 3715 520 iusso

507 550 692 606 audito
715 549 934 609 nomine
958 552 1096 622 ejus,
1131 550 1334 621 iungenti
1383 548 1618 645 tripudio
1662 547 1965 645 hujusmodi
1997 548 2091 602 da-

505 644 639 698 bant
667 658 829 698 voces
853 643 920 698 ad
958 644 1156 699 calum
1206 657 1330 697 cum
1381 639 1638 713 lacrymis
1671 650 1727 696 et
1774 639 2087 711 plausibus:

511 752 531 786 ι
573 735 812 790 Advenis
858 735 1076 789 tandem
1103 773 1119 801 ,
1170 734 1334 789 Pater
1383 733 1799 799 desiderabilis,
1844 732 2087 787 adxenis.

503 824 624 880 Jam
651 826 833 881 reddis
869 825 1046 885 lucem
1077 824 1287 896 patriae,
1318 826 1537 880 unicum
1560 823 1801 878 solamen
1829 822 2091 893 duleeque

503 917 839 990 praesidium,
870 927 925 972 et
952 933 1074 988 spes
1116 918 1221 974 tuis
1271 916 1552 987 orphanis,
1584 914 1883 970 contractis
1929 921 2091 982 atque

501 1009 704 1067 viduis.
759 1030 780 1065 ι
836 1010 945 1067 Alii
990 1025 1204 1081 quoque
1257 1009 1640 1080 applaudentes
1690 1006 2086 1062 succinebant:

508 1118 528 1152 ε
545 1100 596 1157 Ο
617 1102 820 1157 utinam
843 1104 858 1159 ε
888 1102 1049 1159 Pater
1066 1103 1287 1173 optime,
1304 1112 1356 1157 et
1374 1116 1553 1157 rerum
1567 1100 1731 1155 tutela
1756 1109 2088 1164 nostrarum,

503 1189 599 1245 tibi
626 1190 862 1261 longaeva
889 1192 998 1247 vita
1028 1192 1258 1247 donetur
1285 1191 1560 1256 divinitus,
1590 1205 1699 1260 quo
1729 1190 1835 1245 tuis
1874 1188 2091 1244 alamur

501 1282 866 1355 cleemosynis
911 1284 1093 1341 multis
1138 1285 1506 1354 temporibus!
1571 1303 1590 1335 ι
1635 1283 1788 1339 Tunc
1843 1284 1936 1338 illo
1990 1299 2088 1355 per

503 1376 706 1432 montis
729 1377 900 1433 clivos
944 1376 1293 1442 ascendente,
1320 1378 1408 1432 alii
1462 1377 1790 1447 prodeuntes
1855 1376 1922 1431 de
1972 1376 2087 1434 suis

503 1468 733 1538 tuguriis
770 1470 839 1524 ac
881 1468 1203 1537 mapalibus,
1234 1469 1323 1523 alii
1380 1468 1577 1523 inﬁrmi
1617 1470 1730 1524 suis
1756 1470 1985 1524 latentes
2030 1469 2083 1524 in

502 1560 676 1614 antris
705 1573 800 1614 seu
847 1560 1136 1625 cubilibus,
1173 1560 1415 1616 nonnulli
1444 1561 1674 1632 orphani
1726 1563 1841 1616 sive
1894 1559 2084 1632 pupilli

500 1661 808 1719 praeeuntes
830 1666 894 1707 ac
922 1652 1498 1723 subsequentes,velut
1527 1653 1664 1709 alter
1698 1653 1903 1709 Christi
1934 1669 2086 1709 exer-

502 1740 648 1797 citus
673 1758 773 1797 suo
808 1744 951 1809 duci,
982 1759 1172 1800 omnes
1193 1745 1504 1815 triumphali
1530 1760 1662 1801 voce
1687 1746 2078 1803 concinebant:

2200 544 2424 614 Dialogo
2454 562 2467 598 :
2505 561 2525 592 σ
2555 543 2828 615 Plerique,
2850 545 3047 615 inquit,
3066 548 3226 605 hodie
3250 549 3407 619 signa
3431 566 3533 607 non
3546 554 3716 623 iaciunt,

2195 644 2252 688 et
2275 644 2452 689 tamen
2474 634 2626 705 signa
2662 634 2991 691 facientibus
3011 636 3257 707 dispares
3285 654 3397 695 non
3426 651 3562 701 sunt.
3592 644 3717 703 iltetu

2196 725 2310 794 ipse
2344 726 2398 780 in
2447 726 2679 795 quadam
2722 727 2947 784 homilia
2979 746 3053 783 ενι
3084 728 3252 801 Signa
3298 733 3419 789 haec
3454 734 3507 788 in
3551 738 3720 797 exordii

2193 816 2450 872 Ecclesia:
2487 818 2790 873 necessaria
2821 817 3060 876 fuerunt.
3098 820 3167 876 Ut.
3200 823 3348 878 enim
3392 825 3526 881 ﬁdes
3547 829 3721 886 creden-

2195 910 2328 965 tium
2354 920 2646 978 cresceret,
2679 911 2848 982 signis
2870 922 2926 968 et
2954 912 3249 971 virtutibus
3276 914 3380 970 fuit
3429 917 3675 975 nutrienda
3707 936 3719 977 ε

2192 1002 2317 1071 quia
2345 1016 2444 1058 nos
2463 1018 2584 1058 cum
2614 1004 2835 1060 arbusta
2864 1004 3197 1076 plantamus,
3227 1009 3420 1064 tandiu
3471 1011 3547 1065 eis
3576 1027 3723 1081 aquam

2191 1090 2494 1159 fundimus,
2523 1109 2807 1165 quousque
2833 1110 2897 1151 ea
2926 1098 2984 1152 in
3018 1107 3166 1154 terra
3202 1100 3542 1156 convaluisse
3584 1103 3725 1158 videa-

2191 1202 2311 1242 mus
2337 1205 2351 1240 :
2384 1196 2441 1241 at
2466 1188 2509 1245 si
2522 1188 2689 1244 semel
2705 1189 2940 1245 radicem
2957 1190 3195 1258 lixerint,
3220 1193 3470 1265 irrigatio
3486 1196 3719 1253 cessabit:

2189 1280 2300 1337 Nos
2323 1295 2454 1350 ergo
2480 1290 2786 1338 metuentes
2808 1283 2941 1338 illud
2971 1285 3117 1340 unde
3148 1300 3329 1352 praeco
3358 1286 3593 1342 veritatis
3616 1287 3721 1344 Pau-

2189 1371 2294 1438 lus,
2324 1373 2376 1427 in
2415 1387 2522 1442 quo
2572 1372 2822 1429 Christus
2860 1374 3123 1446 loquitur,
3149 1375 3466 1435 Judzeorum
3496 1380 3723 1450 perﬁdiam

2188 1473 2447 1519 causatur
2475 1480 2489 1517 :
2517 1462 2782 1530 Quoniam
2804 1463 2972 1520 Judazi
3007 1467 3160 1539 signa
3188 1478 3408 1538 petunt,
3431 1471 3626 1542 etsigna
3645 1488 3722 1527 nou

2187 1564 2314 1610 sunt
2335 1556 2458 1611 data
2482 1555 2851 1621 fidelibus,sed
2875 1558 3180 1615 inﬁdelibus
3203 1560 3255 1630 (1
3285 1561 3414 1627 Cor,
3442 1578 3548 1627 xiv,
3567 1563 3727 1631 2|);ad

2186 1646 2573 1719 perfectionem
2597 1646 2913 1714 feramur,et
2926 1650 2978 1704 in
3007 1651 3114 1707 isto
3132 1653 3221 1707 Dei
3246 1654 3451 1708 [annulo
3472 1670 3573 1715 non
3591 1657 3726 1727 signo-

2187 1754 2307 1795 rum
2341 1737 2637 1796 eﬂicaciam
2665 1756 2993 1811 qua'ramus,
3014 1744 3111 1798 sed
3136 1747 3303 1800 robur
3324 1746 3727 1817 animinon-que

508 1847 529 1882 ι
574 1831 901 1889 Benedictus
945 1834 1033 1903 qui
1086 1835 1235 1889 venit
1286 1834 1444 1890 Pater
1471 1836 1814 1893 Benedictus.
1845 1858 1865 1892 ›
1898 1840 1968 1893 At
2000 1840 2080 1897 ille

2192 1827 2499 1885 dilectionis
2536 1830 2629 1885 Dei
2670 1845 2734 1886 ac
2782 1834 3037 1903 proximi,
3060 1849 3167 1903 qua
3214 1837 3437 1906 egregie
3494 1836 3729 1906 insignitus

497 1922 735 1993 psallens
772 1934 826 1980 et
857 1926 1110 1981 incedens
1130 1941 1512 1997 nonnunquam
1546 1930 1770 1999 pedibus
1797 1930 2089 1986 discalcea-

502 2016 591 2081 tis,
621 2031 719 2071 ceu
754 2017 926 2072 bonus
952 2017 1138 2086 cpilio,
1166 2020 1462 2089 prudenter
1514 2021 1831 2077 discernens
1877 2022 2085 2077 vultum

496 2109 700 2177 proprii
744 2110 960 2181 gregis,
1002 2123 1099 2179 per
1150 2112 1387 2181 seipsum
1438 2111 1654 2182 largiori
1713 2128 1875 2167 manu
1924 2114 2089 2169 dabat

498 2198 710 2254 cunctis
740 2200 947 2268 egenis,
974 2198 1209 2254 maxime
1248 2214 1433 2254 curam
1464 2216 1658 2271 gerens
1709 2216 1874 2272 super
1901 2203 2081 2270 caecis,

501 2290 791 2355 debilibus,
806 2301 970 2362 atque
988 2293 1306 2347 contractis.
1331 2292 1473 2358 Hmc,
1492 2295 1705 2363 quoties
1726 2295 2081 2364 ascendebat,

495 2383 711 2452 operari
744 2399 849 2440 non
880 2384 1211 2455 negligebat,
1240 2393 1298 2440 ut
1328 2386 1573 2441 maculas
1621 2401 1766 2441 cura:
1798 2386 2084 2443 familiaris

496 2476 734 2531 dilueret
764 2476 977 2531 Domini
1015 2486 1287 2549 praecepto
1335 2478 1603 2533 dicentis:
1637 2478 1768 2533 Date
1802 2479 2084 2549 eleemosq-

496 2582 640 2633 nam,
664 2576 712 2620 et
741 2582 855 2621 ecce
881 2568 1058 2623 omnia
1094 2569 1292 2623 munda
1328 2578 1448 2623 sunt
1470 2570 1613 2624 vobis
1656 2568 1808 2640 (an.
1844 2586 1920 2637 xl,
1966 2570 2081 2643 41).

567 2656 658 2711 24.
684 2656 847 2712 Forte
881 2657 1080 2727 aliquis
1125 2658 1257 2714 mihi
1304 2669 1646 2725 succenseat,
1690 2670 1745 2716 et
1788 2662 1891 2716 hoc
1941 2662 2083 2732 quod

495 2754 625 2803 texo
648 2763 808 2817 opus,
835 2749 989 2819 quasi
1018 2748 1122 2804 vile
1141 2763 1207 2804 ac
1224 2748 1410 2804 sterile
1441 2750 1748 2821 nulliusquc
1799 2754 2080 2820 momenti,

492 2853 561 2893 eo
581 2842 723 2911 quod
746 2840 902 2912 signa
952 2849 1116 2911 atque
1162 2843 1423 2898 miracula
1478 2843 1619 2898 nulla
1668 2844 2080 2916 complectatur,

493 2932 855 3002 pronuntiet:
908 2948 1014 2987 non
1066 2933 1372 3004 intelligens
1426 2934 1725 3004 quemlibet
1769 2944 2083 2992 sanctorum

497 3026 673 3095 magis
694 3040 821 3081 vera
865 3026 1067 3082 virtute
1120 3029 1308 3094 animi,
1337 3037 1392 3083 et
1437 3029 1659 3097 optimis
1693 3029 1935 3084 moribus
1965 3044 2082 3085 me-

495 3114 757 3181 tiendum,
787 3130 951 3184 quam
1004 3117 1301 3184 miraculis,
1351 3134 1471 3189 quae
1517 3119 1678 3175 bonis
1728 3130 1890 3185 atque
1926 3120 2084 3177 malis

2191 1929 2294 1982 est,
2324 1928 2378 1974 et
2408 1934 2503 1989 per
2528 1936 2689 1990 quam
2721 1930 2831 1979 tota
2858 1923 2940 1979 lex
2972 1924 3320 1995 adimpletur,
3340 1927 3509 1982 decus
3548 1938 3599 1982 et
3630 1943 3729 1982 eou-

2190 2012 2446 2087 stant'iam
2472 2013 2845 2069 admiremur:
2874 2016 3124 2085 quamvis
3151 2028 3208 2072 et
3229 2034 3331 2074 nos
3372 2034 3616 2090 paramus
3644 2021 3731 2091 ple-

2190 2118 2359 2173 raque
2388 2105 2454 2159 de
2484 2120 2548 2160 eo
2569 2106 2831 2174 scribere,
2857 2124 2980 2179 quae
3005 2124 3113 2163 non
3140 2125 3535 2185 usquequaque
3554 2112 3731 2186 indigna

2187 2191 2433 2251 ferantur
2460 2196 2837 2253 admiratione.

2259 2287 2351 2344 25.
2378 2288 2680 2344 Clmniberti
2700 2293 2858 2363 episc.
2882 2292 2983 2348 vim
3009 2296 3209 2363 patitur
3228 2295 3563 2352 Benedictus.
3585 2297 3738 2369 Opem

2188 2378 2424 2449 pretium
2456 2388 2540 2435 est
2582 2380 2696 2451 jam
2729 2399 2873 2439 nunc
2903 2384 3264 2441 adversitates
3296 2387 3421 2441 illas
3458 2388 3738 2458 multiplica

2187 2487 2325 2543 quas
2364 2487 2393 2525 a
2440 2471 2769 2531 Simoniacis
2813 2484 2869 2531 et
2915 2478 3307 2547 schismaticis,
3357 2481 3685 2553 maximeque
3714 2502 3739 2538 a

2188 2561 2526 2620 Chuniberto
2578 2565 2930 2633 Taurinensi,
2959 2583 3250 2639 perpessus
3284 2581 3395 2636 est,
3428 2570 3673 2641 inserere,
3697 2584 3743 2628 ut

2188 2655 2441 2724 queuiatn
2476 2658 2742 2727 scriptum
2771 2669 2895 2714 est:
2941 2656 3077 2715 Vasa
3100 2661 3253 2732 ﬁguli
3277 2664 3466 2732 probat
3493 2663 3682 2734 form,
3703 2678 3739 2720 ιι

2187 2746 2421 2802 homines
2444 2746 2617 2816 justas
2645 2750 3234 2809 tentatiotribulationis
3260 2752 3456 2823 (Eucti.
3486 2772 3643 2822 xxvn,
3668 2758 3740 2827 li);

2189 2837 2291 2893 iste
2347 2853 2561 2909 quoque
2613 2841 2846 2898 diversis
2889 2842 3157 2898 malorum
3207 2846 3479 2916 angustiis
3532 2863 3744 2918 pressus,

2188 2929 2360 2985 instar
2388 2930 2507 2984 auri
2534 2933 2748 3002 probati
2784 2949 2850 2989 ac
2888 2934 3082 3006 lapidis
3122 2937 3374 3007 pretiosi,
3404 2940 3473 2993 ad
3522 2954 3747 2995 coronam

2186 3021 2374 3081 aeterni
2402 3020 2564 3092 [tegis
2592 3032 2749 3092 aptus
2770 3035 3062 3096 appareat;
3084 3036 3138 3082 et
3177 3042 3374 3101 passus
3404 3029 3475 3084 ad
3508 3032 3747 3086 modicum

2187 3130 2313 3171 cum
2340 3116 2566 3181 sanctis,
2600 3118 2822 3186 perenni
2851 3134 2977 3175 cum
3006 3120 3087 3175 eis
3112 3119 3236 3176 luce
3282 3122 3641 3192 splendescat.
3681 3124 3748 3180 Ab

494 3206 802 3260 communia
833 3222 957 3265 esse
979 3218 1225 3279 possunt,
1253 3212 1680 3280 praedicandum.
1732 3212 1840 3269 Sed
1893 3213 2080 3270 imme-

2188 3216 2249 3256 eo
2270 3217 2504 3272 namque
2536 3214 2776 3275 tempore
2813 3221 2942 3276 quo,
2972 3207 3112 3263 sicut
3136 3209 3293 3264 initio
3322 3211 3585 3281 prafatus
3624 3228 3747 3281 Sum,

494 3292 623 3353 rito.
653 3294 777 3351 Haec
805 3298 946 3352 enim
976 3314 1096 3369 quae
1123 3300 1189 3355 de
1237 3300 1334 3357 Dei
1368 3300 1570 3357 famulo
1620 3302 1922 3368 retulimus,
1955 3320 2081 3361 san-

494 3386 739 3442 ctitatem
781 3387 1045 3455 eﬂiciunt,
1074 3390 1171 3444 illa
1225 3399 1432 3446 tantum
1475 3392 1811 3463 loquuntur:
1848 3394 1949 3451 ista
2001 3394 2081 3449 le-

493 3479 745 3550 gentibus
772 3481 1205 3550 :edilicationem,
1235 3484 1323 3539 illa
1347 3484 1664 3557 plerumque
1693 3487 1862 3543 solam
1900 3489 2078 3545 admi-

492 3571 761 3627 rationem
790 3572 1042 3630 reddunt.
1074 3576 1168 3631 Est
1190 3591 1408 3648 quoque
1437 3578 1611 3635 satius
1634 3595 1952 3652 magnaeque
1969 3583 2083 3637 vir-

496 3662 631 3717 tutis
659 3663 1041 3721 documentum
1062 3669 1432 3739 praestantius,
1466 3671 1595 3727 vitia
1638 3679 1693 3725 et
1728 3687 1907 3741 pravae
1931 3674 2080 3730 dele-

491 3752 751 3808 ctationis
780 3752 1020 3811 fomenta
1051 3771 1324 3830 quemque
1344 3761 1412 3815 ab
1439 3761 1623 3817 animo
1644 3762 1873 3832 pellere;
1916 3774 1972 3819 et
1998 3765 2077 3823 sic

492 3841 785 3910 bajulando
846 3848 1089 3917 quotidie
1142 3865 1383 3917 crucem,
1413 3853 1808 3921 quodammodo
1864 3869 2079 3926 semper

491 3946 784 4009 martyrem
806 3954 944 4004 esse,
964 3956 1126 4010 quam
1155 3942 1555 3997 immundorum
1578 3944 1866 4013 spirituum
1895 3957 2074 4005 cater-

490 4039 588 4080 vas
610 4029 677 4082 ab
703 4029 1011 4086 hominibus
1036 4032 1254 4103 ejicere,
1278 4034 1420 4103 quod
1450 4037 1614 4091 etiam
1645 4038 1842 4095 multos
1869 4042 2078 4110 pseudo

491 4133 598 4174 non
623 4120 938 4191 ignoramus
987 4138 1147 4193 posse
1201 4134 1420 4195 patrare
1455 4144 1470 4181 :
1502 4136 1557 4184 et
1607 4129 1659 4184 in
1701 4131 1876 4186 aliena
1912 4148 2080 4190 carne

490 4210 711 4266 morbos
739 4211 1048 4283 diversique
1074 4216 1289 4285 generis
1318 4215 1547 4272 febrium
1576 4221 1831 4277 cohortes
1868 4223 2076 4279 exstin-

491 4316 679 4377 guere,
708 4306 852 4375 quod
889 4320 986 4376 per
1016 4306 1309 4362 herbarum
1348 4311 1512 4365 etiam
1541 4312 1687 4368 vires
1712 4323 1765 4369 et
1794 4315 2077 4372 medicina:

490 4395 732 4448 antidota
781 4394 898 4449 ﬁeri
932 4395 1100 4464 liquet
1146 4412 1269 4452 esse
1306 4401 1587 4468 possibile.
1630 4402 1841 4459 Timeat
1893 4415 2076 4462 autem

491 4483 876 4539 miraculorum
897 4488 1167 4557 appetitor
1194 4497 1250 4543 ct
1273 4500 1508 4558 amator,
1537 4494 1750 4562 quodin
1781 4496 2074 4567 Evangelio

2185 3292 2327 3347 idem
2358 3293 2724 3350 Chunibertus
2754 3298 2822 3352 ab
2870 3298 3181 3355 Alexandro
3212 3317 3357 3374 papa
3405 3304 3463 3359 in
3504 3305 3751 3360 niandatis

2182 3384 2391 3454 act-epit
2416 3394 2706 3456 quatenus,
2735 3387 2778 3441 si
2817 3386 3076 3445 Romanae
3106 3392 3251 3447 sedis
3282 3394 3580 3449 amicitiam
3610 3394 3749 3451 vellet

2180 3474 2377 3540 colere,
2408 3475 2629 3532 Clusino
2657 3482 2990 3537 monasterio
3014 3483 3187 3540 solius
3218 3485 3364 3541 beati
3406 3487 3557 3544 Petri
3593 3501 3747 3560 patro-

2179 3566 2326 3622 cinio
2353 3566 2481 3623 olim
2508 3570 2823 3639 commisso,
2853 3580 3019 3643 atque
3046 3575 3444 3633 eidem'abbati
3475 3579 3749 3637 Benedicto

2181 3659 2407 3715 minime
2438 3659 2669 3718 infestus
2701 3672 2871 3729 esset;
2912 3664 3112 3734 iniqua:
3141 3668 3341 3724 mentis
3372 3668 3569 3726 lividus
3612 3672 3752 3728 dissi-

2178 3749 2412 3805 mulator
2430 3751 2582 3807 curia
2609 3753 2903 3824 digressus,
2924 3755 3079 3812 dolos
3120 3772 3258 3829 quos
3307 3760 3642 3828 ruminabat,
3668 3780 3753 3833 per

2179 3851 2361 3893 rerum
2390 3842 2715 3898 monstravit
2736 3844 2937 3901 exitus.
2963 3845 3141 3916 Coepit
3173 3848 3379 3920 quippe
3405 3851 3593 3909 multis
3621 3856 3749 3911 olito-
3844 3878 3845 3905 l

2179 3930 2504 3996 cutionibus,
2533 3942 2589 3988 et
2612 3932 2851 3991 abusivis
2897 3936 3223 4009 injustisque
3268 3945 3653 4001 exactionibus
3678 3946 3748 4000 ab-

2180 4017 2360 4074 batem
2391 4024 2639 4078 vesando
2667 4023 2938 4082 lacessere
2970 4045 2983 4081 :
3011 4027 3282 4084 interdum
3321 4042 3530 4100 tamen,
3556 4051 3626 4090 ne
3661 4036 3748 4090 Ro-

2180 4110 2325 4164 mani
2374 4113 2646 4179 pontiﬁcis
2704 4114 2994 4187 imperium
3036 4117 3381 4188 oll‘enderet,
3436 4122 3509 4179 ab
3561 4125 3753 4194 in,’uriis

2181 4214 2512 4277 temperare.
2536 4210 2609 4264 At
2637 4225 2764 4266 vero
2788 4212 3047 4282 praadicto
3058 4228 3195 4285 papa
3233 4216 3550 4273 Alexandro
3577 4236 3645 4275 ex
3670 4222 3753 4274 bac
3844 4248 3845 4253 π

2178 4296 2619 4373 Ιυοθνδιιὺιτπιο,
2652 4312 2707 4357 ct
2733 4302 2996 4374 Gregorio
3021 4305 3409 4364 archidiacono
3438 4310 3755 4381 apostolatus

2176 4389 2391 4446 culmen
2423 4390 2639 4461 adepto,
2670 4409 2793 4448 cum
2819 4394 2961 4449 inter
2989 4411 3115 4451 eum
3140 4405 3195 4453 et
3224 4413 3411 4470 regem
3455 4400 3754 4467 Henricus,

2176 4492 2395 4551 propter
2452 4482 2816 4539 Simoniacam
2887 4485 3135 4542 heresim
3212 4494 3758 4557 excommunicatuln,

491 4574 606 4629 suis
632 4575 1118 4634 calumniatoribus
1149 4581 1442 4651 exprobrat
1466 4581 1717 4640 Salvator
1749 4603 1763 4639 :
1793 4586 2073 4644 Generatio

2188 4588 2432 4644 magnum
2463 4574 2617 4630 fieret
2647 4575 2963 4644 discidium;
3010 4587 3140 4635 tunc
3165 4589 3221 4636 et
3250 4581 3631 4641 Cbunibertus
3655 4602 3759 4641 cum

491 4666 635 4721 mala
660 4677 707 4721 et
734 4667 975 4724 adultera
994 4672 1399 4741 signumqnterit
1417 4673 1631 4743 (Matth.
1650 4693 1750 4738 xu,
1765 4678 1876 4749 39).
1902 4680 2078 4736 ldent-

490 4770 598 4827 que
622 4757 901 4829 discipulis
942 4776 1106 4832 super
1155 4764 1537 4820 miraculorum
1565 4766 1758 4824 elfectu
1794 4771 2076 4842 glorianti-

489 4848 593 4905 bus
616 4865 680 4906 ac
706 4850 1038 4907 dicentibus:
1058 4852 1303 4920 Domine,
1325 4856 1481 4910 etiam
1503 4857 1762 4914 dtemonia
1785 4862 2077 4931 subjiciun-

490 4952 579 4997 tur
617 4944 762 4999 nobis
806 4946 861 4999 in
905 4961 1112 4999 nomine
1153 4957 1245 5001 tuo
1274 4946 1426 5019 (Luc.
1480 4952 1666 5023 x,i7),
1704 4954 1781 5008 ait
1827 4972 1841 5007 :
1898 4954 2075 5015 Nolite

489 5037 710 5106 gloriari
731 5039 860 5108 quia
893 5040 1163 5095 dmmonia
1194 5041 1349 5097 vobis
1382 5044 1775 5114 subjiciuntur;
1804 5048 1897 5101 sed
1942 5064 2074 5119 gau-

489 5128 613 5184 dete
638 5130 819 5200 potius
854 5138 911 5183 et
937 5129 1211 5185 exsultate
1228 5173 1244 5197 ,
1274 5134 1398 5202 quia
1422 5135 1641 5189 nornina
1667 5146 1847 5191 vestra
1870 5138 2072 5208 scripta

488 5228 617 5274 sunt
639 5220 694 5274 in
728 5219 883 5275 ctelis
909 5218 1100 5292 (Ibid..
1128 5222 1243 5292 20).
1272 5222 1430 5291 Quod
1468 5235 1646 5280 autem
1676 5228 1857 5281 divina
1909 5229 2073 5285 mira-

487 5310 611 5369 cula
662 5326 880 5368 cessare
935 5316 1292 5383 quorumdam
1363 5316 1656 5387 aliquando
1729 5327 2071 5388 peccatorum

485 5402 787 5457 enormitas
812 5403 997 5469 faciat,
1024 5406 1218 5461 exinde
1256 5407 1643 5477 perpendimus
1687 5410 1831 5477 quod
1878 5412 2069 5467 eadem

487 5491 720 5550 Domino
747 5506 954 5563 nostro,
978 5513 1101 5552 cum
1130 5499 1201 5554 sit
1244 5514 1304 5554 re
1341 5514 1469 5553 vera
1503 5502 1864 5569 omnipotens,
1898 5505 2068 5574 impo-

490 5587 656 5641 tentia
679 5590 921 5658 quaedam
946 5590 1273 5655 ascribatur,
1303 5606 1426 5645 cum
1450 5593 1517 5646 de
1553 5607 1619 5647 eo
1638 5593 1707 5647 ab
1735 5596 2068 5666 evangelista

488 5677 733 5733 dicitur:
771 5679 838 5735 Et
894 5697 1002 5736 non
1048 5687 1259 5748 poterat
1298 5680 1490 5747 ibi,id
1537 5690 1622 5736 est
1666 5682 2065 5753 Capharnaum,

488 5769 667 5841 aliqua
694 5770 874 5828 facere
905 5770 1164 5827 miracula
1200 5781 1426 5843 propter
1475 5774 1908 5832 incredulitatem
1957 5779 2070 5835 illo-

2181 4664 2304 4718 aliis
2357 4665 2629 4735 plerisque
2677 4667 2846 4749 Italiae
2889 4670 3261 4739 pontiﬁcibus,
3284 4676 3582 4734 occasione
3640 4678 3763 4732 schi-

2181 4758 2369 4813 smatis
2394 4768 2623 4828 reperta,
2654 4775 2833 4831 regem
2868 4778 3025 4819 suum
3050 4776 3286 4833 secutus,
3311 4778 3370 4825 et
3397 4785 3526 4826 cum
3577 4787 3645 4827 eo
3679 4788 3763 4841 pa-

2180 4854 2312 4907 riter
2363 4856 2723 4912 anathematis
2773 4858 2991 4914 vinculo
3057 4860 3375 4929 innodatus,
3423 4880 3455 4920 a
3517 4866 3765 4922 Romana

2180 4945 2437 5003 Ecclesiae
2490 4950 2870 5005 communione
2914 4951 3143 5009 stolidus
3218 4955 3480 5015 dissilivit
3526 4975 3547 5015 :
3586 4970 3647 5016 et
3698 4962 3763 5013 sic

2178 5040 2394 5095 demum
2423 5039 2824 5109 ei?renatus,ad
2834 5049 3264 5117 persequendam
3290 5051 3579 5111 Clusinam
3604 5055 3767 5112 eccle-
3844 5130 3845 5133 η

2176 5129 2316 5185 siam
2343 5140 2397 5184 et
2416 5131 2695 5199 abbatem,
2723 5148 2822 5203 pro
2850 5135 3053 5192 viribus
3080 5139 3326 5195 animum
3352 5142 3615 5199 intendit.

2248 5221 2337 5277 26.
2367 5223 2432 5279 Et
2452 5224 2603 5294 prius
2645 5226 2862 5296 quidem
2882 5227 3114 5285 fratrum
3149 5232 3363 5289 animos
3399 5235 3761 5306 diversist
3844 5294 3845 5305 χ

2177 5312 2568 5373 licitationibus
2610 5332 2676 5373 ac
2720 5317 3105 5377 blandimentis
3140 5327 3405 5381 suasoriis
3442 5337 3627 5385 tentant
3653 5344 3763 5383 ωτι
3844 5328 3845 5385 ξ

2178 5423 2454 5478 rumpere,
2484 5411 2529 5465 si
2566 5410 2709 5469 forte
2739 5426 2835 5469 eos
2864 5416 2933 5471 ab
2959 5417 3171 5474 abbatis
3207 5420 3291 5475 sui
3318 5421 3640 5481 obedientia
3666 5422 3766 5478 sive
3844 5402 3845 5481 Ῑ

2177 5502 2510 5570 subjectione
2541 5505 3014 5563 circumveniendo
3049 5510 3392 5580 aliquatenus
3418 5526 3615 5584 posset
3652 5514 3765 5571 Sub-

2177 5603 2408 5650 vertere.
2443 5595 2595 5663 Quod
2626 5614 2745 5653 cum
2788 5601 3011 5659 minime
3054 5603 3193 5659 dolis
3236 5609 3509 5676 procedit,
3542 5609 3652 5663 alia
3692 5608 3761 5660 vis

2178 5688 2490 5757 aggreditur
2511 5704 2605 5745 eos
2632 5705 2961 5763 expugnare,
3001 5704 3055 5751 et
3085 5684 3233 5753 mala
3273 5712 3398 5769 quae
3439 5710 3663 5770 poterat
3693 5698 3764 5750 ia—

2179 5778 2421 5844 fcrcndo.
2454 5796 2518 5839 ac
2546 5795 2753 5840 messes
2787 5800 2977 5844 eorum
3013 5803 3072 5845 se
3100 5790 3413 5854 ablaturum
3440 5788 3761 5851 minitando,
