3836 6320
68 388 202 458 ,ιιι-ι

1198 380 1355 445 Vl’f'A
1396 373 1734 443 BENEDICT
1741 384 1759 440 ι
1800 376 1951 441 ABB.
1994 377 2197 441 ειυς.

3142 319 3146 324 '
3199 372 3343 439 1178

76 513 234 569 effecit
265 500 324 566 ut
352 507 572 581 quidam
622 522 652 563 e
678 514 679 517 ‘
702 505 982 573 fratribus,
1012 500 1175 559 Patre
1209 501 1505 559 Benedicto
1549 516 1654 557 non
1684 510 1732 567 Α
1758 499 1936 555 locum
1976 512 2133 552 suum
2166 493 2427 560 deseruit,
2459 492 2823 551 circumactus
2850 488 3098 548 similiter
3133 490 3344 547 insidiis

74 600 420 672 approbante,
472 598 540 652 ad
585 611 707 652 eum
753 597 1018 662 venirent,
1072 595 1116 651 si
1160 593 1302 649 forte
1351 594 1644 648 ltornarum

74 693 269 764 frugum
300 693 368 748 ab
400 707 465 749 eo
494 702 650 746 usum
683 692 1053 761 impetrarent.
1083 686 1230 755 Quos
1267 686 1359 741 ubi
1404 685 1537 741 vidit
1563 684 1651 739 vir

72 796 337 848 ventosus,
372 793 429 836 ut
458 791 574 838 erat
607 781 800 835 mirum
832 780 885 834 in
917 779 1133 833 modum
1184 777 1433 831 humanm
1470 773 1649 830 laudis

72 889 279 940 avarus,
305 876 583 944 signorum
610 872 783 928 classe
812 871 924 941 ipse
955 870 1235 925 cbaritatis
1266 882 1461 938 espers
1489 880 1644 938 cym-

68 966 239 1022 balum
274 965 533 1029 tinniens,
572 978 696 1018 mox
728 961 913 1017 urbem
952 969 1117 1016 totam
1152 967 1475 1023 commovet,
1505 973 1647 1014 cun-

70 1067 178 1113 etos
206 1057 355 1112 cives
381 1066 436 1111 et
466 1055 750 1125 populares
779 1069 909 1109 suos
944 1062 1204 1108 convocat
1231 1067 1391 1123 super
1412 1051 1646 1106 fratrum

64 1146 273 1206 illorum
300 1150 639 1220 poenitentia,
684 1163 748 1202 eo
793 1151 934 1217 quod
977 1145 1270 1201 Benedicto
1318 1144 1471 1215 quasi
1519 1159 1547 1199 a
1591 1158 1651 1199 se

65 1243 531 1298 excommunicato
583 1240 1145 1304 communicaverint,
1192 1238 1298 1295 illis
1344 1237 1650 1294 nolentibus

61 1333 124 1388 ad
154 1333 410 1404 populum
451 1334 821 1389 concionatur.
853 1332 1095 1402 Denique
1137 1331 1267 1386 facit
1291 1332 1455 1386 verba
1493 1330 1648 1400 plena

62 1428 137 1481 sui
195 1428 353 1482 laude
401 1434 455 1481 et
498 1426 775 1483 Benedicti
832 1424 1171 1496 abjectione,
1216 1421 1510 1492 subiiciens
1553 1437 1648 1477 ca—

59 1520 232 1576 nendo
265 1537 279 1573 :
314 1537 332 1571 ι
372 1519 584 1578 Venite.
637 1519 759 1583 filii,
810 1519 993 1575 audite
1030 1532 1134 1573 me.
1165 1537 1184 1571 ι
1217 1518 1287 1571 At
1331 1516 1404 1571 illi
1457 1516 1651 1571 fratres

64 1613 243 1668 taliter
267 1611 431 1677 illusi,
466 1613 532 1667 ad
554 1611 939 1667 monasterium
969 1618 1093 1665 sunt
1118 1609 1370 1680 regressi,
1403 1625 1505 1664 non
1534 1609 1652 1662 sine

62 1704 416 1775 paenitudine,
452 1706 592 1776 quod
622 1701 737 1774 ejus
785 1703 1071 1776 participio
1112 1702 1192 1758 sic
1236 1702 1450 1757 fuerant
1491 1700 1646 1753 tatni.

60 1794 195 1850 nati.
226 1792 385 1851 Tunc
414 1792 797 1864 Cltunibertus,
830 1796 966 1851 alter
996 1793 1256 1858 Herodes,
1289 1793 1478 1847 videns
1507 1790 1651 1861 quod

1757 590 2039 661 cujusdam
2071 586 2369 643 sacerdotis
2414 586 2586 656 impii.
2634 585 2829 641 Mansit
2868 598 2998 654 ergo
3044 598 3244 654 pauper
3286 592 3367 664 et

1748 683 1906 741 exsul
1934 682 2269 753 aliquantum
2316 678 2574 749 temporis
2599 687 2754 734 extra
2797 678 3192 748 possessionem
3226 692 3343 732 mo-

1748 774 2014 839 nasterii,
2060 772 2115 827 in
2152 772 2271 826 vico
2308 770 2403 840 qui
2456 769 2654 825 dicitur
2700 769 2884 825 Sancti
2936 767 3192 823 Antonini
3225 785 3237 820 :
3268 768 3336 824 ad

1751 880 1914 934 quem
1943 875 2122 918 tamen
2148 863 2317 917 totius
2345 861 2777 931 congregationis
2800 861 3149 915 intendebant
3171 859 3341 926 oculi,

1757 961 1813 1008 et
1842 955 1909 1009 de
1938 953 2082 1009 illius
2108 961 2241 1007 nutu
2272 967 2368 1006 seu
2410 950 2761 1020 dispositione
2789 951 3113 1020 pendebant,
3146 964 3341 1020 quam-

1753 1047 1839 1101 vis
1872 1044 2013 1100 illius
2054 1043 2268 1100 scelesti
2308 1051 2365 1097 et
2390 1042 2635 1112 sacrilegi
2671 1041 2924 1097 custodes
2967 1056 3030 1096 ac
3070 1041 3252 1096 famuli
3283 1042 3340 1097 in

1752 1147 1936 1193 monte
1978 1137 2299 1203 residentes,
2324 1135 2465 1190 sacri
2487 1134 2675 1190 altaris
2701 1134 3067 1190 oblationibus
3081 1134 3349 1207 diripien‘

1752 1229 1837 1285 dis
1867 1229 2137 1283 initianter
2164 1228 2499 1283 insisterent.
2866 1288 2871 1291 _

1794 1308 1913 1377 '29.
1942 1320 2254 1375 Cassianum
2283 1320 2351 1373 ad
2378 1317 2591 1389 Regula:
2614 1317 3011 1389 intelligentiam
3034 1334 3143 1373 esse
3166 1334 3344 1373 neces-

1752 1414 1955 1466 sarium
1999 1412 2175 1466 discit.
2217 1409 2330 1465 Sub
2366 1413 2554 1464 eodem
2598 1416 2856 1478 tempore,
2905 1423 3029 1464 cum
3080 1407 3341 1464 mundani

1754 1504 2016 1572 strepitus
2074 1517 2236 1573 quam
2288 1501 2522 1557 maxime
2568 1514 2795 1554 securus
2846 1498 3036 1555 amicae
3074 1500 3241 1567 quieti
3284 1508 3345 1555 et

1754 1593 2006 1648 lectionis
2052 1592 2232 1647 studio
2278 1606 2499 1661 operam
2545 1591 2717 1654 daret,
2756 1598 2811 1644 et
2854 1589 2921 1644 ad
2964 1588 3346 1659 intelligendas

1756 1682 1973 1754 Regula:
2002 1682 2262 1752 quasdam
2311 1681 2635 1746 sententias,
2688 1695 2917 1751 quarum
2945 1681 3197 1750 scrupulo
3230 1696 3340 1737 non

1754 1789 1944 1844 parum
1973 1773 2311 1841 movebatur,
2359 1773 2426 1826 ad
2468 1773 2667 1829 ostium
2713 1772 2873 1827 amici
2917 1770 3180 1843 pulsaret,
3210 1789 3341 1827 sau-

56 1883 122 1939 ab
151 1884 261 1940 illis
286 1885 520 1941 ludibrio
556 1886 627 1941 sit
666 1886 904 1951 habitus,
955 1882 1150 1953 majori
1181 1880 1569 1952 indignationis
1596 1889 1649 1935 et
1685 1881 1727 1940 Β
1755 1875 1875 1922 οίυε
1908 1864 2230 1923 Βοηθάίειυε
2276 1866 2669 1922 ητοηθθδονυῐη
2714 1864 2992 1936 ¹⁴38ί³¹³ί⁰¹¹
3016 1877 3082 1938 ,ει
3117 1867 3343 1936 δίῧηίῖυι·

55 1976 150 2030 ira:
179 1974 300 2032 face
328 1992 646 2038 succensus.
675 1993 802 2032 suas
830 1979 975 2031 vires
1009 1977 1234 2038 exserit,
1268 1972 1449 2028 boStili
1491 1986 1652 2026 manu

54 2072 378 2126 monasterii
409 2085 568 2142 agros
602 2069 905 2142 populatur.
932 2069 1085 2123 villas
1131 2079 1185 2124 et
1228 2067 1489 2122 ecclesias
1538 2066 1655 2136 igni

52 2172 396 2229 concremat,
428 2163 679 2236 factaque
713 2175 882 2218 multa
924 2162 1127 2231 praeda,
1173 2160 1266 2214 sed
1312 2174 1418 2213 non
1455 2157 1656 2227 absque

52 2268 283 2308 suorum
316 2255 506 2325 grandi
542 2256 779 2322 jactura,
806 2253 966 2321 redit,
1005 2251 1234 2307 militum
1270 2249 1484 2321 agmine
1511 2248 1659 2304 lace-

48 2352 201 2409 rato,
243 2346 309 2398 ad
343 2344 580 2415 propria.
656 2344 671 2353 '

110 2435 217 2490 27.
272 2434 376 2490 Sed
424 2435 714 2491 Benedicto
761 2450 876 2491 usae
928 2434 1194 2505 intrepide
1240 2434 1559 2505 aSpiciente,
1605 2438 1661 2486 et
1716 2496 1721 2502 _

43 2538 228 2595 Super
274 2526 391 2596 ejus
440 2526 685 2582 vecordia
735 2527 907 2597 magis
951 2525 1113 2580 ﬂente
1140 2534 1187 2580 et
1217 2533 1427 2589 orante,
1456 2522 1662 2579 Cltunio

38 2616 246 2670 bet-tus
303 2615 651 2672 nihilominus
684 2631 806 2672 cmn
848 2616 1010 2671 Petro
1055 2617 1370 2671 marcliioue
1410 2615 1659 2685 conjurat

41 2718 127 2772 ut,
148 2722 308 2777 saepe
325 2709 468 2763 dicto
491 2710 683 2764 abbate
709 2724 740 2763 a
769 2708 1100 2763 monasterio
1124 2706 1318 2775 cjecto,
1345 2706 1506 2760 alium
1529 2706 1653 2773 sibi,

42 2798 189 2865 proli
226 2795 422 2852 nefas!
460 2798 657 2853 ibidem
688 2811 1003 2870 praeponere
1041 2798 1219 2852 liceat.
1258 2796 1366 2853 Nec
1396 2811 1571 2861 mora,
1599 2804 1654 2851 et

41 2906 178 2947 ecce
204 2899 446 2962 uterque
465 2892 635 2947 multo
657 2892 829 2947 milite
848 2892 1081 2962 stipatus
1107 2892 1173 2947 ad
1201 2899 1448 2945 sanetum
1478 2890 1656 2944 locum

44 2996 346 3057 properat,
373 2996 540 3048 portae
568 2985 945 3057 ell‘ringuntur,
981 2985 1182 3040 famqu
1215 2985 1304 3039 Dei
1335 2984 1651 3050 Benedicto,

45 3089 104 3131 ut
167 3094 346 3150 quam
391 3080 499 3133 cito
546 3086 727 3138 exeat.
780 3078 1096 3148 imperatur.
1133 3076 1238 3132 Sed
1286 3075 1458 3131 adfuit
1497 3075 1657 3146 plane

39 3170 225 3224 virtus
260 3167 471 3222 divina.
515 3167 683 3223 Nocte
713 3183 855 3223 enim
898 3167 1007 3235 jam
1047 3168 1383 3230 imminente,
1418 3167 1544 3220 dum
1572 3166 1657 3219 vir

1756 1960 1812 2016 in
1849 1961 2056 2015 somnis
2093 1960 2168 2015 illi
2205 1960 2479 2030 apparuit.
2512 1958 2806 2014 Videbatur
2844 1968 3024 2013 autem
3074 1959 3148 2013 illi
3197 1959 3343 2026 quod

1756 2051 1823 2105 ad
1853 2066 2097 2106 mensam
2132 2059 2314 2105 tantus
2350 2049 2510 2104 Pater
2553 2049 2789 2113 sederet,
2824 2049 3036 2119 sibique
3063 2048 3340 2104 assistenti

1760 2155 1823 2197 ac
1853 2141 2187 2197 ministranti
2224 2142 2330 2196 vini
2366 2142 2555 2212 pocula
2585 2141 2653 2196 ad
2697 2139 2985 2195 bibendum
3024 2142 3342 2211 porrigeret.

1760 2232 1965 2288 Deinde
2012 2234 2080 2287 ab
2130 2232 2217 2287 illa
2266 2248 2452 2288 mensa
2496 2246 2723 2302 surgens
2766 2232 2979 2287 dicebat
3029 2230 3104 2287 illi
3140 2246 3154 2286 :
3194 2251 3211 2285 ι
3240 2231 3345 2287 Fili

1758 2323 1855 2389 mi,
1886 2338 2113 2393 sequere
2145 2339 2249 2378 me.
2288 2343 2306 2374 ι
2339 2322 2580 2394 Cumque
2609 2324 2797 2394 jussus
2824 2324 3150 2395 pedetentim
3194 2340 3337 2396 prae-

1759 2415 1941 2473 euntis
1985 2416 2212 2486 vestigia
2257 2427 2609 2486 sequeretur:
2647 2434 2666 2468 ι
2705 2415 2776 2471 Mi
2805 2425 2978 2488 pater,
3001 2417 3198 2482 aiebat,
3232 2419 3345 2474 uti-

1761 2520 1886 2559 nam
1915 2520 2079 2575 super
2114 2507 2403 2562 sententiis
2425 2489 2746 2576 quibusdam
2782 2507 2836 2565 in
2870 2506 3049 2576 regula
3078 2516 3166 2563 tua
3200 2510 3343 2579 posi-

1763 2597 1851 2661 tis,
1883 2613 2017 2668 quas
2056 2600 2233 2655 minus
2269 2599 2550 2656 evidenter
2596 2600 2860 2671 intelligo,
2910 2619 2994 2660 me
3042 2602 3347 2661 certilieare

1761 2694 2023 2763 digneris.
2062 2714 2081 2747 ι
2116 2695 2195 2749 Ad
2244 2709 2405 2765 quem
2453 2694 2625 2765 major
2659 2696 2977 2754 Benedictus
3018 2716 3034 2753 ι
3085 2716 3105 2749 ι
3139 2697 3197 2754 Si
3238 2698 3345 2766 vis,

1761 2785 1956 2857 inquit,
1980 2788 2319 2852 cbarissime,
2345 2788 2411 2844 de
2434 2787 2631 2858 quibus
2668 2788 2898 2859 ambigis
2935 2790 3142 2860 plenius
3172 2790 3345 2846 infor-

1760 2878 1923 2943 mari,
1964 2886 2020 2932 et
2055 2878 2343 2934 monastici
2394 2878 2600 2934 ordinis
2639 2880 3027 2949 perfectionem
3066 2880 3349 2938 desideras

1760 2970 2009 3040 adipisci,
2053 2985 2236 3041 quaere
2272 2971 2367 3027 tibi
2417 2972 2613 3026 librum
2657 2970 2884 3028 Joannis
2939 2973 3201 3040 Cassiani,
3250 2976 3346 3044 qui

1758 3057 1982 3116 Patrum
2028 3060 2282 3117 lnstituta
2334 3076 2401 3117 ac
2454 3062 2769 3119 collationes
2817 3064 2956 3135 style
3004 3065 3350 3135 prosequitur

1759 3149 1959 3207 latiori.
1981 3171 2001 3204 ι
2027 3152 2139 3207 Hae
2164 3154 2331 3222 igitur
2350 3153 2560 3209 visione
2586 3158 2806 3225 potitus,
2828 3165 2884 3211 et
2908 3157 3044 3212 satis
3069 3170 3347 3227 superque

42 3257 275 3315 Domini
320 3259 624 3329 impavidus
656 3259 711 3313 in
743 3259 990 3313 oratione
1033 3268 1086 3312 et
1124 3257 1217 3311 Dei
1259 3257 1502 3311 laudibus
1532 3273 1656 3327 per-
1683 3242 1725 3301 C
1757 3249 2172 3319 gavisus,quam
2195 3250 2487 3305 vehemens
2508 3251 2748 3306 studium
2775 3261 2959 3322 postea
2982 3251 3172 3308 habuit
3193 3252 3345 3308 illum

36 3354 258 3415 nectat,
286 3349 405 3407 ‘iDsi
456 3349 571 3417 ejus
617 3350 799 3404 hostes
844 3363 938 3420 per
988 3357 1156 3404 totum
1204 3349 1375 3403 noctis
1419 3350 1653 3419 spatium

36 3452 347 3513 epulantes
384 3450 503 3515 plus
546 3442 715 3498 nimio
750 3456 869 3499 sese
909 3457 1060 3497 mero
1106 3444 1457 3513 ingurgitaut.
1500 3442 1657 3500 Mane

30 3542 231 3589 autem
287 3533 462 3588 facto.
517 3533 756 3603 impulsi,
804 3539 989 3597 credo,
1034 3535 1233 3589 virtute
1277 3533 1539 3601 angelica,
1585 3535 1656 3590 ob

32 3640 210 3697 quam
240 3640 370 3681 rem
400 3636 665 3681 venerant
694 3626 869 3692 obliti,
910 3627 1078 3680 citato
1125 3641 1314 3697 gressu
1344 3635 1563 3693 exeunt,
1600 3636 1657 3683 et

31 3718 253 3773 infecto
315 3719 533 3789 negotio
588 3718 790 3773 nemini
838 3717 1130 3788 quidquam
1189 3716 1471 3788 loquentes
1520 3719 1657 3773 dila-

25 3810 270 3867 buntur.

96 3902 195 3957 28.
235 3900 488 3972 Ejicitur
514 3899 845 3954 Benedictus.
874 3897 983 3954 Nec
1011 3899 1178 3953 multo
1204 3908 1324 3969 post
1349 3898 1655 3955 Chuniber-

22 4002 114 4050 tus
140 3994 241 4048 ille
288 3992 365 4047 ad
404 4006 461 4046 se
507 4007 779 4057 reversus,
810 3993 902 4047 sed
934 3992 1117 4046 divino
1142 3992 1401 4047 miraculo
1426 3991 1651 4050 minime

18 4098 379 4141 conversus.
413 4084 780 4138 marcbionem
805 4085 937 4151 adit,
970 4098 1199 4153 eumque
1223 4084 1394 4153 pactis
1423 4082 1651 4138 funeStis

19 4177 394 4248 impetendo.
430 4176 571 4245 quod
614 4176 961 4232 Benedictum
1013 4191 1043 4229 a
1090 4175 1205 4232 loco
1233 4192 1336 4230 non
1360 4177 1649 4247 pepulerit,

14 4269 266 4338 perjurii
295 4267 507 4335 arguit.
534 4266 613 4319 Ad
641 4282 801 4336 quem
829 4265 915 4320 ille
941 4283 955 4319 :
996 4285 1013 4316 ι
1043 4265 1182 4332 Quid
1207 4275 1309 4331 est,
1340 4267 1646 4333 cerebrose,

12 4361 165 4428 quod
210 4359 515 4429 loqueris?
564 4358 779 4413 Satisne
820 4372 969 4413 sanae
1010 4360 1207 4414 mentis
1262 4358 1352 4413 es?
1398 4357 1650 4428 Nunquid

9 4452 205 4508 locum
242 4462 309 4508 et
356 4452 607 4506 abbatem
652 4460 755 4505 tua:
790 4451 1065 4521 potestati,
1107 4459 1266 4521 prout
1309 4452 1507 4522 pepigi,
1542 4467 1649 4506 non

13 4541 398 4598 deliberavi?
427 4540 511 4594 Nil
541 4541 651 4611 jam
686 4555 803 4595 mea
850 4540 1093 4595 interest.
1136 4541 1353 4607 Actum,
1379 4542 1647 4610 inquiunt,

8 4650 81 4691 ne
106 4650 282 4705 agas.
330 4652 355 4687 ι
387 4632 526 4699 Quid
576 4632 766 4702 plura?
814 4631 989 4688 Senex
1048 4633 1375 4688 inveteratus
1420 4633 1646 4704 impellit

1 4726 286 4795 juvenem
334 4725 694 4781 circumﬂecti
748 4724 932 4780 multis
972 4725 1546 4791 circumventionibus,
1592 4734 1645 4780 et

5 4838 161 4893 saepe
198 4818 559 4877 insibilando
587 4828 850 4874 venenata
870 4816 1115 4882 consilia,
1140 4816 1254 4885 ejus
1276 4816 1472 4886 patulis
1500 4817 1645 4871 auri-

3 4914 113 4968 bus
147 4921 333 4981 urget
370 4909 441 4965 ad
475 4909 701 4964 facinus.
743 4924 840 4979 per
870 4920 1011 4978 quod
1046 4923 1152 4962 non
1182 4909 1509 4963 dimidiaudo
1529 4909 1644 4963 dies

0 5021 141 5061 suos
205 5006 511 5076 periturus
556 5011 672 5057 erat
722 5005 835 5074 ipse
889 5003 1172 5056 maturius.
1231 5000 1459 5057 Venitur
1511 5019 1642 5073 ergo

0 5095 373 5166 quantocius
407 5093 474 5147 ad
503 5094 885 5149 monasterium
914 5111 930 5150 :
959 5092 1176 5164 pellitur
1212 5092 1373 5148 Pater
1418 5092 1647 5149 Benedi-

0 5198 156 5259 ctus,
194 5183 602 5256 complurimis
630 5199 851 5240 suorum
882 5184 1187 5256 laerymoso
1217 5185 1451 5255 suspirio
1478 5186 1647 5240 comi-

0 5282 117 5335 tari
160 5278 346 5334 illum
389 5275 754 5344 cupientibus.
798 5274 864 5330 Et
898 5275 1144 5346 quamvis
1180 5283 1360 5345 posset
1396 5274 1644 5331 hostibus

0 5372 173 5428 facile
211 5368 527 5428 resistere,
558 5365 890 5438 Pyrcbiriani
923 5366 1121 5421 montis
1165 5365 1328 5420 tutela
1373 5366 1503 5421 satis
1542 5382 1639 5419 na-

0 5472 128 5518 tura
159 5457 393 5517 muniti
428 5465 483 5509 et
513 5466 668 5522 arte;
704 5456 891 5510 maluit
918 5464 1099 5510 tamen
1148 5455 1423 5510 humiliter
1450 5456 1643 5509 adven-

0 5556 155 5612 sario
185 5551 442 5613 cedere,
470 5559 739 5621 praecepto
772 5530 982 5603 Domini
1017 5548 1283 5603 dicentis:
1304 5547 1360 5603 Si
1386 5563 1480 5602 vos
1508 5562 1638 5617 per-

0 5648 182 5703 secuti
216 5641 457 5701 fuerint
482 5642 535 5695 in
558 5656 663 5696 una
690 5642 932 5708 civitate,
960 5640 1129 5711 fugite
1151 5641 1204 5693 in
1229 5640 1419 5705 aliam;
1452 5640 1640 5694 simul-

0 5753 105 5809 que
138 5735 316 5794 dedit
348 5731 537 5786 locum
570 5732 682 5797 irae,
711 5733 950 5788 imitatus
981 5733 1205 5802 vestigia
1236 5731 1430 5787 summi
1458 5731 1637 5788 Patris

0 5824 339 5892 Benedicti,
394 5824 784 5879 monachorum
828 5825 1066 5880 omnium
1108 5825 1260 5883 ducis
1298 5824 1504 5891 eximii,
1538 5824 1630 5896 qui

1761 3338 1957 3394 librum
1987 3339 2218 3411 legendi,
2260 3340 2428 3395 nostri
2477 3340 2837 3397 testificantur
2879 3342 3041 3398 oculi.
3080 3342 3345 3412 Aliquan-

1761 3438 1870 3485 tum
1897 3430 2128 3487 ﬂuxerat
2158 3432 2439 3502 temporis,
2471 3442 2525 3487 et
2561 3449 2684 3487 cum
2713 3434 2872 3504 hujus
2894 3434 3112 3489 visionis
3138 3436 3341 3490 seriem

1758 3518 1966 3590 Hugoni
1994 3521 2284 3577 venerabili
2321 3522 2501 3578 abbati
2532 3520 2875 3578 Cluniacensi
2905 3523 3195 3587 retulisset,
3221 3526 3345 3580 tunc

1757 3611 1827 3668 al)
1850 3628 1915 3669 eo
1943 3614 2189 3669 audivit:
2226 3631 2245 3665 ι
2281 3613 2537 3669 Poculum
2571 3629 2603 3668 a
2644 3614 2801 3669 Patre
2828 3624 3031 3679 nostro,
3064 3615 3149 3670 cui
3181 3614 3345 3670 mini-

1757 3703 1971 3758 strabas
1999 3701 2170 3769 illum,
2209 3703 2392 3758 statim
2438 3712 2724 3759 secuturus
2768 3704 3022 3773 accepisti
3055 3723 3067 3758 :
3097 3704 3222 3775 quia
3246 3720 3344 3761 ne-

1756 3808 1910 3849 cesse
1937 3802 2020 3850 est
2056 3801 2127 3858 te,
2156 3792 2348 3860 frater,
2386 3794 2570 3850 calicis
2614 3804 2669 3850 et
2720 3796 2988 3866 passionis
3024 3806 3340 3853 sanctorum

1754 3882 2132 3953 compatiendo
2173 3884 2491 3955 participem
2541 3883 2679 3939 fieri.
2717 3904 2735 3937 ι
2768 3884 3032 3952 Quodjta
3071 3886 3341 3958 signiﬁca-

1756 3983 1866 4030 tum
1892 4016 1908 4043 ,
1948 3975 2087 4031 sicut
2130 3984 2311 4032 tantus
2345 3976 2614 4047 interpres
2658 3976 2828 4043 dixit,
2879 3994 3055 4034 rerum
3092 3977 3343 4049 probat-tt

1753 4069 1951 4122 exitus.
1981 4066 2085 4123 Sed
2116 4068 2266 4137 prius
2294 4068 2576 4124 dicendum
2611 4078 2693 4123 est
2723 4068 2955 4139 qualiter
2997 4068 3200 4138 absque
3240 4068 3341 4123 hu-

1754 4173 1915 4213 mano
1941 4159 2269 4214 adminiculo
2296 4160 2435 4213 idem
2468 4169 2653 4229 pastor
2680 4169 2864 4215 noster
2890 4158 3218 4215 monasterio
3243 4175 3341 4230 per

1754 4248 1848 4304 Dei
1875 4249 2204 4305 voluntatem
2238 4250 2308 4304 sit
2334 4251 2635 4305 restitutus.

1825 4341 1914 4396 50.
1941 4343 2243 4395 Adversarii
2271 4343 2383 4413 ejus
2427 4343 2553 4396 dant
2580 4359 2778 4411 pwnas.
2827 4343 3066 4410 Quadam
3105 4357 3339 4412 namque

1755 4435 1840 4491 die
1866 4435 2091 4490 fratrum
2122 4435 2344 4490 diutinis
2393 4434 2647 4507 lacrymis
2677 4434 3002 4499 admonitus,
3048 4434 3177 4489 solis
3219 4433 3336 4502 jam

1757 4530 1989 4585 abeunte
2036 4544 2217 4595 curru,
2265 4529 2465 4584 montis
2513 4527 2773 4583 verticem
2818 4528 3005 4597 paucis
3047 4527 3340 4583 comitatus

1677 4598 1940 4677 l)subiit.
1987 4620 2152 4692 Cujus
2201 4635 2325 4675 mox
2376 4620 2558 4675 audito
2597 4619 2809 4675 famoso
2858 4620 3113 4687 nomine,
3160 4621 3341 4676 omnis

1752 4715 1840 4770 illa
1871 4714 2129 4784 sacrilega
2156 4729 2366 4780 manus,
2401 4728 2519 4785 quae
2539 4728 2635 4768 sua
2658 4713 2879 4784 indigna
2910 4714 3143 4770 statione
3166 4725 3222 4768 et
3252 4729 3338 4769 ra-

1751 4810 1876 4881 pina
1900 4809 2074 4863 locum
2098 4808 2394 4878 polluebat,
2426 4808 2625 4878 ingenti
2658 4808 2883 4864 horrore
2910 4824 3163 4879 percussa
3190 4808 3339 4865 illico

1752 4898 2005 4971 fugiendo
2026 4899 2266 4955 defluxit.
2286 4898 2479 4955 Petrus
2497 4908 2677 4955 autem
2701 4901 2963 4966 marcltio,
2981 4915 3165 4971 pro_eo
3188 4901 3335 4971 quod

1751 5001 1998 5048 sanetum
2039 4991 2214 5045 locum
2248 4991 2487 5058 violavit,
2518 5007 2729 5048 necnon
2763 4999 2818 5047 et
2856 4993 3033 5047 virum
3069 4992 3179 5048 Deo
3217 4992 3335 5063 ple-

1750 5098 1878 5137 num
1900 5098 1996 5138 sua
2025 5083 2328 5138 temeritate
2348 5084 2706 5145 contristavit,
2728 5093 2850 5155 post
2880 5084 3042 5138 trium
3068 5085 3335 5139 mensium

1750 5174 2006 5243 spatium,
2046 5174 2309 5246 angelica,
2346 5182 2403 5228 ut
2446 5177 2740 5243 credimus,
2779 5175 2982 5231 ultione
3020 5192 3333 5247 percussus,

1747 5274 1911 5320 vitam
1950 5280 2089 5320 ma.e
2131 5267 2325 5322 finivit.
2376 5265 2740 5321 Chunibertus
2774 5282 2987 5337 quoque
3034 5282 3199 5338 super
3237 5282 3338 5322 ne—

1748 5359 1933 5428 quitiae
1968 5374 2080 5415 suae
2118 5360 2338 5414 ausibus
2399 5374 2502 5413 non
2532 5360 2620 5414 diu
2659 5359 2918 5428 gloriatus
2948 5368 3047 5416 est.
3081 5359 3215 5415 Nam
3241 5360 3336 5431 qui

1746 5451 1898 5522 prius
1929 5452 2131 5522 pollere
2157 5452 2440 5507 videbatur
2466 5452 2730 5521 sapientia
2761 5462 2815 5508 et
2842 5455 3130 5525 episeOpaIi
3160 5454 3338 5526 digni-

1748 5552 1879 5611 tate,
1910 5543 2182 5599 involutus
2212 5544 2423 5598 tandem
2467 5544 2682 5601 llenrici
2713 5547 2929 5616 superbi
2953 5547 3093 5617 regis
3119 5563 3332 5613 errore,

1746 5651 1808 5691 ac
1834 5652 1933 5707 per
1959 5637 2059 5690 hoc
2103 5636 2171 5690 ab
2206 5635 2495 5704 apostolica
2538 5636 2825 5692 damnatus
2861 5636 3008 5703 sede,
3041 5650 3243 5708 quanto
3266 5640 3334 5695 de

1745 5730 1957 5785 celsiori
1996 5730 2164 5800 gradu
2200 5729 2432 5799 proruit,
2468 5739 2614 5784 tanto
2660 5730 2808 5799 gravi
2851 5746 2982 5786 casu
3028 5732 3192 5786 elisus
3222 5740 3325 5788 est.

1742 5822 1912 5879 Porro
1931 5823 2189 5893 quoniam
2222 5823 2273 5877 in
2305 5822 2593 5893 reprobum
2622 5838 2841 5879 sensum
2871 5826 3079 5881 meritis
3112 5826 3327 5895 exigeu~
