3862 6312
526 354 544 413 1
570 354 666 412 ιτς)

1622 348 1963 407 nurum
2001 312 2360 406 cerasus.
2402 344 2701 405 nomen.

3654 362 3751 417 1480

525 478 669 532 ribus
701 475 945 533 traditus,
981 474 1155 528 lonun
1195 472 1373 542 quem
1406 469 1661 542 princeps
1687 468 1997 539 angelorum
2028 469 2117 524 Mi.
2147 467 2192 527 Α
2226 460 2410 518 Visum
2464 470 2547 517 est
2599 478 2730 534 ergo
2788 465 2900 537 regi
2952 467 3095 536 quod
3152 468 3369 538 petebat
3417 469 3625 535 durum;
3649 474 3743 528 hanc

520 570 674 627 chacl
703 569 966 638 superbia:
989 567 1131 621 ultor
1156 564 1592 637 promptissimus
1620 564 1800 635 elegit.
1835 565 1951 634 ipse
1982 565 2117 619 irre-

518 672 774 718 verenter
824 662 1125 728 temeravit,
1174 660 1446 729 extemplo
1475 660 1582 713 vita
1613 659 1877 729 privatus,
1918 672 2020 713 nec
2062 660 2113 715 iu

518 756 782 826 sepulcris
833 764 1048 824 patrum
1085 769 1328 813 suorum,
1379 752 1480 806 hoc
1506 760 1590 807 est
1633 750 1686 804 in
1723 749 1850 804 sede
1877 766 1973 804 sua
2025 760 2111 805 ul-

518 854 643 915 pute
671 846 1194 909 exconuuunicatus,
1224 843 1552 910 sepulturam
1576 841 1901 911 promeruit.

587 938 673 990 51.
715 935 942 988 Henrico
974 935 1097 1002 imp.
1128 949 1315 987 exosus
1338 931 1670 986 Benedictus.
1698 931 1776 983 Ab
1796 948 1858 985 eo
1884 948 2113 998 compre-

514 1026 782 1080 henditur.
806 1024 1049 1094 Longum
1073 1032 1157 1078 est
1175 1038 1458 1088 enarrare,
1481 1032 1535 1078 et
1558 1023 1807 1078 lectionis
1829 1023 2109 1093 prolixitas

516 1116 744 1172 forsitan
794 1133 954 1171 aures
1002 1117 1178 1171 minus
1226 1125 1479 1187 purgatas
1506 1124 1715 1181 oneret,
1746 1114 1790 1170 si
1822 1116 1981 1170 velim
2008 1129 2108 1169 ex-

515 1209 721 1278 plicare
751 1224 846 1277 per
883 1208 1112 1277 singula,
1142 1215 1273 1278 quot
1316 1216 1371 1261 et
1419 1216 1621 1276 quanta
1653 1208 1875 1277 pertulit
1909 1208 2107 1262 acerba

512 1298 689 1353 bonus
717 1299 905 1353 doctor
932 1308 1114 1351 noster
1139 1299 1209 1353 ab
1244 1296 1476 1352 Henrico
1525 1313 1648 1367 rege
1697 1298 1923 1368 ejusque
1950 1313 2103 1354 com-

512 1389 740 1458 plieibus
772 1389 1116 1454 Simoniacis,
1142 1403 1239 1459 pro
1272 1388 1516 1443 veritatis
1563 1404 1629 1444 ac
1659 1389 1934 1460 religionis
1977 1404 2106 1443 con-

508 1482 726 1535 stantia.
762 1480 890 1549 Scd,
922 1490 979 1536 ut
1021 1497 1208 1536 verum
1252 1482 1440 1551 paucis
1484 1482 1785 1547 absolvam,
1823 1484 1948 1552 quia
1989 1484 2105 1553 ipse

510 1572 834 1628 catholicam
860 1574 1141 1629 veritatem
1170 1574 1414 1645 apprime
1436 1574 1670 1641 colebat,
1687 1584 1741 1630 et
1767 1576 1927 1630 beato
1952 1591 2103 1646 papa:

507 1663 770 1733 Gregorio
800 1665 1024 1737 ejusque
1071 1669 1394 1739 sequacibus
1446 1667 1681 1731 favebat,
1714 1676 1769 1721 et
1815 1669 2102 1724 charitatis

510 1757 964 1829 largitionumque
997 1759 1174 1830 copia,
1212 1768 1273 1812 ut
1308 1758 1634 1829 jampridem
1664 1760 1918 1825 diximus,
1949 1774 2101 1815 com-

2223 562 2404 609 tamen
2461 553 2732 611 olicndere
2786 568 2937 615 ratus
2989 576 3096 615 non
3127 576 3250 616 esse
3289 562 3392 616 sibi
3419 564 3741 635 integrum,eo

2217 647 2359 715 quod
2418 648 2563 716 regni
2628 650 3027 717 quodammodo
3074 652 3258 709 claves
3313 665 3370 710 et
3422 655 3743 727 Longobanlie

2221 747 2428 791 teneret
2478 738 2707 802 aditum,
2756 744 3006 810 quamvis
3037 744 3265 800 invitum
3295 747 3618 818 multumque
3640 756 3740 806 reni-

2220 836 2357 891 tens,
2376 828 2597 884 Patrem
2626 832 2802 887 reddit
2820 832 3190 890 Benedictum.
3207 835 3442 906 Ereptus
3463 839 3623 909 itaque
3641 844 3741 901 situt

2212 921 2331 977 ovis
2362 937 2391 974 a
2431 921 2677 993 luporum
2713 926 2872 981 saevis
2903 926 3176 992 faucibus,
3234 938 3292 983 et
3312 931 3381 984 ad
3412 936 3737 991 monasterium

2214 1028 2518 1082 regressus,
2554 1027 2705 1072 tanto
2734 1019 2785 1072 in
2812 1017 3034 1089 jejuuiis
3066 1030 3122 1077 et
3151 1021 3509 1095 eleemosynis
3528 1040 3583 1080 se
3607 1028 3647 1081 in
3671 1030 3737 1084 Dei

2213 1105 2378 1161 rebus
2403 1109 2681 1175 astrinxit,
2706 1120 2911 1180 quanto
2938 1121 3094 1169 extra
3119 1114 3314 1170 cellam
3334 1127 3586 1188 evagatus
3604 1121 3736 1176 seculi

2210 1195 2373 1251 rebus
2395 1207 2557 1268 atque
2578 1200 2857 1258 sceleratis
2878 1203 3141 1261 admistus
3168 1207 3404 1263 exstitit.
3428 1206 3528 1270 Qui
3547 1211 3737 1279 tetigerit,

2210 1286 2489 1356 inquiens,
2523 1293 2689 1361 picem
2720 1295 3145 1365 coinquinabitur
3168 1298 3235 1351 ab
3263 1315 3326 1351 ea
3342 1316 3362 1362 ;
3398 1308 3471 1364 cl,
3501 1298 3645 1354 Nemo
3668 1304 3733 1355 uti-

2208 1379 2368 1435 litans
2394 1382 2500 1437 Deo
2533 1384 2764 1454 implicat
2783 1404 2839 1441 se
2865 1389 3081 1457 negotiis
3111 1388 3479 1443 srrcularibus.

2278 1472 2369 1527 55.
2413 1473 2648 1530 Witelmi
2676 1478 2833 1547 episc.
2857 1479 3002 1547 pravi
3035 1495 3228 1533 mores.
3268 1478 3481 1534 Mortuo
3508 1491 3675 1543 autem.
3696 1492 3738 1538 ut

2209 1565 2460 1633 superius
2513 1565 2715 1621 dictum
2768 1575 2871 1633 est,
2903 1568 3231 1624 Taurinensi
3274 1570 3616 1633 Clntniberto.
3646 1588 3736 1626 suc-

2205 1656 2370 1711 cessit
2389 1657 2437 1711 ei
2465 1658 2681 1726 quidam
2701 1659 2777 1729 (ὅ)
2802 1659 3110 1725 Witelmus,
3136 1663 3251 1733 qui,
3278 1665 3525 1732 quamvis
3545 1667 3736 1720 omnium

2203 1763 2343 1818 quos
2379 1758 2522 1805 terra
2575 1759 2810 1808 sustinet
2857 1753 3102 1810 moribus
3127 1764 3275 1810 esset
3307 1757 3648 1825 turpissimus.
3671 1775 3739 1827 po-

509 1824 754 1916 placebat
781 1866 793 1901 :
822 1824 1105 1919 propterea
1154 1849 1356 1920 regiam
1385 1850 1562 1904 aulam
1612 1849 1904 1904 Simoniaci
1935 1865 2085 1904 cauet

2207 1842 2306 1895 tuit
2337 1850 2515 1898 tamen
2546 1841 2794 1900 obtinere
2814 1846 2884 1901 ab
2906 1845 3143 1903 llenrico
3180 1862 3309 1917 rege
3331 1824 3600 1918 protervo,
3620 1824 3737 1920 copia

511 1938 760 1993 videlicet
800 1940 1056 2009 paulatim
1105 1940 1207 1996 hac
1247 1940 1389 1994 fanta
1435 1951 1598 2011 atque
1632 1941 1919 1995 latratibus
1953 1956 2099 1996 eom-

505 2028 816 2096 pleverant,
864 2030 1038 2084 solum
1092 2046 1213 2087 esse
1257 2031 1633 2097 Benedictum,
1668 2033 1760 2102 qui
1805 2032 2007 2087 faceret
2041 2045 2098 2088 ut

506 2140 664 2179 suum
687 2125 798 2195 regi
837 2126 1216 2182 detraheretur
1244 2128 1511 2192 diadema,
1556 2135 1613 2182 et
1661 2128 1713 2182 in
1762 2131 2096 2183 monasterio

506 2215 692 2270 Sancti
725 2214 1023 2282 Michaelis,
1060 2234 1168 2288 quo
1217 2229 1377 2289 pacto
1415 2220 1525 2274 vita
1573 2232 1627 2275 et
1679 2235 1845 2291 regno
1891 2222 2097 2290 pariter

504 2309 833 2375 privaretur,
880 2310 1074 2364 crebra
1130 2310 1246 2365 ﬁeri
1298 2312 1672 2367 conciliabula.
1723 2311 1875 2368 Unde
1925 2314 2091 2384 regali

502 2413 610 2453 non
662 2415 850 2469 parmn
903 2402 1146 2461 infensus
1198 2404 1400 2468 curias,
1460 2420 1582 2459 cum
1631 2420 1661 2459 a
1711 2406 1909 2462 domno
1955 2422 2091 2476 papa

500 2487 787 2559 Gregorio,
822 2491 904 2545 cui
937 2493 1007 2546 ob
1038 2492 1234 2547 merita
1283 2509 1377 2548 sua
1421 2504 1539 2549 erat
1578 2496 1952 2562 charissimus,
1985 2496 2093 2551 Ro.

501 2594 645 2632 mam
702 2582 937 2650 quodam
992 2592 1234 2654 tempore
1287 2585 1477 2639 fuisset
1525 2586 1820 2652 invitatus,
1866 2587 2091 2658 ejusque

500 2670 770 2741 colloquio
818 2674 1013 2729 fruittts
1063 2676 1130 2729 ad
1160 2675 1422 2747 ,Casiuutu
1474 2687 1709 2733 montem
1750 2689 2085 2749 preperaret,

500 2763 662 2833 idque
692 2765 800 2836 regi
828 2776 945 2834 post
970 2767 1192 2822 biduum
1220 2778 1556 2839 compertum
1590 2770 1764 2837 foret;
1791 2780 1944 2828 tanto
1977 2780 2089 2827 stu-

498 2855 589 2908 dio
606 2854 771 2923 jussit
801 2856 948 2911 illum
978 2860 1255 2929 persequi,
1294 2870 1351 2915 ut
1375 2862 1493 2931 ejus
1528 2862 1721 2931 impias
1750 2878 1943 2919 manus
1969 2864 2087 2919 nul-

499 2944 711 3001 latenus
739 2957 922 3016 posset
951 2948 1206 3021 eliugere.
1240 2951 1405 3008 Multo
1428 2953 1626 3023 quippe
1657 2954 1886 3009 militum
1916 2969 2086 3027 equo-

496 3054 687 3093 rumve
736 3041 967 3107 sudore,
1012 3051 1303 3112 antequam
1355 3044 1448 3099 illo
1494 3046 1801 3115 perveniret
1848 3049 2083 3117 capitur,

499 3136 753 3202 trahitur,
783 3151 883 3195 nee
910 3138 1026 3193 sine
1059 3139 1327 3194 calumnia
1365 3142 1430 3196 ad
1475 3157 1653 3213 regem
1695 3144 1990 3199 reducitur.
2039 3144 2084 3202 0

2199 1933 2338 1995 auri,
2393 1942 2454 1987 ut
2489 1936 2814 2003 possideret,
2865 1938 2971 1992 imo
3008 1938 3277 2010 pollueret
3312 1955 3506 1995 nomen
3530 1942 3737 2011 episcopi.

2204 2026 2474 2097 Usurpata
2507 2044 2636 2084 vero
2665 2032 2903 2101 episcopi
2941 2033 3204 2104 dignitate
3234 2034 3349 2103 ipsa
3396 2035 3497 2088 {rex
3530 2045 3678 2097 terrae,
3699 2048 3740 2089 et

2199 2114 2384 2187 fruges
2430 2133 2755 2175 consumere
2806 2130 2987 2187 natus,
3027 2124 3117 2191 qui
3151 2124 3303 2193 prius
3342 2123 3521 2177 fuerat
3548 2125 3737 2187 Stoicus,

2199 2204 2336 2273 sive,
2395 2216 2455 2261 ut
2501 2207 2673 2274 aiunt,
2716 2208 3026 2276 Paterinus,
3072 2214 3317 2282 gaudens
3357 2223 3507 2269 sorte
3552 2225 3735 2278 mutata,

2196 2299 2459 2370 quidquid
2514 2302 2871 2373 undecunque
2896 2290 2899 2291 ν
2925 2305 3222 2376 compilare
3248 2316 3467 2377 poterat
3491 2309 3641 2362 ventri
3660 2308 3737 2361 do-

2196 2392 2361 2448 nabat
2416 2408 2603 2450 avaro.
2658 2396 2861 2452 Verum
2917 2398 2993 2453 nil
3030 2399 3168 2454 satis
3212 2409 3334 2455 erat
3366 2417 3383 2455 :
3410 2399 3597 2471 quippe
3630 2415 3736 2479 cum

2194 2492 2390 2553 quater
2432 2483 2487 2540 in
2538 2496 2715 2555 nocte,
2771 2488 2815 2543 si
2864 2488 3002 2545 bene
3026 2490 3274 2554 memini,
3309 2491 3573 2563 totiesque
3604 2492 3649 2546 in
3672 2491 3739 2545 die

2195 2575 2514 2633 blaterando
2566 2589 2782 2649 pastum
2832 2590 3039 2652 peteret
3090 2584 3265 2639 tribus
3310 2585 3457 2641 ursis
3480 2584 3613 2655 quod
3634 2585 3737 2641 satis

2191 2679 2356 2725 esset.
2387 2669 2436 2726 ls
2460 2671 2547 2726 ubi
2576 2672 2714 2727 bona
2739 2675 3084 2745 episcopatus
3113 2676 3165 2731 in
3196 2676 3407 2732 fumum
3436 2678 3737 2747 cineremque

2194 2770 2456 2830 verterat,
2513 2779 2811 2835 pauperum
2837 2777 3148 2824 nostrorum
3187 2771 3397 2841 rapinis
3427 2771 3545 2843 gula
3571 2772 3739 2842 barpiis

2190 2854 2356 2924 digna
2414 2857 2705 2926 rapacibus
2747 2862 3102 2917 exaestuabat.
3146 2863 3294 2918 Talis
3344 2879 3477 2935 ergo
3511 2865 3739 2934 pernicia

2189 2954 2244 3000 et
2292 2954 2586 3018 tempestas
2633 2950 3022 3024 baratrumque
3074 2955 3288 3011 macelli
3342 2957 3501 3012 anuis
3529 2958 3739 3028 plurimis

2188 3045 2434 3092 sanctum
2488 3039 2581 3095 Dei
2612 3042 2811 3108 virum,
2860 3054 3214 3119 nostrumque
3256 3050 3639 3106 monasterium
3660 3050 3738 3104 ad-

2189 3128 2407 3182 modum
2435 3131 2673 3196 vexavit,
2716 3135 3030 3206 ventrisque
3062 3151 3314 3193 omasum
3345 3148 3645 3212 nostrarum
3673 3155 3740 3193 re-

497 3229 591 3298 qui
622 3237 746 3284 tunc
780 3230 1020 3299 plausus,
1056 3241 1110 3288 et
1156 3234 1345 3300 gaudia
1398 3246 1599 3305 quanta
1640 3236 1817 3293 fuere!
1872 3238 2084 3310 Iniquo-

2195 3234 2310 3274 rum
2342 3223 2650 3295 Sacrilegio,
2683 3234 2740 3281 et
2763 3238 2918 3298 raptu
2940 3228 3232 3295 farciendo,
3262 3233 3481 3289 tandem
3507 3232 3573 3287 ad
3601 3233 3742 3287 instar

500 3336 620 3375 rum
666 3338 859 3393 nempe
897 3327 1241 3381 sacerdotum
1289 3345 1393 3383 non
1430 3330 1698 3396 cmlestis,
1740 3332 1834 3387 sed
1881 3334 2083 3387 terreni

498 3414 643 3484 regis
676 3417 877 3484 palatio
905 3420 1313 3485 cxcubantium,
1366 3423 1454 3478 alii
1501 3438 1662 3479 cruce
1709 3424 1947 3496 dignum,
1992 3426 2083 3482 alii

496 3507 778 3565 ultricibus
807 3509 1035 3567 ﬂammis
1080 3515 1555 3580 concremandum,
1589 3517 1829 3574 nonnulli
1872 3517 2084 3575 ferven-

496 3598 763 3656 tissinntm
804 3602 1005 3658 ferrum
1041 3620 1137 3675 per
1172 3605 1287 3675 ejus
1332 3616 1572 3679 tempora
1606 3612 1937 3682 penetrando
1966 3613 2085 3667 adi-

495 3695 748 3763 gendum,
803 3696 1052 3768 plerique
1091 3699 1263 3755 oculis
1303 3711 1562 3758 czecatum
1596 3705 1648 3759 in
1690 3704 1904 3775 longmn
1938 3707 2085 3761 exsi-

492 3784 623 3837 lium
652 3783 1063 3854 detrudendum,
1098 3799 1155 3845 ut
1183 3806 1404 3863 regnum
1446 3804 1593 3849 tanta
1618 3797 1775 3855 sorde
1800 3807 2078 3869 purgetur,

492 3876 821 3948 atljurticant.
880 3882 965 3939 Fit
1020 3899 1243 3954 prorsus
1305 3890 1459 3959 quasi
1519 3890 1728 3961 insigne
1778 3904 2075 3964 tropaeum,

494 3982 835 4029 communem
862 3978 1067 4033 l:05tem
1095 3995 1213 4035 esse
1228 3992 1465 4051 captum,
1485 3996 1782 4041 monstrum
1801 4002 2081 4059 magnum-

492 4078 597 4133 quc
624 4081 835 4122 osorem
869 4073 1028 4141 regite
1058 4075 1250 4128 salutis
1279 4087 1334 4130 et
1362 4094 1582 4133 suorum
1612 4082 1875 4139 omnium.

563 4158 651 4213 3'2.
693 4160 964 4219 Adaleidw
995 4167 1172 4234 [rttn'n'e
1198 4170 1436 4238 eripitur.
1465 4173 1572 4230 llas
1605 4177 2075 4249 igiturt‘Crborum

492 4267 702 4318 cruces,
733 4265 784 4309 et
812 4256 1073 4326 plurimas
1102 4261 1151 4315 id
1186 4267 1403 4334 generis
1431 4273 1793 4330 contumelias
1824 4277 1956 4333 dira:
1982 4296 2074 4335 cu-

490 4345 682 4400 stodia:
735 4351 1103 4422 mancipatus,
1145 4358 1363 4428 suisque
1417 4362 1577 4419 rebus
1613 4369 1941 4437 exspoliatus
1961 4372 2073 4442 jam

486 4434 690 4491 dudum
751 4455 1031 4500 mansuete
1090 4449 1670 4528 tolcrabat,'nihilque
1710 4434 1856 4518 aliud
1912 4434 2073 4537 quam

487 4546 738 4596 suprema
787 4536 980 4590 mortis
1023 4541 1261 4608 pericula
1318 4559 1381 4599 ac
1440 4550 1683 4619 corporis
1714 4555 1795 4611 sui
1839 4536 2068 4614 ludibria
2102 4568 2151 4629 D

488 4623 741 4678 manebat
773 4643 785 4680 :
817 4630 910 4682 sed
943 4630 1034 4685 Dei
1088 4645 1216 4686 nutu
1276 4646 1329 4690 et
1372 4642 1677 4716 archangeli
1709 4652 2067 4722 providentia,

485 4713 659 4807 adfuit
701 4717 773 4773 illi
830 4725 1085 4792 prmsidio
1147 4728 1419 4787 Maleidis
1457 4713 1765 4807 ιηειιεὲιιίείέι,
1801 4713 2066 4803 tnuiieriu

484 4804 581 4861 Dei
636 4811 798 4867 rebus
840 4823 965 4869 tunc
1023 4818 1159 4873 bene
1206 4823 1417 4892 devota,
1448 4830 1582 4884 etin
1619 4848 1800 4888 rerum
1831 4839 2065 4893 admini-

483 4902 750 4957 stratione
805 4910 1267 4980 constantissime,
1321 4919 1385 4973 de
1431 4919 1584 4989 cujus
1643 4940 1818 4983 morte
1881 4931 2063 4988 multis

487 4991 627 5048 facta
657 5000 836 5067 prreda
869 5014 1051 5057 nostra
1086 5023 1256 5077 usque
1286 5012 1443 5069 hodie
1471 5021 1673 5085 gemuit
1700 5025 1900 5092 patria.
1933 5021 2076 5084 H.120~

483 5086 681 5156 itaque,
714 5094 968 5161 quoniam
1007 5102 1145 5169 apud
1176 5119 1351 5174 regem
1386 5119 1513 5163 tunc
1548 5118 1803 5183 temporis
1835 5112 2073 5180 multum

482 5188 719 5271 poterat,
767 5196 1081 5243 constanter
1112 5195 1177 5247 ad
1223 5213 1343 5251 eum
1385 5201 1568 5266 intrat,
1597 5217 1650 5259 et
1691 5219 1746 5262 ut
1779 5211 1928 5269 illum
1965 5215 2059 5271 Dei

480 5267 766 5339 famulum,
821 5279 911 5347 qtti
952 5283 1114 5338 etiam
1168 5304 1347 5345 secum
1408 5310 1651 5363 venerat,
1707 5304 1807 5358 sibi
1841 5322 1940 5376 pro
1962 5326 2062 5367 sua

480 5361 669 5417 reddat
710 5367 993 5427 clementia
1027 5378 1301 5435 immiliter
1330 5388 1619 5456 supplicat.
1643 5361 1801 5447 illunc
1824 5361 1934 5453 sua:
1963 5361 2058 5457 ile-

478 5453 575 5507 c'tts
600 5459 809 5527 patrue,
852 5466 1157 5524 columnam
1192 5483 1243 5525 ct
1275 5479 1427 5545 quasi
1474 5482 1641 5537 solem
1669 5487 1901 5546 allirmat
1928 5509 2048 5551 esse

477 5546 663 5617 ltalize,
694 5567 863 5625 seque
906 5564 1117 5627 reverti,
1170 5567 1269 5622 nisi
1297 5585 1363 5624 eo
1406 5585 1643 5644 recepto,
1690 5579 2045 5650 impossibile.

550 5685 1312 5795 jijhgt
1361 5706 1692 5778 Augustinus
1719 5715 2050 5781 Chuniberto
2086 5734 2364 5795 substituit

476 5750 715 5811 Witelmi
750 5760 886 5815 iacta
914 5750 1201 5824 mentione.

2190 3310 2325 3366 utris
2381 3315 2618 3370 tumidus
2660 3317 2870 3374 medius
2913 3321 3145 3392 crepuit,
3206 3330 3375 3395 atque
3406 3324 3482 3378 ita
3519 3339 3611 3380 sua
3636 3324 3743 3380 face

2186 3411 2242 3461 ct
2264 3404 2514 3461 sordibus
2540 3422 2803 3478 supernas
2826 3409 3175 3483 inieruasque
3200 3429 3367 3472 auras
3386 3416 3591 3488 polluit.

2257 3494 2347 3549 5t.
2391 3495 2638 3567 Episcopi
2665 3499 2785 3555 item
2820 3501 3185 3561 Vercellemis.
3230 3507 3469 3564 Venerat
3486 3509 3551 3563 ad
3581 3522 3739 3563 mona-

2186 3587 2412 3641 sterium
2458 3597 2513 3642 et
2560 3588 2920 3650 Vercellensis
2945 3595 3255 3668 episcopus,
3285 3614 3443 3669 aeque
3465 3600 3577 3670 ipse
3601 3602 3742 3670 pestis

2187 3694 2250 3739 ae
2303 3679 2649 3738 Simoniacus
2700 3697 2715 3738 :
2745 3683 2968 3757 jamque
2995 3691 3281 3761 presbyter
3316 3692 3466 3748 illius
3488 3708 3641 3763 super
3668 3710 3743 3747 ve-

2186 3772 2487 3824 nerandum
2547 3778 2723 3829 sancti
2777 3775 3057 3834 Michaelis
3096 3781 3271 3838 altare
3322 3784 3518 3839 missas
3551 3794 3742 3840 acturus

2185 3860 2407 3914 calicem
2433 3873 2708 3932 posuerat,
2733 3881 2855 3922 cum
2882 3867 3035 3937 jussu
3070 3872 3243 3940 patris
3272 3872 3550 3930 Benedicti
3572 3874 3740 3929 fratres

2184 3953 2637 4020 supervenientes
2665 3956 2889 4013 calicem
2924 3961 2991 4016 ad
3024 3971 3225 4018 terram
3253 3963 3532 4034 rejiciuut,
3565 3968 3743 4036 episco-

2185 4059 2311 4114 pum
2362 4061 2467 4099 uua
2511 4062 2634 4101 cum
2671 4050 2991 4122 presbytero
3012 4069 3139 4117 .suo
3163 4054 3233 4109 ab
3269 4055 3433 4113 altari
3460 4060 3739 4117 retrahunt.

2182 4142 2235 4187 et
2266 4134 2335 4188 ab
2380 4136 2609 4192 ecclesia
2661 4156 2768 4195 non
2803 4143 3007 4215 absque
3034 4148 3229 4217 injuria
3253 4151 3564 4208 eliminant.
3595 4155 3738 4220 Quam

2183 4225 2385 4280 rabidis
2416 4235 2543 4283 tunc
2573 4229 2664 4284 ille
2711 4243 2903 4301 potens
2926 4237 3086 4305 minis
3111 4240 3273 4294 simul
3303 4256 3431 4296 cum
3456 4244 3738 4303 marchisia,

2183 4313 2248 4368 ad
2272 4315 2426 4383 cujus
2450 4321 2658 4376 curiam
2689 4336 2930 4390 venerat,
2963 4327 3226 4397 intonuit;
3256 4348 3379 4403 quae
3408 4350 3584 4390 rerum
3611 4338 3739 4391 dam-

2180 4422 2268 4473 na,
2315 4409 2399 4465 vel
2444 4410 2672 4483 injurias
2703 4417 2770 4470 ab
2803 4417 2907 4474 illis
2928 4419 3000 4475 ob
3030 4423 3171 4479 hanc
3201 4441 3429 4482 causam
3454 4444 3557 4485 non
3580 4438 3737 4498 pertu-

2180 4495 2340 4552 limus
2369 4498 2393 4553 ?
2420 4498 2546 4557 llam
2594 4504 2715 4560 ideo
2749 4507 2884 4573 dixi,
2929 4520 2987 4566 ut
3013 4516 3385 4581 ostenderem,
3407 4495 3604 4587 quanta
3630 4534 3735 4573 con-

2178 4591 2375 4646 stantia
2418 4593 2503 4650 vir
2526 4597 2735 4655 Domini
2761 4611 2923 4673 atque
2973 4605 3090 4675 ejus
3112 4608 3319 4665 alumni
3346 4624 3562 4679 semper
3591 4611 3737 4667 Simo-

2179 4682 2458 4740 niacorum
2511 4687 2747 4761 fugerint
2795 4700 3089 4765 consortia,
3146 4711 3202 4754 et
3230 4702 3521 4760 vitaverint
3551 4706 3737 4760 cautius

2176 4778 2440 4847 sanguine
2464 4781 2731 4852 viperino,
2780 4793 2995 4846 tametsi
3033 4794 3199 4849 multa
3222 4795 3433 4852 ferrent
3469 4799 3738 4856 incommo-

2176 4865 2239 4919 da
2266 4868 2369 4923 hoc
2391 4885 2579 4928 amore
2608 4877 2854 4933 veritatis
2886 4888 2939 4934 ct
2965 4884 3101 4938 zelo.

2243 4957 2333 5012 5-3.
2377 4960 2668 5018 Monac/tus
2722 4970 2857 5023 mire
2901 4974 3230 5032 convalescit.
3283 4979 3479 5037 Frater
3517 4982 3731 5051 quidam,
3814 5044 3815 5063 χ

2169 5063 2329 5119 quem
2373 5052 2535 5111 hodie
2584 5072 2708 5113 reor
2758 5066 3130 5133 superstitem,
3173 5070 3408 5141 plurima
3442 5075 3732 5129 inﬁrmitate

2170 5141 2447 5209 laborans,
2508 5148 2565 5201 iu
2597 5155 2857 5210 extremis
2893 5160 3100 5227 positus
3128 5161 3328 5232 linguae
3362 5166 3594 5223 officium
3614 5170 3731 5223 ami-

2168 5246 2309 5291 serat
2347 5239 2482 5295 :sed
2546 5244 2663 5299 viro
2717 5246 2811 5302 Dei
2858 5248 3148 5309 Benedicto
3182 5256 3294 5312 cito
3330 5259 3663 5322 adveniente,
3690 5272 3731 5314 ct

2171 5326 2320 5381 illum
2363 5345 2463 5387 suo
2519 5336 2739 5393 nomine
2788 5349 3016 5409 paterno
3066 5345 3269 5404 affectu
3315 5354 3727 5415 vocitante,eara

2169 5420 2393 5516 minime
2448 5430 2858 5499 respondisset:
2892 5452 2907 5486 ι
2944 5434 3226 5509 Praecipio,
3286 5444 3488 5514 inquit,
3533 5447 3618 5502 tibi
3651 5461 3729 5516 per

2164 5510 2551 5607 obedientiam,
2602 5521 2675 5577 tili
2712 5522 2872 5582 Petro
2898 5529 3025 5597 (hoc
3044 5534 3189 5588 enim
3220 5510 3724 5607 eratejusnomenl.

2167 5610 2223 5654 ut
2251 5603 2380 5660 mihi
2406 5607 2666 5680 loquaris.
2704 5635 2723 5667 ι
2758 5616 2841 5672 Ad
2875 5618 3009 5677 hanc
3033 5640 3223 5681 vocem
3247 5603 3441 5687 oculos
3469 5650 3589 5687 tuo);
3618 5648 3725 5701 ape.

2414 5742 2745 5819 Wibertum,
2801 5752 3046 5815 Wibcrto
3097 5762 3483 5837 .‘llayuardum,
3540 5773 3665 5827 nulla
