3862 6312
142 368 162 424 l
178 368 255 425 l8!

1232 347 1389 404 vna
1429 344 1790 404 BENEDICTI
1826 347 1983 402 anu.
2020 348 2226 423 ecus.

3227 349 3365 406 M82

136 486 267 539 riens
314 469 622 528 delictorum
679 463 1073 522 confessionem
1116 462 1253 532 egit,
1307 465 1679 532 susceptisque
1713 462 1761 521 Α
1790 473 1960 528 puero
2006 475 2105 516 suo
2142 463 2209 518 de
2260 471 2442 519 monte
2472 461 2849 527 descenderet,
2880 463 3041 532 carpit
3069 463 3207 519 ilcm
3233 479 3368 535 puer

139 538 313 628 divinis
350 557 715 621 sacramentis,
748 565 937 613 orante
975 538 1132 609 tanto.
1160 553 1338 618 Patre,
1369 555 1522 610 ocius
1550 568 1682 609 con-

164 660 305 714 aluit.

134 679 305 716 νπιιηι.

192 747 273 801 56.
309 744 438 797 Item
467 738 623 793 alius.
679 735 937 791 Novimus
966 734 1131 789 alium
1163 732 1267 788 mei
1307 733 1539 789 nominis
1568 732 1682 786 fra-

132 853 273 901 trem,
303 836 391 905 qui
415 835 542 888 dum
581 830 742 885 nimis
784 830 1037 883 incautus
1060 841 1223 897 super
1243 826 1501 881 solarium
1533 825 1685 878 mirae

130 925 409 983 altitudinis
440 921 761 976 temerarius
794 920 1083 980 incederet,
1112 917 1293 986 lapsus
1312 923 1417 979 est,
1450 922 1506 969 et
1533 923 1684 969 tanto

86 1072 93 1075 Α
127 1036 240 1077 casu
280 1017 528 1072 omnibus
558 1027 693 1084 pene
719 1012 920 1066 attritis
946 1008 1180 1072 ossibus,
1210 1008 1262 1063 in
1294 1009 1511 1064 domum
1544 1006 1687 1061 infir-

128 1124 318 1165 morum
363 1106 595 1167 delatus,
628 1103 810 1156 multis
856 1100 1103 1170 quamvis
1132 1098 1444 1154 balneorum
1476 1098 1683 1160 usibus,

126 1221 209 1261 seu
255 1199 658 1271 epitbimiorum
708 1195 854 1250 fotus
894 1192 1324 1257 medicamentis,
1352 1190 1680 1258 jacebatde-

126 1303 369 1365 speratus.
423 1289 562 1343 Huic
608 1288 810 1355 jacenti
863 1285 1015 1355 quasi
1047 1284 1284 1339 exanimi
1324 1292 1379 1338 et
1423 1282 1686 1337 dissoluto

125 1403 270 1443 senex
324 1384 521 1438 canitie
569 1391 625 1436 et
668 1381 804 1436 albis
847 1380 1085 1435 vestibus
1119 1380 1348 1432 decorus
1384 1376 1434 1429 in
1479 1375 1685 1429 somnis

123 1481 256 1531 visus
282 1484 382 1535 est,
404 1473 592 1527 dicens
614 1472 724 1526 illi:
754 1489 773 1522 ι
806 1470 1047 1540 Surgens
1076 1480 1306 1536 sequere
1334 1480 1439 1520 me.
1475 1484 1492 1517 ι
1524 1464 1685 1519 Cum-

124 1582 217 1636 que
266 1565 435 1617 frater
486 1573 711 1631 propter
736 1560 1011 1615 defectum
1053 1573 1229 1623 suum,
1260 1554 1413 1624 cujus
1437 1566 1555 1611 erat
1581 1555 1684 1611 sibi

121 1657 374 1718 conscius,
401 1654 705 1708 hmsitaudo
750 1667 955 1706 moram
998 1649 1222 1711 faceret,
1257 1663 1472 1702 rursum
1505 1647 1688 1701 senior

122 1749 444 1821 ingeminans
481 1762 495 1799 :
536 1764 556 1797 ι
593 1745 786 1814 Surge,
839 1743 1036 1806 aiebat,
1087 1756 1278 1811 surge;
1319 1749 1374 1793 et
1405 1741 1546 1793 hunc
1576 1754 1685 1807 quo

1785 550 1939 620 gravi
1985 551 2173 607 dolore
2218 553 2364 609 illius
2419 569 2631 621 manus,
2671 570 2793 625 qua:
2816 554 2943 608 furti
2971 555 3186 611 conscia
3222 562 3369 626 erat,

1785 654 2031 707 vexatus,
2083 653 2231 701 totus
2276 654 2530 709 tremere,
2557 656 2880 718 patremque
2908 646 2994 702 his
3027 647 3249 702 vocibus
3279 647 3367 703 in-

1787 736 2073 804 terpellare
2122 755 2136 790 :
2188 757 2208 789 ‹
2257 741 2532 803 Accurre,
2598 746 2781 808 pater,
2829 754 3053 794 accurre
3090 740 3249 805 citus,
3294 753 3361 794 en

1784 825 2014 890 morior,
2046 827 2148 882 nisi
2189 829 2445 883 subvenis
2483 829 2826 898 quantocius.
2877 848 2896 881 ι
2930 828 3175 899 Cumque
3206 829 3367 885 homo

1786 910 1877 966 ille
1908 929 2127 970 manum
2154 917 2269 982 filii,
2303 917 2713 987 utrumquejam
2739 916 3019 972 brachium
3042 919 3198 974 valde
3227 920 3368 972 intu-

1785 1016 2030 1063 mescere
2060 1017 2329 1070 cerneret,
2360 1007 2527 1061 nimia
2554 1006 2754 1061 doloris
2790 1007 3062 1062 anxietate
3093 1008 3367 1071 turbatus,

1782 1102 1883 1157 hos
1930 1102 1997 1156 ad
2054 1100 2252 1155 coelum
2299 1097 2552 1167 displosis
2589 1098 2837 1152 manibus
2861 1097 3067 1153 ferebat
3096 1097 3366 1165 ejulatus;

1793 1210 1812 1244 ι
1845 1192 1930 1247 Me
1959 1191 2239 1253 miserum,
2290 1188 2420 1259 quid
2472 1203 2628 1259 agam
2673 1186 2926 1243 ?Sancte
2974 1186 3189 1258 angele,
3238 1186 3370 1255 quid

1788 1281 1971 1339 facere
1999 1280 2238 1347 voluisti,
2272 1288 2331 1335 ut
2355 1280 2573 1335 unicum
2603 1293 2804 1344 meum,
2832 1292 2992 1348 quem
3026 1277 3372 1347 tibiprtcsen-

1786 1382 2053 1438 taveram,
2100 1372 2180 1429 sic
2209 1370 2434 1427 tolleres
2463 1371 2594 1426 mihi
2620 1372 2643 1425 ?
2678 1389 2694 1421 ρ
2727 1370 2969 1440 Recepto
2996 1378 3175 1425 tamen
3206 1382 3370 1423 sensu

1788 1476 1844 1523 et
1869 1464 2074 1522 sedatis
2096 1464 2373 1536 lacrymis,
2425 1463 2733 1518 sciscitatur
2769 1478 2997 1533 puerum
3031 1460 3373 1518 sermonibus

1789 1556 2044 1612 blandis:
2082 1574 2100 1606 ‹
2135 1554 2311 1610 Chare
2366 1553 2549 1618 filiole,
2601 1554 2728 1622 quid
2763 1554 2981 1608 fecisti?
3009 1553 3144 1607 Num
3175 1552 3226 1605 in
3249 1566 3373 1605 san-

1786 1647 2015 1703 ctuariis
2051 1646 2255 1715 aliquid
2281 1644 2500 1714 tetigisti
2530 1644 2669 1698 unde
2715 1644 2884 1699 sancti
2926 1642 3234 1712 archangeli
3261 1640 3372 1696 cel-

1790 1738 2081 1794 situdinem
2140 1736 2281 1791 forte
2320 1734 2669 1790 offenderes?
2697 1754 2716 1786 ι
2766 1735 2902 1789 Tum
2950 1734 3039 1789 ille
3070 1752 3082 1788 :
3116 1752 3134 1785 ‹
3168 1735 3242 1788 lta
3266 1743 3371 1801 est,

121 1804 343 1896 membra
382 1839 584 1893 debilia
642 1804 912 1892 sustentes
961 1835 1145 1903 accipe
1176 1833 1445 1887 baculum.
1480 1851 1501 1884 ι
1534 1830 1687 1883 Mane
1721 1804 1763 1863 Β
1793 1830 1992 1900 inquit,
2042 1831 2109 1884 de
2164 1836 2353 1884 sancto
2392 1826 2511 1896 ejus
2556 1842 2716 1883 ceree
2765 1827 3060 1898 particulas
3109 1827 3373 1897 quasdam

123 1934 271 2003 igitur
306 1931 484 1994 facto,
538 1944 664 1984 cum
717 1927 856 1982 idem
914 1941 1058 1996 :eger
1088 1925 1229 1995 patri
1263 1923 1555 1979 Benedicto
1585 1921 1684 1976 sibi

121 2023 356 2077 assidenti
398 2021 631 2076 visionis
671 2019 832 2090 hujus
855 2017 1099 2072 ordinem
1153 2016 1440 2085 panderet,
1464 2013 1689 2082 contigit

122 2122 173 2164 ut
218 2111 384 2165 bonus
435 2109 772 2165 Teutonicos
822 2107 1070 2163 baculum
1108 2104 1466 2162 fabrefactum
1502 2102 1687 2157 abbati

119 2203 341 2259 oll‘erret.
399 2203 574 2270 Quem
609 2203 748 2256 idem
776 2200 939 2255 Pater
968 2199 1185 2254 infirmo
1222 2196 1506 2267 hajulans:
1537 2214 1554 2246 ι
1592 2194 1690 2250 Hic

120 2306 213 2363 est,
258 2296 453 2366 inquit,
512 2295 742 2350 baculus
770 2293 889 2356 tibi,
926 2292 999 2346 ﬁli
1033 2290 1373 2355 charissime,
1405 2290 1457 2343 in
1485 2287 1690 2344 somnis

120 2386 365 2448 traditus,
422 2384 632 2452 accipe.
684 2381 819 2438 nihil
847 2379 1154 2444 addubites,
1179 2394 1362 2449 surge.
1396 2397 1415 2431 ι
1443 2376 1543 2445 Qui
1577 2386 1690 2431 sta-

117 2477 224 2540 tim,
275 2474 534 2530 mirabile
557 2474 700 2549 dictu
725 2474 740 2527 l
778 2474 852 2527 ita
875 2479 1089 2526 erectus
1119 2479 1222 2536 est,
1248 2478 1308 2523 ut
1338 2470 1504 2539 pedes
1527 2476 1688 2523 caetev

113 2566 253 2635 rique
270 2574 422 2620 artus
444 2580 552 2619 sua
580 2565 833 2633 deinceps
857 2561 1032 2618 ofﬁcia
1058 2572 1281 2617 strenue
1316 2561 1579 2617 facerent.

174 2654 259 2708 '57.
296 2654 581 2725 Tempore
609 2654 842 2725 quodam
886 2651 1157 2708 communi
1200 2651 1431 2706 utilitate
1450 2650 1686 2704 fratrum

112 2744 413 2799 admonitus
454 2746 515 2799 in
556 2744 982 2815 Longobardiam
1014 2742 1223 2797 exierat
1257 2760 1270 2794 :
1304 2742 1398 2797 sed
1427 2742 1686 2811 quoniam

114 2835 278 2905 gregis
318 2834 423 2890 sibi
472 2834 759 2890 commissi
814 2834 1011 2889 absens
1050 2833 1215 2887 etiam
1266 2830 1689 2887 sollicitudinem

112 2929 344 2997 gerebat,
378 2942 507 2981 cum
553 2940 704 2981 more
726 2924 884 2980 solito
914 2934 1035 2994 post
1056 2923 1481 2993 Completorium
1513 2922 1693 2993 lacry-

115 3033 285 3073 mosus
337 3033 540 3087 preces
586 3017 740 3086 quasi
802 3029 899 3085 pro
958 3015 1082 3070 filiis
1116 3014 1430 3069 holocausta
1462 3015 1689 3069 Domino

113 3109 405 3172 obtulisset,
458 3108 677 3178 positus
726 3107 777 3161 in
823 3106 1010 3171 cubili,
1047 3107 1213 3176 empit
1250 3106 1476 3161 fratrum
1510 3121 1690 3163 mores

114 3213 172 3253 ac
225 3200 390 3254 vitam
438 3200 629 3254 animo
652 3213 834 3253 secum
871 3197 1165 3252 revolvere.
1198 3197 1314 3251 Tali
1346 3199 1508 3268 igitur
1534 3214 1686 3262 cura,

116 3300 169 3345 ut
222 3292 445 3355 assolet,
507 3290 829 3346 exmsluauti
889 3304 1113 3345 somnus
1150 3290 1415 3360 obrepsit,
1450 3291 1691 3359 viditque

112 3383 352 3454 angelum
384 3382 551 3452 quasi
583 3382 917 3436 succinctum
955 3389 1010 3435 et
1044 3383 1112 3436 ad
1139 3381 1240 3435 iter
1267 3382 1532 3448 agendum
1557 3397 1695 3450 pra:-

114 3486 353 3544 paratum
386 3492 403 3541 ;
457 3488 623 3544 quem
660 3475 998 3543 interrogans
1037 3490 1050 3527 :
1094 3492 1112 3525 ‹
1146 3473 1264 3540 Quo
1312 3483 1384 3535 tu,
1440 3475 1633 3542 inquit,
1658 3490 1692 3528 ο

113 3568 284 3632 beate,
338 3567 422 3623 sic
465 3565 708 3621 intendis
753 3565 1021 3635 pergere?
1057 3583 1075 3614 ι
1119 3563 1217 3619 Cui
1254 3564 1475 3636 angelus
1507 3583 1519 3618 :
1555 3583 1574 3615 ς
1608 3564 1693 3620 Ad

116 3660 508 3715 moriasterium
537 3658 696 3724 vado,
722 3656 876 3727 jussu
895 3658 1106 3713 Domini
1135 3668 1481 3727 correpturos
1506 3672 1694 3727 quem-

112 3751 226 3805 dam
259 3750 496 3806 fratrem
518 3746 976 3819 imptenitentem,
1004 3758 1060 3804 et
1087 3748 1457 3803 immemorem
1490 3746 1691 3803 factum

113 3841 189 3894 sui
222 3841 434 3896 delicti.
472 3860 492 3892 ι
531 3839 812 3909 Simulque
870 3838 1119 3909 designat
1171 3838 1244 3892 illi
1282 3847 1337 3894 et
1360 3853 1556 3895 nomen
1588 3837 1695 3892 fra-

111 3933 221 3993 tris,
275 3940 331 3987 et
381 3932 499 3988 acti
546 3930 823 3986 facinoris.
854 3929 964 3985 Nec
1004 3929 1170 3984 multo
1199 3938 1319 3999 post
1346 3937 1592 3999 tempore
1614 3931 1697 3984 vir

114 4023 201 4078 Dei
249 4024 318 4078 ad
351 4033 598 4079 montem
630 4036 929 4092 regressus,
974 4022 1521 4078 invenitmonachum
1546 4021 1695 4076 illum

108 4115 351 4186 angelica
377 4116 594 4171 visione
619 4124 888 4180 notatum,
918 4114 1057 4169 lecto
1086 4114 1235 4185 gravi
1259 4113 1579 4185 aegritudine
1605 4114 1697 4168 de-

109 4207 431 4272 cubantem,
479 4208 572 4273 qui
603 4223 729 4263 mox
762 4206 991 4260 adventu
1027 4205 1165 4275 ejus,
1195 4219 1356 4274 quem
1380 4205 1574 4259 anxius
1601 4218 1696 4273 op-

106 4298 449 4365 periebatur,
484 4299 783 4364 exsultans,
815 4306 876 4352 ut
902 4312 961 4352 se
989 4296 1238 4352 visitaret
1258 4297 1471 4351 oravit:
1495 4306 1550 4352 et
1569 4311 1699 4351 con-

108 4390 279 4448 fessus
307 4402 600 4463 peccatum
631 4391 782 4456 illud,
822 4405 923 4461 pro
959 4403 1067 4460 quo
1104 4387 1289 4443 divino
1315 4387 1525 4459 flagello
1559 4389 1698 4443 mul-

1793 1923 1926 1977 mihi
1974 1922 2243 1992 subripui.
2299 1940 2319 1973 ι
2359 1921 2441 1976 Ad
2476 1920 2591 1976 haec
2620 1922 2762 1977 hanc
2810 1936 3028 1977 causam
3068 1922 3381 1991 intelligens

1790 2013 1992 2076 morbi,
2043 2014 2110 2067 ad
2156 2022 2343 2068 sancta
2385 2029 2685 2084 regressus,
2732 2016 2965 2085 petendo
3000 2015 3211 2070 veniam
3255 2016 3370 2069 nati

1791 2105 2056 2169 rentibus,
2112 2105 2430 2176 lacrymosis
2473 2106 2779 2175 complebat
2822 2109 3213 2163 monasterium
3254 2108 3368 2163 cla-

1790 2196 2053 2252 moribus.
2106 2196 2313 2265 Quibus
2366 2197 2581 2253 nxcitus
2629 2199 2925 2256 adveniens
2961 2216 3084 2256 cum
3115 2200 3376 2256 fratribus

1790 2289 1876 2343 vir
1921 2289 2161 2356 Domini,
2209 2291 2560 2347 vehementer
2588 2291 2867 2347 condoluit
2892 2293 3093 2348 misero
3124 2293 3373 2349 homini:

1791 2387 1848 2433 et
1876 2379 2020 2434 facta
2052 2382 2321 2447 oratione,
2350 2396 2513 2451 aqua,
2535 2397 2696 2452 quam
2723 2398 2845 2437 mox
2876 2383 3174 2449 benedixit,
3209 2402 3380 2441 mem-

1793 2471 1889 2524 bra
1948 2471 2100 2541 pueri
2161 2472 2396 2527 dolentia
2428 2487 2493 2527 ac
2524 2474 2727 2528 tumida
2751 2477 3020 2547 aspergit;
3049 2491 3102 2531 et
3129 2478 3198 2531 ita
3232 2480 3373 2549 patri

1790 2580 1986 2620 sanum
2038 2575 2098 2619 et
2128 2566 2264 2620 bene
2293 2581 2351 2620 se
2403 2567 2602 2621 habere
2660 2567 2984 2625 clamantem
3017 2570 3184 2624 lilium
3216 2570 3377 2625 resti-

1793 2656 1916 2710 tuit.
1943 2656 2155 2723 Quanto
2182 2656 2267 2711 ille
2304 2658 2477 2711 bonus
2510 2657 2594 2711 vir
2621 2659 2815 2728 gaudio
2843 2660 3179 2715 descendens
3209 2662 3380 2731 tripu-

1793 2748 1961 2803 diavit
1986 2764 2052 2804 ex
2084 2749 2240 2802 laude
2278 2749 2588 2820 archangeli
2638 2760 2800 2819 atque
2844 2752 2961 2822 ejus
2997 2751 3181 2807 famuli
3208 2753 3380 2808 Bene-

1794 2838 1948 2899 dicti,
1992 2849 2045 2893 et
2079 2850 2264 2902 cantu,
2320 2856 2428 2909 quo
2454 2850 2625 2894 totum
2662 2858 2852 2897 uentus
2882 2845 3192 2912 resonabat,
3219 2845 3380 2900 intel-

1794 2927 1884 2999 ligi
1910 2930 2102 2996 potuit.

1863 3020 1952 3075 59.
1995 3018 2134 3075 Puer
2163 3039 2227 3077 ra:
2268 3022 2418 3091 lapsu
2459 3022 2680 3077 illwsus.
2724 3023 2908 3095 Neque
2944 3027 3073 3081 illud
3139 3028 3373 3083 miracu-

1796 3109 1908 3164 lum
1956 3112 2332 3177 reticendum,
2388 3111 2531 3183 quod
2580 3113 2734 3168 multi
2785 3117 2875 3184 qui
2922 3118 3128 3183 videre,
3183 3135 3383 3190 magno

1795 3211 2018 3271 stupore
2066 3202 2284 3256 attoniti
2336 3202 2513 3258 solent
2538 3218 2820 3259 enarrare.
2859 3206 3087 3272 Quidam
3130 3208 3382 3263 Cismon-

1796 3300 2042 3345 tanorum
2088 3291 2372 3356 nobilium,
2435 3292 2568 3348 dum
2618 3293 2786 3349 cellas
2832 3295 2973 3349 ultra
3024 3308 3234 3352 montes
3279 3299 3384 3353 ali-

1793 3383 2008 3452 quando
2033 3384 2315 3449 reviseret,
2349 3384 2520 3439 ﬁlium
2549 3399 2709 3441 suum
2739 3387 3049 3456 parvulum,
3081 3391 3172 3458 qui
3199 3389 3375 3460 Guigo

1794 3472 2127 3539 vocabatur,
2195 3483 2344 3529 tanto
2393 3476 2538 3544 patri
2593 3477 2662 3531 ad
2714 3477 3072 3532 monasticum
3134 3480 3382 3535 ordinem

1794 3563 2132 3619 educandum
2182 3565 2501 3620 tradiderat.
2540 3566 2710 3634 Quem
2752 3568 2878 3623 dum
2927 3570 2980 3624 iu
3024 3584 3169 3639 equo
3218 3571 3385 3625 etfre-

1797 3657 1975 3712 nando
2005 3656 2168 3712 nimis
2205 3672 2269 3712 ac
2304 3657 2471 3713 feroci
2507 3674 2537 3713 a
2563 3659 2733 3715 fratre
2765 3660 2868 3715 sibi
2900 3662 3027 3717 dato
3058 3677 3243 3718 secum
3272 3664 3381 3718 du-

1796 3754 1963 3812 ceret,
2001 3762 2143 3802 unus
2179 3762 2245 3802 ex
2283 3749 2546 3817 promptis
2574 3748 2789 3806 famulis
2823 3749 3149 3809 Morcstinus
3199 3754 3385 3823 (notus

1800 3849 1886 3895 est
1944 3838 2149 3910 homo),
2197 3840 2387 3895 videns
2422 3841 2705 3909 puerulum
2748 3844 2873 3914 equi
2919 3845 3253 3916 impatientia
3299 3846 3383 3902 in-

1796 3932 2092 3987 stabilitate
2132 3931 2397 3999 iactatum
2455 3932 2730 3996 laborare.
2793 3936 3050 4006 imposuit
3109 3938 3261 3995 illum
3324 3940 3380 3995 in

1797 4024 1965 4087 mula,
1998 4032 2058 4077 ut
2084 4024 2466 4079 mansuetioris
2500 4026 2750 4081 animalis
2774 4027 2935 4083 derso
2963 4024 3183 4085 suavius
3205 4030 3383 4099 jacta-

1798 4125 1968 4170 retnr.
2005 4116 2231 4171 Ventum
2259 4125 2377 4171 erat
2408 4116 2474 4171 ad
2501 4115 2676 4172 locum
2710 4116 2994 4185 cujusdam
3024 4135 3231 4191 magna:
3263 4122 3381 4176 val-

1798 4204 1865 4260 lis
1895 4220 2015 4275 qua:
2042 4204 2323 4261 Gumnisia
2355 4205 2574 4270 dicitur,
2604 4208 2692 4261 ubi
2722 4207 2862 4264 Beza
2892 4209 3158 4266 violentus
3181 4213 3379 4275 anmis,
3452 4230 3453 4233 η

1799 4297 1977 4351 exesis
2028 4296 2281 4365 utrinque
2312 4294 2423 4350 suis
2450 4297 2602 4365 ripis,
2631 4297 2774 4351 viam
2799 4297 2901 4351 iter
2927 4300 3208 4366 agentibus
3223 4299 3381 4370 juxta

1800 4402 1860 4442 se
1918 4388 2115 4443 habere
2175 4402 2280 4442 non
2336 4388 2560 4457 patitur.
2623 4388 2735 4443 llac
2788 4388 2955 4459 igitur
3002 4400 3228 4459 cogente
3280 4405 3380 4445 ne-

107 4482 345 4548 tabatur,
384 4484 605 4539 indicta:
629 4482 960 4553 poenitentiae
994 4487 1047 4534 et
1084 4479 1391 4534 orationum
1417 4479 1533 4548 ejus
1558 4480 1701 4535 salu-
1730 4514 1781 4575 ο
1805 4484 2087 4545 cessitate,
2134 4481 2548 4536 ascendentibus
2603 4481 2707 4536 illis
2744 4497 2842 4553 per
2886 4491 3090 4538 arctam
3130 4485 3381 4541 semitam

106 4578 205 4630 tari
240 4578 522 4641 antidoto,
551 4592 659 4631 non
690 4575 866 4631 solum
891 4574 1105 4639 animae,
1142 4573 1237 4628 sed
1270 4572 1433 4627 etiam
1454 4573 1699 4642 corporis

101 4672 210 4727 cito
240 4672 486 4727 salutem
514 4670 833 4740 promeruit.

171 4765 262 4820 58.
313 4764 596 4819 Paschalis
629 4778 827 4816 cereus.
861 4759 1255 4831 Longobardus
1280 4758 1497 4828 quidam
1535 4772 1700 4812 causa

100 4856 376 4911 orationis
411 4856 481 4909 ad
513 4853 772 4909 Sanctum
811 4852 1130 4908 Michaelem
1162 4860 1385 4907 venerat
1420 4865 1542 4905 cum
1574 4865 1702 4920 pro-

100 4948 219 5016 prio
258 4948 399 5002 filio.
435 4945 534 5012 Qui
565 4945 690 4999 dum
726 4944 987 4998 attentius
1010 4957 1177 5011 agens
1205 4955 1390 4997 curam
1414 4938 1701 5001 orationis,

101 5047 302 5093 cameta
375 5036 613 5093 Oratorii
678 5036 934 5091 circuiret
972 5034 1185 5097 altaria,
1216 5032 1413 5089 accidit
1446 5031 1612 5084 filium
1639 5029 1703 5083 li-

101 5130 324 5184 centius
373 5129 566 5199 vagari
624 5128 793 5197 patris
844 5126 1081 5182 solutum
1129 5124 1394 5180 custodia.
1433 5122 1532 5189 Qui
1579 5121 1705 5176 licet

102 5221 304 5289 puerili
366 5234 556 5274 rerum
598 5220 775 5274 victus
825 5217 1288 5287 concupiscentia,
1338 5215 1406 5269 de
1466 5212 1702 5284 paschali

100 5326 268 5366 cereo
294 5320 435 5365 ante
482 5320 726 5366 sanctum
757 5309 949 5373 altare,
997 5319 1057 5362 ut
1086 5308 1254 5361 moris
1277 5314 1381 5371 est,
1425 5306 1551 5368 sito,
1585 5303 1704 5356 fur-

103 5408 201 5461 tim
246 5403 638 5475 portiunculas
680 5402 1014 5472 compilavit.
1064 5400 1218 5467 Quod
1270 5398 1484 5452 tametsi
1538 5396 1705 5451 videri

102 5507 330 5565 poterat
355 5510 470 5549 non
498 5495 702 5565 grande
725 5494 1015 5563 piaculum,
1045 5494 1222 5546 virtus
1254 5500 1434 5545 tamen
1470 5490 1709 5543 archan-

102 5591 209 5659 geli
261 5587 423 5642 istud
469 5602 571 5641 non
624 5586 828 5641 dimisit
892 5584 1122 5636 inultum
1170 5600 1183 5636 :
1237 5579 1703 5650 ut.postmodum,

99 5681 299 5742 credo,
328 5677 615 5733 evidenter
641 5678 965 5731 claresceret
996 5676 1122 5745 quid
1156 5674 1357 5729 faceret
1380 5687 1475 5741 per
1499 5671 1707 5725 fidelem

98 5786 268 5825 suum
301 5771 679 5825 Benedictum.
710 5768 843 5822 Nam
870 5784 993 5823 cum
1021 5767 1177 5837 paulo
1206 5776 1327 5837 post
1350 5769 1435 5818 vir
1466 5764 1553 5817 ille
1584 5779 1705 5817 eum

542 5889 620 5947 Pa
636 5906 807 5972 root.
857 5886 975 5944 CL.

1808 4575 2009 4630 montis
2050 4589 2210 4629 secus
2255 4575 2434 4644 positi,
2479 4575 2623 4630 unde
2672 4577 3062 4632 transeuntium
3088 4594 3186 4649 per
3213 4580 3385 4635 ardua

1803 4668 1986 4723 oculos
2016 4668 2171 4721 hians
2203 4667 2429 4738 abyssus
2453 4683 2547 4722 sua
2573 4668 2856 4724 altitudine
2881 4679 3058 4739 potest
3082 4669 3380 4735 offendere.

1806 4761 1998 4815 accidit
2033 4768 2091 4813 ut
2124 4760 2302 4815 infans
2344 4760 2434 4816 ille
2474 4760 2672 4817 timore
2705 4763 2828 4831 equi
2865 4765 3157 4833 prmeunlis
3187 4774 3243 4819 et
3278 4766 3385 4820 huc

1806 4860 1969 4920 atque
2009 4850 2137 4907 illuc
2186 4861 2334 4922 terga
2379 4854 2668 4917 versantis,
2711 4853 3110 4911 frenum'nimis
3142 4857 3383 4919 trahens.

1808 4958 1929 4997 eum
1972 4943 2158 4998 eadem
2205 4943 2349 4997 mula
2380 4944 2466 4998 cui
2500 4944 2772 5001 insidebat
2801 4946 2854 4999 in
2896 4961 3134 5014 praeceps
3175 4955 3381 5012 rueret,

1809 5033 2089 5104 multaque
2132 5048 2298 5088 arena
2349 5043 2513 5104 atque
2566 5034 2831 5104 lapidibus
2876 5036 2928 5089 in
2975 5035 3139 5089 dorso
3184 5036 3385 5091 montis

1805 5123 2111 5191 iacentibus
2159 5139 2343 5180 secum
2393 5126 2681 5185 devolutis.
2737 5126 2804 5180 ad
2855 5126 2962 5181 ima
3018 5125 3384 5184 delaberetur.

1810 5214 1962 5270 Tunc
1992 5224 2145 5285 patre
2164 5216 2472 5281 Benedicto,
2504 5218 2594 5286 qui
2621 5234 2725 5271 non
2751 5218 2907 5285 longe
2934 5218 3385 5286 subsequebatur,

1811 5308 2025 5377 signum
2052 5310 2232 5364 crucis
2271 5324 2433 5377 super
2479 5310 2760 5363 cadentem
2807 5308 3118 5379 frequenter
3156 5309 3391 5365 faciente

1810 5405 1867 5449 et
1894 5404 2104 5459 orante,
2157 5398 2285 5453 illuc
2321 5398 2538 5451 aliunde
2566 5399 2843 5465 curritur;
2895 5408 2949 5454 et
2995 5412 3128 5468 puer
3169 5400 3389 5468 quidem

1814 5487 1955 5540 mula
2005 5488 2223 5542 aliunde
2270 5503 2563 5552 excussus,
2627 5490 2875 5558 quamvis
2922 5489 3063 5544 mole
3116 5497 3277 5543 terrae
3326 5505 3391 5543 ac

1813 5594 2067 5634 saxorum
2092 5580 2317 5634 obrutus
2344 5586 2399 5633 et
2428 5579 2694 5649 sepultus,
2733 5580 2877 5634 nulla
2930 5589 3110 5635 tamen
3161 5577 3391 5646 alicujus

1812 5672 2049 5727 lmsionis
2089 5673 2244 5743 signa
2276 5673 2479 5727 habens
2508 5673 2801 5737 invenitur,
2834 5689 2957 5728 cum
2992 5673 3044 5727 in
3072 5672 3204 5727 sella
3234 5672 3392 5726 mulae

1817 5775 1929 5819 toto
1982 5779 2209 5833 corpore
2257 5765 2563 5820 dilaceratm
2613 5783 2677 5820 ne
2724 5782 2829 5820 una
2872 5766 3391 5836 partienlaiutcgra

2751 5880 2817 5942 ἷςῖ

1808 5968 1840 5975 »-4
