3862 6312
479 356 621 413 M85

1547 348 1884 405 WILLELMI
1923 346 2282 405 CLUSIENS.
2316 344 2633 402 MONACII.‘

3592 353 3694 410 μα

476 469 832 540 reperiretur.
868 465 1048 520 Multis
1083 464 1268 532 itaque
1297 475 1411 531 prrc
1441 460 1638 531 gaudio
1668 461 1943 525 ﬂentibus,
1975 477 2061 516 so-
2089 465 2136 525 Α
2168 458 2363 513 fratres
2411 457 2653 515 infirmos
2694 466 2820 511 ante
2861 456 3044 512 omnia
3070 464 3126 513 et
3149 470 3318 528 super
3342 457 3541 524 omnia,
3567 460 3613 516 id
3634 475 3698 520 est

477 576 602 631 spes
636 557 855 612 omnino
892 564 948 610 et
978 553 1283 610 sincolumis
1334 551 1515 606 abbati
1570 552 1840 605 redditur.
1893 551 2063 617 Quem

478 655 858 720 interrogans:
898 667 916 698 ι
949 647 1030 711 Si,
1087 646 1286 715 inquit,
1337 645 1454 711 fili,
1513 645 1714 713 aliquid
1765 644 1967 699 doloris
2010 643 2063 696 in

476 741 657 809 aliquo
686 738 1049 792 membrorum
1079 736 1269 802 sentis,
1302 736 1493 799 dicito,
1535 734 1817 798 confitere,
1851 735 1975 788 vide
1998 749 2067 789 ne

474 830 607 886 mihi
637 830 798 884 celes.
830 847 848 879 ι
891 825 990 880 Cui
1028 842 1204 896 puer:
1242 844 1261 875 α
1284 825 1394 896 Ego
1419 826 1618 895 quippe
1671 824 1746 877 nil
1793 823 1931 878 mali
1966 839 2064 893 pa-

474 924 617 975 tior:
650 919 796 988 quia,
837 933 958 972 cum
984 918 1259 980 caderem,
1292 915 1579 970 videbatur
1609 914 1740 968 mihi
1771 914 1913 983 quod
1954 928 2061 976 me,

474 1014 658 1078 Pater,
695 1022 748 1065 tu
784 1012 898 1081 ipse
928 1024 1023 1080 per
1044 1025 1279 1078 pannum
1304 1023 1449 1077 capas
1492 1021 1623 1060 mete
1670 992 1897 1071 teneres,
1930 1014 1984 1061 et
2009 1015 2066 1060 ut

476 1104 835 1158 consisterem
872 1102 1219 1156 admonercs.
1255 1119 1272 1151 ι
1318 1099 1539 1153 Talibus
1586 1099 1841 1154 nimirum
1884 1098 2066 1154 verbis

476 1194 687 1263 pueruli
754 1192 1061 1246 innocentis
1122 1191 1256 1245 satis
1308 1191 1654 1258 Compertum
1708 1199 1793 1245 est
1852 1190 2065 1244 meritis

481 1288 615 1340 tanti
658 1286 839 1340 Patris
910 1293 966 1338 ct
1008 1284 1188 1338 crucis
1229 1282 1382 1351 signo
1424 1280 1703 1337 salutifero
1740 1282 1887 1336 illum
1917 1285 2066 1337 'tunc

479 1380 647 1433 fuisse
696 1377 982 1433 salvatum.
1034 1375 1177 1429 Istud
1229 1375 1410 1442 itaque
1445 1375 1675 1442 ingentis
1705 1374 1873 1430 fuisse
1901 1377 2065 1430 mira-

480 1470 609 1532 culi,
656 1468 698 1522 si
739 1476 1062 1536 praeruptam
1118 1464 1261 1518 illam
1306 1466 1562 1535 abyssum
1589 1479 1863 1533 cerneres,
1905 1465 2063 1521 iidem

482 1561 576 1615 tibi
612 1560 709 1630 ipsi
745 1558 818 1613 tui
848 1557 1089 1612 facerent
1119 1555 1285 1610 oculi.

538 1652 643 1706 Μ).
684 1650 846 1704 Venit
893 1647 1181 1717 aliquando
1219 1647 1285 1698 ad
1317 1648 1727 1703 conversionem
1766 1646 1919 1701 miles
1945 1647 2065 1717 qui-

486 1747 605 1801 dam
639 1741 1236 1807 Allobrox,Willclmus
1262 1742 1501 1809 nomine,
1534 1741 1774 1797 moribus
1796 1751 1849 1796 et
1869 1755 2065 1809 genere

482 1837 625 1891 haud
678 1836 925 1905 ignobilis
953 1852 964 1887 :
992 1849 1163 1902 quem
1200 1841 1476 1904 gratanter
1513 1848 1613 1888 suo
1655 1847 1802 1887 more
1829 1833 2065 1901 suscepit
2099 1812 2138 1869 Β

481 1927 647 1982 Pater
677 1926 926 1996 insignis,
959 1926 1319 1981 reminiscens
1367 1940 1571 1995 nempe
1613 1924 1758 1980 illius
1800 1924 2066 1979 Dominici

478 2017 609 2073 dicti
640 2035 650 2069 :
685 2016 866 2071 Omnis
891 2017 979 2087 qui
1009 2018 1140 2071 venit
1170 2017 1239 2070 ad
1263 2032 1365 2078 me,
1401 2033 1504 2070 non
1537 2016 1747 2085 ejiciam
1803 2032 1920 2069 eum
1982 2017 2068 2085 fo-

479 2124 568 2161 ras
600 2107 780 2178 (Joan.
816 2122 890 2174 vr,
923 2106 1035 2176 57),
1070 2107 1322 2161 omnibus
1351 2104 1604 2160 smculum
1632 2106 1815 2175 fugere
1844 2105 2068 2174 cupien-

478 2197 628 2250 tibus
663 2196 817 2251 lcctus
846 2196 1190 2261 occurrebat,
1242 2204 1297 2251 et
1340 2197 1542 2265 absque
1587 2196 1899 2250 divitiarum
1946 2210 2073 2265 per-

479 2302 805 2341 sonarumve
845 2286 1179 2357 przejudicio,
1232 2287 1445 2341 cunctis
1490 2286 1878 2341 misericordia:
1917 2287 2068 2342 sinus

478 2380 771 2449 pandebat.
799 2379 995 2433 Frater
1026 2379 1189 2448 igitur
1214 2378 1302 2432 ille
1327 2394 1629 2433 conversus
1659 2378 1909 2433 instituta
1940 2393 2068 2432 san-

478 2484 582 2527 cui:
623 2471 921 2541 disciplina:
964 2470 1240 2525 sitibundo
1282 2469 1463 2524 hausit
1502 2478 1742 2537 pectore,
1774 2476 1841 2539 ,et
1882 2466 2064 2521 szcculi

478 2579 706 2632 prorsus
756 2564 1010 2632 despecta
1048 2562 1308 2627 vanitate,
1348 2577 1414 2619 ac
1443 2562 1636 2630 spiritu
1686 2561 1913 2615 Domino
1948 2575 2061 2615 ser-

482 2655 661 2715 viens,
717 2651 1035 2707 infirmitate
1078 2662 1361 2721 correptus
1404 2653 1469 2705 ad
1511 2660 1753 2706 extrema
1800 2650 2067 2706 deductus

480 2756 585 2809 cst,
603 2746 692 2814 qui
713 2745 779 2799 ab
793 2745 979 2800 eodem
1008 2745 1186 2809 Patre,
1206 2760 1411 2800 necnon
1430 2754 1483 2799 et
1498 2744 1824 2799 llerimanno
1848 2742 1923 2813 (6)
1948 2759 2069 2799 car-

480 2838 667 2901 dinali,
696 2838 866 2892 sancti
895 2836 1147 2908 praeconii
1175 2838 1288 2891 viro
1310 2846 1363 2891 et
1387 2837 1773 2902 eruditissimo,
1798 2838 2065 2899 visitatus,

477 2938 602 2995 post
668 2944 880 2983 sacram
955 2928 1263 2983 unctionem
1340 2936 1650 2996 sanctchuc
1715 2926 2069 2981 Encharistite

478 3020 908 3089 perceptionem,
937 3034 1059 3072 cum
1090 3028 1235 3073 esset
1264 3018 1435 3072 laicus
1455 3029 1507 3071 et
1533 3018 1831 3072 litterarum
1855 3017 2068 3087 penitus

480 3113 726 3180 ignarus,
790 3110 954 3179 cmpit
1011 3118 1189 3163 tamen
1251 3124 1371 3163 cum
1419 3110 1521 3162 illis
1570 3110 1641 3162 ita
1691 3124 1849 3178 agerc
1887 3108 2066 3163 verbis

480 3203 721 3268 Latinis,
778 3217 842 3255 ac
890 3203 933 3256 si
988 3202 1177 3256 doctus
1243 3199 1434 3255 fuisset
1496 3202 1637 3254 inter
1682 3200 2065 3270 grammaticos

484 3306 732 3364 tempore
775 3294 1010 3348 ineuntis
1052 3293 1250 3347 aetatis.
1290 3292 1487 3361 Sicque
1530 3293 1723 3345 mirum
1759 3292 1809 3346 iu
1844 3293 2061 3348 modum

483 3389 551 3441 de
594 3386 961 3457 spiritualibus
1006 3385 1347 3454 disputando,
1395 3393 1443 3437 et
1486 3384 1773 3438 multorum
1814 3384 2062 3448 fratrum,

483 3478 574 3544 qui
617 3478 803 3531 eodem
854 3490 996 3530 anno
1024 3475 1290 3529 'morituri
1319 3484 1493 3539 erant,
1524 3475 1681 3529 linem
1710 3476 1909 3529 instare
1931 3491 2067 3545 prte-

485 3568 639 3631 dixit,
692 3576 746 3622 et
786 3583 1034 3622 asserens
1077 3582 1137 3621 se
1182 3575 1425 3621 sanctam
1464 3567 1783 3621 Trinitatem
1822 3584 1851 3621 c
1890 3568 2071 3622 vicino

485 3659 861 3730 contemplari,
888 3659 1012 3713 felix
1038 3658 1124 3712 illa
1147 3658 1323 3711 anima
1351 3657 1579 3712 feliciter
1607 3659 1882 3712 hominem
1912 3673 2065 3711 suum

484 3752 656 3805 exuit.
718 3745 834 3817 συθ
882 3750 950 3804 de
1001 3765 1059 3805 re
1116 3750 1279 3804 Pater
1326 3757 1544 3803 sanctus
1607 3748 2065 3819 quamplurimum

482 3842 658 3903 laetus,
710 3856 816 3894 non
864 3840 1113 3895 cessabat
1149 3848 1329 3911 grates
1370 3840 1480 3894 Deo
1517 3856 1706 3909 agerc,
1736 3840 2068 3909 praemittens

486 3942 613 3986 ante
649 3946 708 3988 se
740 3933 804 3986 ad
835 3932 1117 3986 Dominum
1151 3932 1285 3987 tales
1306 3932 1609 3986 animarum
1643 3932 1851 3987 fructus
1880 3940 1933 3985 et
1962 3932 2070 4001 pri-

485 4024 670 4078 mitias
699 4039 765 4078 ex
802 4039 900 4078 suo
929 4025 1138 4079 labore.

497 4154 505 4161 .
557 4114 648 4168 41.
686 4115 1014 4170 Adolescens
1046 4130 1259 4186 quoque
1288 4114 1390 4169 fuit
1420 4116 1536 4185 ejus
1560 4116 1831 4182 alumnus,
1856 4117 2072 4171 nomine

486 4206 801 4262 Lantelmus
823 4209 970 4275 (uota
1000 4223 1087 4263 res
1115 4207 1245 4277 est),
1275 4208 1364 4276 qui
1393 4209 1458 4263 ad
1487 4208 1804 4262 diaconatus
1826 4208 2068 4263 ordinem

486 4311 662 4365 nuper
711 4308 1015 4367 promotus,
1057 4299 1422 4367 simplicitatis
1471 4309 1526 4353 et
1577 4299 1844 4353 castitatis
1875 4300 2071 4353 virtute

486 4386 750 4456 pollebat.
794 4388 842 4441 Is
880 4390 1043 4441 etiam
1093 4390 1243 4457 gravi
1288 4389 1618 4443 infirmitatis
1667 4390 1913 4444 molestia
1953 4408 2071 4445 cor-

2166 564 2326 604 mane
2348 557 2403 604 et
2425 564 2569 615 sero,
2601 563 2787 603 curam
2822 562 3011 603 eorum
3054 565 3223 619 agens
3251 549 3505 614 visitare;
3528 554 3697 610 etalio-

2165 654 2337 709 quens
2376 639 2627 708 juvenem
2657 657 2669 693 :
2699 640 2839 694 «Fili
2888 640 2984 704 mi,
3049 641 3248 710 inquit,
3299 641 3529 696 moriens
3566 660 3702 713 quare

2167 730 2299 784 mihi
2353 731 2489 785 nihil
2544 731 2756 786 dicis?»
2816 730 2967 786 Tunc
3021 732 3341 787 adolescens
3391 733 3567 788 oculos
3604 736 3691 805 jam

2165 834 2340 879 morte
2388 832 2640 894 gravatos
2693 825 2980 895 aperiens:
3016 842 3036 876 ε
3085 824 3225 891 Quid
3273 825 3380 887 vis,
3421 823 3512 889 ait,
3548 826 3698 895 Pater,

2169 914 2388 967 dicam?
2428 913 2628 969 Moriar
2656 915 2926 984 equidem,
2968 914 3063 969 sed
3091 915 3288 969 mirum
3321 914 3472 970 valde
3503 932 3597 971 non
3619 929 3697 983 est,

2166 1003 2294 1073 quia
2325 1018 2490 1058 senex
2516 1003 2605 1059 ille
2631 1004 2723 1073 qui
2756 1004 2865 1059 illic
2899 1006 3072 1069 sedet,
3119 1014 3241 1082 post
3287 1006 3519 1059 triduum
3542 1024 3614 1062 me
3636 1025 3698 1063 se.

2165 1104 2384 1165 quetur.
2410 1115 2431 1147 ›
2464 1095 2630 1161 Dixit,
2663 1104 2719 1152 et
2748 1095 2949 1151 clausis
2971 1097 3160 1151 ocellis
3188 1111 3383 1151 somno
3418 1098 3512 1167 piae
3544 1102 3701 1157 mortis

2168 1188 2440 1243 resolutus
2469 1196 2572 1244 est.
2605 1189 2782 1244 Senex
2822 1203 2953 1244 vero
2980 1189 3087 1256 ille,
3121 1188 3277 1257 cujus
3327 1190 3480 1243 linem
3509 1192 3702 1260 prophe-

2168 1277 2255 1332 tiae
2280 1278 2468 1347 spiritu
2515 1279 2785 1349 praedixit,
2818 1280 3113 1334 secundum
3146 1295 3368 1334 carnem
3398 1289 3542 1348 pater
3564 1282 3699 1351 ipsius

2167 1367 2446 1423 Benedicti
2510 1370 2727 1424 abbatis
2772 1378 2932 1435 erat,
2994 1378 3184 1423 sancta
3229 1371 3614 1427 conversatione
3654 1384 3697 1428 et

2165 1461 2305 1515 mira
2337 1461 2681 1530 simplicitate
2725 1462 2995 1534 egregius,
3043 1465 3134 1533 qui
3184 1463 3238 1516 in
3287 1464 3572 1518 crastinum
3597 1480 3699 1522 cum

2166 1552 2390 1623 reliquis
2414 1555 2486 1610 ad
2514 1555 2763 1610 monachi
2805 1555 2946 1611 illius
2992 1556 3284 1625 exsequias
3310 1572 3373 1610 ac
3410 1556 3697 1624 sepulturam

2165 1655 2429 1713 processit
2452 1646 2741 1701 incolumis
2764 1662 2778 1700 :
2803 1646 2897 1701 sed
2923 1661 3045 1700 mox
3072 1647 3246 1700 valida
3272 1645 3421 1702 febre
3440 1658 3699 1717 correptus,

2169 1737 2221 1791 in
2259 1738 2345 1791 die
2387 1739 2546 1792 tertio
2586 1736 2840 1807 juvenem
2886 1754 2995 1793 suae
3042 1738 3413 1793 dissolutionis
3434 1754 3699 1809 praconetn

2167 1830 2232 1885 ad
2279 1831 2489 1885 beatam
2548 1831 2815 1901 requiem,
2871 1840 2930 1885 ut
2978 1832 3240 1895 creditur,
3282 1841 3695 1901 prosecutnsest.

2166 1920 2319 1976 Patri
2366 1923 2621 1977 nimirum
2662 1931 2883 1990 sancto,
2923 1923 3235 1978 intermisso
3276 1924 3436 1993 pauci
3486 1926 3703 1993 temporis

2166 2015 2364 2084 spatio,
2400 2030 2535 2085 puer
2562 2015 2649 2070 ille
2682 2015 2969 2070 defunctus
3010 2015 3241 2069 candida
3287 2016 3510 2070 amictus
3534 2016 3705 2069 dalata-

2168 2105 2273 2159 lica
2302 2108 2572 2175 apparuit,
2602 2106 2813 2175 sibique
2834 2106 2970 2160 bene
3009 2120 3129 2159 esse
3158 2106 3309 2159 dixit.
3353 2103 3476 2159 erc
3502 2119 3596 2157 non
3621 2108 3711 2160 abs

2168 2212 2230 2252 re
2285 2198 2489 2267 scripta
2549 2212 2668 2253 esse
2730 2197 3011 2266 intelligit,
3064 2197 3312 2265 quisquis
3358 2195 3719 2265 discipulorum

2167 2286 2378 2342 laudem
2436 2288 2503 2341 ad
2562 2288 2879 2358 magistrum
2938 2287 3277 2342 referendam
3337 2302 3572 2349 censeas,
3605 2287 3715 2340 illo.

2174 2390 2294 2429 rum
2318 2426 2325 2431 ,
2349 2376 2576 2430 fratrum
2602 2377 2808 2443 ,merita
2852 2376 2990 2445 patri
3028 2391 3214 2432 eorum
3255 2385 3421 2430 etiam
3455 2385 3506 2431 et
3533 2377 3713 2430 doctori

2168 2466 2467 2521 Benedicto
2489 2483 2593 2521 non
2625 2466 2895 2520 immerito
2922 2467 3193 2536 ascripsit.

2242 2557 2333 2611 42.
2378 2557 2687 2612 Benedictus
2710 2559 2926 2613 trienni;
2948 2558 3264 2626 baptizatus.
3292 2556 3616 2628 Loquebatur
3634 2558 3715 2609 ali-

2168 2649 2534 2719 quandoidem
2552 2648 2716 2703 Pater
2727 2664 2865 2720 saepe
2880 2650 3186 2705 nominatus
3198 2658 3386 2704 mutuo
3396 2664 3459 2704 ac
3475 2648 3713 2703 familiari

2169 2750 2272 2807 ter,
2293 2750 2349 2795 ut
2370 2740 2717 2806 assoletfieri,
2736 2756 2857 2795 eum
2879 2740 3199 2811 quibusdam
3222 2740 3708 2811 fratribus,quorutn

2171 2851 2312 2890 unus
2333 2834 2604 2889 alacrior:
2639 2852 2656 2885 ι
2678 2834 2923 2897 Domine,
2966 2834 3159 2903 inquit,
3196 2832 3310 2900 jam
3346 2833 3613 2888 inalbescit
3637 2846 3715 2885 ca-

2169 2936 2264 2997 put
2311 2935 2549 2981 vcstrum
2589 2926 2758 2982 canis.
2791 2945 2809 2977 ι
2861 2925 2956 2981 Cui
3000 2925 3158 2981 Pater
3201 2925 3519 2981 Benedictus
3570 2923 3715 2977 :Deo

2170 3019 2389 3088 gratias.
2437 3017 2674 3087 Equum
2713 3017 2877 3087 igitur
2917 3026 3019 3083 est,
3069 3028 3127 3071 ut
3167 3016 3397 3071 Domino
3439 3016 3716 3079 miserante,

2169 3109 2392 3164 floribus
2434 3111 2844 3178 erumpentibus
2876 3110 2957 3164 sui
2994 3108 3200 3164 fructus
3235 3109 3527 3163 succedant
3554 3116 3707 3161 matu-

2172 3203 2305 3256 rius.
2340 3202 2446 3257 Sed
2475 3203 2687 3272 quidni,
2739 3201 2927 3266 frater,
2968 3201 3154 3256 fieret?
3197 3200 3316 3255 Jam
3342 3200 3578 3269 equidem
3601 3215 3705 3251 sum

2170 3308 2267 3362 ego
2320 3292 2500 3363 ferme:
2544 3294 2956 3362 sexagenarius.
3016 3293 3216 3347 Verum
3265 3307 3431 3347 unum
3476 3300 3551 3345 est
3592 3290 3715 3359 quod

2170 3383 2370 3447 recolo,
2405 3398 2502 3452 per
2523 3384 2662 3452 quod
2700 3382 2792 3436 Dei
2827 3381 3255 3437 misericordiam
3300 3394 3385 3434 me
3431 3387 3721 3436 consecutu-

2171 3491 2291 3528 rum
2339 3489 2518 3544 spero.
2558 3474 2744 3528 Trium
2783 3488 3016 3543 namque
3036 3488 3187 3527 eram
3217 3487 3505 3536 annorum,
3530 3469 3723 3540 quando

2170 3568 2421 3636 baptismi
2466 3568 2696 3636 gratiam
2735 3568 2949 3636 percepi
2982 3585 2997 3621 :
3028 3578 3227 3621 etcum
3263 3568 3317 3621 in
3353 3565 3566 3620 salutari
3596 3562 3723 3615 lava-

2172 3675 2265 3713 cro
2289 3673 2578 3729 mergerer,
2610 3658 2784 3711 visum
2827 3667 2911 3712 est
2954 3658 3083 3711 mihi
3120 3673 3227 3710 non
3262 3654 3487 3710 inferius
3514 3653 3606 3715 ire,
3638 3652 3724 3705 sed

2172 3751 2407 3820 quandiu
2455 3752 2507 3803 in
2532 3751 2648 3819 ipso
2682 3764 2840 3805 sacro
2883 3749 3031 3804 fonte
3059 3748 3132 3802 fui
3159 3749 3220 3802 in
3237 3748 3350 3801 alto
3380 3745 3570 3801 mentis
3598 3752 3725 3798 statu

2172 3842 2507 3904 constitisse,
2552 3842 2692 3895 unde
2735 3840 2994 3911 mundum
3044 3849 3212 3893 totum
3247 3836 3385 3893 infra
3421 3837 3573 3890 situm
3600 3842 3727 3888 esset

2174 3932 2434 4001 aspicere.
2463 3952 2482 3983 ι
2530 3931 2653 3986 llaec
2703 3931 2866 3985 verba
2925 3930 3114 3985 habuit
3178 3945 3283 3983 non
3334 3928 3499 3982 multo
3543 3935 3655 3995 post
3700 3939 3727 3975 c

2176 4025 2371 4079 SiBClllO
2419 4025 2783 4093 migraturus,
2826 4022 3021 4092 quibus
3070 4021 3210 4076 forte
3260 4020 3422 4074 finem
3469 4019 3586 4071 vita
3640 4016 3728 4069 sibi

2176 4116 2531 4184 propinquum
2560 4114 2673 4183 ejus
2703 4113 3101 4183 quodammodo
3141 4111 3466 4180 conjiciebat
3506 4109 3733 4178 spiritus,

2174 4206 2329 4277 cujus
2356 4207 2668 4277 qualitatem
2699 4217 2886 4262 noster
2912 4206 3023 4275 jam
3050 4205 3388 4275 perstringat
3421 4201 3667 4255 calamus.

2244 4299 2333 4352 45.
2373 4297 2567 4352 Carne:
2610 4298 2759 4352 edere
2804 4297 3042 4366 inﬁrmus
3092 4305 3315 4349 recusat.
3364 4296 3499 4348 Ante
3546 4292 3734 4345 exitum

2175 4390 2298 4442 vitae
2330 4403 2439 4442 sua:
2469 4398 2580 4441 toto
2610 4387 2724 4440 fere
2754 4401 2894 4457 anno
2934 4384 3081 4456 gravi
3118 4399 3181 4438 ac
3216 4384 3379 4438 dubia
3410 4382 3642 4452 pulsatus
3668 4390 3736 4433 est

489 4487 675 4546 reptus
698 4480 889 4532 mortis
929 4480 1137 4546 vicinae,
1191 4480 1386 4549 linguae
1434 4477 1607 4534 ollicio
1651 4482 1898 4550 privatus
1930 4480 2072 4548 jam-
2100 4516 2147 4574 ι)
2177 4479 2505 4534 infirmitate.
2534 4478 2630 4532 Cui
2663 4494 2783 4531 cum
2824 4478 3153 4531 medicorum
3196 4474 3285 4528 alii
3328 4474 3482 4528 aliter
3509 4470 3734 4526 consulc-

488 4569 688 4623 dudum
735 4569 1023 4626 fuerat2et
1062 4588 1189 4627 ecce
1234 4572 1412 4626 subito
1459 4573 1718 4641 quosdam
1758 4572 1954 4627 fratres
1998 4574 2063 4626 ad

491 4660 792 4715 custodiam
824 4663 923 4717 sibi
966 4663 1255 4732 deputatus
1294 4679 1393 4716 suo
1426 4663 1601 4717 indice
1634 4664 1700 4717 ad
1726 4678 1783 4717 se
1813 4663 2071 4717 accedere

490 4751 838 4820 significavit.
892 4746 1101 4820 Quibus
1151 4756 1642 4824 propinquantibus
1696 4756 1772 4810 ait
1821 4775 1834 4809 :
1896 4776 1913 4806 ι
1952 4758 2068 4810 Vox

494 4844 704 4897 Domini
754 4845 1127 4900 intercidentis
1172 4846 1445 4900 flammam
1498 4848 1659 4916 ignis.
1689 4866 1705 4896 ι
1740 4846 2073 4901 lnstantibus

489 4952 621 4992 vero
670 4938 774 4992 illis
816 4954 984 5007 quare
1032 4941 1149 4994 lucc
1200 4941 1417 5005 dixerit,
1475 4950 1533 4993 ut
1564 4941 1824 5008 aperiret,
1853 4940 2074 4993 omnino

491 5030 770 5084 conticuit.
822 5031 1138 5087 Transactis
1171 5042 1349 5087 autem
1383 5032 1571 5102 paucis
1601 5031 1751 5085 horis
1779 5073 1793 5096 ,
1843 5046 1963 5084 cum
1999 5030 2071 5082 illi
2124 5088 2127 5091 _

492 5120 647 5187 quasi
695 5120 938 5174 dissoluti
985 5123 1168 5177 nescio
1209 5124 1334 5190 quid
1374 5121 1683 5191 garrirent;
1719 5118 1878 5173 simili
1920 5119 2073 5187 signo

491 5213 572 5276 eis
607 5213 856 5277 innuens,
893 5214 1021 5266 dixit
1051 5229 1064 5243 ·
1100 5232 1117 5264 ι
1138 5214 1181 5268 Ο
1206 5229 1318 5277 vos,
1347 5213 1657 5266 sacerdotes
1684 5211 1912 5276 Domini,
1945 5210 2076 5264 faci-

484 5304 599 5360 lius
627 5307 856 5375 possetis
878 5305 1095 5371 salvari,
1131 5308 1173 5360 si
1200 5322 1415 5374 semper
1444 5307 1738 5360 cerneretis
1764 5320 1885 5359 eum
1914 5318 2072 5372 quem

496 5402 821 5461 praesentem
854 5395 1088 5449 habetis.
1119 5414 1138 5446 ι
1182 5394 1275 5448 llis
1307 5396 1463 5448 dictis
1493 5394 1677 5448 eodem
1720 5394 1879 5447 modo
1905 5392 2069 5446 siluit.

496 5482 591 5537 Die
635 5492 816 5539 autem
849 5486 960 5554 jam
1004 5486 1510 5551 advesperascente,
1558 5484 1878 5537 Benedictus
1910 5481 2069 5535 Pater

497 5575 672 5630 visere
706 5592 830 5631 eum
870 5580 1095 5648 cupiens
1131 5582 1383 5636 accurrit.
1422 5578 1587 5633 Moris
1615 5577 1759 5631 enim
1790 5574 1865 5628 illi
1891 5572 2071 5628 fuerat

2179 4582 2318 4638 rent,
2352 4572 2635 4626 obcdiebat
2657 4572 2872 4641 quidem
2901 4571 3005 4624 illis
3041 4568 3436 4639 prmsentihus;
3481 4577 3539 4619 at
3582 4566 3664 4618 ubi
3692 4579 3738 4616 se

2179 4664 2583 4727 submovcrant,
2614 4677 2722 4731 pra:
2753 4661 2975 4729 spiritus
3001 4661 3208 4713 fervore
3228 4658 3430 4727 quietis
3454 4656 3739 4725 impatiens,

2180 4766 2234 4811 et
2267 4758 2331 4809 ad
2368 4757 2582 4809 solitum
2623 4755 2918 4823 diSCiplina:
2955 4764 3115 4823 atque
3155 4752 3492 4806 abstineatur
3532 4751 3738 4817 rigorem

2182 4861 2487 4909 recurrens,
2538 4860 2811 4913 corporcaa
2853 4843 3161 4898 necessitati
3214 4842 3434 4895 minime
3487 4839 3740 4906 indulgere

2180 4944 2425 4998 noverat,
2458 4950 2519 4988 ac
2550 4950 2642 5004 per
2670 4934 2772 4987 hoc
2811 4934 3103 4988 recidivam
3135 4931 3440 4985 molestiam
3478 4927 3636 4981 facile
3670 4927 3736 4977 in~

2182 5027 2450 5082 currebat.
2490 5026 2552 5078 Et
2573 5042 2695 5079 cum
2725 5026 2885 5094 paulo
2916 5035 3032 5095 post
3063 5024 3372 5077 meliuscule
3399 5022 3609 5075 habens
3632 5018 3739 5071 sub-

2179 5117 2488 5179 levaretur,
2520 5131 2629 5169 sua:
2658 5116 2785 5169 item
2813 5115 3107 5169 debilitatis
3136 5116 3415 5166 immemor
3448 5128 3517 5165 ac
3547 5122 3740 5164 securus

2180 5206 2244 5257 ad
2284 5213 2580 5258 nocturnas
2625 5213 2923 5258 conventus
2969 5204 3175 5273 vigilias
3221 5202 3530 5256 certabatur
3576 5214 3740 5252 ascra-

2182 5297 2327 5359 dcre,
2360 5297 2625 5351 subnixus
2661 5300 2819 5349 trium
2850 5296 3075 5349 fratrum
3114 5296 3336 5359 auxilio,
3368 5309 3395 5347 a
3422 5296 3589 5349 dorso
3614 5292 3739 5344 vidc-

2183 5388 2310 5442 licet
2357 5397 2412 5442 ct
2461 5402 2689 5457 utroque
2743 5388 2931 5441 latere.
2973 5386 3271 5440 Novissime
3299 5400 3429 5439 vero
3468 5399 3591 5437 cum
3620 5380 3741 5444 regio

2180 5481 2369 5549 morbo
2410 5481 2626 5549 gravius
2671 5480 3001 5546 afﬁceretur,
3034 5479 3171 5548 quod
3204 5494 3269 5533 ex
3303 5476 3574 5531 hictcrico
3605 5484 3653 5529 et
3682 5469 3740 5525 ci-

2181 5574 2320 5629 trino
2357 5577 2535 5630 colore
2573 5573 2746 5642 palam
2799 5574 2973 5638 (iebat,
3006 5586 3033 5625 a
3077 5580 3335 5628 consueta
3366 5571 3563 5624 victus
3588 5564 3737 5638 parci-

568 5736 644 5804 (ει)
676 5734 891 5805 Ignotus
929 5736 1027 5792 fuit
1063 5712 1287 5793 Oriufrio
1333 5737 1698 5791 llerimannus
1750 5735 1857 5789 istc
1892 5733 2213 5787 cardinalis.
