3836 6320
111 374 238 440 “83

1238 368 1399 428 VITA
1440 369 1800 427 BENEDICTI
1843 372 1994 429 ABB.
2031 372 2230 432 CLUS.

3227 382 3367 439 “86

110 502 213 551 tate
251 498 307 546 et
349 489 610 561 qualitate
638 493 961 563 corpusculo
998 490 1283 564 ignorabat
1323 506 1569 562 parcere,
1601 500 1681 546 ta—
1708 497 1756 557 Α
1784 494 2021 551 lebratas
2058 510 2363 556 convenere
2407 497 2715 569 frequentes
2763 499 2997 571 episc0pi
3027 507 3084 555 et
3117 478 3369 565 abbates,

106 583 256 641 metsi
283 582 504 639 morbus
548 582 637 639 ille
670 584 739 639 ob
768 585 889 649 hoc,
918 592 979 639 ut
1008 584 1225 639 aiebant
1255 582 1379 648 sibi,
1412 583 1684 638 diceretur

107 677 298 745 regius,
322 674 463 745 quod
491 674 758 745 regalibus
781 675 917 730 cibis
944 682 999 730 et
1025 672 1267 729 delicatis
1296 671 1514 728 ferculis
1544 687 1684 728 asse-

105 774 249 822 ratur
277 764 551 821 curabilis.
583 763 763 819 Multis
815 774 993 820 autem
1040 763 1114 818 illi
1161 762 1602 818 succensentibus
1630 770 1685 817 et

104 856 424 920 dicentibus,
450 856 628 910 adhuc
652 855 800 909 illum
824 854 1007 909 carnis
1035 848 1214 909 edulio
1240 860 1401 924 posse
1428 853 1680 916 relaxari,

102 952 176 1004 sic
218 948 498 1019 reSpondit
529 962 543 1000 :
578 966 596 999 ‹
630 947 706 1001 En
754 962 855 1017 ego
899 937 1120 1013 morior,
1154 952 1210 1001 et
1248 945 1528 1000 comedam
1566 959 1685 999 car-

102 1040 227 1095 nes?
264 1058 283 1090 ι

164 1128 254 1183 Η.
296 1128 482 1183 Mortis
511 1130 784 1199 prwscius,
824 1141 1181 1182 successorum
1212 1141 1379 1180 mores
1414 1125 1680 1195 prwvidel.

101 1221 278 1276 Voluit
326 1229 508 1275 autem
560 1221 818 1275 Dominus
868 1234 1083 1275 servum
1132 1233 1287 1274 suum
1340 1218 1485 1273 circa
1521 1217 1684 1272 finem

98 1315 221 1367 vitae
246 1313 361 1385 jngi
398 1321 452 1366 et
482 1313 688 1367 diutina
725 1311 1001 1368 debilitate
1040 1311 1353 1377 tabescere;
1395 1318 1455 1364 ut
1496 1310 1538 1366 si
1580 1325 1683 1380 qua

98 1404 236 1459 forte
282 1405 368 1460 vel
418 1394 852 1475 leviorisculpte'
900 1404 1122 1460 vulnera
1169 1404 1220 1458 in
1261 1402 1351 1458 illo
1394 1402 1686 1458 manebant

95 1497 364 1560 incurata,
394 1496 532 1551 duro
577 1492 739 1568 atque
782 1512 971 1554 amaro
1021 1495 1255 1552 transitu
1290 1492 1483 1551 fierent
1517 1495 1688 1550 medi-

90 1598 215 1643 cata
261 1597 423 1657 atque
463 1599 674 1643 smrata.
723 1586 836 1643 Hoc
881 1599 1116 1658 namque
1161 1589 1354 1644 beatus
1392 1584 1687 1658 Gregorius

92 1678 416 1748 comprobat
468 1678 583 1733 ﬁeri
633 1679 877 1734 historia:
927 1676 1131 1749 Regum
1188 1677 1542 1745 auctoritate,
1594 1677 1685 1732 ubi

92 1768 176 1827 leo
229 1774 550 1842 prophetam
598 1764 935 1826 interfecisse
990 1764 1188 1825 dicitur
1232 1779 1456 1839 peccato
1503 1767 1687 1824 inobe-

92 1861 334 1926 dientize,
366 1861 461 1917 sed
501 1860 722 1915 minime
772 1870 1019 1932 gustasse
1057 1861 1123 1916 de
1166 1870 1357 1915 sancto
1402 1859 1683 1915 cadavere.
1714 1837 1762 1902 Β

91 1951 168 2005 De
210 1952 445 2007 termino
491 1961 673 2007 autem
712 1953 836 2007 vitae
889 1968 1022 2017 suae,
1052 1950 1129 2007 sic
1175 1966 1271 2022 per
1308 1951 1482 2005 visum
1530 1949 1689 2021 longe

91 2054 221 2099 ante
273 2038 629 2099 certilicatum
682 2043 1009 2114 accepimus.
1045 2043 1345 2099 Videbatur
1384 2043 1569 2098 videre
1604 2057 1691 2098 se-

89 2138 269 2204 ipsum
295 2138 553 2192 nudatum
595 2151 697 2207 per
724 2152 875 2191 mare
905 2137 1085 2192 nando
1110 2136 1177 2192 ad
1209 2136 1360 2192 littus
1385 2136 1686 2207 pervenire,

86 2229 281 2299 ibique
320 2230 556 2285 inventis
591 2230 913 2299 quibusdam
955 2229 1141 2300 paucis
1174 2229 1428 2285 arborum
1460 2227 1691 2284 surculis

81 2323 225 2377 satis
258 2322 473 2378 inﬁrme
509 2322 769 2377 radicatis
797 2330 1075 2391 utcunque
1103 2321 1210 2378 illis
1238 2321 1479 2377 btesisse.
1518 2319 1690 2388 Quam

78 2414 365 2470 visionem
407 2414 537 2467 mihi
595 2412 786 2468 sedulo
831 2412 909 2466 illi
970 2412 1261 2468 excubanti
1311 2426 1408 2483 per
1452 2411 1691 2481 seipsum

78 2507 469 2576 interpretans
505 2505 642 2560 dixit
674 2523 687 2559 :
725 2524 744 2558 ί
780 2504 886 2561 Per
931 2520 1081 2560 mare
1128 2505 1286 2576 hujus
1322 2504 1504 2560 saeculi
1544 2502 1694 2559 labo-

79 2596 266 2659 riosa,
319 2603 377 2648 ut
405 2594 606 2660 cernis,
668 2593 855 2661 frater,
880 2594 1193 2650 infirmitate
1224 2593 1461 2650 natando
1518 2592 1694 2648 nudus

79 2697 138 2742 et
176 2703 392 2758 pauper
413 2688 479 2742 ad
504 2688 665 2742 ﬁnem
692 2688 815 2743 vita:
836 2689 1156 2758 pertrahor:
1177 2686 1514 2743 surculorum
1540 2700 1692 2754 vero,

80 2781 297 2849 quibus
322 2778 412 2832 vix
441 2778 732 2846 innitebar,
758 2779 911 2835 radix
939 2780 1177 2845 infirma,
1210 2780 1263 2834 in
1291 2778 1695 2835 successoribus

82 2872 234 2926 meis
268 2872 604 2926 debilitatem
651 2880 705 2927 et
728 2872 1145 2927 inconstantiam
1181 2870 1296 2927 fore
1326 2872 1636 2943 praesignat.
1669 2890 1687 2923 ι

83 2964 252 3019 Hanc
285 2964 471 3036 utique
505 2964 886 3022 revelationem
921 2980 1078 3020 suum
1121 2974 1400 3021 auctorem
1431 2973 1487 3020 et
1521 2958 1692 3019 inter-

79 3065 307 3124 pretem
333 3071 671 3128 nequaquam
695 3056 949 3113 fefellisse
974 3072 1073 3113 nos
1094 3065 1434 3121 attestamur,
1464 3055 1696 3126 quicun-

82 3162 197 3219 que
224 3146 351 3217 ejus
377 3158 629 3216 mortem,
656 3132 796 3203 heu!
829 3163 935 3204 non
963 3149 1102 3205 bene
1129 3149 1450 3220 Superstites
1474 3149 1691 3218 aspexi-

1784 574 1946 642 vicini
1984 588 2118 667 fere
2167 602 2356 644 omnes
2408 590 2589 646 clerici
2640 606 2703 645 ac
2742 591 3016 659 monachi,
3047 591 3368 648 catervatim

1784 692 1999 749 quoque
2040 690 2374 736 concurrunt
2405 680 2549 749 laici,
2582 682 2813 738 militum
2861 692 3024 754 atque
3053 683 3387 755 pagensium,

1785 771 2069 841 utriusque
2104 786 2266 826 sexus
2294 774 2450 827 cunei
2480 790 2495 827 :
2528 774 2619 829 alii
2669 775 2812 831 fama
2856 776 3162 831 sanctitatis
3190 773 3369 842 acciti,

1784 861 2033 933 plerique
2074 862 2361 918 charitatis
2406 865 2523 936 ejus
2566 866 2777 921 viscera
2822 875 2877 922 et
2913 867 3247 922 dulcedinem
3276 870 3374 935 ex-f

1785 954 1949 1025 perti.
1999 952 2188 1009 Fletus
2233 955 2286 1009 in
2333 970 2657 1031 commune;
2703 958 2973 1027 prtecipue
3012 958 3128 1026 ejus
3168 956 3369 1013 alumni

1788 1046 1966 1115 rigant
1997 1046 2174 1101 solum
2214 1046 2490 1125 lacrymis.
2524 1047 2686 1117 Cujus
2720 1048 2800 1104 vel
2836 1064 2995 1104 saxea
3023 1059 3237 1119 pectora
3265 1065 3371 1105 non

1788 1148 2071 1195 moverent
2109 1138 2177 1194 ad
2223 1140 2507 1211 pietatem,
2538 1139 2820 1195 viduarum
2864 1150 2918 1195 et
2956 1157 3249 1211 pauperum
3292 1141 3375 1195 la-

1778 1234 2009 1303 ‘crymte,
2045 1245 2181 1301 quos
2228 1231 2343 1302 ipse
2393 1232 2624 1302 benigne
2674 1231 2882 1287 solebat
2935 1232 3114 1287 alere?
3168 1232 3375 1287 Tantus

1787 1322 1984 1392 quippe
2017 1329 2237 1392 tamque
2275 1322 2584 1378 uberrimus
2615 1321 2715 1378 fuit
2748 1312 2989 1378 omnium
3029 1323 3226 1390 luctus,
3265 1339 3377 1378 nia-

1788 1413 2042 1483 xitneque
2076 1413 2594 1480 sanctimonialium,
2619 1413 2686 1469 de
2719 1424 2894 1470 morte
2930 1414 3015 1469 sui
3056 1414 3267 1482 patroni
3295 1414 3378 1468 in-

1788 1503 2087 1559 solabiliter
2121 1506 2491 1574 maerentium,
2521 1521 2657 1577 quas
2687 1506 2826 1561 idem
2859 1505 3021 1561 Pater
3049 1520 3148 1576 pro
3175 1503 3377 1561 Christi

1788 1611 1977 1652 amore
2008 1608 2455 1670 congregaverat,
2488 1608 2548 1653 ut
2579 1599 2668 1657 vix
2714 1598 2766 1653 in
2816 1597 2904 1653 illa
2954 1598 3041 1655 die
3080 1597 3241 1653 funus
3280 1614 3382 1669 pro

1789 1688 2060 1745 densitate
2089 1690 2233 1760 vulgi
2263 1689 2463 1758 ﬂentis,
2490 1700 2545 1746 et
2592 1704 2711 1747 sese
2750 1690 3208 1763 superingerentis
3233 1706 3381 1747 com-

1789 1781 1922 1853 pleri
1965 1784 2225 1853 potuerit.
2259 1784 2408 1840 Obiit
2441 1799 2586 1840 anno
2625 1785 2749 1841 vitae
2786 1800 2897 1841 suae
2929 1783 3383 1855 quinquagesimo

1788 1884 2001 1941 octavo,
2031 1876 2316 1946 pastoralis
2344 1894 2488 1935 curae
2516 1879 2777 1935 vicesimo
2797 1878 3007 1951 quinto,
3031 1878 3099 1934 ab
3126 1876 3383 1933 lncarna-

1791 1969 1938 2025 tione
1965 1969 2177 2025 Domini
2210 1969 2496 2039 millesimo
2518 1971 2871 2043 nonagesimo
2896 1970 3097 2040 primo.

1860 2060 1953 2114 47.
1996 2059 2140 2115 Mira
2163 2060 2233 2115 ad
2261 2060 2375 2131 ejus
2398 2061 2680 2116 tumulum.
2722 2061 2884 2116 Beata
2915 2058 3276 2132 plane,_beata
3300 2071 3384 2123 es,

1792 2151 2013 2209 Clusina
2040 2150 2266 2208 fratrum
2297 2152 2510 2218 concio,
2536 2169 2657 2223 quae
2688 2161 2836 2210 tanto
2865 2151 3109 2215 meruisti
3136 2149 3383 2206 decorari

1752 2290 1755 2293 .
1794 2252 2043 2318 patrono.
2075 2244 2255 2303 Habes
2284 2248 2482 2320 quippe
2512 2260 2623 2317 prs:
2645 2247 2834 2316 oculis,
2863 2246 3019 2319 cujus
3056 2244 3177 2302 ﬁdei
3209 2244 3387 2301 since;

1794 2340 2010 2395 ritatem
2038 2346 2094 2394 et
2127 2339 2329 2409 probos
2367 2354 2548 2397 mores
2578 2339 2624 2395 si
2653 2339 2813 2411 digne
2847 2338 3167 2404 excolueris,
3191 2351 3389 2410 peren-

1793 2431 1880 2486 nis
1905 2429 2023 2500 ejus
2056 2431 2239 2502 gaudii
2271 2444 2497 2487 consors
2528 2446 2648 2488 esse
2678 2432 2900 2503 poteris.
2947 2430 3031 2486 Ad
3076 2429 3387 2501 sepulcrum

1796 2538 1924 2578 vero
1962 2522 2103 2579 illius
2141 2524 2342 2594 quique
2373 2522 2694 2595 languentes
2730 2523 3045 2595 frequenter
3080 2521 3387 2578 sanctitatis

1795 2611 1912 2683 ejus
1956 2614 2311 2685 experiuntur
2356 2615 2613 2687 insignia,
2640 2615 2687 2671 si
2732 2624 2913 2672 mente
2949 2614 3090 2670 fideli
3135 2630 3233 2686 per
3271 2613 3389 2685 ejus

1797 2704 1993 2759 merita
2019 2719 2048 2759 a
2077 2704 2299 2761 Christo
2341 2704 2634 2775 implorent
2661 2705 2764 2761 sibi
2805 2702 3083 2775 suffragia.
3115 2702 3281 2771 Cujus
3309 2702 3388 2757 rei

1798 2803 1964 2850 testes
1992 2794 2236 2850 existunt
2272 2794 2569 2860 numerosi,
2613 2810 2711 2865 per
2736 2804 2875 2851 eum“
2896 2794 2951 2849 in
2982 2793 3095 2850 suis
3124 2790 3393 2847 valetudi-

1797 2886 1955 2942 nibus
1983 2885 2249 2942 medelam
2280 2886 2559 2943 consecuti
2593 2905 2607 2941 :
2632 2901 2768 2957 quos
2799 2893 2947 2942 certe
2977 2899 3190 2957 possem
3223 2884 3392 2939 intro-

1799 2979 2018 3044 ducere,
2051 2977 2155 3033 nisi
2188 2976 2369 3033 debito
2407 2976 2515 3034 fine
2553 2993 2688 3049 opus
2720 2976 2916 3032 vellem
2964 2975 3239 3031 claudere.
3283 2972 3387 3043 Ope

1794 3070 2088 3140 portunius
2138 3069 2339 3140 quippe
2396 3078 2517 3137 est,
2572 3080 2630 3126 ut
2682 3078 2846 3125 tanta:
2906 3068 3147 3124 materiae
3193 3065 3392 3122 molem

1797 3161 2012 3231 plenius
2045 3162 2287 3218 insinuet
2324 3163 2437 3217 tuta
2474 3162 2835 3227 taciturnitas,
2867 3177 3030 3237 quam
3062 3160 3279 3232 pinguis
3308 3158 3393 3217 in-

80 3256 244 3308 ῐηυεν
294 3250 351 3295 ει
402 3256 593 3297 navem
645 3241 888 3297 800185”?
939 3251 1139 3297 “05"‘33
1188 3256 1326 3312 Pelle
1375 3240 1691 3297 diSSOIUlam
1721 3214 1763 3272 Ο
1798 3254 1942 3325 genii
1982 3264 2210 3311 enervet
2242 3264 2406 3325 atque
2435 3262 2693 3310 extenuet
2730 3270 2931 3325 procax
2960 3234 3285 3324 loquacitas.

80 3334 453 3392 instabilitate
498 3350 561 3390 ac
612 3334 1060 3406 pusillanimitate
1107 3333 1549 3400 succedentium,
1592 3349 1692 3390 ceu

80 3437 383 3485 ventorum
418 3428 653 3494 turbine,
683 3443 789 3483 non
823 3428 1157 3497 ignoramus.

151 3520 257 3576 45.
308 3519 378 3575 Ut
420 3521 489 3575 ad
525 3538 641 3575 eam
680 3538 734 3578 se
776 3522 1024 3593 disponit.
1070 3519 1270 3577 Unctus
1310 3532 1356 3576 et
1388 3520 1576 3575 viatico
1609 3536 1697 3574 re-

76 3614 296 3685 ﬁcitur.
331 3613 428 3672 His
454 3615 620 3688 igitur
640 3624 695 3671 et
716 3614 837 3671 aliis
870 3614 1242 3687 hujuscemodi
1273 3611 1697 3674 revelationibus

76 3709 346 3776 edoctus,
376 3718 498 3780 post
538 3709 700 3764 trium
745 3707 1207 3764 hebdomadarum
1259 3706 1517 3778 spatium,
1560 3704 1693 3760 hora

78 3802 189 3858 diei
216 3812 384 3857 sexta
413 3801 824 3857 dissolutionem
855 3802 1101 3871 corporis
1138 3800 1219 3856 sui
1260 3799 1512 3872 praedixit
1541 3796 1695 3855 adfu-

77 3903 296 3950 turam.
347 3892 522 3963 Super
553 3908 659 3963 qua
682 3891 796 3961 jam
841 3906 948 3947 non
990 3892 1253 3957 incertus,
1279 3891 1597 3962 postpositis
1626 3906 1693 3947 ex

80 3997 216 4042 tunc
262 3985 493 4042 omnino
539 3985 720 4039 carnis
770 3999 880 4040 suae
927 3983 1370 4048 necessitatibus,
1419 3992 1589 4038 totum
1636 3998 1695 4038 se

76 4080 257 4151 erigit
295 4088 355 4133 et
378 4078 579 4148 obligat
610 4078 804 4132 studiis
838 4076 1231 4148 spiritualibns.
1263 4076 1483 4130 Manant
1511 4074 1692 4145 quotio

76 4171 170 4226 die
222 4186 300 4225 ex
355 4166 472 4236 ejus
520 4168 706 4224 ocellis
761 4168 1126 4240 lacrymarum
1167 4167 1324 4224 rivuli
1360 4186 1373 4221 :
1405 4166 1693 4222 confitetur

72 4264 397 4320 Aurasiaco
424 4264 679 4333 episcopo
704 4263 912 4334 (évé’que
941 4262 1254 4333 d‘Orange),
1287 4262 1381 4331 qui
1410 4270 1537 4315 tunc
1559 4268 1691 4315 nutu

74 4356 175 4410 Dei
225 4355 451 4418 aderat,
484 4364 539 4409 ct
583 4355 842 4409 fratribus
888 4368 983 4408 sua
1028 4352 1243 4409 delicta.
1289 4353 1450 4407 Fiunt
1486 4352 1693 4408 crebra:

70 4448 443 4503 visitationes
488 4462 552 4502 ac
599 4447 889 4501 missarum
933 4460 1034 4516 pro
1079 4460 1147 4500 eo
1187 4445 1445 4508 actiones,
1482 4458 1688 4499 necnon

69 4550 129 4595 et
154 4540 641 4610 elecmosynarum
670 4539 995 4609 quotidianam
1028 4538 1359 4607 largitiones.
1389 4537 1691 4593 Personant

68 4643 209 4689 ante
251 4648 389 4688 eum
422 4643 579 4687 nocte
621 4632 815 4702 dieque
840 4631 1030 4700 psalmi
1062 4646 1154 4685 seu
1187 4630 1383 4686 divinae
1407 4630 1685 4685 lectiones.

70 4725 200 4795 ipse
230 4739 482 4797 quoque,
526 4723 774 4793 quamvis
816 4738 1045 4793 corpore
1084 4722 1198 4792 jam
1244 4731 1593 4792 prmmortuo,
1626 4735 1691 4776 ac

70 4818 303 4875 viribus
343 4815 552 4869 cunctis
583 4813 765 4879 ell‘eto,
798 4815 1035 4885 psalmos
1073 4813 1164 4882 qui
1209 4813 1421 4868 dicendi
1458 4820 1583 4867 sunt
1613 4812 1694 4866 in-

68 4907 252 4976 cipit,
323 4912 383 4958 et
431 4917 573 4971 saepe
631 4903 932 4956 associatur
986 4900 1360 4971 psallentibus.
1414 4900 1693 4957 Postremo

68 5006 314 5068 peracta
367 4995 622 5049 unctione
660 5008 848 5061 sacra,
894 5002 946 5048 et
991 4993 1272 5048 Dominica
1322 4995 1694 5050 communitus

68 5090 465 5154 Eucharislia,
519 5097 601 5143 ter
649 5087 793 5143 illam
849 5087 988 5142 beati
1046 5087 1275 5143 Andreae
1338 5088 1691 5159 antiphonam

68 5183 236 5255 largo
269 5181 406 5237 ﬂetu
451 5196 545 5236 ora
584 5181 789 5251 rigatus
818 5191 976 5250 prout
1009 5181 1184 5251 potuit
1217 5180 1495 5236 cantavit:
1533 5198 1551 5233 ι
1588 5182 1693 5236 Do-

67 5277 231 5329 mine
255 5273 396 5329 Jesu
427 5271 664 5340 Christe,
715 5273 973 5342 magister
1013 5273 1173 5341 bone,
1202 5275 1416 5345 suscipe
1443 5275 1694 5345 spiritum

68 5383 270 5423 meum
308 5366 364 5419 in
380 5380 531 5435 pace,
563 5366 685 5435 quia
704 5364 819 5435 jam
854 5375 1065 5436 tempus
1095 5375 1175 5421 est
1204 5373 1261 5421 ut
1290 5366 1521 5422 veniens
1552 5365 1695 5421 desi-

66 5464 276 5517 derem
316 5466 373 5513 te
402 5458 585 5513 videre
645 5476 669 5511 ι

143 5552 252 5607 46.
300 5547 426 5604 Obit
450 5550 688 5605 omnibus
714 5550 1056 5605 desideratus.
1100 5539 1196 5605 His
1222 5559 1277 5604 e1.
1300 5549 1565 5604 similibus
1591 5548 1695 5620 piis

67 5645 437 5701 exercitatus
471 5641 726 5711 operibus
770 5653 955 5712 pastor
993 5651 1179 5698 noster
1212 5641 1487 5713 egregius,
1517 5641 1570 5695 in
1611 5643 1693 5697 vi-

65 5738 209 5806 gilia
244 5726 461 5790 sanctae
494 5733 841 5790 Pcntecostes
894 5736 1114 5792 tradidit
1165 5736 1391 5792 Domino
1419 5736 1692 5808 spiritum.
1734 5750 1737 5769 τ

69 5833 157 5888 Ad
190 5829 370 5898 cujus
403 5827 691 5898 exsequias
734 5843 829 5897 per
863 5830 1098 5884 triduum
1132 5830 1233 5885 rite
1270 5844 1333 5885 ac
1368 5831 1558 5886 devote
1601 5845 1695 5885 ce-

2186 3346 2382 3401 Versus
2406 3362 2564 3416 super
2590 3347 2854 3401 tumulum
2876 3346 3013 3416 ejus.

1796 3435 2055 3508 Quisquis
2094 3437 2162 3493 ad
2201 3439 2304 3494 hoc
2334 3446 2579 3491 nostrum
2611 3445 2664 3492 te
2692 3436 2863 3493 vertis
2895 3437 3035 3491 forte
3069 3430 3384 3507 sepulcrum

1865 3527 1999 3594 Quis
2029 3527 2187 3583 modo
2218 3526 2318 3582 sim
2351 3536 2552 3591 tracta,
2577 3526 2705 3596 quis
2736 3526 3038 3597 fuerimque
3074 3535 3225 3582 nota.

1798 3619 1932 3676 Sum
1962 3618 2158 3690 pulvis,
2183 3617 2357 3675 factus
2382 3619 2592 3674 fueram
2620 3617 2712 3689 qui
2742 3617 2961 3673 nomine
2990 3630 3241 3688 magnus,

1868 3708 1948 3764 Tu
1978 3708 2076 3765 lies
2102 3707 2313 3775 similis,
2341 3708 2417 3766 sis
2443 3708 2573 3765 licet
2597 3722 2665 3764 en
2692 3706 2901 3763 viridis.

1798 3800 2052 3858 Conditio
2078 3800 2262 3857 carnis
2289 3799 2613 3857 mortalibus
2634 3808 2720 3856 est
2748 3800 2873 3856 data
2904 3797 3026 3855 talis

1867 3893 3385 3966 Provetitopomo.................

1802 3972 3282 4057 UnderogaDominum...............

1868 4077 3159 4149 Utmihisitrequies............
3233 4113 3315 4129 ..

2509 4169 2689 4223 Aliud.

1796 4258 2076 4316 Clauderis
2102 4275 2169 4315 en
2199 4260 2445 4330 pulchro.
2473 4300 2486 4314 .
2519 4299 2533 4313 .
2571 4298 2584 4312 .
2629 4294 2645 4314 ε
2691 4298 2706 4313 .
2746 4250 3060 4323 Benedicte,
3112 4254 3373 4327 sepulcro

1865 4352 2095 4408 Junctus
2119 4367 2219 4422 pro
2246 4352 2461 4407 meritis
2486 4351 2692 4408 civibus
2719 4349 3001 4422 angelicis,

1796 4444 2164 4518 Mysterioque
2205 4446 2385 4502 crucis
2416 4454 2468 4501 te
2511 4446 2704 4501 munit.
2741 4484 2755 4499 .
2804 4484 2817 4497 .
2868 4483 2883 4498 .
2937 4481 2952 4497 .
2996 4442 3149 4500 ensis

1725 4582 1771 4637 Β
1868 4537 1986 4606 Quo
2013 4539 2225 4609 spernis
2252 4547 2475 4594 cunctas
2503 4537 2762 4593 daemonis
2792 4536 3038 4592 insidias.

1798 4630 2084 4687 Fratribus
2112 4630 2202 4686 hic
2230 4630 2413 4685 multis
2442 4630 2526 4686 bis
2555 4630 2709 4687 denis
2738 4629 2954 4702 praefuit
2990 4628 3179 4700 annis,

1775 4776 1785 4783 .
1867 4723 2134 4779 Firmavit
2157 4723 2400 4789 monitis,
2425 4723 2634 4779 actibus
2663 4732 2825 4795 atque
2847 4723 2971 4794 piis.

1794 4813 2018 4870 Postera
2046 4814 2134 4869 lux
2170 4815 2274 4869 Mai
2300 4824 2488 4872 nostro
2514 4816 2619 4871 fuit
2645 4817 2833 4872 ultima
2859 4817 3032 4883 Patri,

1870 4905 2023 4961 llanc
2053 4906 2158 4963 sibi
2185 4907 2431 4977 praevidit
2462 4917 2610 4967 tutus
2642 4919 2695 4964 et
2724 4910 2825 4965 hac
2854 4911 3009 4964 obiit.

1797 4998 1947 5054 Felix
1974 5006 2030 5053 et
2058 4997 2214 5054 laetus
2238 4999 2292 5054 in
2321 5014 2455 5070 pace
2484 5002 2711 5071 quietat,
2736 5004 2963 5072 adeptus

1867 5092 2030 5148 Lucis
2056 5090 2320 5162 solamen,
2350 5095 2572 5151 succine
2603 5095 2793 5151 lector.
2822 5096 3012 5150 Amen.

2218 5185 2355 5242 Item
2381 5202 2563 5242 versus
2587 5186 2651 5241 de
2675 5187 2817 5241 obitu
2844 5187 2981 5257 ejus.

1801 5270 2072 5335 Montibus
2097 5296 2151 5335 tn
2182 5278 2414 5335 summis
2444 5279 2606 5333 nituit
2636 5293 2791 5333 mons
2814 5278 3012 5336 celsior
3035 5279 3195 5350 ipsis,

1799 5369 1953 5426 Mons
1982 5371 2144 5425 nimis
2174 5379 2411 5435 erectus,
2442 5370 2609 5424 nimia
2648 5371 2887 5426 bonitate
2911 5370 3165 5437 refertus,

1798 5460 1880 5519 Ad
1904 5463 2101 5519 caelum
2128 5460 2370 5529 tendens,
2400 5460 2523 5517 coeli
2554 5461 2621 5517 de
2650 5462 2851 5519 lumine
2880 5464 3213 5533 splendens;

1797 5552 2080 5610 Excellens
2112 5560 2345 5617 montes,
2375 5552 2631 5607 emittens
2656 5551 2891 5620 undique
2923 5551 3135 5617 fontes,

1799 5645 1873 5702 Ut
1897 5646 2076 5703 dicam
2105 5659 2317 5708 verum,
2343 5643 2591 5715 gestabat
2625 5643 2863 5699 culmine
2892 5644 3111 5699 cedrum
3132 5661 3157 5709 ;,

1799 5741 1951 5798 Hanc
1972 5742 2081 5796 vidt
2110 5741 2335 5796 cedrum
2369 5746 2747 5807 penetrantem
2778 5738 2981 5793 vertice
3008 5736 3212 5793 cretum.
3240 5755 3258 5798 :

1803 5832 2004 5888 Fructn
2038 5833 2289 5903 pascebat
2324 5841 2565 5895 cunctos,
2599 5840 2655 5884 ct
2681 5830 2845 5885 odore
2880 5830 3150 5900 replebat.
