3902 6316
540 301 673 362 H91

1112 307 1453 383 HEMMINGI
1492 307 1806 375 MONACH.
1844 308 2150 367 WIGORN.

2189 309 2392 377 LIBER
2428 311 2517 368 DE
2555 310 2837 375 ECCLES.
2884 314 3190 376 WIGORN.
3634 329 3739 387 ηθὲ

539 415 842 489 gomiensis
891 417 1146 473 Ecclesia:
1197 416 1603 489 tliSpensatione
1652 419 1832 483 divina
1902 430 2124 479 coactus
2152 421 2318 480 ADei
2353 419 2671 483 Wulstanus
2717 423 2770 478 in
2798 424 2903 501 hac
2933 442 3041 497 qua
3088 442 3367 483 manemus
3398 442 3570 489 eremo
3610 439 3741 498 adhuc

538 515 622 561 est
644 508 938 576 suscipere.
967 508 1119 576 Quod
1153 519 1330 564 tamen
1362 513 1540 581 potius
1588 528 1749 566 causa
1799 513 2121 569 obedientia:

536 614 698 669 quam
721 599 1079 670 adipiscendae
1102 602 1343 673 suscepit
1378 602 1582 673 glorias
1603 604 2122 661 Venerabilisinter-

534 704 600 744 ea
661 691 935 747 comitissa
975 690 1239 763 Godgiva,
1268 694 1409 749 fama
1468 696 1727 751 bonitatis
1766 697 1883 767 ejus
1915 698 2118 763 audita,

533 780 662 837 totis
702 783 849 837 illum
898 785 1063 855 cmpit
1092 784 1320 855 diligere
1350 785 1669 854 visceribus,
1698 796 1752 842 et
1792 787 1846 842 in
1891 788 2122 843 diversis

529 870 690 940 hujus
724 872 904 928 surculi
952 875 1241 930 subvenire
1276 877 1706 932 necessitatibus.
1749 876 1915 949 Cujus
1947 878 2119 948 siqui-

531 962 654 1018 dem
725 965 978 1035 precibus
1035 982 1217 1023 comes
1270 968 1576 1036 Leofricus,
1628 968 1824 1038 conjux
1873 969 2122 1025 videlicet

530 1069 683 1121 suus,
708 1055 847 1113 duas
890 1066 1086 1125 terras,
1137 1059 1453 1115 Blacawella
1487 1070 1540 1116 ct
1580 1059 1936 1116 Wulfordilca
1960 1076 2123 1116 voca-

531 1155 633 1209 tas,
661 1145 736 1205 illi
766 1147 1006 1215 donavit,
1040 1165 1177 1220 quas
1207 1160 1364 1207 antea
1392 1150 1526 1206 Dani
1552 1152 1845 1221 caeterique
1894 1152 1987 1207 Dei
2027 1152 2122 1208 ad-_

530 1240 759 1297 versarii
792 1241 842 1294 vi
887 1241 1239 1307 abstulerant,
1269 1250 1323 1297 et
1352 1243 1420 1298 ab
1452 1244 1569 1313 ipsa
1614 1243 1978 1315 Wigqrniensi
2025 1244 2116 1301 Ecr

529 1327 695 1386 clesia
724 1330 939 1400 penitus
968 1332 1361 1391 alienaverunt.
1390 1333 1629 1390 Alteram
1659 1350 1871 1405 quoque
1895 1346 2115 1401 terram,

530 1436 693 1491 quam
719 1423 909 1480 incola:
934 1425 1080 1481 illius
1105 1425 1359 1481 lkacumh
1386 1436 1719 1497 nuncupant,
1746 1428 1888 1483 [ilius
1913 1428 2118 1497 prmfati

529 1514 746 1569 comitis
775 1514 1055 1586 .Elfgarus
1085 1518 1306 1574 nomine
1340 1534 1369 1572 a
1417 1520 1739 1589 quibusdam
1769 1520 2026 1585 obtinuit,
2065 1528 2121 1574 et

527 1618 629 1679 pro
656 1618 769 1659 suae
804 1607 1042 1662 remedio
1068 1608 1263 1663 animae
1292 1610 1538 1677 praedicti
1566 1610 1667 1663 viri
1698 1609 1786 1665 Dei
1814 1608 1922 1679 juri
1949 1610 2117 1665 tradi-

528 1696 629 1752 dit.
696 1695 937 1754 Cernens
1023 1708 1203 1754 autem
1282 1700 1623 1757 venerandus
1686 1702 2120 1773 archiepiscopus

2225 528 2480 578 manens,
2518 513 2768 569 omnibus
2817 517 2998 570 omnia
3047 517 3227 583 ﬁebat,
3272 528 3329 574 ut
3366 536 3543 577 omnes
3577 524 3740 587 Christo

2223 605 2426 660 lucrari
2480 616 2682 676 posset.
2739 609 2785 663 A
2840 607 3113 665 Willelmo
3162 625 3378 680 quoque
3426 628 3544 684 rege
3581 624 3742 678 (aleris

2223 695 2454 766 amplius
2474 696 2776 760 amabatur,
2811 699 3024 754 czeteris
3052 699 3283 768 amplius
3318 702 3529 771 majoris
3550 705 3743 766 minoris-

2222 802 2325 856 que
2361 788 2546 858 gloriae
2571 790 2703 846 viris
2729 806 2826 861 pro
2860 790 2985 845 vitae
3029 807 3141 846 sua:
3175 792 3371 848 merito
3418 795 3739 857 honorabatur.

2221 879 2317 935 Cui
2342 881 2577 950 poscenti
2610 880 2759 935 dedit
2792 891 2991 936 terram
3016 883 3246 937 duorum
3297 897 3634 954 cassatorum,
3659 907 3743 961 qua

2221 969 2476 1027 Cullaclis
2530 972 2750 1038 dicitur,
2810 982 2867 1028 et
2899 972 3123 1029 alteram
3156 975 3222 1029 15
3273 987 3627 1043 cassatorum,
3660 998 3746 1051 qua

2220 1062 2506 1119 jElfestum
2555 1063 2889 1117 nominatur.
2942 1062 3051 1119 Has
3095 1065 3319 1134 insuper
3367 1076 3565 1131 terras,
3604 1069 3746 1130 littus

2220 1150 2431 1206 scilicet
2452 1159 2508 1204 et
2536 1151 2761 1217 Eastun,
2790 1161 2845 1207 et
2874 1152 3006 1207 duas
3055 1153 3475 1226 Lyuderycgeas
3510 1165 3559 1210 et
3592 1157 3747 1232 Penliyl

2219 1250 2267 1296 et
2301 1239 2645 1296 Grimanleah
2674 1241 2777 1296 sibi
2810 1242 3062 1297 reddidit.
3098 1243 3229 1309 Qum
3275 1243 3365 1298 ille
3387 1246 3561 1299 omnia
3579 1246 3747 1303 Thema

2221 1333 2511 1389 venerabili
2561 1334 2763 1404 priori,
2813 1335 2904 1403 qui
2952 1335 3255 1404 prieratum
3302 1346 3425 1407 post
3482 1338 3746 1397 Ellstanum

2219 1426 2474 1490 obtinuit,
2508 1426 2803 1481 commisit.
2850 1425 3212 1481 Molendinum
3238 1443 3453 1497 quoque
3490 1433 3613 1497 apud
3646 1433 3747 1488 Nor-

2222 1516 2454 1571 thwicau
2486 1527 2540 1570 et
2586 1524 2834 1585 quartam
2886 1526 3097 1588 partem
3150 1526 3307 1573 terra:
3336 1520 3403 1572 ad
3431 1536 3553 1574 usus
3575 1520 3748 1579 fratrum

2219 1608 2459 1663 donavit.
2503 1607 2570 1661 Et
2600 1607 3012 1673 monasterium,
3044 1609 3186 1677 quod
3226 1608 3281 1663 in
3314 1608 3594 1665 Westbirie
3629 1613 3747 1668 situm

2206 1688 2325 1765 est,
2377 1700 2618 1769 ejusdem
2645 1700 2847 1771 prioris
2894 1698 3117 1755 Thomas
3162 1701 3427 1757 custodite
3464 1704 3747 1773 mancipavit.

525 1788 798 1849 Aldredus
828 1791 971 1847 hunc
1000 1806 1215 1848 servum
1247 1793 1341 1849 Dei
1372 1794 1526 1849 bonis
1556 1794 1812 1865 operibus
1840 1794 2115 1861 insudare,
2150 1801 2194 1861 Β
2223 1793 2376 1861 Quod
2402 1794 2651 1849 videlicet
2680 1793 3068 1849 monasterium
3099 1794 3291 1849 beatus
3339 1792 3607 1849 Oswaldus
3640 1798 3749 1866 prius

530 1880 669 1937 nihil
694 1882 762 1937 de
793 1885 1027 1940 terrenis
1057 1899 1272 1950 curare,
1307 1886 1645 1942 solummodo
1683 1887 1995 1944 coelestibus
2033 1890 2119 1945 in-

527 1971 705 2040 hiare,
734 1975 787 2030 in
816 1977 1186 2047 episcopatum
1217 1966 1612 2049 Wigorniensis
1644 1976 1904 2033 Ecclesia:
1934 1978 2121 2034 decre-

527 2067 609 2136 vit
637 2082 761 2123 eum
792 2068 1096 2129 sublevare.
1129 2068 1281 2148 Quod
1311 2070 1452 2125 sicut
1476 2068 1738 2139 disposuit
1765 2079 1964 2135 mente,
1992 2070 2121 2125 licet

514 2146 757 2221 multum
800 2160 1129 2219 reniteretur
1160 2146 1303 2229 ille,
1356 2178 1461 2217 non
1495 2160 1663 2215 multo
1710 2170 1832 2231 post
1882 2162 2123 2233 implevit

514 2238 713 2319 opere.
748 2250 1011 2322 Suscepto
1039 2254 1221 2323 itaque
1253 2254 1385 2307 tanti
1415 2250 1637 2308 honoris
1686 2250 1951 2316 culmine,
1985 2269 2121 2323 qua-

514 2339 656 2394 «liter
683 2340 810 2396 illud
842 2341 951 2397 Deo
982 2357 1042 2398 se
1088 2350 1427 2421 protegente
1452 2340 1703 2408 tenuerit,
1724 2357 1887 2412 quam
1918 2345 2122 2400 sanctis

529 2433 784 2500 operibus
811 2432 1171 2501 decoraverit,
1201 2435 1377 2490 nullus
1416 2437 1630 2493 edicere
1672 2438 1893 2508 poterit.
1926 2436 2123 2495 Mansit

531 2535 713 2587 autem
741 2526 793 2580 in
817 2527 1129 2598 episcopatu
1157 2527 1228 2582 52
1248 2528 1426 2594 annis,
1452 2529 1731 2586 mensibus
1757 2528 1791 2583 4
1812 2537 1866 2585 et
1893 2528 1927 2582 5
1954 2528 2125 2597 septi-

532 2618 727 2681 manis.
755 2617 1059 2674 Prioratum
1083 2634 1213 2683 vero
1240 2616 1636 2691 Wigorniensis
1660 2622 1912 2679 Ecclesiae
1942 2636 2124 2677 susce-

532 2711 613 2781 pit
667 2726 765 2780 pro
813 2710 930 2783 ipso
976 2711 1147 2769 frater
1202 2712 1345 2768 illius
1390 2713 1691 2771 Elfstanus
1737 2716 1979 2780 nomine,
2029 2714 2122 2785 qui

533 2811 711 2859 terras
743 2812 871 2869 tres,
905 2804 1054 2860 Lenc
1080 2805 1350 2872 videlicet,
1374 2815 1428 2862 et
1452 2806 1853 2869 Dunhamstede
1892 2816 1947 2862 et
1985 2805 2122 2865 Pec-

532 2895 709 2952 ceslea
741 2912 837 2951 sua
870 2898 1159 2973 acquisivit
1184 2898 1526 2955 strenuitate.
1583 2899 1700 2970 Ipse
1741 2899 1907 2954 etiam
1936 2913 2125 2955 servus

555 3106 651 3129 ᾔ

2223 1884 2512 1949 exstruxit,
2561 1884 2843 1939 monachis
2892 1883 3176 1951 stabilivit,
3209 1893 3265 1939 et
3297 1885 3459 1940 terris
3488 1887 3750 1942 hominibus

2222 1989 2327 2043 que
2360 1974 2478 2029 illas
2514 1974 2887 2030 excolentibus
2919 1974 3133 2028 ditavit.
3170 1973 3371 2029 Verum
3421 1986 3534 2044 post
3574 1989 3749 2031 mortem

2223 2064 2366 2119 illius
2394 2065 2475 2119 sic
2501 2081 2530 2118 a
2560 2064 2834 2139 perversis
2865 2063 3061 2120 diaboli
3116 2063 3266 2129 (iliis,
3293 2064 3500 2121 scilicet
3534 2081 3561 2119 a
3588 2067 3750 2136 piratis,

2224 2164 2491 2211 vastatum
2530 2164 2643 2222 est,
2675 2164 2733 2210 ut
2770 2171 2874 2210 non
2920 2168 3226 2214 remaneret
3277 2157 3381 2214 nisi
3433 2172 3563 2215 unus
3596 2157 3750 2211 solum-

2226 2247 2387 2303 modo
2425 2248 2727 2318 presbyter,
2757 2247 2850 2318 qui
2879 2247 3075 2303 divinae
3102 2249 3385 2304 servitutis
3409 2247 3621 2303 oﬂicium
3664 2264 3753 2301 raro

2223 2338 2481 2407 explevit.
2519 2339 2589 2393 At
2636 2338 2987 2393 recordandce
3040 2341 3322 2396 memoria:
3353 2338 3646 2393 Wulstauus
3669 2350 3756 2407 post

2225 2430 2537 2501 susceptum
2568 2430 2911 2501 episcopatus
2942 2431 3205 2487 honorem
3246 2431 3377 2487 illud
3430 2429 3753 2491 reaediticavit;

2224 2524 2407 2589 terris,
2444 2523 2754 2579 hominibus
2788 2534 2845 2579 et
2896 2525 3234 2580 vestimentis
3288 2525 3355 2579 ad
3398 2524 3490 2578 Dei
3528 2524 3756 2579 servitium

2227 2614 2624 2690 pertinentibus
2649 2614 2969 2680 nobilitavit,
3027 2615 3339 2685 ibidemque
3366 2615 3642 2670 secundum
3684 2613 3756 2666 loci

2229 2707 2552 2777 positionem
2608 2705 2901 2761 monachos
2950 2707 3299 2770 coadunavit,
3347 2717 3403 2760 et
3431 2704 3757 2760 monasterium

2231 2820 2354 2860 cum
2382 2803 2638 2863 omnibus
2661 2816 2780 2872 qua:
2809 2801 2882 2857 ibi
2930 2811 3089 2856 erant
3142 2801 3400 2861 Ecclesia:
3448 2797 3760 2871 Wigoruiensi

2232 2897 2554 2970 Subjngavit.

1522 3271 2334 3399 HEMMINGI
2409 3227 2908 3396 .LIBER

812 3523 963 3614 DE
1036 3524 1635 3627 ECCLESIE
1705 3521 2618 3651 WIGORNIENSIS
2692 3519 3565 3623 INCREMENTIS.

1762 3718 2118 3791 (Monastican
2146 3715 2353 3787 Anglic.
2383 3712 2424 3784 Ι,
2465 3714 2619 3786 154.)

616 4037 768 4098 llnnc
793 4039 1029 4105 libellum
1058 4040 1131 4093 de.
1151 4037 1585 4108 possessionibus
1612 4038 1772 4108 hujus
1819 4037 1985 4093 nostri
2013 4052 2131 4092 mo-
2161 4016 2206 4079 (ἶ
2238 4032 2451 4103 quando
2482 4032 2572 4087 Dei
2615 4031 2787 4103 gratia
2821 4032 3153 4085 concedente
3183 4041 3281 4082 cor
3314 4027 3456 4097 regis
3489 4023 3677 4093 justiti:
3700 4036 3777 4089 qua

544 4132 796 4197 nasterii,
850 4147 951 4203 ego
1007 4131 1363 4202 Hemmingus
1413 4131 1711 4185 monachus
1760 4138 1816 4185 et
1886 4129 2138 4184 sacerdos

544 4225 1079 4295 quamvisindignus
1110 4234 1164 4279 et
1196 4238 1494 4277 conservus
1537 4237 1816 4277 servorum
1867 4219 1959 4276 Dei
1986 4220 2139 4274 habi-

547 4320 780 4374 tantium
818 4319 869 4373 in
905 4318 1234 4373 monasterio
1265 4324 1463 4371 sancta:
1509 4316 1602 4376 Dei
1635 4314 1925 4369 Cenitricis
1956 4312 2139 4377 Mariae

546 4410 653 4465 sito
685 4411 738 4463 in
769 4408 902 4463 urbe
920 4424 1038 4478 qua:
1060 4407 1282 4478 Anglice
1310 4403 1783 4477 Wigornacealter
1806 4403 2137 4468 nominatur,

546 4500 839 4555 multorum
866 4500 1211 4568 antiquorum
1257 4498 1533 4552 hominum
1580 4503 1635 4550 et
1673 4495 1907 4550 maxime
1936 4493 2139 4548 domini

546 4593 815 4648 Wulstani
859 4590 1094 4661 episcopi
1126 4590 1355 4659 piissimi
1407 4587 1579 4659 patris
1608 4586 1777 4642 nostri
1805 4585 2028 4646 edocms
2056 4600 2142 4644 re—
2182 4640 2183 4643 η

547 4683 753 4739 latione
784 4690 837 4736 et
884 4681 1268 4735 corroboratus
1312 4677 1662 4745 auctoritate,
1681 4675 1930 4746 quaedam
1976 4675 2140 4730 etiam

547 4792 613 4830 ex
653 4783 841 4831 nostra
871 4772 1133 4829 memoria
1184 4773 1407 4842 ipsemet
1437 4770 1633 4841 quibus
1676 4778 1769 4822 aut
1799 4767 2019 4822 interfui
2051 4774 2145 4820 aut

546 4884 669 4938 quae
699 4876 882 4924 nostra
913 4874 1072 4922 :etate
1112 4865 1250 4920 facta
1280 4872 1409 4919 sunt
1440 4860 1802 4925 intermiscui,
1860 4867 2048 4929 utpote
2077 4858 2145 4913 de

554 4960 718 5017 terris
744 4974 881 5031 quas
918 4955 1241 5027 Francigeni
1273 4956 1607 5016 invaserunt,
1636 4966 1757 5021 qua:
1786 4950 1967 5008 omnia
1996 4956 2144 5002 tanto

550 5036 757 5108 certius
782 5052 904 5117 dico
932 5059 1134 5120 quanto
1164 5064 1226 5103 ea
1258 5055 1442 5109 nostra
1470 5044 1732 5099 memoria
1760 5040 1948 5097 recolit
1976 5039 2144 5105 facta,

549 5160 615 5209 ea
658 5145 899 5202 maxime
924 5141 1223 5209 intentione
1253 5134 1556 5206 composui,
1590 5144 1649 5188 ut
1680 5132 1914 5203 posteris
1945 5129 2145 5185 nostris

552 5239 880 5301 claresceret
914 5252 1035 5307 qua:
1087 5244 1142 5289 et
1189 5239 1405 5303 quantm
1452 5229 1825 5298 possessiones
1876 5236 2144 5283 terrarum

553 5331 742 5399 ditioni
772 5328 932 5398 hujus
959 5324 1272 5388 monasterii
1307 5321 1557 5391 adjacere
1597 5321 1661 5375 ad
1693 5320 1895 5375 victum
1954 5320 2145 5373 dunta-

552 5432 650 5489 xat
674 5436 957 5478 servorum
986 5420 1100 5485 Dei,
1134 5415 1523 5473 monachorum
1552 5412 1801 5471 videlicet
1821 5410 1944 5480 jure
1982 5409 2147 5463 debe-

555 5510 1197 5584 rent,quamqueinjuste
1222 5510 1273 5564 vi
1294 5518 1345 5563 et
1374 5507 1512 5563 dolis
1534 5503 1744 5574 spoliati
1772 5502 1855 5559 his
1875 5515 2147 5557 caremus.

558 5605 697 5675 Quid
722 5620 851 5659 vero
882 5601 1129 5657 utilitatis
1161 5601 1263 5656 hoc
1294 5613 1414 5653 meo
1456 5594 1640 5650 labore
1668 5598 2010 5651 exerceatur,
2054 5588 2151 5642 Dei

557 5696 734 5780 pietas
760 5694 950 5750 melius
981 5693 1146 5755 novit,
1201 5689 1288 5746 cui
1326 5697 1496 5743 totum
1540 5682 1839 5780 committo.
1880 5680 2149 5780 Quantum

564 5769 751 5865 iumen
770 5786 841 5855 ad,
861 5801 1038 5854 meam
1065 5786 1261 5852 attinet
1288 5777 1697 5861 dispositionem
1728 5775 1844 5841 hac
1869 5782 1984 5844 cSt;
2027 5782 2085 5829 ut
2106 5769 2153 5837 si
2202 5841 2213 5851 .

2239 4139 2384 4179 nunc
2413 4123 2703 4179 marcescit
2740 4122 3141 4185 consolidetur,
3184 4119 3385 4188 lexque
3411 4134 3528 4187 qua:
3574 4129 3697 4169 nunc
3720 4114 3778 4165 in-

2232 4215 2393 4285 justis
2429 4214 2763 4285 principibus
2796 4211 3019 4269 confusa
3051 4220 3134 4266 est
3174 4210 3390 4281 jnstitia
3438 4208 3674 4261 fulciente
3696 4212 3777 4256 sta-

2238 4307 2493 4371 hilietur,
2527 4307 2668 4361 sciat
2712 4306 2825 4360 sive
2877 4304 3197 4374 episcOpus,
3258 4302 3375 4356 sive
3430 4302 3683 4359 decanos,
3721 4292 3778 4349 vc!

2240 4399 2437 4469 aliquis
2487 4382 2745 4468 przelatus
2798 4396 2956 4465 hujus
2996 4392 3372 4454 monasterii,
3430 4392 3552 4443 dum
3617 4394 3779 4465 tempus

2239 4498 2425 4559 aptum
2459 4487 2750 4551 invenerit,
2778 4483 3049 4556 quomodo
3076 4497 3171 4537 eas
3218 4480 3538 4551 proclamat,
3563 4472 3781 4544 quomodo

2240 4593 2334 4639 eas
2362 4587 2601 4648 expetat,
2635 4592 2702 4631 ne
2726 4574 3046 4646 ignorantia:
3076 4571 3289 4626 nebulis
3315 4570 3592 4623 ab‘seonsze
3616 4561 3779 4633 penitus

2241 4684 2306 4724 ex
2337 4669 2598 4725 memoria
2641 4667 2947 4722 deleantur.
2995 4662 3240 4734 Cognitis
3286 4662 3434 4715 enim
3463 4658 3652 4718 causis,
3695 4667 3781 4719 pero

2202 4748 2203 4751 η
2242 4762 2391 4816 souis
2416 4770 2470 4816 et
2499 4759 2830 4829 temporibus
2854 4758 3050 4827 quibus
3077 4763 3173 4809 aut
3196 4769 3294 4824 per
3313 4767 3452 4821 quos
3479 4763 3644 4819 quove
3664 4741 3781 4797 ιιιοςεσ)

2244 4854 2374 4924 ipsae
2397 4864 2554 4906 terrae
2597 4850 2683 4905 vel
2732 4848 3109 4919 possessiones
3155 4860 3186 4899 a
3238 4842 3555 4898 monasterii
3593 4836 3781 4931 domitu-

2247 4945 2390 4998 tione
2421 4943 2613 4997 ablata:
2642 4942 2772 5007 sint,
2806 4940 2941 4994 satis
2986 4938 3177 4992 melius
3201 4946 3256 4991 et
3283 4931 3679 4995 conveniendus
3700 4941 3783 4994 qm-

2245 5034 2375 5090 lihet
2421 5049 2605 5089 earum
2653 5031 3022 5102 proclamator
3069 5039 3124 5084 et
3166 5028 3244 5088 ad,
3267 5027 3357 5096 jus
3398 5022 3782 5084 monasteriiquo

2240 5106 2386 5199 juste
2413 5133 2702 5196 suppetere
2728 5124 2990 5183 deberent
3020 5130 3277 5187 strenuus
3313 5128 3367 5176 et
3398 5118 3577 5187 justus
3594 5120 3783 5205 exactor,

2247 5233 2400 5273 suam
2442 5222 2730 5284 componet
2782 5212 3084 5267 orationem
3139 5218 3195 5263 et
3239 5208 3591 5277 compositam
3642 5212 3781 5263 Illajm'l

2250 5306 2576 5362 auctoritate
2610 5304 2907 5377 diligenter.
2926 5308 2980 5355 et
3005 5299 3329 5353 nominatim
3361 5293 3587 5365 singulis
3618 5299 3784 5356 expres-

2178 5370 2225 5428 D
2252 5400 2328 5454 sis
2371 5399 2570 5465 causis,
2623 5396 2891 5467 personis,
2947 5392 3305 5458 temporibus,
3358 5388 3550 5442 fulcire
3587 5377 3783 5453 prtevalei

2252 5489 2757 5562 proclamationem.
2792 5484 3017 5539 Noverit
3043 5490 3225 5536 autem
3259 5478 3536 5533 studiosus
3567 5475 3783 5526 lectorum

2253 5583 2356 5638 hoc
2385 5597 2522 5651 opus
2566 5596 2672 5635 non
2721 5594 2839 5633 mea
2870 5574 3324 5647 praesumptione,
3356 5569 3451 5623 sed
3490 5566 3781 5651 plurimumet

2257 5682 2467 5745 rogatu,
2501 5671 2738 5726 maxime
2770 5680 2949 5723 tamen
2983 5665 3155 5735 ipsius
3209 5654 3637 5716 revercndissimi
3662 5656 3782 5745 patris

2259 5736 2429 5835 nostri
2459 5767 2571 5841 jam
2606 5766 2733 5823 dicti
2765 5772 2818 5821 et
2854 5774 2995 5839 saepe
3033 5755 3370 5823 nominandi,
3418 5749 3614 5809 domini
3654 5736 3784 5796 videi}
