3902 6316
192 353 213 408 Ι
233 345 331 407 495

857 336 1227 396 BADBODUS
1260 337 1304 392 ll
1341 333 1618 393 NOVIOM.
1658 332 1882 390 EPISC.
1915 360 1986 371 —
2020 329 2301 388 NOTlTlA
2341 332 2731 392 HISTORICA.

3312 337 3453 392 M94

187 469 264 515 cet
292 455 555 512 Wulstani
585 452 817 524 episcOpi
840 452 1082 523 jussione
1112 453 1418 521 incoepisse,
1447 450 1598 518 cujus
1628 465 1751 503 ora-
1780 455 1827 513 Α
1858 447 2077 516 quidem
2136 447 2409 502 ordinavit
2466 450 2645 503 omnia
2707 451 2978 520 primitiva
3034 462 3356 508 testamenta
3399 461 3457 507 et

190 547 411 607 \iuttibtls
456 544 701 601 suﬂ'ultus
752 544 1019 599 veraciter
1060 544 1223 598 credo
1252 542 1318 595 ad
1376 543 1534 596 linem
1582 556 1753 609 usque

198 656 264 695 ne
291 639 626 708 perduxisse.
665 635 887 692 Sciebat
937 651 1168 707 namque
1208 633 1607 703 interjucunda
1660 635 1758 687 ad-

194 729 485 783 monitionis
532 743 642 783 sua:
691 726 987 797 colloquia,
1038 742 1157 796 qua:
1204 726 1481 781 nobiscum
1527 734 1583 778 ut
1633 725 1752 792 pius

183 830 323 890 pater
350 820 657 889 frequenter
708 819 908 874 habere
950 818 1336 882 delectabatur,
1372 831 1476 871 non
1529 816 1747 885 quidem

181 928 258 965 ιιιο
286 912 450 966 solum
473 926 731 981 expresso
759 912 996 976 nomine,
1014 911 1106 966 sed
1145 919 1369 966 cunctos
1400 909 1594 964 fratres
1612 924 1751 979 quos

181 1004 309 1057 forte
348 1017 506 1058 casus
551 1003 651 1059 sibi
702 1001 1149 1073 praesentaverat}
1172 1002 1403 1072 pigritiae
1448 1009 1505 1056 et
1531 1001 1748 1056 desidi:e

178 1108 416 1163 arguere,
448 1108 546 1148 cur
570 1110 668 1150 nos
692 1095 807 1149 otio
833 1102 1109 1165 torpentes
1135 1108 1221 1149 res
1257 1092 1581 1163 praecedenti
1632 1092 1749 1147 sive

177 1166 354 1237 nostro
396 1191 639 1254 tempore
679 1192 859 1254 gestas
903 1185 967 1239 de
1004 1183 1433 1254 possessionibus
1483 1184 1749 1238 duntaxat

175 1274 407 1331 ecclesia:
441 1285 638 1331 nostrae
664 1276 930 1331 nollemus
954 1278 1152 1332 litteris
1177 1275 1580 1342 commendare,
1622 1291 1746 1331 cum

175 1382 266 1422 nos
287 1375 339 1421 et
374 1366 526 1436 plura
555 1368 724 1423 oculis
750 1368 949 1423 nostris
987 1368 1129 1423 facta
1173 1368 1513 1434 vidissemus,
1546 1377 1602 1421 et
1632 1368 1747 1436 ipse

172 1466 352 1528 utpote
385 1458 468 1512 vir
511 1460 833 1514 veneranda:
866 1461 1163 1515 senectutis
1212 1469 1266 1515 et
1313 1460 1530 1515 canitiei
1586 1460 1751 1515 multa

170 1557 348 1619 posset
378 1548 618 1605 recolere
646 1565 765 1619 qua:
794 1551 1145 1622 plurimorum
1186 1568 1293 1607 non
1347 1561 1503 1606 erant
1558 1566 1754 1607 recon-

173 1638 276 1691 dita
307 1638 599 1693 memoriae.
626 1639 818 1695 Aiebat
845 1641 1007 1695 etiam
1038 1657 1142 1697 non
1168 1642 1449 1696 minimum
1465 1640 1754 1711 posterita-

174 1730 235 1784 tis
287 1738 484 1783 uostra:
529 1733 877 1801 temporibus,
922 1736 967 1789 si
1025 1734 1244 1790 litterali
1293 1734 1569 1790 memoriae
1603 1749 1751 1789 com-

1824 554 1825 557 ‘
1858 538 2141 607 privilegia
2173 538 2226 591 in
2257 538 2454 606 quibus
2483 538 2932 596 manifestabatur
2955 543 3226 612 quomodo
3254 543 3337 598 vel
3356 558 3455 612 per

1856 646 1995 701 quos
2022 631 2199 701 primo
2236 639 2499 685 terrarum
2527 635 2898 702 possessiones
2953 636 3079 691 huic
3120 638 3453 692 monasterio

1858 722 2000 778 data:
2028 724 2155 777 sint.
2187 723 2244 777 In
2277 725 2448 779 altero
2473 741 2600 781 vero
2629 727 2991 797 chirographa
3024 730 3221 798 quibus
3255 730 3450 784 beatus

1856 812 2141 870 Oswaldus
2181 816 2649 887 archiepiscopus,
2687 804 2808 872 cum
2851 818 3122 887 adjutorio
3154 821 3296 890 regis
3320 818 3457 873 ᾹΞεΙ.

1820 903 2240 981 ’ςιιι-ἰηιθιταδ
2298 902 2496 972 injuste
2543 922 2572 960 a
2627 908 2757 961 viris
2807 910 3118 977 potentibus
3168 910 3455 980 aliquanto

1860 1006 2102 1068 tempore
2128 1012 2407 1068 possessas
2433 1000 2623 1056 ditioni
2656 1002 2899 1059 ecclesiae
2929 1005 3221 1060 attitulavit
3250 1019 3451 1075 easque

1857 1090 2031 1161 regali
2058 1092 2385 1147 auctoritate
2413 1101 2471 1147 et
2498 1102 2811 1149 senatorum
2843 1109 3109 1151 consensu
3155 1106 3211 1151 et
3245 1096 3452 1167 princi-

1854 1198 1985 1253 pum
2012 1184 2206 1255 patria:
2238 1185 2572 1253 testimonio,
2600 1186 2723 1241 data
2760 1186 3051 1255 unicuique
3100 1187 3450 1257 chirographi

1857 1277 2130 1342 cautione,
2166 1285 2290 1346 post
2314 1277 2543 1334 duorum
2574 1278 2849 1355 veltrium
2880 1280 3152 1336 lueredum
3206 1289 3452 1350 tempora

1850 1365 1960 1435 juri
1990 1365 2237 1422 ecclesiae
2266 1367 2469 1438 absque
2514 1369 2944 1425 contradictione
2982 1369 3306 1436 reddendas,
3334 1371 3453 1426 chi-

1858 1457 2251 1527 rographorum
2277 1458 2440 1512 etiam
2471 1458 2870 1528 exemplaribus
2898 1458 2953 1514 in
3000 1460 3203 1516 scrinio
3248 1468 3452 1515 sanctas

1856 1548 2100 1604 ecclesiae
2125 1550 2196 1604 ob
2225 1550 2591 1604 testimonium
2624 1551 2900 1606 collocatis
2918 1552 3033 1607 suis
3076 1551 3295 1623 scriptis
3324 1528 3495 1608 suc)

1855 1640 2170 1697 cessoribus
2202 1640 2590 1697 manifestavit.
2621 1640 2830 1709 Quibus
2865 1644 3152 1709 ordinatis,
3194 1652 3454 1714 praecepit

1857 1740 2051 1788 cuncta
2079 1733 2267 1787 eodem
2297 1733 2488 1788 ordine
2517 1734 2568 1788 in
2601 1734 2934 1790 bibliotheca
2973 1744 3180 1790 sanctze
3205 1735 3455 1791 ecclesias

172 1822 534 1887 mendaretur,
591 1824 718 1881 huic
777 1828 1109 1883 monasterio
1159 1829 1379 1883 evenire
1433 1842 1589 1897 posse
1644 1828 1750 1882 Deo
1788 1801 1831 1861 Β
1858 1822 2049 1889 scribi,
2077 1830 2347 1894 quatenus
2372 1823 2585 1879 etiamsi
2609 1832 2668 1879 ut
2693 1825 2914 1892 assolet,
2939 1826 3278 1898 contingeret
3305 1828 3452 1899 quod

171 1914 399 1967 donante
430 1915 752 1983 proﬁcuum,
783 1919 921 1974 sicut
945 1934 975 1974 e
997 1920 1275 1974 contrario
1315 1920 1359 1975 si
1392 1919 1755 1989 negligeretur

169 2006 430 2063 accideret
459 2009 736 2075 damnum,
785 2011 910 2064 dum
938 2010 1117 2064 nullus
1146 2019 1455 2080 superesset
1500 2011 1589 2080 qui
1641 2026 1755 2066 me-

170 2098 329 2151 moria
362 2100 602 2155 recolere
629 2110 827 2169 posset,
859 2109 951 2155 aut
977 2101 1023 2155 ei
1075 2103 1217 2157 aetati
1253 2117 1430 2156 rerum
1479 2109 1751 2172 gestarum

169 2190 442 2246 veritatem
470 2192 553 2246 vel
574 2193 821 2249 ordinem
850 2208 1075 2249 narrare
1102 2205 1303 2249 nosset.
1352 2193 1448 2248 llis
1483 2193 1747 2262 siquidem

162 2282 629 2340 adhortationibus
660 2286 951 2355 plurimum
984 2286 1285 2357 instigatus,
1316 2287 1382 2341 ad
1416 2295 1748 2357 postremum

164 2373 319 2429 etiam
346 2376 465 2445 ejus
496 2386 767 2449 praecepto
798 2379 1128 2435 constrictus
1167 2389 1222 2434 ct
1250 2380 1573 2434 auctoritate
1624 2394 1750 2434 cor-

170 2467 473 2536 roboratus,
511 2472 613 2526 hoc
641 2486 776 2540 opus
806 2472 1025 2542 aggredi
1050 2487 1167 2527 sum
1193 2487 1438 2534 exorsus,
1473 2472 1525 2525 in
1553 2471 1747 2541 jubeu-
1820 2532 1821 2535 η

167 2559 232 2612 tis
260 2562 431 2629 magis
462 2562 799 2617 orationibus
829 2578 991 2632 quam
1025 2564 1079 2617 in
1124 2562 1355 2632 propriis
1379 2561 1585 2615 viribus
1616 2576 1747 2616 cou-

168 2648 305 2704 llsus.
355 2651 488 2706 Erat
553 2669 786 2724 namque
849 2656 990 2710 idem
1060 2654 1541 2709 rcverendissimus
1596 2661 1751 2723 pater

165 2747 365 2805 noster,
399 2740 531 2797 licet
585 2743 927 2799 smcularium
978 2759 1158 2799 rerum
1214 2744 1438 2798 minime
1487 2742 1748 2812 cupidus,

163 2824 314 2895 hujus
340 2832 661 2886 monasterii
694 2832 983 2902 plurimum
1012 2834 1235 2888 studens
1259 2848 1473 2902 semper
1499 2834 1748 2889 utilitati-

162 2914 278 2982 bus,
314 2928 369 2973 et
401 2935 470 2974 ne
508 2936 603 2984 sua
647 2932 706 2977 ut
734 2924 1090 2992 quorumdam
1131 2925 1587 3001 praedecessorum
1618 2939 1747 2979 suo-

163 3020 273 3067 rum
318 3009 677 3080 negligentia,
731 3012 1021 3068 commissa
1065 3013 1168 3068 sibi
1210 3012 1436 3069 ecclesia
1485 3017 1742 3067 damnum

163 3096 368 3168 aliquod
425 3102 659 3171 posteris
705 3104 1035 3174 temporibus
1089 3113 1396 3173 pateretur,
1448 3119 1545 3175 pro
1583 3119 1743 3175 posse

1816 1968 1819 1969 ν
1859 1913 2038 1984 aliqua
2062 1915 2389 1986 negligentia
2420 1917 2833 1973 lestamcntales
2846 1918 3044 1974 sedulm
3067 1919 3446 1988 perderentur,

1818 2036 1825 2043 ο
1857 2022 2045 2062 earum
2083 2008 2414 2079 exemplaria
2456 2009 2648 2066 saltem
2704 2011 2836 2067 inibi
2882 2013 3191 2083 conscripta
3221 2013 3451 2069 nullate~

1820 2178 1823 2179 γ
1857 2113 1961 2153 nus
1988 2099 2247 2155 oblivioni
2279 2100 2647 2155 traderentur.
2672 2100 2785 2156 lloc
2808 2117 3025 2173 quoque
3046 2104 3200 2173 juxta
3227 2104 3363 2158 velle
3394 2118 3449 2158 et

1858 2189 2144 2260 imperium
2203 2207 2358 2245 suum
2415 2201 2669 2261 patrato,
2725 2194 2980 2263 praecepit
3024 2194 3202 2265 adhuc
3266 2198 3451 2249 omnia

1854 2280 2137 2361 privilegia
2164 2289 2220 2335 et
2243 2282 2602 2352 chirographa
2640 2290 2910 2338 terrarum
2962 2298 3081 2353 qua:
3132 2286 3348 2356 proprie
3377 2287 3448 2339 ad

1854 2370 2055 2425 victum
2108 2371 2495 2426 monachorum
2550 2373 2828 2441 pertinent
2872 2375 3163 2443 separatim
3231 2390 3298 2430 ex
3360 2375 3446 2429 his

1856 2459 2194 2531 congregari,
2221 2474 2393 2530 eaque
2424 2462 2678 2517 similiter
2729 2463 2782 2516 in
2820 2462 3034 2518 duobus
3079 2464 3445 2521 voluminibus

1854 2551 2044 2606 eodem
2066 2550 2256 2606 ordine
2278 2551 2503 2606 adunari
2538 2554 2683 2622 quod
2710 2552 2761 2607 in
2788 2554 2892 2611 hoc
2929 2555 3187 2611 codicello
3215 2556 3365 2627 ejus,
3390 2564 3450 2611 ut

1853 2642 2095 2712 praedixi,
2133 2643 2363 2713 imperio
2390 2659 2489 2713 pro
2528 2645 2746 2701 modulo
2793 2663 2928 2704 mete
2972 2650 3278 2719 parvitatis,
3327 2658 3445 2705 stu-

1820 2746 1823 2753 ‘
1854 2736 2038 2791 diosus
2066 2736 2237 2791 lector
2262 2736 2459 2793 fecisse
2496 2753 2582 2793 me
2632 2741 3066 2797 animadv’erlere
3112 2754 3303 2813 potest.
3340 2744 3445 2799 De»

1853 2843 2047 2900 precor
2074 2844 2223 2900 ergo,
2255 2839 2313 2885 ut
2344 2830 2387 2884 si
2418 2832 2504 2885 cui
2532 2832 2621 2888 hic
2647 2833 2933 2901 parvitatis
2963 2850 3097 2889 mea:
3120 2834 3272 2890 labor
3293 2836 3445 2889 cordi

1851 2923 2023 2986 sedet,
2041 2921 2303 2977 orationis
2325 2924 2629 2979 mercedem
2662 2926 2794 2980 mihi
2827 2928 3097 2995 peccaturi
3128 2926 3445 2996 impendere

1850 3032 1957 3073 non
1989 3018 2237 3090 deneget.
2269 3017 2327 3072 Si
2350 3018 2436 3072 cui
2488 3031 2615 3073 vero
2646 3018 2917 3089 diSplicet,
2970 3031 3065 3074 aut
3113 3018 3443 3088 superﬂuum

1844 3110 2074 3182 judicat,
2106 3111 2244 3167 sciat
2297 3128 2383 3169 me
2429 3128 2533 3167 non
2586 3112 2886 3168 fastidiosis
2916 3120 2971 3167 et
2998 3112 3307 3177 desidiosis,
3346 3114 3444 3168 sed

162 3203 253 3244 suo
286 3192 628 3259 prece-avebat
666 3194 949 3264 providus.
997 3194 1149 3250 Unde
1179 3204 1234 3250 et
1267 3195 1529 3251 scrinium
1571 3210 1757 3250 m0na~
1786 3187 1831 3249 C
1862 3204 2103 3260 strenuis
2132 3213 2188 3259 et
2211 3205 2468 3260 studiosis
2496 3205 2793 3271 laborasse,
2838 3204 3024 3274 eisque
3069 3205 3160 3275 qui
3188 3220 3284 3272 pro
3315 3220 3442 3261 san-

161 3281 302 3336 sterii
327 3297 514 3337 coram
544 3300 602 3339 se
632 3286 868 3341 reserari
922 3286 1085 3352 fecit,
1124 3287 1516 3359 diligenterque
1563 3287 1743 3344 omnia

160 3372 498 3442 antiquorum
555 3376 835 3446 privilegia
882 3388 937 3434 et
973 3387 1296 3434 testamenta
1336 3380 1401 3437 de
1450 3381 1745 3451 possessio-

160 3462 313 3518 nibus
361 3462 523 3533 hujus
569 3467 813 3523 ecclesize
884 3477 1257 3535 perscrutatus
1314 3478 1433 3534 est,
1489 3484 1557 3523 ne
1610 3469 1746 3525 forte

160 3554 436 3608 custodum
476 3558 797 3630 negligentia
833 3560 1134 3630 putrefacta
1164 3571 1257 3614 aut
1286 3561 1594 3629 iniquorum
1617 3576 1745 3615 ava-

162 3645 275 3698 ritia
304 3644 486 3701 forent
518 3649 795 3704 distracta.
820 3651 1064 3721 Cumque
1092 3665 1153 3705 ex
1188 3660 1339 3721 parte
1378 3662 1433 3706 ut
1462 3660 1746 3720 putaverat

160 3736 466 3805 reperisset,
499 3741 709 3794 curavit
744 3742 984 3797 studiose
1011 3752 1066 3797 et
1093 3745 1461 3812 putrescentia
1490 3757 1742 3810 reparare

159 3835 349 3895 etquae
385 3830 572 3900 inique
610 3831 870 3887 distracta
905 3832 1124 3888 fuerunt
1171 3844 1389 3889 strenue
1437 3835 1740 3903 acquirere,

160 3919 421 3986 acquiSita
455 3935 583 3975 vero
615 3923 667 3975 in
709 3923 869 3978 simul
911 3940 1265 3995 congregare,
1308 3935 1743 3997 congregataque

159 4009 210 4064 in
257 4012 470 4069 duobus
523 4015 884 4072 volmuinibus
937 4020 1142 4075 studuit
1191 4021 1466 4075 ordinare.
1518 4022 1575 4074 ln
1634 4037 1743 4076 uno

1850 3303 1952 3349 ctte
1987 3295 2180 3350 matris
2208 3294 2451 3351 ecclesiae
2500 3294 2742 3366 prolicuo
2769 3304 2824 3351 et
2860 3296 3304 3367 augmentatione
3337 3310 3444 3349 non

1850 3387 2024 3441 solum
2064 3382 2285 3443 strenue
2313 3397 2565 3453 certare;
2603 3403 2791 3442 verum
2817 3388 2980 3443 etiam
3013 3388 3058 3441 si
3094 3402 3319 3443 necesse
3339 3388 3444 3441 erit

1847 3484 1903 3532 et
1948 3478 2269 3548 semetipsos
2326 3479 2638 3548 impendere
2688 3493 2792 3531 non
2826 3477 3097 3543 dubitant,
3160 3479 3264 3532 hoc
3304 3492 3441 3561 opus

1830 3582 2118 3623 sacrasse.
2149 3569 2366 3622 Auuuat
2395 3583 2578 3637 quaeso
2614 3572 2958 3636 onmipotens
3010 3568 3168 3629 Deus,
3218 3576 3272 3621 et
3310 3582 3438 3621 san-

1848 3667 1949 3712 ctae
1977 3658 2222 3713 ecclesiae
2270 3658 2443 3712 honor
2494 3667 2549 3713 et
2597 3667 2836 3728 potestas
2869 3657 3071 3727 jugiter
3128 3665 3338 3712 crescat
3384 3664 3441 3710 ct

1848 3760 2227 3821 augmentctur
2256 3751 2321 3805 ad
2351 3751 2563 3805 laudem
2592 3751 2807 3806 Domini
2842 3752 3012 3807 nostri
3062 3751 3188 3806 Jesu
3236 3749 3439 3805 Christi

1848 3843 1939 3911 qui
1973 3858 2094 3897 cum
2120 3841 2281 3897 Patre
2308 3850 2362 3896 et
2383 3842 2585 3911 Spiritu
2617 3852 2806 3899 sancto
2830 3843 2961 3899 vivit
2990 3852 3045 3899 et
3072 3851 3263 3912 regnat
3298 3842 3443 3897 Deus

1848 3933 1900 3988 in
1928 3933 2120 3989 saecula
2148 3935 2485 3990 saeculorum.
2514 3936 2706 3999 Amen.

1438 4331 1602 4374 ANNO
1649 4332 1880 4375 DOMINI
1931 4335 2178 4375 MXllVlll

986 4392 2274 4683 R’ADBODUS
2411 4523 2590 4678 ιι

453 4776 1280 4875 TOBNACENSIS
1351 4783 1503 4873 ET
1579 4780 2419 4875 NOVIOMENSIS
2492 4786 3139 4883 EPISCOPUS

1088 5130 1685 5247 NOTITIA
1768 5131 2538 5246 HISTORICA

1003 5328 1105 5397 (Ex
1148 5327 1320 5382 Gallia
1355 5331 1643 5383 christiana
1694 5344 1817 5381 nov.
1853 5330 2003 5389 edit,
2052 5341 2177 5382 tum.
2216 5329 2303 5391 IX,
2333 5329 2432 5382 Col.
2467 5328 2570 5382 993

210 5589 342 5647 Erat
406 5591 678 5648 Balbodus
752 5591 975 5645 Evrardi
1031 5589 1390 5648 Tornacensis
1445 5592 1724 5647 castellani

143 5662 458 5733 avunculus,
488 5663 571 5715 vir
601 5662 827 5717 scicntia
854 5672 904 5715 et
929 5662 1029 5731 piis
1056 5664 1295 5718 moribus
1326 5662 1569 5733 apprime
1607 5664 1723 5716 Iau-

144 5731 417 5801 datus,ad
447 5733 641 5789 infulas
686 5733 1071 5790 Noviomenscs
1117 5731 1410 5803 promotus
1448 5743 1529 5791 cst
1583 5748 1723 5787 antro

1841 5591 1992 5651 l068,
2053 5590 2305 5658 deditque
2359 5584 2614 5658 Eiigianis
2657 5586 2938 5658 monachis
2985 5601 3128 5641 anno
3172 5589 3429 5656 sequenti?

1830 5663 2173 5729 opiSCOpatus
2207 5656 2285 5712 Sui
2328 5656 2583 5729 secundo,
2620 5657 2787 5710 altare
2822 5658 2885 5710 de
2917 5656 3280 5729 Bel/centauri.
3318 5658 3395 5709 ΙοΞο

1828 5728 1951 5786 dem
1978 5728 2118 5786 anno
2150 5730 2389 5785 interfuit
2420 5728 2741 5785 dedicatioui
2791 5729 3041 5784 ceclesim
3075 5732 3131 5788 δ.
3174 5728 3418 5795 Quintini
