3902 6316
532 319 668 377 £493
1568 307 1866 365 RADBODI
1908 305 2367 362 NOVlOllENSlS
2410 305 2711 363 EPISCOPI
3591 307 3691 363 lS'lJ

867 458 917 464 ..-
933 457 1174 466 .ο--ρ-υ--ι
1188 456 1298 462 ——---—--
1315 454 1460 460 --————-—
1477 453 1590 460 —-—--——
1615 453 2002 460 -———————~.~__————
2017 452 2256 458 _._.-_.»...__._.
2269 452 2512 458 -.μ--..ουκ

579 458 1128 489 m—___.._:_--._.
1141 473 1162 477 __
1179 466 2108 476 ,...__.”-u_._--_________.______

2210 467 2218 471 .
2233 465 2404 473 ._.a—.--_
2419 466 2552 472 ﬁ.-—

2581 448 3682 482 Lm

1123 543 1127 570 ³
1232 617 1625 750 VITA
1721 613 2282 746 SANCTI
2377 533 3090 742 MEDARDI

900 890 1733 989 NOVIOMENSIS
1803 892 1953 980 ET
2023 892 2108 980 Τ(

2210 890 2838 981 BNACENSIS
2908 887 3446 982 EPISCOPI
3522 935 3524 938 τ

1457 1050 2117 1240 AUcTORE
2156 1106 3028 1294 amoenam

1332 1368 1623 1438 (BOLLAND.
1651 1368 1780 1422 Acta
1802 1379 2126 1434 sarit-torum,
2150 1366 2293 1422 Junii
2327 1376 2454 1424 tom.
2483 1368 2543 1430 ll,
2579 1369 2664 1424 die
2693 1369 2745 1435 8,
2769 1384 2888 1439 pag.
2920 1327 3040 1438 87.)¹

1041 1724 1270 1781 CAPUT
1308 1724 1597 1780 PRlMUll.

525 1819 711 1883 Ortus,
741 1818 971 1872 illustria
1022 1818 1074 1870 in
1111 1817 1383 1886 juvenlute
1423 1817 1686 1885 facinora,
1718 1817 2089 1870 sacerdotium.

595 1911 644 1963 l.
678 1909 1027 1963 Beatissimus
1056 1907 1360 1973 Medardus,
1405 1907 1634 1977 egregia:
1663 1905 1744 1959 vir
1774 1905 2100 1970 sanctitatis,

523 2010 676 2070 patre
706 1999 991 2062 Nectardo,
1023 2010 1194 2053 matre
1221 2013 1350 2053 vero
1397 1998 1647 2068 Protagia
1701 1999 1936 2066 genitus,
1962 1999 2103 2068 apud

523 2091 912 2158 Salentiacmn,
972 2091 1367 2144 luercditariam
1397 2092 1852 2160 prmdecessorum
1881 2105 2102 2145 suorum

519 2185 946 2252 possess'oncm,
1000 2191 1161 2235 natus
1208 2191 1367 2250 atque
1399 2179 1558 2236 altus.
1613 2181 1708 2235 Est
1737 2190 1914 2234 autem
1966 2195 2103 2250 plue-

524 2270 671 2325 diutn
720 2271 848 2325 illud
889 2269 1226 2325 Salentiacus
1280 2271 1332 2324 in
1382 2272 1696 2340 cpiscOpatu
1745 2272 1907 2326 situm
1954 2271 2105 2324 Viro-

525 2362 830 2427 mandensi,
864 2363 916 2416 in
954 2363 1170 2432 regione
1221 2371 1398 2415 autem
1433 2362 1777 2418 Noviomensi
1810 2381 1824 2430 ;
1872 2364 1961 2432 qui
1995 2362 2104 2416 No-

533 2452 764 2512 viomus,
795 2467 916 2506 cum
970 2460 1095 2506 tunc
1146 2452 1402 2520 temporis
1453 2462 1689 2506 castrum
1731 2455 1823 2506 seu
1879 2453 2106 2506 munitio

529 2541 842 2606 haberetur,
880 2544 1217 2612 postmodum
1250 2543 1419 2612 ipsius
1465 2545 1702 2613 ejusdem
1733 2544 1953 2614 gloriosi
1978 2560 2108 2615 pon-

529 2633 692 2688 tiﬁri's
747 2632 982 2688 Medardi
1033 2634 1372 2689 Oiditialione
1406 2675 1420 2698 ,
1469 2635 1793 2704 pontiﬁcalis
1838 2635 2107 2689 eathedrze

530 2726 758 2788 honore,
794 2732 850 2776 ut
883 2732 1068 2793 postea
1107 2724 1393 2778 dicendum
1456 2741 1820 2798 reservamus,
1853 2725 2108 2780 sublima-

529 2820 617 2865 tus
644 2821 746 2866 est.
781 2811 1013 2867 Sanctu‘s
1069 2812 1252 2880 itaque
1286 2799 1439 2881 puer,
1494 2815 1592 2867 sub
1623 2825 1904 2884 parentum
1944 2815 2107 2868 tuteL'i

529 2905 820 2973 diligenter
845 2904 1127 2969 educatus,
1168 2905 1364 2959 divinae
1391 2905 1729 2974 providentia
1767 2909 1954 2975 gratia:
1992 2917 2108 2960 stu-

527 2995 634 3049 diis
661 2994 959 3048 litterarum
985 2996 1248 3056 eruditus,
1276 3010 1444 3063 parvo
1474 2997 1526 3050 in
1557 3007 1800 3066 tempore
1829 2999 2107 3067 inspirata:

3485 1229 3680 1254 ὥθ’-κδ

3311 1251 3480 1261 ,τ--ηό-

3315 1271 3330 1354 ξ
3363 1293 3770 1346 nues/seats,

3619 1367 3739 1378 -υ-σιι--Α-

3435 1371 3610 1386 ...μ-...ν

3587 1503 3678 1528 Γιῖ»

3583 1527 3664 1588 :4:

2121 1715 2166 1766 Α
2198 1725 2292 1794 qui
2326 1725 2604 1796 defatigati
2635 1736 2813 1790 erant,
2868 1727 2994 1796 quia
3029 1736 3160 1782 tunc
3203 1729 3500 1784 servientes
3523 1731 3716 1794 aberant.

2209 1814 2335 1868 huic
2364 1826 2551 1869 sancto
2581 1831 2764 1884 puero,
2800 1831 2906 1885 quo
2941 1817 2993 1869 in
3047 1826 3206 1886 prato
3249 1819 3352 1871 sub
3383 1817 3499 1886 eius
3531 1823 3720 1876 custodia

2207 1905 2587 1970 reﬁcerentur,
2654 1906 3011 1959 commisisse.
3073 1905 3216 1961 Puer
3282 1916 3460 1960 autem
3496 1923 3552 1963 ex
3599 1913 3723 1978 palus

2204 2002 2472 2062 prmccpto
2521 2008 2690 2062 equos
2717 1993 2964 2048 hilariter
2995 1995 3266 2063 suscepit,
3305 2004 3362 2050 et
3392 1995 3620 2050 voluntati
3639 2000 3724 2068 ejus

2205 2085 2526 2152 assenticus,
2584 2083 2880 2153 injunctum
2941 2087 3043 2140 sibi
3095 2085 3332 2144 otlicium
3399 2085 3726 2144 ollieiosissime

2205 2175 2500 2242 adimplere
2527 2176 2854 2244 properavit.
2885 2177 3020 2231 Cum
3047 2191 3178 2231 vero
3224 2177 3278 2231 in
3307 2179 3542 2233 custodia
3583 2193 3726 2242 eorum

2205 2267 2446 2322 intentus
2466 2277 2631 2332 esset,
2673 2269 2804 2322 vidit
2826 2268 3047 2322 fortuitu
3079 2270 3322 2340 ignotum
3351 2271 3621 2339 quemdam
3640 2286 3730 2338 per-

2207 2360 2457 2419 transire,
2492 2373 2553 2412 ac
2609 2359 2795 2414 sellam
2823 2371 3150 2428 equestrem,
3187 2370 3242 2414 et
3277 2376 3402 2430 qum
3455 2361 3728 2429 equitantem

2207 2450 2511 2504 condecent
2552 2466 2580 2503 a
2611 2459 2761 2519 tergo
2815 2461 3048 2520 gestare.
3075 2449 3432 2504 Percunctari
3471 2465 3590 2519 puer
3611 2451 3736 2519 coepit

2203 2557 2309 2615 qua
2342 2541 2406 2594 de
2436 2557 2598 2596 causa
2627 2541 2706 2595 sic
2733 2542 3001 2595 incederet
3030 2550 3281 2606 onustus,
3307 2556 3430 2594 cum
3457 2541 3734 2596 solummodo

2207 2630 2290 2683 via
2315 2633 2476 2686 vianti
2502 2635 2650 2701 gravi
2686 2633 2816 2688 satis
2845 2633 3230 2702 impedimento
3253 2633 3546 2688 videretur.
3568 2634 3732 2702 Equum

2206 2717 2409 2779 meum,
2438 2718 2847 2794 ille'respoudit,
2897 2717 3127 2792 contigit
3156 2733 3291 2772 casu
3346 2710 3737 2788 deperisse,qu:e

2213 2799 2391 2861 tamen
2413 2810 2534 2877 equi
2557 2818 2713 2863 erant
2737 2809 2927 2863 inutile
2957 2809 3085 2862 mihi
3112 2809 3290 2863 visum
3328 2819 3415 2864 est
3441 2812 3735 2881 perdidisse:

2212 2897 2428 2954 facilius
2453 2915 2646 2968 nempe
2687 2900 2862 2953 solum
2887 2914 3084 2968 equum
3117 2900 3247 2953 mihi
3301 2901 3409 2954 erit
3447 2916 3736 2969 comparare,

2211 3005 2371 3058 quam
2399 2996 2452 3044 et
2479 3006 2675 3060 equum
2711 3003 2764 3045 et
2785 3005 2904 3060 qua:
2943 2989 3009 3042 ad
3037 2989 3344 3058 huiusmodi
3384 2992 3734 3047 comlecentoi-

527 3085 770 3141 scientiae
798 3083 1002 3139 lumine
1031 3099 1139 3154 prae
1175 3087 1384 3142 caneris
1419 3087 1795 3145 consodalibus
1832 3089 1943 3146 suis
1971 3088 2106 3143 emi-
2143 3109 2183 3165 Β
2215 3077 2416 3144 “Cium.
2480 3095 2729 3147 reparare
2758 3098 2771 3134 ι
2825 3095 2956 3149 μυεῖ
2979 3087 3158 3136 amem
3195 3078 3351 3135 bona:
3383 3081 3585 3146 ίιιίθηεν
3619 3091 3746 3136 ian!!!

531 3175 744 3230 nentius
769 3174 984 3229 claruit.

599 3264 654 3317 2.
696 3263 825 3317 Erat
848 3271 1027 3317 autem
1062 3262 1136 3318 illi
1165 3279 1231 3320 eo
1283 3265 1337 3319 in
1388 3273 1628 3336 tempore
1654 3268 1961 3324 consodalis
1994 3269 2112 3338 qui-

532 3358 679 3422 dam,
710 3354 1058 3410 Eleutherius
1105 3357 1346 3422 nomine,
1382 3373 1542 3427 quem
1599 3359 1712 3429 ipse
1749 3369 2003 3431 tanquam
2033 3361 2108 3415 si-

535 3448 688 3504 milis
716 3446 964 3509 similem,
993 3461 1126 3516 puer
1149 3447 1395 3502 videlicet
1426 3463 1676 3518 puerum,
1702 3453 1884 3506 socius
1917 3467 2110 3506 conso-

533 3541 699 3606 eium,
724 3554 883 3609 quam
916 3537 1080 3596 multa
1110 3537 1364 3614 diligebat
1421 3539 1805 3599 familiaritate.
1838 3541 1988 3599 Hunc
2013 3545 2112 3598 ita-

533 3647 663 3700 que,
693 3639 820 3688 eum
853 3623 1139 3702 aliquando
1171 3635 1397 3688 invicem
1427 3633 1885 3704 colloquerentur,
1920 3645 2107 3705 utpote

537 3717 865 3794 prophetica:
887 3731 1078 3794 gratiae
1113 3721 1322 3776 amatus
1346 3722 1558 3792 Spiritu,
1607 3724 1918 3794 episc0pum
1963 3707 2110 3778 futu-

541 3831 658 3868 rmn
690 3829 810 3868 esse
839 3827 970 3883 puer
1019 3814 1132 3880 ipse
1165 3811 1451 3880 prtedixit;
1509 3822 1564 3866 et
1609 3828 1714 3866 non
1769 3813 1934 3866 multo
1965 3821 2110 3884 post,

538 3905 655 3972 ejus
693 3901 1029 3972 spiritualem
1079 3900 1606 3970 praenuntiationem,
1640 3902 1754 3971 ipse
1807 3917 1901 3969 per
1949 3918 2109 3970 quem

540 3993 988 4063 prophetaverat,
1036 3989 1273 4060 Spiritus
1323 3998 1544 4044 sanctus
1598 3989 1928 4059 adimplevit.
1978 3991 2110 4046 Cum

539 4083 684 4137 enim
711 4075 885 4135 :etatis
915 4087 968 4133 et
1001 4094 1209 4132 morum
1241 4075 1342 4132 sibi
1375 4075 1632 4131 divinitus
1660 4079 1953 4146 aspirasset
1991 4095 2113 4150 gra-

539 4173 636 4236 tia,
680 4173 734 4226 in
788 4153 1040 4226 Tornaco
1088 4170 1309 4224 civitate
1354 4169 1648 4240 pontiﬁcali
1691 4170 1799 4224 Deo
1845 4180 2118 4227 annuente

541 4263 862 4319 sublimatus
906 4271 990 4318 est
1035 4261 1317 4317 cathedra.
1369 4260 1444 4314 ita
1496 4261 1778 4316 Medardus
1809 4262 1910 4316 hoc
1964 4263 2105 4330 quod

541 4356 886 4427 praedixerat,
933 4353 1084 4424 quasi
1115 4353 1402 4424 propheta,
1437 4352 1616 4408 divino
1636 4353 1822 4422 Spiritu
1850 4352 1960 4423 jam
1991 4371 2113 4424 pro-

541 4445 706 4500 bavit.
1101 4437 1104 4440 ’

609 4537 665 4594 3.
715 4537 846 4603 Erat
891 4536 940 4590 ei
989 4551 1153 4607 super
1205 4534 1483 4605 egentibus
1530 4549 1658 4588 cura
1707 4550 1810 4587 non
1863 4536 2110 4597 modica,

541 4631 675 4685 adeo
701 4637 760 4684 ut
799 4629 971 4684 adhuc
992 4628 1270 4698 puerulus,
1305 4628 1469 4684 multa
1516 4640 1634 4680 sese
1655 4624 1895 4680 domaret
1946 4627 2113 4682 absti-

547 4722 752 4787 nentia,
778 4735 1070 4790 expensam
1111 4735 1263 4772 suam
1293 4718 1624 4787 pauperibus
1650 4717 2020 4785 distribuerat,
2053 4735 2116 4773 ac

543 4809 858 4864 vestimenta
908 4823 1004 4862 sua
1067 4797 1431 4877 indigentibus
1487 4805 1746 4860 benevole
1799 4805 2111 4876 largiretur.

543 4895 784 4964 Quadam
807 4895 1074 4965 siquidem
1097 4893 1204 4959 die,
1233 4893 1493 4960 casulam,
1523 4908 1688 4962 quam
1715 4893 1763 4948 ei
1796 4903 1970 4949 mater
2016 4911 2113 4952 sua

542 5004 648 5044 non
674 4987 871 5042 modici
902 4986 1059 5056 pretii
1088 4984 1310 5050 fecerat,
1338 4983 1464 5037 dum
1509 4983 1622 5052 ipse
1653 4984 1704 5038 in
1737 4985 1984 5039 manibus
2014 4987 2113 5040 ha-

449 5097 451 5100 ‘
541 5082 714 5145 heret,
763 5077 988 5133 fortuitu
1045 5091 1245 5132 cmcum
1297 5074 1588 5144 quemdam
1646 5074 1833 5130 habuit
1873 5077 2112 5145 obvium,

540 5172 694 5242 cujus
741 5185 903 5242 quam
953 5178 1082 5225 tunc
1132 5167 1439 5238 patiebatur
1483 5167 1716 5222 nuditati
1766 5182 2110 5238 compassus,

535 5278 657 5318 eam
687 5259 1073 5332 benignissime
1095 5256 1370 5327 porrexit;
1415 5267 1468 5311 et
1499 5255 1624 5312 licet
1667 5267 1947 5329 parentum
1981 5268 2116 5312 tem-

537 5338 807 5423 poraliutn
833 5349 1256 5421 indignationem
1302 5358 1661 5416 revereretur,
1714 5351 1856 5420 quod
1908 5359 2114 5405 tamen-

537 5441 605 5496 ab
631 5443 712 5498 eis
750 5448 1084 5512 susceperat,
1131 5437 1397 5508 spirituali
1449 5439 1589 5510 patri
1621 5439 1730 5495 Deo
1764 5437 2113 5510 'prmsentare

541 5549 645 5588 non
669 5525 959 5589 dubitavit.

613 5622 668 5676 4.
710 5619 950 5691 Contigit
975 5633 1040 5674 eo
1079 5626 1320 5688 tempore
1359 5619 1658 5688 genitorem
1719 5635 1895 5681 suum,
1927 5635 2106 5688 quem,

543 5711 1152 5783 pratnominavimus,ab
1177 5712 1369 5801 itinere
1399 5710 1642 5780 rediisse,
1671 5726 2104 5782 equosquesuos,

2211 3170 2354 3224 illius
2383 3171 2716 3240 eompatiens
2777 3170 3102 3240 fatigationi,
3165 3185 3290 3225 cum
3344 3169 3460 3239 jam
3509 3186 3618 3226 eum
3657 3188 3744 3241 per.

2212 3260 2382 3312 nimio
2415 3259 2598 3313 labore
2625 3261 2976 3316 desudantem
3017 3271 3070 3317 et
3103 3277 3238 3334 pene
3289 3261 3408 3331 jam
3456 3263 3740 3319 deﬁcientem

2212 3354 2458 3417 vidisset,
2494 3369 2560 3408 ex
2611 3353 2854 3422 piissimo
2883 3353 3080 3410 affectu
3122 3357 3361 3410 mentis:
3394 3374 3414 3408 ι
3452 3355 3504 3409 In
3547 3358 3742 3415 nomine,

2213 3445 2308 3511 ait,
2353 3445 2586 3510 Domini,
2613 3464 2776 3502 unum
2800 3465 2866 3503 ex
2894 3450 2978 3503 his
2999 3445 3144 3512 tolle,
3182 3461 3320 3518 quos
3347 3448 3438 3502 hic
3463 3448 3512 3500 in
3543 3447 3740 3502 custodia

2212 3539 2484 3609 suscepi.»
2513 3539 2755 3608 Cumque
2801 3540 2994 3606 viator,
3051 3540 3152 3594 hoc
3215 3555 3326 3594 sua:
3359 3538 3626 3607 potestatis
3664 3553 3742 3589 non

2213 3645 2333 3685 esse
2365 3631 2661 3702 ambigens,
2693 3630 3094 3700 aliquantulum
3127 3641 3532 3686 remoraretur:
3574 3621 3743 3684 i'l‘olle.

2213 3722 2310 3786 ait,
2367 3721 2506 3776 sicut
2545 3722 2678 3785 dixi,
2735 3733 2791 3777 et
2839 3737 3160 3792 quocunque
3221 3733 3273 3777 te
3308 3724 3627 3794 pet-transire
3648 3737 3745 3776 cau-

2215 3811 2414 3880 tigerit,
2446 3826 2532 3866 me
2580 3811 2738 3882 hujus
2793 3812 3158 3866 concessionis
3205 3821 3255 3866 et
3296 3823 3569 3868 auctorem
3609 3822 3733 3876 etpa-

2216 3909 2426 3954 tronum
2479 3901 2852 3955 incunctanter
2901 3900 3189 3956 habebis.»
3241 3901 3589 3956 Persuadenti
3620 3913 3746 3967 puere

2215 4005 2381 4059 eques
2436 3990 2811 4057 libentissime,
2855 4002 3040 4062 utpote
3087 3993 3251 4047 nimis
3295 3992 3630 4061 defatigatus,
3676 3989 3747 4040 ob-

2217 4082 2582 4150 temperavit;
2626 4097 2873 4152 equoque
2914 4098 3076 4152 quam
3123 4083 3390 4138 citissime
3433 4091 3620 4140 strato.
3654 4095 3746 4134 cum

2215 4172 2397 4227 multis
2419 4173 2711 4243 gratiarum
2736 4173 3036 4229 actionibus
3062 4174 3215 4230 laetus
3237 4173 3522 4230 abscessit.

2285 4263 2338 4320 5.
2379 4265 2506 4325 Post
2533 4264 2648 4334 ejus
2665 4267 3002 4330 abscessum,
3029 4281 3152 4320 cum
3195 4266 3308 4337 jam
3353 4267 3498 4320 dolui
3547 4273 3748 4336 paratum

2217 4364 2380 4420 esset,
2402 4369 2500 4424 per
2523 4349 2808 4424 quemddlu
2840 4370 3121 4410 servorum
3144 4371 3277 4425 puer
3317 4371 3346 4408 a
3378 4356 3674 4425 parentibus
3707 4361 3746 4404 ut

2142 4465 2182 4521 (ς
2216 4446 2442 4514 prandio
2496 4445 2783 4501 interesset
2831 4447 3109 4500 invitatur.
3157 4445 3248 4501 ille
3287 4461 3418 4502 vero
3447 4447 3540 4516 qui
3591 4445 3647 4498 ad
3675 4446 3748 4498 hoc

2218 4537 2414 4595 missus
2435 4546 2536 4602 est,
2573 4537 2787 4593 eminus
2829 4537 3186 4607 prOSpieieus,
3216 4537 3361 4593 videt
3414 4553 3628 4608 puerum
3653 4551 3748 4604 pro-

2215 4633 2334 4693 pter
2357 4625 2622 4694 pluviam,
2644 4641 2764 4696 qua:
2789 4635 2918 4682 tunc
2964 4627 3106 4682 forte
3138 4627 3444 4697 ingruebat,
3493 4627 3750 4696 aliquantu-

2217 4716 2325 4770 lum
2351 4717 2418 4770 ab
2440 4717 2593 4786 equis
2623 4718 2933 4783 secessisse,
2996 4735 3060 4774 ac
3087 4727 3343 4787 tanquam
3387 4717 3638 4773 latebram
3659 4732 3750 4785 pro-

2217 4818 2335 4879 pter
2361 4808 2612 4863 imbrium
2637 4809 2953 4866 effusionem
2997 4823 3354 4881 quaerentem,
3390 4814 3459 4866 ab
3502 4811 3660 4867 cilicio
3684 4811 3748 4861 de-

2217 4901 2468 4968 clinasse,
2496 4911 2551 4957 et
2581 4903 2633 4957 in
2668 4903 2834 4956 altum
2863 4904 3047 4958 oculos
3095 4903 3336 4967 elevans,
3371 4905 3518 4959 videt
3558 4900 3746 4971 aquilam

2216 4993 2424 5047 alauum
2449 4995 2804 5063 expansionc,
2855 4995 3110 5064 omnique
3141 4995 3208 5049 ad
3253 4995 3359 5050 hoc
3401 4995 3626 5050 distento
3659 5005 3749 5043 cor-

2215 5098 2345 5152 pore
2375 5093 2490 5138 tam
2508 5097 2866 5156 congruenter
2889 5103 3114 5157 puerum
3140 5088 3448 5158 cooperire,
3465 5096 3524 5144 ut
3545 5089 3594 5141 in
3620 5083 3748 5146 nullo,

2215 5188 2336 5228 cum
2363 5174 2788 5244 circumquaque
2819 5179 2995 5247 pluvia
3028 5177 3112 5232 illa
3154 5187 3520 5248 grassaretur,
3548 5177 3609 5230 ab
3633 5176 3749 5227 inun-

2215 5263 2379 5318 dante
2410 5267 2556 5320 aeris
2587 5265 2734 5320 illius
2757 5268 2995 5338 contingi
3029 5278 3211 5336 posset
3257 5270 3634 5322 exundatione.
3668 5260 3747 5316 Hoc

2214 5353 2305 5408 diu
2349 5355 2601 5422 miratus,
2636 5359 2850 5412 tandem
2895 5375 3000 5412 non
3056 5361 3175 5414 sine
3220 5359 3389 5413 multa
3440 5356 3747 5428 trepidatione

2216 5447 2560 5515 appropians,
2588 5449 2888 5504 humillime
2913 5467 3134 5520 puerum
3168 5461 3421 5506 sanctum
3466 5451 3613 5513 adiit,
3638 5456 3683 5502 et
3706 5452 3747 5496 ul

2214 5549 2276 5588 ex
2303 5547 2568 5606 praecepto
2593 5540 2784 5608 patris,
2823 5552 3044 5610 paterno
3095 5541 3386 5596 interesset
3431 5539 3664 5595 convivio
3687 5535 3747 5588 di-

2215 5624 2567 5692 ligentissime
2621 5630 2890 5684 invitavit.
2939 5631 3079 5686 Puer
3131 5641 3312 5686 autem
3366 5632 3446 5686 ire
3499 5643 3746 5688 recusans:

2222 5735 2240 5766 ι
2274 5714 2502 5785 Precor,
2554 5719 2747 5788 inquit,
2799 5721 2989 5786 l't'atcr,
3035 5731 3311 5778 revertens
3363 5723 3604 5788 domum,
3644 5717 3752 5788 apud

3856 2975 3857 3058 ι

3856 3475 3857 3560 l

3855 3579 3857 3676 γ

3856 3679 3857 3768 l

3855 4183 3857 4232 ι
