3902 6316
159 312 271 369 1501

1393 300 1552 354 VITA
1615 297 1673 352 S.
1733 297 2059 354 MEDARDI.

3232 305 3253 358 Ι
3264 304 3371 360 502

157 429 383 496 parentes
406 430 545 471 meos
573 430 730 484 super
749 414 849 468 hoc
876 429 959 493 me
980 411 1175 466 habeas
1200 412 1580 481 excusatum]:
1620 410 1688 462 Ea
1722 409 1766 468 Α
1802 420 1881 464 ter
1908 411 2023 466 fieri
2064 413 2461 487 videtur,jugis
2489 425 2539 472 et
2577 416 2785 471 infinita
2809 415 3148 485 disceptatio.
3204 415 3373 469 tum-

156 516 215 570 de
248 506 399 566 causa
426 508 666 563 fortassis
689 504 946 559 remorari
970 501 1238 569 cupiebat,
1266 516 1371 570 quo
1388 500 1500 570 jam
1520 502 1698 555 dietus

155 618 306 674 eques
351 602 400 654 itt
432 601 528 653 hac
574 596 935 651 rcmoratioue
983 593 1193 662 longius
1246 593 1583 651 eveheretur,
1634 608 1698 644 ne

156 695 281 749 torte
302 691 367 743 ab
389 692 585 759 aliquo,
617 688 660 741 si
700 702 822 739 cum
860 684 1070 753 insequi
1128 682 1307 748 vellet,
1343 682 1695 737 inveniretur.

156 784 401 838 Reversus
444 781 622 847 itaque
661 776 906 831 servulus
967 773 1279 844 parentibus
1330 773 1422 826 filii
1474 773 1700 842 replicat

154 873 535 930 excusationem
574 886 589 934 ;
647 877 702 922 et
760 881 865 921 non
926 862 1059 920 sine
1088 864 1252 919 multa
1288 864 1699 935 slupefactione,

155 964 329 1035 aquila:
358 977 517 1031 super
537 974 759 1030 puerum
784 973 848 1011 ex
886 957 1076 1011 ordine
1106 956 1293 1025 pandit
1331 954 1696 1008 obtunbratio-

155 1070 286 1110 nem.
333 1051 609 1113 Parentes,
659 1064 778 1103 cum
813 1048 959 1101 omni
1011 1046 1212 1100 familia
1253 1061 1416 1117 super
1461 1046 1545 1099 his
1585 1061 1704 1115 qua:

155 1144 419 1199 audierant
450 1149 870 1201 murmurantes,
907 1138 1132 1192 invicem
1161 1137 1410 1192 laetantur
1443 1154 1458 1202 ;
1492 1146 1550 1190 ut
1578 1152 1705 1191 vero

155 1235 394 1292 certiores
421 1233 571 1298 ftant,
606 1233 670 1285 ad
697 1231 982 1285 videndum
1014 1238 1223 1284 tantum
1252 1231 1352 1284 hoc
1383 1229 1704 1283 miraculum

155 1327 384 1383 hilariter
432 1340 552 1379 sese
603 1324 977 1378 cohortantur.
1037 1324 1244 1379 Relicto
1279 1323 1525 1376 convivio
1556 1330 1708 1391 pater

154 1435 264 1475 cum
292 1418 433 1472 omni
488 1417 591 1470 ruit
632 1415 862 1479 familia,
908 1424 1083 1469 mater
1129 1430 1251 1470 cum
1302 1413 1569 1468 ancillulis
1592 1413 1710 1482 ejus

153 1510 399 1565 currendo
426 1523 561 1576 pene
606 1507 790 1561 atterit
823 1507 1044 1575 vestigia
1073 1522 1086 1569 ;
1136 1519 1299 1559 unum
1330 1505 1582 1558 omnibus
1619 1520 1711 1557 vo-

155 1611 277 1659 tum.
316 1601 359 1654 si
406 1599 542 1653 forte
592 1613 714 1668 quae
761 1597 947 1651 auditu
1005 1596 1327 1660 didicerant,
1378 1594 1491 1647 visu
1548 1595 1710 1648 etiant

154 1690 369 1759 probare
420 1698 659 1757 possent.
714 1686 812 1742 Ubi
849 1701 976 1741 vero
1025 1686 1115 1741 illo
1166 1696 1385 1740 ventum
1420 1694 1521 1747 est,
1559 1684 1709 1737 inve-

1801 502 2002 557 banlttr
2052 505 2327 560 mttltolies
2366 524 2393 560 a
2445 524 2603 562 mane
2648 504 2823 579 usque
2871 506 2935 560 ad
2986 516 3375 577 vesperam,et

1800 598 1880 659 (ιιι
1909 596 2211 661 huiusmodi
2246 600 2463 653 rusticis
2488 601 2655 654 moris
2678 601 2780 669 est)
2808 615 2943 670 pene
2979 598 3090 668 j'tm
3130 604 3196 653 ad
3224 615 3374 653 arma

1799 700 1969 755 usque
2033 685 2260 740 invicem
2314 690 2691 757 exprobrando
2746 682 3144 758 proceSserant.
3195 688 3376 742 Genus

1801 777 1942 830 enim
1977 776 2078 831 hoc
2108 785 2319 847 agreste
2351 778 2657 842 hominum,
2704 779 2747 832 si
2783 779 2911 848 qttid
2968 779 3108 833 inter
3136 792 3231 832 eos
3268 778 3367 831 dis-

1806 867 2074 921 sensionis
2100 878 2348 922 exortum
2385 868 2567 931 fuerit,
2595 869 2699 921 nisi
2731 885 2850 923 cum
2891 869 3056 924 multa
3086 868 3371 939 ignominia

1806 958 2102 1012 terminare
2153 959 2419 1013 nesciunt.
2474 958 2612 1014 Cum
2669 974 2796 1012 vero
2834 960 3071 1021 tandem,
3116 946 3381 1013 excom-

1804 1048 1952 1101 muni
1978 1064 2264 1113 consensu,
2307 1050 2371 1102 ad
2401 1048 2702 1102 dirimenda
2736 1047 3073 1118 agricultura:
3103 1062 3213 1101 sua:
3253 1062 3378 1114 pro-

1806 1141 2095 1194 cessissent
2140 1142 2395 1206 conlinia,
2452 1140 2678 1209 contigit
2732 1155 2853 1194 cum
2904 1139 2984 1192 eis
3037 1139 3271 1192 adfuisse
3329 1130 3382 1192 et

1819 1232 1963 1286 hunc
2015 1233 2382 1286 venerabilem
2444 1218 2693 1302 puerum.
2750 1230 2849 1289 Ubi
2882 1244 3007 1284 vero
3058 1239 3271 1284 ventum
3301 1238 3385 1282 est

1810 1323 1876 1375 ad
1902 1323 2101 1386 locum,
2132 1338 2254 1378 cum
2287 1323 2486 1377 diversi
2513 1324 2727 1377 diversa
2760 1320 3042 1381 sentirent,
3086 1318 3220 1371 vidit
3254 1331 3386 1385 puer

1812 1414 2040 1483 lapidem
2070 1424 2226 1471 terra:
2254 1415 2439 1477 fixum,
2485 1425 2541 1468 ttt
2574 1416 2892 1486 plerumque
2943 1412 3117 1479 videri
3160 1410 3296 1464 solet
3333 1409 3385 1467 in

1815 1508 2059 1561 terminis
2088 1521 2387 1578 agrorum:
2446 1522 2601 1576 super
2632 1523 2791 1576 quem
2850 1507 3041 1575 pedem
3097 1501 3385 1571 injiciens;

1819 1616 1835 1647 t
1875 1595 1971 1649 llic
2001 1604 2105 1659 est,
2138 1595 2328 1664 inquit,
2385 1590 2650 1650 terminus
2711 1607 2766 1649 et
2821 1596 2978 1664 ltujtts
3028 1590 3391 1647 contentionis

1818 1685 1972 1738 limes
2009 1685 2370 1738 certissimus.
2408 1703 2424 1735 ι
2468 1684 2550 1738 Ad
2600 1685 2753 1754 cujus
2803 1684 3132 1738 levissimum
3188 1689 3391 1732 tactum

155 1781 288 1834 nitur
316 1780 644 1849 diligentius,
695 1788 749 1833 et
778 1779 919 1847 quod
944 1778 1111 1833 relatu
1144 1779 1426 1843 didicerat,
1453 1778 1569 1845 ipso
1592 1790 1716 1829 suo~
1750 1751 1792 1804 Β
1819 1778 1953 1847 lapis
1977 1778 2063 1831 ille
2092 1777 2162 1830 ita
2196 1776 2449 1839 subsidit,
2484 1776 2647 1830 veluti
2695 1792 2818 1830 cera
2862 1792 2889 1829 a
2923 1775 3060 1829 facie
3112 1772 3393 1827 candentis

156 1888 262 1925 rutn
338 1872 613 1926 oculorum
680 1872 989 1927 testimonio
1049 1871 1315 1923 veraciter
1370 1870 1715 1923 confitentur.

155 1964 299 2018 Pater
320 1974 373 2019 et
395 1974 567 2018 mater
593 1978 755 2034 super
804 1963 913 2016 filio
938 1977 1098 2032 quam
1154 1960 1494 2015 familiariter
1544 1958 1720 2030 lacry-

154 2065 369 2120 mantes,
422 2055 532 2109 Deo
574 2068 797 2125 puerum
850 2053 1271 2117 commendant,
1325 2067 1389 2107 ac
1443 2066 1548 2105 non
1604 2052 1719 2103 sine

156 2145 310 2200 multa
350 2142 659 2211 devotione,
689 2145 1023 2199 charissima:
1067 2158 1178 2198 suae
1220 2142 1421 2197 sobolis
1463 2143 1720 2197 innocen—

155 2238 272 2293 tiam
303 2245 618 2291 retractant.

217 2327 269 2381 6.
318 2325 463 2380 inter
486 2327 601 2381 hzee
632 2325 849 2393 milites,
874 2341 1103 2395 quorum
1149 2339 1317 2394 equos
1363 2324 1715 2388 custodierat,

154 2418 296 2487 equis
320 2417 623 2483 recensitis,
657 2433 820 2470 unum
870 2418 1059 2471 deesse
1110 2415 1404 2485 reperiunt,
1453 2430 1611 2482 quem
1644 2414 1723 2482 (ut

155 2507 443 2579 hujusmodi
481 2522 598 2561 mos
622 2515 704 2561 est
729 2506 1063 2575 hominibus)
1117 2522 1146 2559 a
1191 2519 1358 2574 puero
1401 2505 1606 2558 intente
1641 2520 1723 2557 re-

155 2598 383 2668 quirunt.
412 2597 615 2653 Blande
644 2614 708 2654 ac
740 2598 932 2652 leviter
957 2614 1182 2667 puerum
1214 2596 1537 2657 detnulcent,
1592 2596 1724 2651 insi-

156 2696 347 2742 stenter
374 2688 443 2741 ab
466 2702 536 2742 eo
559 2688 898 2756 requirentes
923 2689 968 2743 si
1016 2703 1176 2757 quam
1231 2703 1327 2757 per
1375 2703 1499 2742 eum
1537 2687 1723 2741 damni

156 2778 305 2846 hujus
376 2779 696 2833 adinvenire
748 2788 969 2848 possent
1024 2779 1487 2848 recuperationem
1536 2794 1549 2830 :
1606 2785 1724 2831 erat

157 2870 413 2940 siquidem
439 2871 778 2942 aliquantula
810 2886 974 2941 super
1022 2860 1223 2925 talibus
1245 2871 1311 2924 de
1349 2870 1440 2925 illo
1465 2870 1722 2940 suspicio,

154 2961 238 3029 qui
268 2975 387 3015 eum
412 2976 543 3031 erga
569 2976 839 3031 pauperes
882 2978 986 3016 non
1028 2962 1341 3016 nesciebant
1381 2977 1500 3016 esse
1551 2962 1726 3015 muni-

156 3052 307 3108 ficum
336 3094 352 3118 ,
396 3069 462 3108 ac
517 3053 780 3125 quidquid
823 3056 1033 3125 uspiam
1083 3056 1322 3125 reperire
1366 3065 1619 3125 poterat,
1667 3054 1721 3109 in

155 3156 277 3197 usus
296 3156 417 3197 eum
450 3145 737 3198 audierant
764 3145 1071 3213 expendere
1117 3144 1457 3199 miserorum.
1482 3144 1727 3213 Cumque

157 3249 184 3287 a
213 3232 427 3288 famulis
455 3248 521 3289 ea
570 3234 636 3289 de
689 3248 850 3288 causa
898 3243 951 3287 et
1004 3234 1253 3304 privatim
1288 3244 1342 3289 et
1383 3235 1595 3304 publice
1641 3250 1727 3289 ar-

154 3334 425 3393 gueretur,
466 3327 796 3397 appropians
842 3327 984 3396 patri
1017 3342 1127 3381 rem
1152 3328 1339 3382 ordine
1384 3328 1586 3398 pandit.
1633 3327 1729 3382 Mi-

144 3423 297 3468 ratur
349 3425 508 3486 pater
550 3416 1030 3470 clementissintam
1080 3417 1551 3486 conzpunctionem
1578 3416 1670 3471 ﬁlii
1711 3435 1725 3483 ;

154 3514 204 3560 et
230 3506 353 3562 licet
384 3508 570 3563 damni
600 3508 993 3576 aliquantulum
1036 3508 1135 3563 sibi
1186 3524 1291 3563 non
1332 3510 1567 3563 nesciret
1620 3510 1727 3563 im-

155 3597 374 3666 minere,
410 3594 699 3653 admodum
725 3607 904 3653 tamen
958 3612 1119 3668 super
1168 3596 1415 3653 benevoli
1451 3598 1599 3668 pueri
1637 3598 1729 3653 be-

156 3691 339 3746 nevola
401 3691 814 3760 congratulatus
887 3700 972 3745 est
1040 3692 1435 3760 compassione.
1497 3690 1731 3745 Tantum

153 3780 307 3851 hujus
340 3782 501 3852 pueri
532 3783 789 3837 Dominus
820 3781 874 3836 in
928 3798 1023 3837 sua
1077 3783 1410 3853 prospiciens
1461 3783 1733 3837 voluntate

155 3869 499 3939 famulatum,
525 3873 640 3943 ipso
669 3872 859 3927 eodem
912 3882 1186 3928 momento
1238 3888 1492 3945 magnum
1554 3872 1732 3928 subito

156 3959 406 4031 dignatus
446 3971 528 4016 est
556 3962 846 4017 ostendere
876 3960 1220 4018 miraculum.
1245 3961 1379 4016 Nam
1404 3976 1532 4017 cum
1558 3960 1734 4015 denuo

156 4066 420 4120 equorum
484 4066 704 4105 suorum
763 4051 992 4107 sollicite
1037 4059 1383 4106 recenserent
1431 4065 1732 4115 numerum,

159 4142 336 4209 divina
369 4143 454 4197 sic
480 4150 740 4211 operante
790 4141 1095 4209 majestate,
1149 4151 1315 4196 totam
1363 4157 1549 4196 eorum
1595 4141 1735 4197 inte-

157 4230 412 4301 gritatem
435 4241 502 4283 ex
542 4230 836 4300 improviso
887 4231 1182 4300 reperiunt.
1238 4230 1505 4284 Mirantur
1553 4240 1738 4285 astan-

161 4331 259 4387 tes,
290 4322 499 4378 familia
529 4331 727 4377 cuncta
757 4321 985 4377 laetatur.
1016 4322 1176 4376 Pater
1202 4338 1325 4377 cum
1351 4330 1525 4376 matre
1565 4321 1737 4375 ﬁlium

1821 1869 1947 1921 ferri
1981 1868 2249 1936 liquescit.
2284 1868 2522 1935 Apparet
2552 1867 2802 1935 equidem
2839 1865 3007 1936 figura
3040 1862 3233 1933 plantae
3255 1859 3387 1926 ejus,

1819 1962 1870 2015 in
1900 1961 2083 2014 eadem
2109 1969 2265 2013 caute
2289 1960 2423 2012 adeo
2465 1959 2732 2013 subtiliter
2762 1942 3037 2027 expressa,
3081 1964 3139 2009 ttt
3181 1969 3209 2006 a
3248 1952 3393 2007 nullo

1819 2052 2088 2106 artificum
2132 2050 2442 2119 expressius
2489 2050 2724 2118 exsculpi
2784 2057 2876 2100 aut
2940 2046 3137 2117 signari
3186 2053 3390 2113 posset.

1802 2143 1893 2195 -lta
1920 2143 2271 2196 contentione
2325 2141 2531 2202 sedata,
2567 2139 2871 2201 Dominum,
2917 2136 3005 2205 qui
3040 2149 3230 2203 magna
3262 2147 3393 2203 Ope-

1828 2241 1986 2286 I‘atur
2016 2233 2067 2285 itt
2137 2232 2395 2295 minimis,
2429 2229 2814 2300 glorificantes,
2866 2227 3142 2280 redierunt
3182 2224 3235 2275 in
3276 2237 3393 2275 sua.

1822 2324 2008 2378 Exstat
2041 2339 2216 2395 usque
2266 2323 2317 2376 in
2361 2322 2681 2375 hodiernum
2722 2318 2862 2371 diem
2911 2330 3078 2386 penes
3132 2328 3227 2366 nos
3256 2312 3397 2365 idem

1824 2418 1980 2487 lapis,
2009 2430 2326 2487 magnaeque
2351 2415 2491 2484 apud
2521 2428 2613 2466 eos
2640 2411 2834 2479 quibus
2864 2418 2945 2462 est
2991 2408 3263 2477 cognitum
3300 2405 3396 2457 ba-

1822 2509 1980 2562 betnr
2015 2502 2399 2561 venerationis.
2443 2502 2566 2557 lltec
2596 2502 2724 2565 duo,
2783 2516 2902 2569 quze
2934 2500 2984 2553 itt
3023 2497 3253 2567 pueritia
3285 2496 3400 2565 ejus

1824 2610 1945 2654 acta
1978 2597 2352 2668 cognovimus,
2411 2596 2611 2649 dixisse
2663 2593 2935 2647 sulliciat:
2998 2591 3190 2643 amodo
3221 2597 3399 2641 autem

1825 2691 1889 2744 ad
1913 2706 1976 2745 ea
1997 2705 2116 2760 qua:
2145 2689 2196 2743 in
2218 2686 2503 2741 tnaturiori
2532 2684 2648 2754 ejus
2671 2693 2831 2737 rotate
2860 2698 2954 2753 per
2978 2697 3098 2736 eum
3143 2680 3403 2733 Dominus

1825 2789 2079 2850 operatus
2105 2788 2209 2844 est,
2240 2778 2346 2832 Deo
2370 2778 2485 2847 ipso
2516 2785 2806 2837 annuente,
2840 2783 2949 2827 tota
2982 2770 3179 2847 tuentis
3228 2770 3404 2823 inten-

1827 2874 1901 2937 tio
1930 2883 2013 2927 est
2039 2872 2340 2941 dirigenda.

1900 2965 1953 3020 8.
1997 2964 2368 3034 Respicientes
2405 2970 2583 3019 autem
2632 2960 2755 3015 boni
2787 2967 3041 3029 parentes
3068 2962 3220 3011 bona:
3249 2956 3407 3010 sobo-

1829 3056 1895 3110 lis
1931 3071 2042 3110 sua:
2100 3054 2550 3117 benevolentiam,
2580 3060 2634 3106 et
2675 3053 2725 3105 in
2778 3050 2999 3105 servitio
3031 3050 3123 3104 Dei
3177 3047 3299 3115 ejus
3327 3057 3408 3100 at-

1840 3149 2123 3204 tendentes
2164 3146 2508 3210 industriam,
2557 3144 2810 3217 episcopo
2834 3158 2954 3201 eum
2987 3141 3075 3210 qui
3117 3153 3244 3197 tunc
3274 3149 3410 3197 tem-

1830 3240 1979 3309 poris
2004 3236 2414 3293 Viromandensi
2447 3244 2676 3305 prmerat
2706 3232 2961 3288 Ecclesia:
2991 3231 3411 3287 commendave-

1833 3343 1978 3397 runt,
2004 3341 2225 3387 orantes
2271 3328 2620 3384 devotissime
2659 3336 2929 3396 quatenus
2978 3322 3269 3394 episcopali
3321 3323 3413 3376 be-

1834 3426 2138 3481 nedictione
2200 3422 2266 3477 ad
2324 3422 2610 3477 clericatus
2674 3428 3085 3489 promoveretur
3153 3415 3408 3471 officium.

1833 3516 2280 3574 Commendatum
2316 3514 2493 3581 itaque
2518 3512 2618 3566 sibi
2646 3511 2877 3579 benigne
2907 3507 3101 3579 prmsul
3152 3509 3410 3575 suscepit,

1833 3605 2091 3662 benevole
2118 3601 2454 3673 amplexatus
2510 3609 2612 3663 est,
2657 3610 2712 3655 et
2764 3599 3052 3667 diligenter
3105 3596 3364 3651 cnutrivit
3395 3636 3410 3661 ,

1835 3708 1890 3755 et
1920 3707 2173 3766 tanquam
2205 3693 2424 3748 unicum
2470 3702 2524 3747 et
2580 3692 2851 3749 uterinum
2895 3689 3085 3755 filium,
3137 3690 3188 3743 in
3227 3688 3329 3743 fide
3356 3698 3413 3744 et

1836 3788 2080 3845 doctrina
2103 3802 2182 3841 ect
2201 3784 2467 3843 lesiastica
2497 3783 2728 3837 educare
2757 3780 3048 3835 liberaliter
3079 3778 3411 3833 elaborabat.

1837 3885 2065 3953 Quanta:
2097 3884 2210 3952 ipse
2236 3878 2598 3941 liberalitatis,
2651 3885 2868 3945 quantae
2913 3873 3282 3929 sanctimonia:
3317 3887 3415 3927 seu

1837 3975 2171 4031 castimoniae
2192 3987 2306 4028 sea
2354 3986 2521 4041 puero
2567 3960 2895 4031 exhibuerit,
2946 3973 3146 4034 quanta
3198 3962 3417 4017 humili-

1840 4073 1951 4120 tate
1980 4080 2071 4120 seu
2104 4062 2407 4118 reverentia
2439 4069 2493 4115 et
2526 4057 2666 4129 apud
2720 4057 2886 4110 Deum
2934 4064 2989 4108 et
3018 4053 3166 4107 urbis
3205 4052 3418 4122 pontiﬁ—

1839 4172 1957 4215 cem
1993 4155 2273 4218 claruerit,
2325 4168 2424 4221 pro
2476 4159 2626 4204 certo
2678 4147 2890 4201 edicere
2940 4160 3044 4198 non
3094 4153 3176 4197 est
3220 4152 3417 4196 nostra:

1840 4242 2232 4315 possibilitatis.
2266 4240 2397 4301 Erat
2423 4236 2639 4313 quidem
2669 4232 3043 4304 magnanimus
3071 4232 3121 4284 in
3146 4230 3411 4294 adversis,

1844 4336 1990 4391 mitis
2017 4334 2068 4388 in
2092 4329 2386 4403 prosperis,
2418 4335 2647 4382 cunctos
2691 4323 2792 4378 sibi
2848 4320 3166 4376 obedientia:
3219 4319 3417 4374 seduli-

160 4429 319 4483 fl“am
367 4413 714 4468 familiariter
765 4390 1177 4482 amplexam":
1207 4424 1262 4467 ει
1320 4421 1379 4467 υι
1431 4414 1497 4467 ad
1544 4413 1737 4467 amo“!
1767 4454 1819 4513 ι)
1847 4390 1954 4483 tate
1982 4390 2293 4496 pne-ferens,
2342 4390 2552 4474 morum
2597 4416 2845 4471 claritate
2893 4412 3222 4484 prrecellens,
3258 4426 3418 4479 egen-

163 4520 223 4558 se
271 4505 525 4575 subrigat
581 4503 1006 4574 lacrymabiliter
1068 4505 1445 4559 cohortantur.
1508 4523 1527 4555 ι
1592 4504 1736 4570 Fili,

158 4596 333 4662 aiunt,
366 4597 548 4651 omnia
578 4605 759 4650 nostra
796 4603 924 4649 sunt
969 4605 1077 4661 tua,
1136 4605 1285 4651 utere
1333 4597 1538 4651 nostris
1568 4605 1625 4649 ut
1674 4596 1737 4650 li-

158 4687 300 4744 bet:
354 4697 468 4752 tuo,
517 4689 684 4751 aiunt,
720 4696 774 4742 ct
821 4697 1029 4752 nostro,
1079 4698 1138 4742 ut
1185 4688 1279 4743 tibi
1332 4689 1505 4742 visum
1556 4686 1740 4752 fuerit,

160 4778 216 4833 in
268 4778 367 4833 Dei
425 4780 597 4849 gratia
667 4787 818 4832 utere
878 4780 1246 4847 patrimonio,
1301 4789 1360 4833 ut
1408 4796 1505 4835 nos
1566 4790 1741 4834 tecum

161 4878 447 4923 consortes
481 4869 731 4937 perennis
785 4868 906 4922 vitce
938 4869 1138 4924 habeas
1171 4869 1225 4921 in
1264 4870 1505 4938 prtemio.
1544 4889 1562 4921 ι
1619 4868 1737 4923 Non

160 4960 480 5015 diliidebant
529 4962 672 5015 enim
729 4959 844 5028 ejus
894 4975 953 5015 se
1006 4962 1251 5015 oratione
1305 4961 1522 5025 salvari,
1582 4977 1743 5030 quem

155 5051 271 5121 jam
329 5054 499 5107 tantis
553 5069 582 5106 a
642 5053 750 5107 Deo
812 5054 1071 5107 videbant
1122 5054 1415 5108 virtutibus
1468 5054 1741 5109 illustrari.

161 5149 234 5207 Et
265 5150 389 5204 haec
418 5151 679 5212 dicentes,
727 5164 911 5203 secum
960 5148 1227 5202 adducunt
1279 5164 1550 5218 puerum;
1608 5148 1746 5202 mul-

168 5252 340 5313 teque
370 5257 489 5295 cum
514 5242 733 5311 gaudio,
779 5241 829 5294 in
873 5241 957 5295 his
1004 5250 1059 5295 et
1093 5241 1214 5295 aliis
1241 5241 1395 5295 bona:
1438 5256 1547 5295 suae
1592 5240 1743 5294 sobo-

165 5331 235 5385 lis
281 5332 518 5399 actibus,
572 5332 680 5386 Deo
719 5333 923 5402 gratias
974 5334 1292 5399 referentes,
1324 5342 1600 5403 gratanter
1630 5348 1751 5387 sese

164 5422 448 5480 reficiunt.

241 5515 300 5569 7.
349 5514 553 5571 Accidit
590 5518 952 5587 postmodum,
985 5515 1114 5571 dum
1170 5515 1310 5569 domi
1345 5514 1601 5583 puerulus
1656 5514 1751 5567 ha-

170 5611 435 5674 beretur,
488 5610 630 5665 inter
666 5612 945 5679 indigenas
998 5626 1103 5663 non
1160 5607 1368 5662 modica
1403 5607 1644 5677 quazdatn
1677 5605 1753 5659 al-

173 5702 434 5771 tercatio,
460 5703 521 5757 de
557 5704 802 5759 terminis
825 5702 1068 5757 videlicet
1094 5715 1371 5773 agrorum,
1401 5708 1457 5753 ut
1504 5697 1753 5773 frequen-

1846 4520 1984 4573 tibus
2008 4517 2155 4585 larga
2196 4511 2545 4567 miseratlone
2568 4522 2912 4563 succurrens.
2947 4505 3143 4573 Sicque
3193 4504 3411 4557 vtrilitet

1844 4608 2027 4663 fomite
2084 4605 2396 4661 conculcato
2448 4601 2724 4664 vitiorum,
2755 4598 3123 4668 angustiorem
3155 4610 3414 4650 conscen-

1843 4695 1976 4750 dens
1998 4693 2199 4749 scalam
2247 4691 2511 4745 virtutum
2550 4728 2564 4753 ,
2626 4687 2886 4757 quidquid
2937 4685 3047 4740 Deo
3090 4685 3420 4739 contrarium

1846 4786 2135 4847 sentiebat,
2166 4781 2511 4845 declinabat;
2545 4779 2803 4849 quidquid
2854 4793 2978 4831 vero
3025 4778 3278 4846 placitum
3325 4790 3417 4828 no-

1848 4887 2021 4941 verat,
2071 4874 2217 4929 omni
2270 4873 2388 4926 nisu
2419 4871 2836 4940 exsequebatur.
2885 4868 3014 4922 Erat
3062 4867 3329 4935 siquidem
3368 4868 3420 4919 in

1846 4969 2097 5023 oratione
2132 4961 2645 5031 assiduus,jejuniis
2669 4971 2722 5015 et
2752 4959 2949 5030 vigiliis
2993 4958 3252 5021 intentus,
3284 4955 3419 5008 alio-

1849 5076 1970 5115 rum
2008 5056 2441 5113 tribulationibus
2473 5064 2728 5124 tanquam
2754 5052 2865 5107 suis
2896 5050 3063 5119 ipsius
3102 5046 3422 5114 lacrymabi—

1852 5152 1975 5206 liter
2002 5150 2337 5220 contpatiens
2381 5166 2396 5214 ;
2444 5146 2693 5201 omnibus
2748 5141 2929 5196 omnia
2980 5138 3152 5192 factus
3197 5145 3335 5198 erat,
3366 5145 3423 5187 ttt

1850 5258 2039 5297 omnes
2063 5241 2127 5295 ad
2152 5250 2413 5294 aeternam
2443 5237 2773 5291 confortaret
2815 5230 3259 5286 consolationem.
3284 5225 3423 5292 Quid

1851 5335 2006 5405 plura
2038 5334 2060 5385 ?
2092 5332 2270 5387 Multis
2300 5328 2680 5383 attestanlibus
2731 5322 3046 5393 peregrinus
3077 5328 3193 5373 erat
3243 5320 3292 5370 in
3324 5332 3424 5369 Ste-

1855 5424 1998 5487 culo,
2037 5434 2091 5477 et
2129 5422 2241 5490 jam
2271 5436 2369 5490 pro
2418 5427 2569 5472 certo
2596 5410 3340 5470 mansionariuscredebatur
3368 5408 3422 5460 in

1856 5514 1994 5569 etelo
2020 5529 2034 5579 ;
2061 5513 2225 5567 facies
2256 5509 2650 5578 ejusjucunda,
2694 5506 2872 5573 lingua
2911 5504 3025 5573 ejus
3075 5499 3324 5563 facunda,
3362 5512 3424 5553 os

1858 5604 1973 5672 ejus
2005 5603 2058 5656 in
2103 5600 2315 5654 laudem
2372 5598 2464 5651 Dei
2514 5611 2726 5665 semper
2771 5604 2887 5649 erat
2926 5601 3188 5662 apertum.
3233 5589 3425 5643 Carnis

1858 5691 2224 5767 voluptatibus
2248 5688 2540 5756 reluctans,
2574 5687 2949 5759 perfectioretu
2982 5681 3274 5753 spiritttalis
3304 5680 3423 5735 vita)
