3902 6316
506 324 644 379 1503

503 439 700 492 lineam
750 444 862 491 toto
913 435 1033 492 nisu
1092 433 1492 505 exsequebatur
1544 449 1559 497 ;

504 536 616 579 tute
641 526 895 580 omnibus
944 539 1002 579 se
1031 523 1373 585 imitabilem,
1400 521 1707 591 frugalitate
1760 522 2081 578 laudab'lem

500 624 558 668 et
611 614 863 667 universa
916 629 1127 667 morum
1178 612 1445 684 probitate
1490 613 1757 683 praebebat
1796 613 2081 683 insignem.

501 706 577 760 De
611 707 809 759 virtute
835 707 885 759 in
922 706 1178 760 virtutem
1209 705 1503 759 secundum
1544 703 1883 759 Psalmistam
1909 717 2082 761 trans-

502 797 786 864 migrabat,
817 804 876 850 ut
901 795 1067 849 Deum
1112 796 1333 850 deorum
1366 794 1549 848 videre
1594 807 1996 865 promereretur
2026 797 2080 850 in

501 885 651 940 Sion.

573 980 625 1034 9.
671 979 920 1035 Decursis
965 981 1150 1050 itaque
1200 996 1320 1036 cum
1348 981 1512 1036 multa
1543 982 1827 1039 honestate
1854 982 2080 1039 inferio-

499 1076 619 1125 rum
646 1074 925 1127 ordinibus
957 1075 1245 1144 graduum,
1295 1086 1415 1144 post
1445 1075 1640 1130 bonam
1670 1092 1857 1131 eorum
1912 1076 2084 1130 admi-

503 1164 878 1219 nistrationem
906 1208 919 1231 ,
945 1168 1124 1222 divina
1162 1168 1261 1222 sibi
1300 1169 1573 1237 aSpirante
1598 1170 1790 1240 gratia,
1820 1171 1919 1224 sub
1947 1169 2082 1224 ntul-

504 1256 706 1311 tiniodo
735 1258 1011 1326 utriusque
1028 1273 1188 1312 sexus
1218 1260 1547 1325 testimonio,
1574 1262 1916 1316 sacerdotale
1956 1277 2081 1332 pro-

501 1358 680 1400 motus
708 1356 791 1400 est
837 1349 902 1401 ad
942 1347 1196 1401 ollicium.
1240 1344 1413 1402 Simul
1439 1364 1565 1404 vero
1597 1359 1655 1405 ut
1703 1360 1810 1405 tam
1864 1352 2079 1407 sublimi

501 1449 779 1507 promotus
809 1449 892 1493 est
937 1440 1210 1510 dignitati,
1251 1449 1455 1511 quanta
1498 1457 1696 1513 corpus
1744 1459 1901 1498 suum
1954 1459 2081 1514 par-

502 1530 737 1583 cimonia
795 1532 1176 1596 maceraverit,
1228 1534 1349 1602 quis
1393 1542 1574 1602 posset
1622 1534 1934 1605 explanare.
1964 1536 2081 1604 ipse

499 1606 717 1689 quidem
766 1622 932 1674 multa
988 1638 1046 1677 se
1100 1621 1343 1692 afﬂigens
1389 1624 1733 1690 abstinentia,
1779 1625 2080 1680 esurientes

500 1711 812 1779 reﬁciebat;
842 1714 1031 1768 sitiens
1057 1715 1191 1784 ipse,
1212 1715 1458 1771 sitientes
1492 1714 1857 1784 refecillabat;
1884 1719 2077 1782 nudos,

1532 320 1829 378 RADBODI
1868 319 2324 377 NOVIUMENSlS
2354 318 2664 376 EPlSCOPl

1610 432 1931 488 obedientiae
1976 434 2082 486 vir-
2111 440 2157 492 Α
2185 430 2401 499 patebat
2432 428 2712 497 adagium,
2769 430 2877 485 inte
2938 431 2992 485 in
3049 431 3300 486 manibus
3353 446 3506 489 suum
3550 433 3718 503 ipsein

3612 325 3715 384 πω

2185 522 2364 592 palam
2427 518 2754 590 praeferebat
2796 521 3078 592 judicium.
3128 523 3451 577 Abstractus
3493 525 3719 583 demuma

2187 612 2428 676 latibulo,
2449 612 2787 668 confusionis
2817 628 2929 669 suae
2974 614 3327 684 ignominiam
3380 613 3719 673 confessusest

2186 707 2237 761 in
2270 705 2503 775 publico.
2527 703 2818 761 Confessus
2845 714 2930 761 est
2981 720 3041 761 se
3088 706 3344 775 rapiendi
3382 721 3540 761 causa
3570 707 3716 765 furtim

2187 799 2398 851 vineam
2427 796 2687 866 irrupisse
2714 814 2728 863 ;
2756 807 2834 864 et,
2864 812 2986 852 cum
3039 800 3277 852 maxima
3311 806 3465 867 parte
3491 801 3642 859 noctis
3665 804 3717 856 ad

2185 890 2237 945 id
2264 890 2616 953 elaborasset,
2645 904 2913 958 nusquam
2940 890 3145 945 exitum
3201 892 3490 961 reperisse.
3516 892 3631 945 Erat
3665 895 3720 949 ibi

2183 983 2371 1037 videre
2428 982 2727 1048 miseriam,
2757 983 2945 1037 videre
2997 983 3261 1037 miserum
3311 983 3460 1038 illum
3489 983 3538 1037 in
3582 985 3723 1053 seipse

2184 1089 2294 1128 suae
2320 1083 2533 1144 gestare
2588 1074 2917 1130 sententiam
2950 1073 3343 1139 damnationis,
3392 1073 3483 1141 qui
3517 1083 3567 1127 et
3605 1076 3723 1146 rapi-

2184 1180 2310 1217 nam
2343 1166 2719 1235 pneripuerat,
2750 1174 2806 1219 et
2836 1165 2906 1219 ab
2955 1164 3070 1234 ipsa
3102 1180 3200 1219 sua
3246 1165 3437 1235 rapina
3468 1163 3653 1233 publice
3678 1182 3724 1221 se

2184 1256 2547 1313 cenlitcbatur
2595 1256 2887 1313 coarctari.
2942 1255 3018 1312 De
3065 1255 3358 1311 latrocinio
3413 1271 3508 1310 suo
3547 1265 3724 1327 gustare

2184 1363 2287 1402 non
2319 1350 2514 1419 potuit,
2536 1360 2593 1405 et
2616 1349 2743 1420 quia
2788 1356 3040 1404 sanctum
3079 1349 3421 1404 sacerdotem
3452 1348 3628 1418 injuste
3663 1350 3726 1405 ia-

2182 1440 2531 1510 sequebatur,
2570 1440 3040 1498 condenmationis
3068 1456 3180 1496 suae
3224 1439 3521 1510 periculum
3546 1441 3724 1511 impune

2185 1548 2292 1587 non
2317 1534 2509 1588 evasit.
2571 1534 2930 1602 Adjudicatus
2997 1547 3128 1603 ergo
3171 1530 3288 1600 jam
3348 1534 3629 1601 cogebatur
3670 1536 3723 1587 ad

2189 1623 2540 1692 supplicium,
2566 1639 2691 1679 cum
2721 1634 2943 1679 sanctus
2962 1625 3075 1694 ipse
3091 1622 3349 1679 sacerdos
3377 1636 3449 1677 ex
3475 1623 3724 1691 improviso

2183 1731 2498 1779 accurrens,
2538 1717 2737 1772 misero
2768 1718 2946 1773 factus
2972 1725 3056 1771 est
3111 1715 3532 1770 munimentum.
3562 1713 3725 1769 hiemet

500 1817 611 1856 sua:
641 1818 743 1855 non
770 1818 999 1872 parcens
1026 1806 1279 1869 nuditati,
1310 1806 1735 1862 misericorditer
1772 1808 2076 1873 vestiebat;
2110 1794 2154 1853 Β
2183 1807 2451 1877 siquidem
2510 1810 2611 1865 Dei
2635 1824 2827 1865 servus
2884 1809 3179 1865 Dominicae
3219 1806 3505 1869 orationis,
3548 1806 3595 1859 in
3641 1823 3727 1875 qua

497 1882 792 1948 ctomissis
821 1895 902 1948 sui
943 1912 1276 1967 suorumque
1309 1899 1519 1965 usibus,
1544 1900 1807 1970 quidquid
1858 1902 2079 1957 sibimet

494 1983 778 2053 subripere
833 1997 1089 2057 poterat,
1140 1990 1469 2059 pauperibus
1516 2001 1571 2046 ct
1613 1992 1798 2063 egenis
1847 1993 2079 2063 benigne

496 2072 847 2145 largiebatur.
877 2079 1168 2149 Postquam
1198 2095 1328 2151 ergo
1369 2081 1451 2136 vir
1499 2082 1695 2136 beatus
1725 2082 2076 2153 dignitatem,

499 2174 557 2218 ut
585 2166 926 2237 pradibatum
957 2179 1062 2234 est,
1121 2171 1349 2241 adeptus
1396 2182 1481 2227 est
1527 2174 1839 2237 sacerdotii,
1882 2175 2079 2229 divinae

496 2256 868 2326 dispositionis
890 2260 1087 2329 gratia,
1116 2260 1431 2316 multimoda
1464 2263 1850 2319 miraculorum
1877 2266 2077 2321 meruit

500 2344 870 2401 declaratione
921 2348 1205 2416 publicari.
1241 2348 1384 2405 Deus
1431 2351 1721 2421 siquidem,
1772 2354 1926 2425 cujus
1964 2355 2078 2425 ipse

495 2440 698 2496 sanctis
725 2441 1154 2499 institutionibus
1194 2445 1425 2500 viriliter
1472 2447 1786 2504 elaborabat
1830 2451 2077 2517 obedire,

492 2546 591 2602 per
618 2532 788 2587 multa
818 2549 941 2589 eum
990 2535 1218 2606 insignia
1252 2536 1451 2592 mundo
1495 2554 1602 2593 non
1646 2540 1966 2612 dedignatus
1994 2552 2077 2598 est

491 2620 789 2677 declarare.

1113 2717 1343 2774 CAPUT
1382 2719 1442 2773 ll.

493 2868 635 2923 Mira
659 2886 780 2939 erga
811 2871 957 2939 fures
996 2873 1368 2929 benevolentia.
1418 2875 1537 2929 Alia
1567 2877 1829 2947 prodigia.
1859 2878 2073 2948 Episco-

1034 2955 1188 3012 patus
1217 2958 1506 3016 susceptus.

560 3070 647 3125 10.
692 3071 925 3141 Contigit
960 3071 1097 3126 forte
1128 3073 1234 3129 illis
1279 3074 1331 3128 in
1373 3076 1564 3130 diebus
1594 3074 1860 3131 latronem
1883 3094 2073 3148 quem-

2182 1914 2441 1953 oramus:
2489 1919 2506 1951 ‹
2549 1900 2773 1955 Dimitte
2816 1902 2999 1966 nobis,
3050 1900 3193 1954 sicut
3235 1907 3291 1953 et
3320 1913 3424 1952 nos
3451 1897 3722 1952 dimittimus

2184 1988 2524 2045 debitoribus
2551 1990 2791 2056 nostris;
2830 2010 2849 2042 ι
2881 1990 2970 2044 vix
3021 1990 3090 2042 de.
3138 1987 3397 2042 manibus
3423 2000 3541 2040 eum
3565 1987 3725 2057 eripuit

2181 2080 2582 2149 insequentium
2605 2095 2622 2134 :
2648 2080 2953 2151 blandeque
2979 2096 3040 2135 ac
3068 2078 3267 2133 leuiter
3293 2076 3649 2141 demulcendo,
3671 2079 3724 2133 ab

2183 2171 2286 2225 hac
2339 2185 2463 2225 eum
2520 2172 2679 2242 culpa
2711 2172 3009 2227 clementer
3058 2170 3313 2235 absolvit,
3355 2182 3412 2225 et
3459 2184 3574 2225 eum
3615 2171 3727 2226 sicut

2179 2274 2298 2320 erat
2322 2276 2553 2321 onustus
2578 2268 2731 2322 abire
2757 2266 2926 2321 libere
2953 2265 3221 2335 permisit.

2252 2355 2339 2408 11.
2373 2354 2486 2410 Hac
2515 2355 2704 2411 eadem
2735 2355 2995 2425 patientia
3045 2353 3129 2406 vir
3177 2361 3403 2408 sanctus
3456 2352 3726 2423 plemmque

2179 2453 2233 2499 et
2264 2446 2319 2501 in
2344 2446 2479 2502 alios
2507 2462 2635 2501 usus
2663 2456 2766 2501 est.
2795 2445 3038 2512 Quodam
3067 2459 3305 2513 namque
3341 2454 3598 2512 tempore,
3629 2459 3727 2505 eam

2184 2548 2347 2592 noctu
2381 2536 2516 2591 latro
2542 2536 2680 2591 alius
2708 2550 2837 2605 apes
2855 2550 2983 2590 suas
3018 2533 3389 2602 subripuisset
3419 2550 3435 2598 ;
3488 2548 3605 2603 apes
3626 2533 3728 2602 ipse

2179 2630 2233 2682 in
2266 2629 2442 2684 sancti
2475 2630 2579 2684 viri
2603 2628 2886 2693 ultionem,
2936 2627 3137 2682 relictis
3175 2626 3323 2682 vasis
3377 2625 3512 2691 suis,
3544 2623 3729 2678 malefa-

2174 2728 2380 2773 ctorem
2436 2717 2587 2773 illum
2618 2719 3041 2787 circumquaque
3087 2716 3466 2787 dilfugentem,
3499 2714 3725 2768 acerrima

2174 2818 2404 2863 eotenus
2428 2806 2860 2862 instimulatione
2883 2816 3183 2875 persecutae
3204 2814 3356 2871 sunt,
3386 2817 3652 2874 quousque
3674 2802 3727 2855 ad

2177 2898 2457 2966 Sanctum,
2489 2899 2647 2955 vellet
2678 2898 2863 2964 nollet,
2919 2901 3303 2968 regrederetur
3331 2914 3351 2963 ;
3413 2906 3470 2951 et
3496 2894 3607 2964 ejus
3631 2909 3737 2964 pro-

2172 2994 2391 3049 volutus
2437 2993 2678 3064 vestigiis
2709 3031 2727 3056 ,
2773 2990 3089 3061 suppliciter
3138 3005 3235 3060 pro
3300 2989 3592 3046 commisso
3634 2988 3723 3043 eri-

2174 3087 2322 3142 mine
2373 3086 2588 3140 veniam
2646 3091 2986 3153 precaretur.
3039 3081 3137 3136 Cui
3183 3095 3333 3136 .mox
3402 3089 3463 3135 ut
3531 3079 3733 3134 Sanctus

489 3160 614 3215 dam
646 3162 856 3215 vineam
886 3162 1129 3229 ejusdem
1194 3164 1378 3220 Sancti
1408 3176 1569 3221 noctu
1604 3168 1879 3238 irrupisse,
1930 3170 2070 3223 mul-
2098 3149 2143 3210 ο
2176 3191 2395 3230 manum
2446 3149 2687 3230 extendit
2735 3170 3128 3227 benedictionis
3160 3212 3175 3237 ,
3220 3178 3278 3225 et
3329 3184 3459 3238 apes
3508 3176 3733 3237 tanqua-

496 3260 657 3319 taque
688 3264 811 3304 cum
839 3252 1101 3305 aviditate
1132 3268 1261 3307 uvas
1310 3262 1362 3307 et
1408 3253 1675 3323 palmites,
1727 3266 1780 3310 et
1811 3258 2070 3327 quidquid

488 3340 731 3409 arripere
779 3342 951 3411 putuit
1005 3342 1368 3398 irreverenter
1414 3345 1783 3414 discerpsisse.
1837 3347 2071 3404 Secubat

490 3431 667 3503 gladio
694 3436 833 3503 quod
864 3449 1024 3487 manu
1070 3434 1381 3503 discerpere
1420 3452 1530 3489 non
1572 3448 1802 3506 poterat,
1843 3456 2070 3510 quaeque

487 3538 709 3578 manum
760 3527 989 3580 evadere
1045 3535 1313 3596 poterant,
1348 3528 1571 3597 pedibus
1613 3532 1894 3586 atterendo
1944 3548 2070 3588 con-

491 3616 756 3671 culcabat.
814 3618 1045 3673 Sanctus
1085 3629 1262 3673 autem
1315 3620 1605 3676 Medardus
1659 3623 1772 3693 ipsa
1822 3627 2069 3681 fortassis

490 3706 678 3761 eadem
730 3706 859 3761 hora
915 3708 1086 3762 solitis
1142 3708 1488 3765 incumbebat
1535 3714 1875 3768 orationibus
1926 3731 1940 3781 ;
1990 3726 2063 3782 ct,

488 3800 631 3853 sicut
651 3799 954 3867 hujusmodi
980 3801 1131 3855 decet
1163 3803 1457 3870 hominem,
1489 3805 1654 3858 Deum
1705 3815 1811 3858 tam
1842 3822 1940 3877 pro
1967 3807 2070 3860 ini-

490 3891 647 3945 micis
673 3907 833 3960 quam
860 3907 957 3962 pro
982 3893 1168 3947 amicis
1198 3893 1609 3963 deprecabatur.
1640 3896 1861 3952 Orassct
1886 3908 2066 3952 autem

488 3998 695 4046 necne,
750 4000 853 4038 non
907 3984 1231 4041 dormitabat
1276 3996 1453 4042 tamen
1487 4027 1502 4053 ,
1552 4003 1724 4057 neque
1767 3987 2067 4045 dormiebat

490 4077 720 4149 pervigil
773 4089 957 4134 custos
985 4079 1169 4136 Israel.
1221 4079 1356 4136 Cum
1408 4081 1554 4136 enim
1587 4082 1753 4136 miser
1783 4081 1898 4151 ipse
1930 4082 2067 4138 latro

488 4168 663 4239 plenis
689 4170 866 4240 praeda
899 4171 1147 4227 manibus
1172 4174 1408 4244 affugere
1435 4182 1743 4240 conaretur,
1776 4183 1884 4228 tota
1909 4184 2067 4230 nocte

488 4261 703 4317 vineam
765 4262 1074 4327 circuiens,
1128 4264 1332 4319 aditum
1381 4266 1611 4321 exeundi
1662 4266 1902 4336 reperire
1958 4282 2064 4321 non

486 4353 705 4421 potuit;
737 4351 864 4418 imc,
911 4352 1070 4408 vellet
1114 4354 1300 4421 nollet,
1347 4356 1413 4411 ad
1451 4371 1619 4426 usque
1668 4372 1925 4412 auroram
1965 4372 2068 4413 suo

486 4444 599 4513 ipse
621 4443 766 4498 furto
805 4445 1106 4512 devinctus,
1159 4447 1355 4502 ibidem
1412 4456 1521 4503 tota
1573 4449 1688 4518 ipsa
1734 4458 1889 4505 nocte
1942 4466 2066 4519 per-

2175 3264 2491 3319 obedientes
2548 3263 2616 3317 ab
2675 3262 2798 3331 ejus
2854 3260 3195 3315 insecutione
3254 3268 3639 3325 cessaverunt,
3688 3267 3733 3310 et

2173 3354 2397 3424 antiquo
2423 3353 2629 3409 domini
2656 3351 2738 3407 sui
2769 3352 3009 3407 dominio
3033 3352 3318 3406 evidenter
3362 3364 3487 3407 sese
3514 3348 3732 3404 reddide-

2172 3432 2319 3502 runt.

2246 3538 2335 3591 l2.
2376 3537 2452 3592 De
2484 3545 2640 3590 tauro
2662 3549 2894 3605 quoque,
2928 3535 3020 3604 qui
3042 3534 3090 3588 ei
3123 3532 3378 3588 similiter
3432 3533 3575 3587 furto
3618 3530 3727 3585 sul»

2174 3630 2316 3685 latus
2349 3638 2453 3695 est,
2480 3644 2586 3683 non
2647 3636 2730 3682 est
2782 3628 3091 3689 tacendum,
3129 3642 3198 3681 ne
3240 3627 3491 3681 nesciant
3542 3624 3733 3678 malefa~

2172 3730 2375 3787 olores,
2425 3734 2610 3774 curam
2661 3733 2769 3773 non
2822 3715 3089 3771 modicam
3136 3716 3251 3771 Deo
3291 3730 3417 3771 esse
3474 3730 3632 3785 super
3652 3729 3732 3783 opv

2170 3811 2447 3880 pressione
2477 3809 2716 3863 ﬁdelium
2750 3821 2993 3861 suorum.
3026 3806 3266 3860 Taurum
3315 3805 3463 3860 illius
3494 3805 3733 3876 malignus

2170 3902 2390 3972 quidam
2425 3902 2608 3956 furtim
2642 3901 2695 3954 in
2738 3908 2961 3955 exteras
2990 3899 3263 3955 abducere
3289 3909 3477 3969 partes
3502 3915 3729 3970 praesum-

2170 3994 2297 4065 psit,
2326 4002 2381 4047 et
2410 4008 2479 4048 ne
2508 3994 2575 4047 ab
2596 3992 2780 4061 aliquo
2808 3991 3203 4060 insequentium
3234 3991 3725 4060 deprehenderetur,

2170 4081 2587 4138 tintinnabulum
2628 4082 2772 4152 quod
2801 4097 2831 4137 a
2855 4081 2994 4138 collo
3045 4083 3387 4153 dependebat
3410 4090 3728 4151 praereptum,

2170 4175 2340 4231 multa
2390 4176 2653 4246 graminis
2698 4175 3056 4245 impressione
3095 4174 3394 4229 obstruxit.
3451 4173 3582 4227 Cum
3621 4187 3727 4241 ergo

2169 4266 2386 4320 nemine
2408 4281 2467 4321 se
2492 4266 2810 4337 insequente
2831 4267 2886 4321 i-n
2930 4266 3149 4337 propria
3176 4266 3513 4331 devenisset,
3542 4274 3592 4319 et
3616 4264 3725 4316 alie-

2171 4372 2297 4411 num
2321 4357 2453 4411 illud
2498 4372 2663 4427 pecus
2698 4344 2811 4426 jam
2860 4370 2925 4410 ex
2981 4364 3132 4411 certo
3179 4355 3264 4409 sui
3311 4368 3436 4409 esse
3461 4353 3597 4423 juris
3637 4366 3725 4405 non

2134 4464 2135 4467 η
2172 4447 2507 4515 desperaret,
2564 4448 2618 4501 in
2662 4446 3089 4502 tintinnabulum
3140 4444 3292 4509 illud,
3324 4444 3469 4513 quod
3501 4444 3577 4498 sic
3600 4443 3726 4496 dam.

487 4532 703 4587 mansit.
734 4533 870 4600 Quid
898 4546 1083 4606 ageret
1115 4537 1137 4589 ‘1
1165 4539 1206 4592 A
1236 4552 1448 4593 summo
1500 4554 1668 4608 usque
1698 4538 1763 4592 ad
1792 4555 2062 4595 summum

2177 4548 2413 4604 naverat,
2443 4537 2606 4593 rediit
2650 4538 2911 4603 sonitus;
2962 4537 3102 4593 adeo
3147 4545 3209 4591 ut
3257 4536 3568 4605 ubicunque
3606 4541 3727 4590 esset

484 4625 697 4680 vineam
729 4636 839 4681 tum
892 4630 1149 4700 rependo,
1187 4639 1298 4685 tum
1342 4631 1696 4688 discurrendo
1723 4632 2065 4702 circumqua-

483 4732 590 4787 que
643 4720 997 4788 percurrebat
1041 4736 1057 4773 :
1107 4722 1387 4778 obstrusos
1428 4724 1529 4779 sibi
1579 4724 1819 4779 sentiens
1863 4725 2062 4791 exitus,

485 4807 683 4876 iniqua:
712 4824 822 4863 suae
859 4809 1058 4865 malitia
1111 4814 1453 4869 conscientia:
1510 4814 1799 4870 admodum
1852 4823 2065 4884 torque-

484 4897 663 4953 batur.
716 4898 879 4955 .‘diser
910 4902 1023 4971 ipse
1072 4920 1203 4959 uvas
1252 4920 1387 4974 quas
1419 4906 1762 4975 decerpserat
1792 4906 2062 4963 dimittere

484 5006 591 5046 non
624 5001 852 5058 poterat,
886 4995 992 5048 imo
1023 5004 1275 5065 tanquam
1318 4997 1562 5068 proprias
1604 5000 1670 5052 ad
1711 5009 2059 5068 augmentum

477 5081 667 5151 judicii
692 5085 773 5138 sui
805 5099 1087 5143 reservare
1116 5088 1431 5158 cogebatur.
1465 5089 1675 5143 Aurora
1728 5089 1893 5159 igitur
1941 5090 2064 5143 illu-

480 5183 752 5237 cescente,
785 5177 1036 5231 custodes
1062 5177 1239 5231 subito
1289 5177 1652 5240 conveniunt;
1684 5178 1893 5232 vineam
1932 5194 2062 5233 con-

480 5263 770 5329 culcatam,
826 5267 1073 5337 palmites
1120 5268 1414 5337 disruptos,
1462 5269 1896 5341 vindemiamque
1927 5273 2063 5326 irre-

479 5364 637 5406 veren
648 5363 728 5408 ter
750 5354 1055 5409 desecalam
1082 5357 1387 5426 reperiunt;
1418 5368 1471 5412 et
1498 5374 1528 5411 e
1550 5359 1774 5429 vestigio
1794 5360 2057 5414 latronem

477 5445 900 5519 circumquaque
954 5452 1330 5521 insequuntur.
1386 5453 1730 5525 Stupefactus
1797 5455 2052 5519 nimium,

479 5547 663 5605 raptor
709 5541 916 5607 infelix,
949 5542 1152 5597 latebat
1201 5545 1254 5598 in
1319 5546 1494 5610 vinea,
1547 5562 1704 5614 quem
1754 5561 1851 5600 sua
1890 5546 2057 5615 ipsius

478 5630 686 5698 rapina,
720 5640 972 5701 tanquam
1009 5634 1121 5701 jam
1158 5633 1455 5701 judicatum
1504 5652 1640 5705 pene
1665 5637 2058 5691 condemnave~

479 5728 580 5770 rat.
609 5720 849 5773 Tenebat
871 5723 1087 5790 quidem
1116 5724 1360 5793 rapinam
1391 5725 1442 5780 in
1476 5726 1745 5793 manibus,
1794 5729 1903 5783 imo
1942 5729 2055 5798 ipse

476 5818 507 5858 ε
540 5821 636 5863 sua
664 5808 831 5879 ipsius
866 5813 1053 5882 rapina
1091 5817 1372 5871 tenebatur
1406 5835 1418 5882 ;
1473 5818 1672 5873 nullum
1697 5820 1806 5889 jam
1857 5822 2053 5877 misero

2172 4631 2487 4699 repositum,
2517 4638 2571 4685 et
2589 4631 2793 4700 jugiter
2815 4638 3056 4695 sonaret,
3085 4639 3141 4684 et
3177 4629 3603 4699 circumquaque
3645 4640 3725 4680 au-

2169 4723 2676 4778 diretur.Abditum
2704 4722 2901 4792 saepius
2954 4722 3007 4776 in
3064 4720 3329 4776 cubiculis
3375 4718 3723 4790 penetralium,

2170 4812 2224 4867 in
2254 4814 2454 4869 scrinio
2478 4812 2561 4868 vel
2589 4828 2718 4867 arca
2755 4811 3097 4881 frequentius
3141 4810 3513 4874 reconditum,
3537 4822 3723 4876 semper

2169 4913 2346 4958 tamen
2405 4912 2459 4958 et
2509 4903 2710 4972 ubique
2761 4902 3040 4957 liberrimo
3099 4901 3300 4965 sonitu,
3354 4900 3583 4953 latronis
3609 4898 3725 4950 illius

2166 4994 2506 5049 declamabat
2527 4992 2816 5065 ﬂagitium.
2840 4994 3148 5048 Audiebant
3182 4992 3345 5045 vicini
3376 5001 3433 5045 et
3482 4988 3724 5044 miraban-

2168 5094 2256 5138 tur
2284 5087 2452 5153 ;quid
2476 5094 2657 5139 tamen
2689 5100 2776 5140 res
2804 5088 3164 5153 pratenderet
3213 5083 3449 5137 necdum
3495 5084 3723 5141 scientes,

2166 5190 2421 5245 magnum
2453 5174 2655 5246 aliquid
2704 5176 2981 5247 designari
3032 5174 3469 5228 arbitrabantur.
3511 5171 3725 5226 Fraudu-

2164 5267 2342 5322 lentus
2370 5267 2582 5321 demum
2612 5267 2774 5333 latro,
2804 5281 2903 5321 sua
2928 5266 3018 5319 diu
3045 5273 3219 5318 tortus
3243 5262 3597 5335 conscientia,
3619 5271 3719 5312 eum

2156 5358 2268 5427 jam
2294 5374 2353 5413 se
2381 5376 2477 5428 pro
2501 5368 2652 5412 tanto
2674 5356 2935 5412 miraculo
2957 5356 3141 5409 divina
3162 5354 3467 5422 judicatum
3494 5350 3722 5418 pertime-

2161 5463 2339 5509 sceret
2369 5453 2419 5507 in
2450 5452 2739 5521 praesentia
2771 5492 2787 5515 ,
2841 5450 3030 5504 amicis
3065 5448 3181 5503 suis
3212 5455 3268 5501 et
3313 5443 3582 5504 afﬁnibus,
3615 5439 3717 5508 quia

2156 5544 2268 5614 jam
2298 5547 2474 5600 celare
2506 5559 2609 5599 non
2653 5552 2886 5614 poterat,
2917 5543 3205 5596 factionem
3241 5540 3383 5594 hanc
3437 5533 3718 5607 ﬂagitiosis-

2163 5636 2355 5690 simam
2403 5634 2824 5704 lacrymabiliter
2865 5632 3155 5695 disseruit,
3186 5640 3239 5683 et
3279 5644 3471 5682 eorum
3515 5621 3720 5694 sapienti

2161 5706 2289 5783 usus
2333 5726 2579 5793 consilio,
2607 5727 2664 5781 S.
2700 5725 2976 5790 Medardo,
3023 5723 3166 5794 quod
3197 5720 3431 5790 maligne
3457 5714 3714 5774 def-auda-

2159 5830 2327 5885 verat,
2359 5818 2668 5889 suppliciter
2697 5817 2954 5874 restituit.
