3836 6320
90 333 216 393 1505

155 447 238 500 15.
284 445 399 499 Rex
437 453 627 514 postea
673 443 1020 510 Clilotllarius
1063 443 1362 508 exercitum
1413 460 1656 510 movens,
1689 449 1733 508 Α

83 541 354 596 "Summam
386 538 647 593 violenter
673 537 922 592 transivit
968 535 1186 591 ﬂuvium
1214 577 1228 604 ,
1270 545 1325 592 et
1350 537 1656 608 ubicunque

83 631 250 706 potuit
285 629 652 700 deprazdatus,
712 627 964 696 adjaceus
1003 642 1164 682 omne
1206 627 1506 683 devastavit
1549 639 1657 684 ter;

96 721 342 776 litorium.
384 719 518 773 Cum
571 719 737 773 multa
771 718 858 774 ille
906 719 1084 788 praeda
1143 718 1286 773 inter
1333 717 1654 775 Noviomum

86 812 448 868 revertebatur
475 819 528 866 et
554 811 756 866 Isaram
788 827 806 878 ;
831 827 1016 864 verum
1051 810 1174 880 quia
1204 820 1259 865 et
1281 811 1654 881 episcopatum

82 904 554 960 Viromandensem
567 913 621 958 et
638 920 756 975 qua:
777 904 877 959 sub
901 902 988 957 illa
1011 903 1275 973 degebant
1290 903 1551 970 Ecclesia,
1569 905 1655 959 de-

81 996 350 1065 prtedatus
377 976 515 1060 erat,
547 996 744 1050 divina:
768 994 989 1050 ultionis
1018 994 1182 1066 digne
1209 1005 1265 1050 et
1314 995 1660 1053 laudabiliter

77 1087 468 1157 priedicandam
499 1105 604 1142 non
620 1088 795 1143 evasit
821 1086 1431 1144 sententiam.Parcens
1460 1089 1658 1160 quippe

77 1178 335 1233 Dominus
366 1191 421 1232 et
460 1179 560 1248 ipsi
592 1178 932 1245 Clllotbario,
955 1187 1010 1233 et
1031 1178 1121 1248 qui
1180 1194 1303 1233 cum
1356 1178 1474 1249 ipso
1501 1188 1658 1234 erant

73 1271 432 1342 participibus
459 1271 620 1342 hujus
651 1272 894 1328 criminis
929 1313 943 1339 ,
973 1287 1142 1342 equos
1179 1282 1357 1326 tamen
1390 1285 1574 1326 eorum
1605 1279 1659 1324 et

69 1363 254 1416 omnia
278 1363 803 1435 vellicula,plaustra
822 1364 1034 1419 scilicet
1061 1364 1229 1419 etalia
1253 1363 1449 1434 quibus
1479 1361 1669 1440 przeda

75 1455 422 1522 evellebatur,
447 1457 584 1512 adeo
606 1456 865 1511 divinitus
914 1455 1100 1522 aflixit,
1131 1445 1200 1510 ιη’
1235 1471 1331 1528 per
1370 1470 1532 1511 omne
1565 1455 1660 1508 tri-

75 1547 236 1601 duum
270 1563 301 1602 a
326 1548 444 1603 loco
473 1548 562 1606 illo
587 1549 734 1604 nullo
760 1549 917 1605 modo
966 1558 1190 1620 possent
1249 1547 1477 1604 moveri.
1524 1546 1656 1602 Pcr-

81 1639 374 1708 spicientes
405 1652 586 1695 autem
623 1651 831 1696 tantum
893 1641 995 1698 lloc
1051 1641 1144 1696 Dei
1199 1640 1538 1704 miraculum,
1591 1638 1658 1694 ad

77 1740 322 1786 sanctum
357 1730 450 1788 Dei
481 1733 819 1789 sacerdotem
859 1733 1198 1797 Medardum,
1235 1733 1328 1804 qui
1356 1744 1481 1788 tunc
1516 1741 1656 1787 tem-

69 1821 222 1890 poris
279 1820 575 1878 Salentiaci
628 1826 1005 1880 remorabatur
1037 1867 1052 1893 ,
1107 1825 1422 1897 suppliciter
1463 1823 1653 1880 confu-
1689 1805 1731 1862 Β

67 1913 225 1983 giant
276 1905 290 1969 Ξ
337 1915 496 1985 eique
547 1917 788 1972 unanimi
839 1918 1148 1985 devotione,
1193 1934 1313 1988 qua:
1359 1918 1650 1987 depriedati

65 2003 285 2060 fuerant
317 2009 688 2074 restituentes,
735 2024 858 2064 cum
891 2009 959 2064 ab
1019 2025 1085 2064 eo
1135 2024 1304 2080 super
1346 2008 1654 2063 connuissis

63 2096 465 2154 absolutionem
495 2100 884 2170 suscepissent,
930 2102 1113 2155 divino
1146 2101 1235 2154 illo
1261 2101 1479 2155 vinculo
1505 2116 1653 2155 reso-

61 2187 180 2257 luti,
207 2189 314 2244 lieti
341 2201 396 2246 et
421 2191 632 2248 alacres
661 2193 726 2246 ad
757 2195 973 2263 propria
1032 2195 1239 2248 reversi
1275 2203 1418 2248 sunt.
1450 2192 1494 2249 Ο
1519 2194 1651 2248 mira

57 2289 109 2334 et
135 2279 432 2339 ineﬂ‘abilis
459 2282 551 2337 Dei
584 2284 909 2339 clementia!
959 2286 1106 2352 Quos
1157 2287 1270 2355 ipse
1298 2285 1440 2340 Deus
1463 2285 1654 2356 judicii

52 2373 138 2427 sui
165 2388 270 2445 per
295 2374 533 2429 triduum
556 2374 864 2444 justissima
889 2377 1149 2447 ligaverat
1181 2377 1652 2443 condemnatioue,

50 2474 293 2520 sanctus
323 2465 606 2522 confessor
623 2466 909 2523 Medardus
931 2485 1036 2522 uno
1065 2469 1117 2522 in
1151 2478 1428 2522 momento
1451 2467 1654 2523 indulta

41 2554 340 2610 relaxavit
371 2556 731 2612 absolutione.
765 2555 907 2613 1Vere
961 2558 1141 2630 lingua
1187 2559 1330 2614 Petri
1356 2569 1412 2614 et
1463 2560 1552 2630 qui
1587 2561 1655 2616 ab

43 2661 113 2700 eo
147 2646 490 2718 suscipiunt,
544 2647 725 2704 claves
773 2657 900 2704 sunt
954 2650 1103 2720 regni
1137 2649 1417 2713 cui-lorum,
1457 2650 1656 2720 quibus

41 2753 377 2793 concessum
401 2749 484 2795 est
506 2755 633 2796 vere
658 2735 984 2810 pecnitentes
1000 2751 1412 2812 tampotentera
1430 2743 1656 2797 nexibus

42 2829 344 2908 absolvere
368 2815 716 2900 peccatorum
744 2833 842 2904 (2).

114 2921 209 2976 M.
252 2921 420 2978 Tosio
464 2924 808 2994 postmodum
836 2925 1079 2995 quidam,
1107 2926 1197 2995 qui
1243 2925 1320 2982 sic
1344 2926 1650 2991 dicebatur,

44 3007 383 3083 gravissima
417 3015 678 3070 daemonis
707 3018 998 3086 depressus
1056 3015 1424 3081 infestatione,
1478 3017 1543 3070 ad
1573 3017 1654 3072 vi-

41 3094 168 3160 rum
218 3107 320 3162 Dei
349 3123 454 3162 non
506 3111 625 3165 sine
655 3110 830 3190 ~multa
880 3117 1165 3181 parentum
1216 3126 1310 3165 seu
1348 3110 1648 3166 amicorum

44 3212 280 3251 suorum
340 3178 780 3269 perductuswest
832 3178 1167 3272 fatigatione.
1222 3201 1419 3257 Dolens
1467 3211 1646 3256 autem
1677 3178 1719 3235 C

38 3281 288 3345 Sanctus
319 3289 454 3360 ipse,
478 3306 509 3345 a
531 3291 766 3357 diabolo,
784 3293 875 3347 Dei
905 3301 1334 3363 praeoccupatum
1358 3307 1478 3348 esse
1513 3295 1648 3349 ima-

35 3373 250 3451 ginem,
305 3381 718 3438 ﬁdentissimam
767 3384 833 3439 ad
880 3383 1050 3439 Deum
1101 3383 1237 3438 fudit
1291 3386 1636 3451 orationem,

36 3489 292 3544 moxque
348 3475 505 3546 signo
545 3475 728 3530 crucis
777 3476 1053 3547 imposito,
1103 3476 1476 3547 potentissima
1527 3475 1652 3547 Spi-

28 3563 178 3621 ritus
235 3565 420 3622 sancti
476 3566 675 3622 virtute
703 3609 718 3632 ,
773 3577 826 3622 et
877 3567 1150 3624 diabolum
1195 3567 1424 3638 expulit,
1453 3577 1507 3622 et
1551 3570 1648 3623 bo-

33 3643 245 3710 minem
297 3654 453 3710 illum
484 3655 856 3726 inpristinam
882 3656 1174 3712 sanitatem
1199 3657 1456 3711 restituit.
1504 3655 1648 3712 Tan-

31 3756 147 3800 tum
181 3749 341 3802 hunc
377 3747 473 3802 Dei
501 3763 720 3802 servum
778 3748 928 3818 plebs
951 3749 1202 3804 universa
1251 3749 1644 3818 admirabatur,

32 3847 90 3892 ut
121 3839 407 3911 quidquid
439 3855 505 3895 ex
538 3840 654 3910 ejus
702 3856 797 3895 ore
857 3843 1205 3912 suscepisset,
1263 3860 1384 3897 cum
1433 3859 1643 3898 summa

30 3931 334 3988 devotione
372 3931 671 3987 studiosius
700 3945 1113 4004 exsequeretur.
1144 3935 1272 3989 Erat
1299 3937 1443 3991 enim
1465 3935 1645 4007 justus

30 4025 80 4078 in
131 4023 385 4094 judicio,
441 4025 697 4094 providus
745 4026 798 4080 in
849 4026 1078 4082 consilio
1109 4068 1124 4094 ,
1181 4029 1232 4082 in
1282 4031 1644 4098 prosperitate

27 4117 204 4186 mitis,
239 4119 297 4172 in
334 4117 669 4194 adversitate
694 4116 888 4184 fortis;
931 4127 1049 4173 erat
1087 4121 1297 4189 patiens
1335 4122 1385 4175 in
1418 4121 1644 4176 tribula-

27 4209 176 4266 tione
214 4250 232 4277 ,
293 4210 455 4280 larga
509 4210 725 4266 miseris
769 4211 1098 4267 suliveuiens
1155 4215 1542 4279 miseratione;
1587 4223 1644 4269 et

23 4302 151 4360 [eet
175 4305 452 4359 omnibus
486 4304 601 4375 ipse
626 4305 978 4376 priestantior
1005 4303 1364 4372 judicaretur,
1389 4307 1643 4362 omnibus

24 4389 209 4453 tamen
240 4407 518 4469 tanquam
558 4397 1028 4467 priestantioribus
1053 4397 1354 4454 humillime
1384 4399 1644 4469 obseque-

26 4490 196 4544 batur
232 4507 248 4557 ;
283 4500 344 4545 et
371 4503 474 4561 per
507 4489 687 4544 omnia
722 4490 961 4560 praelatis
1006 4489 1120 4544 suis
1156 4491 1436 4556 obediens,
1467 4489 1641 4558 subje-

19 4582 127 4639 ctis
153 4584 280 4638 suis
310 4581 688 4636 amicabiliter
717 4597 840 4637 sese
868 4579 1136 4638 alfabilem
1167 4583 1476 4638 exhibebat.
1512 4582 1643 4638 Erat

19 4675 74 4729 in
104 4675 382 4732 oratione
414 4673 690 4737 assiduus,
745 4674 799 4728 in
856 4673 1216 4745 eleemosynis
1264 4674 1467 4746 largus,
1513 4675 1644 4728 alio-

21 4780 145 4820 rum
199 4765 568 4822 incommoda
615 4780 713 4820 sua
760 4765 930 4835 ipsius
969 4765 1267 4834 aestimans,
1299 4782 1396 4838 pro
1427 4768 1645 4824 univer-

18 4857 117 4911 sali
176 4859 446 4913 omuium
514 4857 877 4928 prosperitate
942 4857 1227 4913 Dominum
1283 4857 1466 4912 scdulo
1515 4875 1642 4914 exo-

17 4949 146 5003 nba
157 4957 200 5006 ι.

91 5130 172 5200 (2)
216 5129 278 5183 In
337 5127 469 5200 Yita
521 5125 688 5182 altera
724 5126 846 5200 ista
899 5127 1170 5182 adduntur
1205 5145 1217 5181 :
1258 5145 1284 5200 _l
1321 5127 1641 5200 Siquando

15 5197 162 5255 vero
202 5198 436 5255 subulci
489 5212 613 5251 sues
687 5197 928 5265 ejusdem
983 5208 1203 5267 agerent
1257 5198 1308 5252 in
1358 5197 1629 5267 glandem,

18 5273 247 5338 quoties
299 5269 501 5322 furtim
533 5269 994 5340 subducebantur,
1033 5270 1193 5322 toties
1249 5269 1313 5322 ad
1358 5271 1636 5340 proprium

18 5343 475 5396 revertebantur
532 5339 828 5392 dominum.
891 5338 1023 5391 Nam
1080 5340 1225 5393 nullo
1276 5338 1525 5407 praedulce
1575 5343 1642 5397 ad

16 5413 243 5530 liieatum
278 5411 474 5465 virum
507 5409 572 5462 de
606 5408 896 5480 longinqua
950 5409 1281 5479 repedabant
1331 5411 1639 5484 intercape-

16 5497 32 5530 (
55 5499 165 5530 "19..
193 5502 214 5530 ι

15 5497 165 5536 utne.
193 5502 214 5534 ι

94 5552 178 5624 (5)
225 5550 288 5605 lit
319 5549 526 5624 eadem
561 5549 940 5624 \’_ita_dicitur
967 5569 984 5601 α
1022 5550 1184 5624 blijlts
1211 5552 1638 5624 consecrationis

13 5619 184 5692 caput
232 5620 534 5692 exstitisse
586 5619 652 5692 Β.
696 5621 976 5690 Remigius
1022 5620 1313 5675 Remorum
1367 5622 1638 5690 archiepi-

12 5690 244 5763 scopus,
305 5691 409 5761 qui
467 5690 526 5747 Β.
585 5691 891 5763 Medardum
935 5692 1388 5763 sanctificationis
1437 5708 1634 5763 peruu-

11 5761 148 5836 gcus
179 5764 339 5832 oleo,
368 5776 538 5832 sup-tr
568 5777 790 5844 {regem
819 5761 1022 5816 Christi
1053 5771 1328 5832 pastorem
1379 5761 1633 5830 inStituit,

1415 328 1575 385 V'lTA
1609 329 1667 385 S.
1701 329 2028 387 MEDARDI.

3213 339 3236 391 1
3249 337 3352 393 506

1846 447 1932 501 15.
1974 447 2210 517 Contigit
2235 463 2365 519 ergo
2394 465 2458 506 eo
2493 452 2546 506 in
2601 459 2840 523 tempore
2869 435 3350 510 Viromandeusem
3385 467 3390 478 ‘

1763 537 2095 609 episcopum,
2136 540 2226 609 qui
2261 553 2358 611 per
2394 541 2600 612 aliquot
2645 558 2910 598 annorum
2969 542 3237 598 curricula
3269 545 3352 616 ip-

1761 644 1877 684 sam
1930 639 2152 684 rexerat
2193 631 2518 699 Ecclesiam,
2553 634 2646 688 Dei
2702 634 2782 689 sic
2823 635 3219 706 prmordinante
3248 635 3356 689 cle-

1760 715 1982 786 mentia,
2028 722 2268 778 divinum
2325 725 2392 779 ad
2436 725 2699 794 judicium
2750 727 3015 792 evocari;
3056 736 3112 780 et
3156 739 3354 796 sponso

1757 811 2014 868 Ecclesia:
2036 823 2326 886 praerepto,
2351 816 2651 872 Ecclesiam
2685 818 2830 873 illam
2855 818 3195 890 peraliquod
3219 828 3354 874 tem-

1758 905 1908 975 poris
1962 907 2199 974 spatium
2267 907 2508 965 viduari.
2571 909 2818 963 Peractis
2879 925 3011 965 vero
3075 927 3180 964 non
3235 910 3354 964 sine

1760 997 1931 1050 multo
1962 995 2090 1052 ﬂetu
2118 998 2358 1069 episcopi
2406 999 2490 1054 sui
2523 999 2770 1054 excubiis
2822 1001 2967 1068 regis
3015 1009 3071 1053 et
3121 999 3353 1068 optima-

1763 1099 1875 1144 tum
1905 1105 2152 1156 assensu,
2203 1091 2613 1146 sanctissimum
2647 1092 2870 1148 saccrdo
2888 1101 2991 1146 tem
3032 1091 3350 1146 Medardum

1759 1179 1910 1251 plebs
1939 1181 2116 1236 omnis
2169 1180 2260 1236 illa
2313 1180 2780 1247 Viromandensis,
2828 1190 2883 1236 et
2933 1196 3124 1236 omnes
3170 1181 3346 1236 eidem

1759 1274 2052 1345 provincia:
2106 1276 2452 1346 adjacentes,
2511 1276 2820 1346 episcopum
2867 1275 2968 1329 sibi
3020 1274 3352 1330 unanimiter

1760 1366 2141 1422 acclamabant
2207 1368 2518 1424 consecrari
2570 1386 2583 1421 :
2634 1383 2863 1437 quorum
2927 1351 3174 1436 petitioni
3225 1380 3350 1420 cum

1759 1457 1982 1523 diutius,
2028 1458 2306 1528 indignum
2335 1471 2393 1513 se
2418 1457 2691 1526 judicans,
2743 1457 2830 1510 vir
2880 1456 2976 1511 Dei
3009 1455 3350 1520 restitisset;

1759 1548 1936 1602 divina
1963 1548 2180 1604 tandem
2215 1549 2564 1618 dispositione
2604 1547 2939 1603 multimodis
2983 1562 3174 1602 eorum
3227 1559 3354 1616 pre-

1758 1641 1914 1696 cibus
1945 1639 2203 1712 fatigatus
2248 1656 2530 1717 assensum
2589 1641 2756 1708 dedit,
2789 1649 2846 1696 et
2899 1637 3353 1695 Viromandensis

1760 1732 2088 1802 priesulatus
2161 1747 2343 1786 'uram
2396 1731 2686 1805 regendam
2717 1774 2732 1798 ,
2785 1747 2892 1787 non
2947 1731 3065 1785 sine
3111 1729 3348 1784 devotis-

1759 1826 1896 1880 sima
1925 1826 2106 1881 cordis
2135 1826 2548 1896 compunclione
2570 1825 2808 1894 suscepit
2832 1824 2930 1894 (5).
2955 1823 3150 1878 Flebat
3172 1823 3342 1892 siqui-

1759 1919 1881 1974 dem
1933 1919 2162 1990 populus
2211 1920 2320 1984 ille,
2363 1929 2569 1974 tantam
2614 1917 2789 1972 sancti
2832 1916 3160 1972 confessoris
3194 1915 3344 1970 duri-

1757 2001 1976 2064 COrdem
2031 2011 2298 2066 reveritus
2343 2009 2764 2065 obstinationem
2814 2026 2827 2062 :
2883 2009 3350 2078 compungebatur

1757 2111 1814 2157 et
1838 2101 1952 2170 ipse
1977 2100 2236 2168 Sanctus,
2269 2113 2474 2157 tantam
2533 2102 2703 2172 plebis
2733 2101 2875 2157 illius
2927 2101 3223 2156 luctuosam
3255 2099 3348 2154 ad-

1758 2194 1990 2248 miratus
2024 2193 2388 2249 devotionem.
2423 2193 2562 2248 Vicit
2623 2193 2843 2247 laudent
2894 2191 3076 2262 populi
3134 2189 3346 2261 suppli-

1757 2287 1935 2342 caulis
1964 2287 2191 2358 supplex
2235 2286 2430 2350 oratio,
2484 2295 2540 2340 et
2580 2301 2701 2356 quae
2737 2285 2837 2340 sibi
2887 2303 2918 2340 a
2971 2285 3177 2340 sanctis
3207 2298 3346 2354 pon-

1761 2379 1998 2436 tificibus
2047 2379 2407 2448 objiciebatur
2455 2378 2763 2434 oliedientia
2805 2395 2820 2443 ;
2869 2387 2924 2433 et
2950 2377 3076 2433 licet
3122 2377 3343 2440 invitus,

1757 2471 2127 2527 ecclesiastica
2155 2480 2332 2528 tamen
2362 2471 2600 2541 suscepit
2625 2470 3010 2543 gubernacula.
3036 2469 3190 2538 Quod
3215 2485 3348 2524 vero

1759 2562 1961 2618 invitus
1997 2564 2258 2635 suscepit,
2292 2563 2524 2619 feliciter
2571 2571 2626 2618 et
2676 2563 2884 2618 intente
2927 2561 3345 2617 administravit.

1760 2653 1930 2723 llujus
1959 2655 2156 2726 quippe
2205 2653 2538 2726 praelationis
2584 2653 2790 2709 llonore
2833 2653 3176 2717 sublimatus,
3223 2668 3348 2707 san-

1760 2749 2128 2820 ctissimieque
2170 2749 2443 2804 unctionis
2467 2757 2813 2804 sacramento
2842 2745 3216 2807 confirmatus,
3259 2743 3347 2797 die

1758 2851 2034 2912 noctuque
2060 2842 2112 2896 in
2144 2842 2275 2913 lege'
2305 2841 2519 2897 Domini
2567 2841 2948 2903 meditabatur,
2996 2848 3048 2894 et
3092 2837 3344 2908 infatiga-

1757 2933 1941 2987 biliter
1982 2933 2179 2989 divinis
2224 2933 2277 2987 in
2333 2933 2587 2988 laudibus
2616 2932 2939 3002 persistebat
2973 2947 2988 2996 ;
3021 2941 3224 2985 etcum
3273 2931 3342 2983 ab

1758 3025 1870 3096 ipsa
1901 3025 2128 3080 infantia
2157 3025 2414 3081 curandis
2445 3023 2774 3096 pauperibus
2797 3023 2984 3078 sedulo
3009 3012 3358 3084 insudasset,

1755 3124 1868 3168 tum
1894 3115 2167 3185 praecipue
2223 3113 2485 3184 majorem
2536 3114 2587 3168 in
2647 3114 2750 3168 lloc
2799 3113 3133 3182 diligentiam
3180 3111 3340 3165 adbi-

1755 3205 1910 3270 bens,
1939 3207 1991 3261 in
2053 3206 2183 3278 ipsis
2236 3205 2574 3275 majestatem
2611 3205 2785 3276 ipsam
2823 3204 2918 3259 Dei
2952 3219 3010 3260 se
3057 3217 3162 3259 non
3208 3201 3348 3258 diﬂia
3415 3265 3424 3278 ν

1755 3299 1919 3355 debat
1975 3300 2300 3370 amplexari.
2370 3298 2569 3354 Sedula
2637 3298 2851 3368 quidem
2905 3297 3287 3368 praedicatione
3323 3335 3338 3360 ,

1753 3379 2092 3445 subditorum
2117 3390 2326 3446 animas
2349 3406 2377 3443 a
2403 3390 2671 3444 diabolica
2696 3389 2962 3445 liberabat
3002 3389 3339 3452 seductione,

1753 3479 1897 3534 bono
1948 3495 2060 3534 sua:
2109 3480 2540 3535 conversationis
2571 3481 2822 3548 exemplo
2853 3479 3222 3544 confortabat,
3283 3488 3340 3534 et

1753 3586 2108 3642 quoscunque
2141 3572 2327 3627 devios
2367 3586 2460 3626 seu
2513 3585 2776 3626 erroneus
2807 3579 3036 3626 noverat
3086 3571 3153 3626 de
3205 3571 3340 3641 ipsis

1750 3662 1945 3717 mortis
1997 3663 2242 3717 faucibus
2301 3663 2368 3716 ad
2402 3663 2566 3715 vitam
2628 3662 2974 3732 praedicando
3027 3661 3335 3715 revocabat.

1750 3753 1886 3822 Quid
1944 3754 2142 3826 plura?
2194 3753 2347 3822 Quod
2401 3771 2496 3810 ore
2530 3752 2878 3825 praedicabat,
2932 3750 3334 3808 indissimulato

1749 3861 1932 3916 opere,
1989 3861 2054 3900 ne
2098 3845 2224 3900 aliis
2279 3844 2540 3916 reprobus
2585 3842 2913 3910 efﬁceretur,
2963 3843 3181 3913 explere
3228 3857 3335 3896 non

1748 3941 2071 4012 negbgcbab

2405 4030 2634 4088 CAPUT
2673 4031 2756 4084 lll.

1747 4125 1909 4181 Sedes
1965 4139 2278 4180 lvorlomum
2337 4129 2620 4182 translata.
2669 4127 2966 4193 Adjlmctus
3004 4125 3332 4193 episco,rulus

2173 4198 2420 4252 Tornaci.
2453 4198 2690 4251 Morbus.
2723 4198 2907 4250 Obitus

1819 4311 1908 4368 16.
1928 4313 2126 4368 Verum
2144 4314 2460 4383 priusquam
2483 4314 2836 4369 beatissimus
2860 4309 3097 4383 pontifex
3123 4310 3333 4380 episco-

1747 4405 1850 4474 pali
1874 4405 2194 4460 sublimatus
2212 4404 2920 4470 fuissetcatbedra,crebris
2945 4413 2998 4457 et
3025 4403 3334 4459 intolerabi-

1747 4498 1887 4554 libus
1933 4497 2009 4570 (4)
2043 4495 2456 4562 Wandalorum,
2499 4497 2814 4551 Hunnorum
2868 4497 3245 4566 llungarurum
3278 4503 3332 4552 et

1748 4591 1974 4646 aliarum
2000 4593 2240 4662 gentium
2264 4591 2652 4662 irruptionibus
2679 4591 3005 4646 universalis
3049 4591 3331 4645 devastata

1747 4693 1866 4738 erat
1896 4682 2090 4737 Gallia.
2125 4682 2425 4737 Destructis
2454 4681 2787 4748 civitatibus,
2827 4682 3004 4737 diruta
3052 4681 3331 4737 Gallicana

1746 4776 2150 4831 lamentabatur
2175 4775 2413 4830 Ecclesia
2437 4792 2450 4841 ;
2483 4774 2718 4830 exsectis
2749 4785 2984 4830 matrum
3013 4773 3331 4840 visceribus,

1749 4867 2026 4921 inhumata
2080 4864 2364 4919 infantium
2409 4863 2834 4934 projiciebautur
2880 4878 3153 4934 corpora;
3204 4878 3340 4934 con-ﬁ

1743 4959 1964 5030 jugibus
1987 4955 2314 5024 interfectis,
2353 4967 2614 5013 matrona:
2651 4956 2883 5010 viduata:
2916 4962 3287 5008 remanserant
3315 4969 3329 5017 ;

1753 5146 2087 5210 coeperante
2139 5136 2356 5210 Spiritu
2392 5148 2600 5210 sancto.
2637 5155 2680 5210 ιΔ
2710 5135 2836 5190 11τυε
2865 5135 2980 5210 __ib_i_.
3009 5133 3110 5210 _De
3173 5141 3336 5210 aetate

1749 5223 1799 5266 et
1819 5203 1981 5264 anno
2005 5203 2192 5262 obitus
2215 5209 2272 5262 S.
2326 5207 2555 5277 Remigii
2599 5206 2808 5277 egimus
2858 5206 2890 5258 6
2931 5203 3335 5277 Hebrltarii,_et

1749 5281 2089 5337 ostendimus
2130 5279 2338 5335 vixisse
2369 5274 2558 5334 saltem
2593 5274 2658 5330 ad
2703 5291 2905 5330 annum
2950 5274 3074 5334 550.
3107 5274 3338 5330 ulterius

1750 5351 2090 5423 progressuri
2113 5352 2178 5405 ad
2193 5349 2463 5405 Kalendas
2482 5347 2753 5413 Octobris,
2771 5346 2987 5416 quando
3007 5361 3074 5400 ex
3093 5345 3338 5415 professo

1751 5424 2230 5498 (ίαῖρείξέξεεητιεβο
2435 5489 2602 5498 .-_.
2738 5487 2771 5498 η
2875 5487 2971 5498 ..
3133 5485 3170 5498 ..
3295 5483 3308 5494 .

1822 5485 1899 5563 (4')
1941 5485 2214 5557 Vvandali,
2253 5506 2400 5563 anno
2421 5489 2706 5563 407-duce
2732 5487 3043 5543 Gnnderico
3075 5503 3088 5552 ;
3132 5485 3334 5563 illiuni,

1750 5556 1893 5617 anno
1935 5563 2035 5616 451
2087 5556 2224 5616 duce
2272 5562 2465 5624 Attila,
2525 5559 2730 5616 Gallias
2775 5566 3076 5612 vastarunt.
3129 5556 3337 5622 Quibus

1749 5632 2041 5688 Radbodus
2067 5632 2266 5700 adjecit
2296 5630 2672 5702 Hmrgaros,ttl
2695 5631 2761 5686 ab
2790 5629 2998 5684 llunnis
3027 5628 3332 5691 distinctos,

1745 5703 1842 5772 qui
1869 5704 2174 5758 subsecutis
2195 5703 2409 5757 smculis
2427 5704 2564 5756 idem
2598 5702 2865 5758 fecerunt.
