3902 6316
505 345 526 400 ι
539 345 642 402 507

1553 347 1852 405 BADBODI
1877 347 2343 406 NOVIOMENSIS
2374 347 2680 410 EDISCOPI

3623 347 3713 414 ιδιι

503 473 558 520 ct
583 478 692 532 prae
723 461 887 530 nimia
932 460 1288 528 desolatione,
1345 462 1410 517 ad
1448 461 1874 520 internecionem
1924 478 2095 534 usque
2123 465 2169 521 Α
2195 462 2336 531 quod
2364 471 2468 516 tam
2496 462 2822 518 unanimiter
2839 461 3070 532 populus
3093 455 3544 534 expetieratomm
3570 481 3715 527 remota

504 555 770 624 indigena
797 567 987 606 onmes
1020 567 1153 622 pene
1187 553 1540 607 devenerant.
1575 553 1771 608 Dolens
1798 555 1979 623 itaque
2005 553 2114 616 vir,

506 654 692 704 beatus
721 646 958 702 civitatis
983 647 1127 700 illius
1173 647 1642 714 Viromandensis,
1691 663 1854 717 quam
1907 663 2097 715 regen—

505 742 534 790 d
580 757 626 792 ιιι
660 747 1001 808 susceperat,
1028 736 1141 805 jam
1191 736 1386 792 factam
1419 738 1830 803 desolationem,
1862 726 2097 792 veritus-

507 847 611 895 que
652 830 955 883 iterandam
983 829 1058 899 (5)
1103 844 1437 900 paganorum
1483 831 1860 900 irruptionem,
1905 829 2098 885 Νονῗο-

511 938 707 986 1;ι·ι111,
753 935 912 989 quem
975 920 1321 974 munitiorem
1373 907 1915 989 'prmnominavimus,
1965 936 2096 975 sano

519 1010 642 1062 axis
702 1009 932 1063 consilio
985 1008 1168 1063 sedem
1227 1010 1508 1062 constituit
1561 1009 1946 1078 episcopalem.
2003 1011 2097 1064 Est

525 1102 646 1154 ιιίιιι
683 1104 830 1171 regio
855 1102 940 1155 illa
973 1101 1167 1157 fertilis
1221 1111 1276 1156 ct
1303 1115 1542 1168 amoma,
1592 1093 1767 1158 vineis
1821 1111 1875 1157 ct
1907 1103 2096 1158 ‘itOI‘liS

506 1196 808 1258 abundans,
870 1195 1144 1263 multaque
1200 1209 1428 1248 annona:
1480 1194 1693 1247 cultura
1743 1211 1757 1260 ;
1809 1189 2094 1250 bellicosus

509 1298 774 1352 generatis
803 1269 1068 1345 homines,
1099 1294 1152 1338 et
1188 1284 1237 1336 in
1270 1281 1658 1340 ecclesiasticis
1677 1285 1866 1342 oﬂieiis
1887 1287 2096 1342 'utrius-

508 1391 614 1442 que
640 1391 803 1429 sexus
855 1389 1142 1445 personas,
1175 1374 1284 1428 Deo
1314 1391 1578 1445 generose
1629 1379 1928 1433 servientes
1959 1397 1972 1432 :
2011 1387 2096 1433 est

502 1479 564 1522 'ct
601 1469 747 1538 regio
779 1469 892 1531 ipsa
929 1468 1080 1522 silvis
1102 1469 1434 1530 circmndata
1459 1478 1512 1524 et
1542 1469 1826 1540 paludibus
1859 1487 1872 1534 ;
1905 1480 1958 1526 et
1997 1487 2093 1526 sua

509 1563 678 1632 ipsius
709 1563 985 1617 babilitate
1025 1573 1212 1617 contra
1245 1563 1476 1618 hostiles
1505 1579 1613 1617 non
1649 1581 1842 1633 parum
1886 1566 2092 1620 n'mnita

507 1671 794 1710 excursus.
822 1655 936 1725 Ipse
962 1671 1178 1726 quoque
1207 1656 1350 1710 inter
1393 1656 1636 1726 geminos
1660 1656 1857 1711 rivulos
1886 1658 2092 1712 consti-

509 1756 656 1802 tutus
684 1758 764 1802 est
798 1747 1106 1815 Noviomus,
1165 1749 1234 1802 ab
1275 1749 1486 1804 oriente
1524 1743 1774 1814 Gttliiola,
1834 1749 1902 1804 ab
1939 1750 2090 1805 occi-

2207 557 2555 610 excusaiione
2581 543 2693 610 fieri
2724 555 3124 624 adjudicabant.

2276 645 2370 700 i9.
2419 645 2724 700 Recusabat
2772 643 3076 700 humillime
3130 645 3358 717 insignis
3409 646 3500 702 Dei
3540 653 3714 720 pmuI,

2203 736 2346 804 quod
2381 735 2534 804 plebs
2581 749 2687 790 tam
2726 735 3055 790 unanimiter
3107 737 3469 799 acclamabat,
3513 741 3720 798 obstinato

2203 826 2282 881 eis
2309 827 2513 892 animo,
2548 828 2899 896 impotentem
2926 841 2982 881 se
3017 835 3073 880 et
3121 828 3405 897 indignum
3433 831 3714 896 vociferante,

2203 919 2615 986 magnanimiter
2669 916 2974 972 resistebat.
3027 916 3336 971 Pontitieali
3391 919 3608 986 demum,
3640 941 3716 980 me-

2203 1007 2514 1077 tropolitani
2573 1008 2784 1062 scilicet
2835 1017 2890 1063 et
2949 1008 3489 1076 comprovincialium
3535 1027 3716 1080 suonun,

2201 1101 2410 1154 evictus
2443 1100 2768 1154 auctoritate
2799 1116 2812 1163 ;
2848 1098 3098 1168 regisque
3142 1114 3208 1153 ac
3231 1114 3515 1168 procermu
3534 1118 3716 1172 assensu,

2201 1192 2480 1263 plebisque
2531 1201 2753 1247 coaetus
2821 1190 3133 1245 incessabili
3197 1193 3616 1258 acclamatione,
3655 1201 3717 1253 vix

2201 1284 2466 1338 concessit
2494 1300 2508 1350 ;
2537 1292 2587 1336 et
2619 1282 2886 1346 unanimi,
2927 1281 3230 1348 pontificali
3257 1283 3508 1338 videlicet
3527 1300 3582 1339 ac
3599 1289 3716 1357 regali

2198 1377 2544 1438 auctoritate,
2565 1377 2699 1430 duas
2729 1374 2848 1428 illas
2877 1373 3176 1431 Ecclesiatn
3201 1391 3365 1428 unam
3391 1374 3512 1429 fecit
3536 1393 3549 1440 ;
3570 1387 3718 1433 utrum-

2199 1480 2304 1534 que
2348 1465 2488 1519 ovile
2522 1474 2706 1536 pastor
2755 1466 3030 1536 egregius,
3081 1465 3311 1521 consilio
3361 1474 3416 1518 et
3465 1471 3719 1528 auctoritate

2197 1553 2730 1624 comprovincialium
2764 1555 3167 1625 episcoporum,
3222 1564 3468 1624 tempore
3498 1557 3567 1627 ('7)
3617 1557 3715 1614 [lor-

2201 1645 2390 1700 misda:
2440 1643 2611 1716 papat,
2650 1647 2752 1701 sub
2783 1647 3135 1702 sanctissimo
3186 1645 3436 1717 Remigio
3489 1645 3715 1707 Remorum

2197 1729 2602 1806 archiepiscopo
2635 1775 2650 1802 ,
2702 1751 2926 1791 assensu
2998 1737 3142 1808 regis
3215 1745 3272 1790 et
3346 1736 3640 1804 curialium,
3674 1759 3718 1798 ac

509 1843 672 1896 dente
700 1842 1000 1912 Margareta
1055 1841 1472 1906 circnmflnitur,
1499 1859 1635 1913 quos
1664 1845 1853 1898 ambos
1887 1844 2086 1900 tertius

2199 1823 2478 1899 utriusque
2502 1830 2672 1899 plebis
2703 1829 3121 1894 acclamatione.
3153 1831 3376 1884 tandem
3405 1833 3634 1900 suscepit,
3663 1845 3714 1902 ct,

505 1933 724 2002 quidam
750 1933 998 2002 suscipit,
1018 1935 1105 2002 qui
1139 1932 1302 1988 Versa
1337 1936 1679 1999 nominatur;
1709 1945 1764 1991 et
1790 1937 1866 1990 sic
1891 1935 2096 2005 pariter

508 2021 847 2076 continentes
907 2037 1015 2076 non
1051 2023 1205 2094 longe
1234 2040 1262 2077 a
1298 2026 1568 2080 moenibus
1620 2025 1724 2080 illis
1781 2025 1832 2078 in
1869 2025 2091 2091 lsaram,

505 2113 599 2182 qui
643 2115 824 2185 magni
875 2123 956 2169 est
984 2116 1241 2181 nominis,
1281 2117 1616 2172 dilabuntur.
1658 2103 2106 2186 Circumquaque

505 2202 579 2258 ibi
602 2203 778 2257 virent
800 2205 1067 2274 pomaria,
1123 2215 1276 2274 grata
1326 2206 1395 2260 ibi
1427 2207 1678 2276 planities
1707 2216 1810 2272 est,
1839 2216 1891 2260 et
1921 2222 2091 2262 amoe-

505 2292 729 2346 nissima
766 2295 934 2361 pratis
964 2305 1013 2348 et
1045 2297 1263 2365 pascuis
1285 2297 1606 2363 virentibus,
1642 2299 1756 2354 suis
1784 2314 1891 2353 non
1919 2299 2094 2354 modi-

504 2397 629 2436 cum
658 2383 863 2437 arridet
899 2385 1325 2440 habitatoribus.
1362 2383 1456 2440 Est
1501 2389 1664 2442 etiatn
1700 2387 1852 2443 locus
1883 2389 1996 2458 ipse
2026 2388 2094 2442 ab

501 2473 713 2528 oriente
753 2483 806 2528 et
830 2474 1114 2530 occidente
1139 2478 1275 2530 adeo
1297 2479 1519 2547 rupibus
1547 2476 1778 2534 vallatus
1798 2490 1852 2534 et
1879 2463 2106 2548 rivulis,

503 2567 782 2622 montibus
807 2583 1020 2636 quoque
1051 2577 1104 2623 et
1132 2569 1347 2624 vallium
1399 2569 1682 2634 cuniculis,
1714 2572 1856 2642 quod
1901 2581 2094 2627 contra

507 2657 796 2728 plurimam
828 2660 1064 2714 hostium
1095 2663 1458 2717 ineursionem
1486 2679 1514 2716 a
1560 2665 1748 2733 paucis
1768 2664 2093 2719 commodis-

500 2753 638 2807 sime
662 2753 830 2823 possit
857 2755 1093 2810 defendi.

610 2847 773 2903 7.1bi
811 2865 961 2920 ergo,
1018 2865 1084 2904 ne
1140 2845 1367 2906 ulterius
1417 2849 1703 2921 direptioni
1748 2850 2091 2921 subiacere‘nt

501 2940 767 3009 gentium,
797 2941 1090 3011 episcopali
1123 2940 1252 2996 sedc
1271 2941 1614 3006 confirmata,
1639 2953 1860 2998 sanctus
1892 2942 2087 3012 praesul

501 3026 738 3095 Domini,
766 3047 876 3086 suae
900 3049 1030 3087 oves
1055 3033 1446 3101 pastoralitatis
1486 3033 1654 3087 multa
1684 3035 2090 3104 praedicationis

500 3122 760 3176 instantia
814 3123 1174 3178 confortabat.
1229 3125 1566 3180 Praalicabat
1618 3121 2088 3198 iustanterpoani-

2199 1924 2256 1976 ut
2287 1923 2500 1991 utrique
2523 1923 2768 1977 ecclesiae
2823 1921 3153 1976 eatbedralis
3207 1937 3425 1990 semper
3465 1923 3614 1977 honor
3637 1939 3716 1978 ma-

2198 2025 2370 2080 nerot,
2405 2015 2634 2086 benigne
2662 2016 2954 2068 concessit.
2982 2013 3124 2080 Quot
3173 2022 3228 2068 et
3257 2025 3459 2082 quanta
3483 2014 3532 2068 in
3561 2015 3717 2086 regione

2200 2107 2290 2161 illa
2323 2106 2632 2176 opprobria,
2665 2116 2798 2176 quot
2829 2116 2882 2160 et
2927 2117 3161 2177 quantas
3201 2120 3494 2175 perpessus
3529 2108 3588 2161 sit
3623 2108 3718 2179 inju-

2198 2201 2306 2255 rias
2350 2217 2363 2266 ;
2415 2200 2629 2272 quoties
2679 2199 3195 2254 comminationibus
3255 2194 3542 2270 injuriatus
3595 2200 3716 2256 fuerit

2197 2285 2643 2354 Tornacensium,
2668 2287 2880 2360 quoties
2904 2306 3002 2360 pro
3036 2285 3352 2344 incessabili
3405 2291 3720 2360 [meditatione

2195 2382 2532 2450 adiudicatus
2567 2381 2731 2438 fuerit
2780 2385 2848 2438 ad
2901 2383 3252 2454 supplicium,
3301 2384 3426 2440 licet
3455 2400 3545 2439 nos
3583 2385 3722 2451 lateat,

2198 2471 2307 2527 Deo
2333 2483 2508 2527 tamen
2530 2474 2628 2528 soli
2647 2474 2995 2528 manifestum
3024 2476 3316 2542 esse,nulli
3343 2485 3425 2531 est
3451 2477 3720 2544 ambiguum.

2195 2556 2326 2619 Erat
2367 2566 2509 2620 enim
2560 2583 2692 2638 gens
2745 2567 2860 2639 ipsa
2912 2568 3026 2624 fera
3087 2580 3142 2624 et
3199 2570 3567 2636 indomabilis,
3617 2573 3726 2626 dum

2199 2655 2686 2730 cervicispOpulus
2740 2670 2794 2716 et
2850 2662 3233 2732 implacabilis,
3283 2665 3463 2733 pravis
3494 2665 3724 2719 admodum

2195 2741 2442 2806 subditus
2465 2749 2742 2823 Obsequiis
2766 2753 3052 2817 idolorum,
3093 2764 3142 2807 et
3179 2770 3304 2809 cum
3341 2755 3503 2808 multa
3531 2757 3724 2808 obstina.

2195 2844 2341 2899 tione
2371 2859 2592 2900 suorum
2620 2844 2917 2900 defendens
2965 2846 3236 2902 culturam
3263 2849 3509 2902 deorum.
3541 2849 3620 2902 tlis
3645 2848 3732 2916 ipse

2197 2949 2256 2990 se
2286 2935 2519 2990 viriliter
2544 2933 2793 3004 injiciens
2824 2947 3045 2992 sanctus
3101 2938 3419 3009 episcopus,
3445 2937 3730 3008 evangelicas

2193 3031 2248 3082 et
2295 3026 2623 3098 apostolicas
2679 3027 3050 3082 institutiones
3115 3030 3482 3100 imperterrite
3521 3029 3736 3100 ιιι-εὐίων

2195 3119 2310 3182 bat,
2351 3119 2500 3172 falsis
2555 3135 2743 3173 eorum
2790 3119 3188 3189 objectionibus
3242 3122 3732 3190 ntaguanitniterre-

505 3215 744 3270 tentibus
775 3217 1096 3286 premissam
1121 3218 1500 3273 remissionem
1538 3229 1908 3288 peccatorum,
1950 3237 2085 3290 prue-
2114 3195 2158 3255 Ο
2191 3211 2511 3280 εροηιῖεῖιίιιν
2567 3220 2624 3265 οι
2674 3211 3018 3281 imaginarius
3071 3228 3260 3267 εοτυιῐι
3317 3213 3590 3283 θὶιῖιιῖυηεε
3625 3213 3734 3266 veri-

501 3305 721 3382 d‘icabat
747 3309 1000 3363 omnibus
1026 3326 1251 3379 regnum
1285 3310 1376 3365 Dei
1402 3311 1854 3381 appropinquare,
1872 3313 2088 3382 citoqne

497 3397 758 3468 judicium
788 3400 877 3455 Dei
919 3401 1180 3456 futurum.
1214 3403 1307 3457 llis
1328 3413 1381 3458 et
1407 3404 1531 3459 aliis
1575 3405 1910 3476 multimodis
1949 3422 2092 3476 prte-

503 3488 887 3558 dicationibus,
933 3500 987 3547 et
1013 3508 1179 3548 carus
1210 3493 1320 3548 Deo
1345 3506 1484 3559 erat,
1536 3504 1589 3549 et
1628 3496 1680 3550 in
1716 3495 1912 3566 populo
1941 3512 2088 3551 ama-

499 3577 624 3631 bilis
651 3580 941 3634 admodum
972 3583 1290 3636 habebatur.

571 3667 660 3722 18.
701 3667 834 3722 Cum
859 3684 987 3739 ergo
1013 3671 1303 3732 ecclesiam
1356 3689 1517 3743 quam
1552 3673 1796 3728 Noviomi
1838 3684 2091 3730 constru-

501 3767 669 3833 xerat.
693 3759 1005 3815 felicissime
1029 3764 1448 3832 gubernat-eum
1483 3781 1612 3819 suos
1643 3782 1906 3836 quosque,
1931 3777 2090 3836 prout

503 3851 760 3915 diivimus,
793 3854 858 3907 ad
897 3866 1158 3909 aeternam
1199 3859 1694 3914 remunerationem
1719 3860 2084 3926 confortaret;

504 3940 582 4012 (6)
608 3942 666 3996 S.
691 3935 1066 3999 Eleuther-ium
1097 3945 1457 4004 'l‘ornacensis
1481 3951 1736 4006 Ecclesiae
1755 3952 2088 4022 pontificem,

502 4046 665 4100 quem
698 4033 832 4104 ipse,
862 4042 918 4087 ιιι
944 4035 1352 4105 ρτωιίιιιιγίιιιυδ
1385 4035 1436 4092 in
1467 4039 1692 4095 infantia
1727 4057 1820 4096 sua
1849 4042 2088 4098 futurum

501 4137 624 4178 esse
689 4125 1018 4192 praedixerat
1087 4127 1398 4198 episcopum
1437 4171 1452 4194 ,
1525 4130 1800 4187 hominem
1869 4136 2093 4206 contigit

500 4229 702 4271 exuere
730 4232 746 4282 ;
772 4231 836 4272 ac
862 4227 986 4286 post
1019 4217 1234 4274 felicem
1255 4222 1513 4290 pontificii
1548 4224 1628 4277 sui
1659 4224 2093 4280 administratio-

501 4322 648 4374 nem,
679 4308 746 4363 de
775 4309 1004 4363 terrenis
1038 4309 1104 4363 ad
1136 4313 1375 4366 cmlestia
1435 4315 1802 4369 coronandum
1837 4317 2092 4371 transmi-

509 4413 688 4467 grara.
758 4399 890 4454 Post
936 4401 1090 4468 cujus
1151 4401 1404 4472 lugubres
1453 4409 1741 4476 exsequias
1778 4449 1792 4474 ,
1853 4425 1973 4463 cum
2028 4411 2092 4464 de

504 4490 776 4558 pontiticis
832 4491 1097 4548 electione
1148 4495 1381 4552 invicem
1435 4497 1814 4566 dissererent,
1870 4510 2092 4570 peracto

467 4589 470 4592 ·
503 4581 754 4635 triduano
777 4581 1004 4652 jejunio,
1030 4595 1083 4640 et
1119 4588 1451 4644 solemnibus
1495 4590 1796 4645 hostiarum
1843 4591 2088 4647 victimis

501 4671 613 4726 Deo
640 4671 830 4727 devote
881 4675 1104 4742 oblatis,
1144 4679 1320 4734 subita
1376 4681 1548 4734 sancti
1582 4680 1820 4752 Spiritus
1882 4681 2091 4737 inﬂam-

503 4765 632 4818 mati
682 4765 1052 4835 inspiratione,
1113 4772 1446 4827 unanimiter
1488 4783 1736 4828 sanctum
1790 4775 1936 4830 hunc
1988 4775 2091 4830 Me-

504 4856 733 4910 dardum
761 4855 1062 4927 elegerunt,
1117 4859 1234 4927 ejus
1279 4876 1336 4916 se
1381 4863 1718 4918 orationibus
1758 4866 2090 4921 confidentes

503 4957 691 5002 contra
746 4950 978 5018 impetus
1027 4953 1346 5008 muniendos
1407 4971 1526 5010 esse
1575 4958 1933 5028 malignorum
1974 4961 2088 5029 spi-

503 5038 730 5094 rituum.
762 5041 815 5096 Id
845 5042 1046 5110 clerus,
1101 5043 1154 5097 id
1189 5044 1419 5114 pepulus
1447 5048 1821 5103 acclamabant
1849 5067 1863 5116 ;
1899 5051 1949 5105 in
1990 5053 2090 5108 ltoc

510 5142 598 5184 rex
623 5130 740 5201 ipse
763 5148 1126 5204 proceresque
1167 5135 1374 5203 palatii,
1421 5137 1692 5212 prfecipue
1742 5144 2086 5210 comprovin-

509 5222 674 5278 ciales
700 5224 962 5296 episc0pi,
1015 5227 1447 5298 consentiebant.
1481 5229 1748 5302 Legerant
1791 5235 2085 5304 siquidem,

507 5329 695 5369 vocem
724 5317 930 5387 populi,
961 5332 1150 5372 vocem
1203 5318 1374 5388 ipsam
1418 5335 1538 5377 esse
1596 5321 1929 5378 Dominicatn
1969 5342 1981 5390 ;
2033 5335 2087 5378 et

574 5595 660 5676 (5)-
698 5595 930 5676 Maxime
961 5608 1180 5676 propter
1203 5601 1495 5656 domestica
1537 5601 1697 5668 bella,
1730 5602 1923 5658 auibus
1946 5619 2087 5676 smpe

499 5663 1193 5740 immiseebautur'pagani.
1683 5663 1693 5668 ’
2011 5707 2018 5714 .

573 5736 650 5805 (6)
693 5736 750 5790 S.
780 5736 1156 5794 Eleutlteri'um
1201 5757 1269 5795 ex
1315 5741 1418 5795 bac
1468 5744 1578 5797 vita
1615 5743 1914 5802 decessisse
1944 5762 2086 5804 anno

499 5805 601 5861 551
632 5807 866 5864 diximus
893 5810 958 5865 ad
990 5810 1128 5865 illius
1151 5812 1280 5865 Acta
1301 5812 1370 5864 ‘20
1393 5811 1692 5869 Februarii.

2189 3297 2315 3356 dica
2379 3304 2770 3372 prophetarum
2833 3305 3290 3373 prwnuntiatione
3342 3305 3567 3360 viriliter
3604 3319 3737 3374 expu-

2203 3393 2424 3470 gnabat.
2461 3399 2666 3454 Aderat
2723 3399 2992 3467 siquidem
3025 3400 3074 3454 ei
3109 3399 3289 3454 divina
3327 3413 3538 3468 semper
3579 3395 3734 3465 gratia,

2196 3505 2316 3560 qum
2365 3490 2514 3545 illum
2555 3499 2610 3547 et
2664 3489 2732 3545 ab
2791 3489 3087 3545 infidelium
3136 3492 3461 3561 protegebat
3517 3489 3735 3551 incursu,

2191 3592 2244 3635 et
2272 3597 2460 3636 eorum
2509 3597 2726 3653 quoque
2787 3581 3084 3637 infidelium
3130 3583 3197 3637 ad
3251 3579 3582 3637 dul'cisonam
3609 3578 3740 3649 spiris

2197 3671 2359 3726 tualis
2411 3672 2672 3726 doctrina:
2729 3672 3126 3728 institutionem
3177 3670 3493 3726 emolliebat
3545 3669 3738 3723 auditus.

2192 3760 2393 3831 Sicque
2436 3757 2639 3814 factum
2686 3769 2770 3815 est
2823 3770 2882 3814 ut
2914 3772 3084 3830 parvo
3131 3760 3185 3814 in
3241 3770 3489 3828 tempore
3536 3757 3741 3812 innume-

2193 3852 2385 3906 rabilis
2415 3867 2603 3906 eorum
2650 3851 2940 3907 multitudo
2989 3852 3056 3906 ad
3109 3851 3268 3906 fidem
3313 3851 3744 3928 catholicamccon-

2193 3951 2540 4006 verteretur;
2588 3952 2644 3996 et
2687 3942 2796 3998 Deo
2852 3943 3290 4013 prmordinante,
3345 3958 3441 4012 per
3491 3942 3742 3996 inaestima-

2194 4034 2355 4089 bilem
2417 4035 2591 4089 sancti
2663 4033 2826 4105 bnjus
2875 4035 3150 4104 pontiticis
3205 4034 3556 4098 instantiam,
3600 4045 3745 4086 sacro-

2193 4115 2366 4182 sancti
2401 4125 2745 4197 baptismatis
2774 4126 2915 4182 unda
2956 4128 3194 4182 maxima
3241 4143 3308 4182 ex
3346 4136 3500 4199 parte
3541 4124 3744 4181 sanctiﬁ-

2193 4227 2426 4272 carotur.

2263 4310 2355 4362 20.
2389 4308 2787 4379 Comprobatnr
2833 4310 2887 4364 in
2937 4311 3036 4365 hoc
3065 4319 3254 4365 sancto
3295 4322 3516 4381 pasmre
3549 4307 3744 4364 veridica

2195 4391 2391 4455 summi
2417 4402 2659 4456 Pastoris
2691 4402 2978 4466 sententia,
3001 4417 3159 4470 quam
3187 4414 3374 4456 sancta
3408 4399 3748 4470 etevangelicz

2197 4507 2298 4547 nos
2325 4493 2514 4549 edocet
2539 4493 2767 4548 historia
2799 4511 2810 4545 :
2847 4511 2864 4542 ι
2903 4492 3089 4563 Signa,
3126 4493 3325 4562 inquit,
3369 4509 3465 4548 eos
3489 4493 3574 4564 qui
3610 4494 3655 4545 in
3681 4503 3746 4542 me

2196 4585 2442 4650 credent,
2471 4586 2588 4640 hac
2639 4593 2941 4655 sequentur
2971 4603 2985 4640 :
3018 4586 3069 4640 in
3107 4585 3329 4640 nomine
3375 4603 3493 4641 meo
3519 4581 3748 4640 dmmonia

2196 4673 2436 4743 ejicient,
2468 4675 2668 4745 tinguis
2701 4675 2990 4746 loquentur
3044 4677 3223 4740 novis,
3258 4685 3537 4745 serpentes
3569 4674 3744 4733 tollent,

2194 4769 2314 4823 etsi
2366 4767 2705 4823 mortiferum
2752 4768 2880 4838 quid
2936 4767 3197 4832 biberint,
3232 4783 3340 4823 non
3393 4769 3474 4823 eis
3521 4765 3742 4822 nocebit;

2195 4869 2358 4932 super
2396 4875 2568 4930 :egros
2616 4872 2807 4916 manus
2857 4860 3152 4936 imponent,
3212 4869 3269 4915 et
3310 4862 3447 4915 bene
3507 4859 3745 4913 habebunt

2195 4952 2391 5025 (Marc.
2420 4951 2555 5020 xvi).
2589 4970 2607 5004 ι
2647 4951 2921 5006 Dzemonia
2955 4952 3174 5020 quidem
3201 4962 3424 5008 sanctus
3467 4951 3554 5005 Dei
3576 4947 3742 5000 athleta

2193 5045 2350 5111 ejeeit
2375 5085 2388 5110 ,
2425 5057 2549 5098 cum
2582 5041 2858 5098 Creatoris
2908 5043 3197 5111 imaginem
3237 5045 3306 5098 ab
3355 5043 3601 5098 idolorum
3645 5037 3743 5092 cul-

2199 5143 2340 5199 tura,
2386 5131 2763 5205 remissionem
2817 5143 3163 5202 peccatorum
3216 5134 3576 5202 prmdicanJo,
3623 5128 3738 5180 relo.

2193 5226 2356 5280 cavit.
2395 5225 2598 5297 Lingua
2653 5240 2776 5279 eum
2830 5239 2964 5276 nova
3011 5224 3248 5278 locutum
3278 5240 3400 5278 esse
3451 5240 3548 5276 non
3577 5217 3736 5274 dimdi-

2195 5332 2335 5382 mtts,
2389 5332 2509 5371 cmn
2572 5316 2638 5370 ad
2695 5314 2812 5382 ejus
2849 5314 3312 5383 praedicationem,
3349 5329 3506 5382 quam
3549 5318 3736 5364 eatenus

2265 5604 2344 5674 (7)
2395 5605 2526 5677 AEst
2590 5605 2792 5677 σφάλμα
2851 5599 3091 5655 auctoris
3118 5638 3137 5667 ,-
3213 5601 3297 5655 vel
3367 5578 3730 5677 interpolatoris.

2190 5669 2356 5730 nam".
2389 5673 2447 5730 S.
2485 5669 2800 5728 Horniisdas
2826 5677 3071 5726 mortuus
3093 5681 3174 5726 est
3201 5688 3344 5726 anno
3370 5672 3488 5734 525,
3513 5672 3540 5721 t5
3578 5669 3730 5728 AW"

2192 5749 2286 5872 simi,
2312 5761 2420 5813 quo
2443 5745 2658 5801 colitur.
2683 5744 2836 5812 Quod
2863 5743 3003 5798 idem
3041 5741 3106 5799 de
3135 5744 3193 5798 S.
3230 5742 3466 5813 Remigio
3484 5738 3734 5795 dicendam

2191 5834 2222 5872 ν
2281 5827 2423 5872 ειμι.

3843 5729 3864 6276 ι
