3836 6320
118 332 227 391 1509

1356 320 1512 376 VITA
1558 321 1613 376 S.
1658 320 1840 377 MEDA
1854 321 1989 375 RDl.

3198 328 3339 386 1510

111 460 200 503 non
236 443 545 507 audierant,
612 439 854 496 inﬁdeles
911 439 976 492 ad
1023 437 1182 491 ﬁdem
1241 436 1499 489 transisse
1550 449 1653 488 non
1688 437 1733 491 Α
1760 432 1954 487 ciliari.
1987 432 2119 487 Cum
2148 446 2277 504 ergo
2304 434 2357 489 in
2405 434 2505 491 hac
2534 436 2697 509 regali
2749 435 3082 504 visitatione,
3124 438 3177 495 in
3207 456 3338 497 con-

108 534 376 594 nescimus.
418 530 708 599 Serpentes
737 528 1003 597 siquidem
1051 539 1177 580 eum
1204 522 1547 578 manifestum
1578 533 1659 577 est

107 625 355 696 eiecisse;
403 638 524 677 cum
582 620 978 691 praedicationis
1024 627 1225 672 sancire
1279 617 1545 679 antidoto,
1593 617 1661 671 ab

105 717 431 775 exsecrabilis
463 715 728 785 serpentis
760 712 1042 769 venenosis
1087 708 1509 765 immissionibus
1542 707 1659 760 lan-

104 809 362 878 guentium
400 808 447 863 ei
472 808 709 876 gentium
741 806 900 861 corda
949 817 1261 859 concessum
1287 809 1370 855 est
1416 814 1654 854 sanasse.

100 900 423 954 Mnrtiferum
455 898 727 953 multoties
780 898 936 961 bibit,
960 911 1150 949 verum
1181 894 1228 949 ei
1281 908 1388 946 non
1435 892 1657 956 nocuit,

99 1004 205 1043 cum
254 988 498 1057 profanis
549 972 762 1056 semper
814 1000 1123 1055 repugnans
1176 982 1656 1053 persuasionibus,

97 1095 255 1148 neque
278 1078 699 1147 diabolo,ueque
720 1078 981 1133 ministris
1002 1076 1117 1145 ejus
1143 1070 1662 1145 succ’uhuitIAEng

94 1172 217 1225 bene
245 1187 303 1226 se
329 1170 457 1226 fecit
492 1170 692 1225 habere
725 1187 739 1236 ;
783 1186 906 1225 cum
934 1185 1026 1225 eos
1068 1170 1134 1223 ad
1179 1182 1321 1223 vera:
1366 1167 1487 1221 ﬁdei
1516 1167 1663 1222 sani-

102 1269 279 1324 tatem,
313 1261 378 1313 de
424 1259 792 1315 inﬁrmissima
823 1261 1093 1315 convertit
1143 1258 1537 1315 incredulitate.
1569 1257 1660 1312 Sic

90 1350 258 1419 itaque
285 1348 353 1404 ad
398 1351 752 1405 imitationem
802 1351 997 1406 summi
1050 1350 1312 1417 Pastoris,
1360 1351 1474 1420 qui,
1523 1349 1685 1405 sicut

93 1439 153 1493 ab
186 1455 249 1494 eo
284 1440 577 1510 Evangelio
630 1442 987 1512 suscepimus,
1020 1442 1152 1498 alias
1179 1443 1386 1497 habens
1414 1457 1566 1507 oves,
1596 1443 1662 1498 de

86 1529 285 1584 duobus
312 1548 473 1584 umun
504 1533 642 1587 ovile
673 1533 798 1588 fecit
830 1533 1012 1597 (Jouu.
1049 1534 1126 1604 ι),
1168 1544 1388 1588 sanctus
1410 1532 1656 1603 pontifex

88 1618 385 1682 llledardus,
439 1619 671 1674 ferocem
727 1622 875 1676 illam
932 1621 1345 1677 Flandrcnsiutn
1402 1631 1656 1691 gentem,

86 1724 189 1762 su;e
219 1707 565 1765 Noviomensi
605 1712 858 1767 Ecclesia:
904 1713 1192 1768 associavit
1226 1730 1239 1767 :
1292 1721 1346 1768 et
1383 1727 1479 1782 per
1507 1714 1660 1783 quiu-

84 1804 249 1857 decim
280 1820 541 1859 annorum
571 1808 825 1876 spatium,
860 1807 985 1861 licet
1008 1808 1188 1877 aliquo
1234 1808 1447 1861 itineris
1489 1807 1657 1862 inter-
1692 1782 1731 1838 Β

82 1894 214 1947 vallo
244 1897 435 1950 remoti
461 1910 661 1963 essent,
716 1899 783 1953 ad
810 1899 1046 1952 divinum
1101 1915 1194 1955 eos
1232 1898 1434 1955 cultum
1488 1898 1658 1953 infor-

80 2002 226 2041 mare
286 1988 650 2044 indesinenter
720 1991 1040 2046 elaboravit.
1100 1992 1424 2060 Quindecim
1498 1992 1654 2046 annis

78 2079 424 2135 commissam
475 2082 576 2137 sibi
612 2083 868 2137 divinitus
922 2084 1119 2138 insedit
1167 2084 1483 2139 cathedram
1523 2101 1535 2112 ·
1591 2098 1657 2138 eo

75 2171 124 2222 in
154 2180 415 2242 tempore.
465 2190 569 2228 non
625 2176 742 2229 sine
773 2176 946 2230 multo
978 2177 1183 2241 labore,
1242 2176 1551 2232 incredulos
1604 2185 1655 2231 et

70 2263 322 2319 inﬁdeles
346 2265 410 2319 ad
443 2267 601 2321 ﬁdem
632 2268 884 2323 educavit
913 2270 1236 2325 catholicam
1272 2288 1282 2323 :
1316 2270 1657 2326 re'ediﬁcatis

65 2355 341 2419 ecclesiis,
374 2372 465 2412 eos
489 2358 578 2426 qui
607 2357 715 2413 Deo
739 2359 868 2414 inibi
894 2364 1186 2427 servirent,
1214 2378 1317 2416 non
1348 2362 1465 2417 sine
1490 2377 1657 2417 sacrm

63 2461 265 2499 manus
296 2448 639 2516 impositione
683 2449 938 2506 decenter
973 2453 1303 2507 aonsecravil
1356 2468 1368 2516 ;
1423 2461 1477 2507 et
1502 2452 1656 2521 quid-

59 2537 198 2605 quid
237 2538 349 2590 Deo
412 2536 664 2607 placitum
691 2551 938 2605 noverat,
987 2541 1379 2597 incessabiliter
1421 2550 1470 2597 et
1507 2542 1660 2597 inex-

57 2629 346 2697 cogitabili
376 2630 661 2688 devotione
689 2633 962 2689 ordinavit
989 2633 1089 2703 (8).
1206 2626 1213 2661 Τ

129 2722 226 2774 2L
276 2719 449 2788 llnjus
491 2739 619 2793 ergo
664 2726 920 2794 temporis
957 2735 1232 2780 transacto
1290 2726 1484 2795 Spatio,
1530 2740 1656 2781 san-

60 2820 216 2863 ctum
278 2810 375 2863 Dei
438 2815 745 2879 pontificem
800 2816 1120 2884 gravissima
1153 2816 1381 2885 contigit
1429 2817 1657 2885 deprimi

53 2899 323 2967 corporis
376 2899 726 2969 inﬁrmitate,
781 2911 835 2955 et
895 2903 1253 2957 invalesccnte
1283 2906 1490 2968 morbo,
1541 2920 1661 2958 cor-

54 3003 263 3057 poreos
298 3003 416 3055 eius
445 3006 637 3045 sensus
672 2992 737 3045 de
767 2993 855 3047 die
912 2993 963 3047 in
1012 2993 1154 3048 diem
1210 2993 1466 3063 paulatim
1522 2995 1655 3049 defi-

52 3095 202 3134 cere.
237 3079 473 3134 Jacebat
522 3082 739 3149 quidem
786 3080 969 3137 Sancti
998 3097 1193 3152 corpus
1220 3084 1363 3137 omni
1392 3097 1527 3154 pene
1561 3098 1655 3137 sua

52 3170 234 3237 ipsius
283 3171 488 3225 virtute
539 3174 857 3227 destitutum
931 3191 945 3238 ;
998 3174 1222 3244 spiritus
1271 3183 1491 3239 autem,
1531 3176 1656 3244 quia

47 3276 279 3330 semper
301 3261 1037 3330 Christumdesideraverat,
1095 3266 1241 3320 omni
1295 3267 1417 3320 nisu
1474 3267 1657 3336 suspi-

48 3354 309 3407 rabatad
341 3370 468 3407 eum
504 3372 518 3419 ;
565 3354 765 3409 fessum
808 3371 1005 3425 corpus
1049 3359 1114 3411 ad
1166 3373 1317 3411 suam
1369 3360 1658 3414 anhelabat

46 3446 386 3508 materiem,
449 3446 628 3499 anima
679 3461 813 3501 vero
865 3447 930 3501 ad
963 3462 1081 3501 cam
1130 3448 1270 3502 unde
1319 3459 1660 3516 processerat

42 3538 318 3592 tendebat
378 3538 782 3593 litereditalem.
835 3539 1189 3595 Confluebant
1236 3541 1495 3610 undique,
1518 3536 1659 3609 quos

38 3628 159 3696 ipse
202 3628 492 3699 regendos
522 3640 861 3698 susceperat,
890 3631 955 3685 ad
993 3632 1228 3701 pastoris
1260 3631 1432 3685 sancti
1478 3632 1657 3700 plora-

36 3718 294 3771 bundam
353 3717 730 3773 visitationem
794 3738 805 3772 :
858 3719 1202 3775 confluebant
1256 3721 1489 3789 undique
1540 3721 1655 3786 lilii,

33 3819 345 3877 paternam
391 3809 496 3863 sibi
551 3809 794 3880 lugentes
845 3811 1006 3865 adimi
1060 3812 1508 3867 consolationem.
1552 3813 1655 3868 Ve-

34 3914 185 3965 rum,
236 3899 380 3951 licet
422 3912 620 3967 corpus
646 3907 700 3953 et
731 3914 923 3954 sensus
953 3900 1071 3970 eius
1121 3916 1414 3971 corporeos
1470 3903 1654 3972 gravis

29 3989 121 4043 illa
161 3989 381 4044 mortis
433 3999 754 4059 occupasset
796 3992 1071 4058 instantia,
1122 4009 1227 4048 non
1260 4004 1487 4049 tamena
1521 4011 1657 4064 pra:-

27 4084 349 4138 dicationis
382 4081 566 4138 officio
613 4086 970 4139 sanctissimae
1016 4087 1185 4156 ipsius
1241 4087 1437 4157 linguze
1484 4100 1687 4142 retar-'

25 4173 283 4228 dabatur
374 4173 658 4227 facundia.
727 4176 893 4229 Deum
949 4178 1115 4231 corde
1177 4179 1485 4247 suspirabat
1527 4221 1540 4241 ,
1600 4189 1657 4234 et

19 4280 120 4319 ore
175 4265 486 4320 fatebatur
532 4281 545 4317 :
590 4265 755 4318 Deum
808 4266 1145 4320 incessanter
1198 4267 1557 4336 praedicabat,
1600 4279 1654 4322 et

18 4357 93 4411 ad
149 4358 339 4412 ﬁdem
395 4356 753 4421 catholicam,
804 4372 974 4424 usque
1012 4358 1079 4412 ad
1121 4359 1294 4426 ipsum
1327 4360 1516 4412 mortis
1545 4375 1654 4413 suae

1765 520 2207 591 spectuejusdem
2237 532 2287 576 et
2317 524 2641 594 principum,
2671 526 2736 581 de
2764 527 3043 597 sepultura
3066 530 3341 599 pontiﬁcis

1766 623 1827 666 tr.
1848 621 2107 676 ctarctur,
2136 627 2354 667 suorum
2380 629 2602 670 assensu
2635 615 2867 671 ﬁliorum
2917 632 3011 672 sua
3037 633 3096 673 se
3127 619 3180 673 in
3211 620 3341 675 sede

1764 713 1982 757 sanctus
2008 703 2120 771 ipse
2156 704 2543 772 przeordiuavit
2574 706 2961 776 sepeliendum.
3003 707 3169 777 Cujus
3212 725 3338 765 seu-

1766 794 1950 847 tentiae
2004 794 2280 849 obstinato
2330 796 2512 850 animo
2565 812 2659 851 rex
2702 799 2983 863 resistens,
3032 799 3342 855 Suessionis

1763 898 1884 938 eum
1908 885 2194 938 constituit
2240 883 2673 939 transferendum
2703 927 2718 953 ,
2773 902 3024 943 asserens
3076 903 3136 943 se
3179 903 3342 958 super

1764 990 1961 1043 corpus
2008 975 2125 1044 eius
2172 976 2454 1033 basilicam
2509 978 2765 1033 decenter
2802 980 3194 1035 tediﬁcaturum
3222 1020 3237 1045 ,
3286 988 3343 1035 et

1764 1067 1831 1120 ad
1863 1066 2071 1121 Iaudem
2101 1076 2156 1122 et
2178 1067 2403 1138 gloriam
2430 1069 2624 1124 divinae
2649 1069 2948 1139 maiestatis
2975 1072 3335 1128 emnobialem

1765 1174 2042 1213 servorum
2098 1159 2190 1215 Dei
2226 1161 2462 1232 regulam
2513 1163 2917 1218 ordinaturum.
2947 1165 3124 1221 Cessit
3175 1168 3341 1237 igitur

1763 1249 2107 1305 beatissimus
2128 1252 2365 1320 pontifex
2391 1253 2557 1323 regite
2580 1254 2943 1324 dispositioni,
2987 1265 3040 1311 et
3074 1256 3344 1312 indefesse

1764 1357 1823 1396 se
1854 1355 2088 1411 suosque
2145 1343 2374 1397 Domino
2423 1346 2829 1412 commendans,
2889 1346 3039 1400 ﬁnita
3096 1346 3343 1401 oratione

1764 1433 2012 1502 spiritum
2051 1434 2343 1488 exhalavit.
2396 1432 2440 1488 0
2488 1434 2613 1489 felix
2664 1451 2880 1506 corpus,
2937 1435 3345 1506 felicioremquc

1765 1527 1999 1580 animam
2027 1527 2039 1579 !
2069 1526 2213 1591 Mox,
2244 1542 2430 1580 eorum
2468 1528 2777 1582 certissimo
2815 1528 2905 1598 qui
2929 1529 3156 1583 aderant
3186 1528 3341 1583 testi.
3370 1568 3371 1571 η

1765 1616 2118 1684 ιῐιοηὶο,εω1ἱ
2174 1617 2345 1687 aperti
2377 1628 2536 1681 sunt,
2586 1619 2842 1672 etdivina
2892 1616 3347 1683 luminaria,fere

1766 1725 1864 1779 per
1902 1710 2129 1764 duarum
2182 1711 2440 1764 horarum
2480 1712 2737 1780 spatium,
2770 1720 2896 1766 ante
2946 1710 3132 1765 Sancti
3172 1702 3347 1779 appa-

1766 1817 1921 1856 ruere
1951 1803 2316 1871 praesentiam,
2371 1804 2436 1857 de
2476 1804 2711 1858 tenebris
2764 1818 2888 1858 eum
2920 1804 3248 1859 transitoriis
3275 1803 3344 1856 ad

1766 1895 1942 1949 lucem
1966 1894 2303 1963 designantia
2360 1910 2458 1963 pro
2483 1905 2633 1951 certo
2690 1897 2949 1951 transisse
3005 1905 3344 1965 perpetuam.

1768 1986 1880 2041 Iloc
1938 1995 2089 2041 tanto
2136 1987 2433 2041 beatissimi
2490 1987 2738 2055 praesulis
2788 1987 3011 2041 animati
3062 1985 3346 2053 miraculo,

1767 2075 1957 2145 majori
1986 2084 2037 2129 ut
2086 2089 2209 2129 eum
2238 2076 2596 2131 transferrent
2628 2078 2843 2131 accensi
2886 2086 3011 2132 sunt
3053 2076 3340 2131 desiderio.

1764 2165 2006 2235 Corpore
2068 2166 2253 2235 itaque
2312 2175 2502 2222 sancto
2563 2169 2867 2238 composito
2926 2184 2991 2223 ac
3046 2168 3223 2224 delato
3276 2170 3348 2223 ad
3402 2164 3409 2173 ⁸

1765 2251 2073 2314 ecclesiam,
2103 2261 2260 2305 nocte
2292 2252 2378 2306 illa
2409 2253 2779 2322 exsequialem
2834 2269 2958 2309 cum
2991 2254 3155 2308 multa
3180 2255 3365 2309 devor

1769 2340 1911 2394 tione
1936 2340 2281 2396 celebrarunt
2304 2343 2539 2413 vigiliam
2570 2344 2669 2415 (9).

1786 2450 1789 2455 ’
2220 2488 2223 2491 ι
2395 2458 2621 2515 CAPUT
2662 2459 2750 2515 IV.

1766 2545 1965 2615 Corpus
2038 2547 2369 2603 Suessiouem
2442 2558 2781 2604 translatum.

1782 2652 1783 2655 η
2439 2631 2671 2689 patrata.

1838 2713 1932 2767 25.
1982 2711 2136 2765 Mane
2186 2725 2315 2766 vero
2370 2710 2545 2778 facto,
2570 2726 2692 2765 cum
2738 2710 2994 2781 episcopi,
3033 2711 3229 2781 quibus
3258 2713 3343 2766 iu-

1767 2815 1973 2862 teresse
2029 2805 2385 2873 contigerat,
2441 2818 2596 2858 suum
2658 2803 2913 2859 defuncto
2977 2804 3355 2860 celebrassent.

1766 2899 2021 2963 officium,
2055 2896 2401 2966 inopinabilis
2423 2896 2709 2951 multitudo
2745 2898 2998 2951 convenit
3040 2897 3297 2952 nobilium
3325 2915 3340 2950 :

1764 3004 1830 3046 ex
1854 2989 2092 3045 castellis
2125 2995 2181 3041 et
2230 2971 2567 3053 civitatibus,
2629 2989 2695 3043 de
2740 2989 2887 3059 agris
2940 2997 2996 3042 et
3033 2988 3345 3057 municipiis

1767 3080 2138 3151 adiacentibus
2163 3079 2558 3135 inaestimabilis
2607 3081 2852 3136 accurrit
2895 3090 3213 3147 conventus,
3245 3080 3340 3135 alii

1762 3173 1879 3242 eius
1926 3176 2118 3228 devote
2163 3173 2539 3228 desiderantes
2592 3173 2861 3229 interesse
2909 3174 3203 3243 obsequiis,
3247 3174 3340 3228 alii

1760 3263 2051 3320 admodum
2100 3264 2349 3334 lugentes
2402 3274 2613 3334 patrem
2659 3264 2905 3335 separari
2952 3280 2984 3319 a
3054 3265 3201 3321 ﬁliis.
3241 3264 3353 3321 Per-

1759 3359 1966 3413 medias
2017 3373 2147 3429 ergo
2191 3357 2521 3427 plorantium
2575 3357 2845 3427 lacrymas
2891 3372 2988 3412 rex
3038 3357 3351 3427 irrumpens

1762 3465 1883 3504 cum
1913 3449 2184 3519 episcopis
2231 3458 2285 3503 et
2323 3449 2695 3518 Optimatibus,
2748 3449 2862 3504 suis
2906 3450 3076 3519 ipsius
3105 3450 3349 3506 humeris

1765 3555 1968 3609 corpus
2046 3542 2266 3594 sustulit
2323 3539 2724 3593 sanctissimum
2801 3538 3157 3605 Suessiouis,
3203 3540 3350 3594 sicut

1758 3631 2133 3698 praedixerat,
2190 3627 2385 3683 efferre
2452 3628 2637 3681 volens
2696 3628 2762 3681 ad
2820 3627 3209 3697 sepeliendum.
3265 3628 3347 3682 Ea

1757 3721 2013 3775 nimirum
2043 3732 2199 3785 nora,
2229 3718 2426 3788 quibus
2450 3718 2712 3773 interesse
2734 3719 2984 3789 contigit,
3015 3717 3339 3774 ineffabilem

1758 3811 1991 3881 lugentis
2015 3809 2193 3880 populi
2224 3823 2494 3877 expavere
2524 3810 2807 3879 gemitum,
2855 3808 2981 3864 dum
3038 3824 3143 3865 non
3174 3811 3339 3865 modo

1759 3904 1847 3958 illa
1882 3905 1934 3957 in
1971 3904 2226 3968 ecclesia,
2265 3904 2359 3958 sed
2409 3912 2467 3959 et
2495 3918 2593 3974 per
2640 3913 2805 3957 totam
2867 3902 3145 3958 civitatem
3192 3911 3249 3958 et
3287 3903 3347 3959 in

1759 3995 2044 4059 suburbio,
2097 4010 2195 4064 per
2244 3996 2393 4050 vicos
2428 4009 2646 4065 quoque
2694 4003 2749 4048 et
2795 3994 3027 4063 plateas,
3079 4009 3240 4049 unam
3289 4002 3349 4050 et

1757 4085 2005 4139 eamdem
2054 4099 2243 4139 vocem
2304 4084 2557 4138 audirent
2616 4082 2967 4152 plorantium.
3013 4081 3350 4137 Recolebant

1758 4175 2027 4244 siquidem
2080 4174 2232 4229 urbis
2279 4174 2427 4228 illius
2464 4174 2731 4243 indigente
2767 4172 2949 4227 Patris
2987 4173 3340 4239 sanctissimi,

2866 2549 3022 2604 Varia
3086 2550 3343 2604 miracula

1757 4284 1860 4337 qua
1885 4278 2112 4321 eotenus
2142 4267 2417 4321 informati
2454 4265 2693 4331 fuerant,
2721 4266 3164 4336 benignissimam
3196 4282 3343 4336 prze-
3426 4268 3431 4271 ’

1757 4361 2084 4415 ειζειίιίοηριιι
2118 4378 2132 4425 ;
2159 4360 2412 4414 dolebant
2442 4373 2571 4413 vero
2599 4368 2655 4413 et
2682 4360 3034 4413 vehementer
3054 4359 3332 4428 angeban-

14 4459 421 4511 momentum,
455 4461 807 4517 quoscunque
835 4457 1053 4518 poterat
1081 4449 1351 4504 instanter
1393 4452 1651 4507 cxborta-
1686 4480 1730 4535 Β
1760 4462 1868 4518 tur,
1923 4454 2048 4521 quia
2099 4467 2223 4507 cum
2277 4452 2497 4507 Patrem
2552 4454 2883 4519 amisissent,
2947 4451 3122 4507 Patris
3171 4452 3339 4507 etiam

11 4539 209 4592 batur.

81 4632 183 4685 22.
235 4632 393 4686 Cum
444 4638 627 4682 autem
680 4629 868 4684 beatus
919 4630 1006 4684 hie
1057 4630 1294 4699 pontifex
1357 4634 1482 4686 vitze
1528 4650 1642 4702 pro-

4 4727 331 4794 pinquaret
364 4723 451 4775 ad
497 4722 725 4787 exitum,
755 4722 978 4792 contigit
1002 4720 1385 4777 Chlotharium
1436 4740 1645 4796 regem,

2 4826 330 4884 postquam
358 4813 658 4867 Cbrauum
696 4812 861 4865 ﬁlium
892 4828 1046 4866 suum
1073 4828 1197 4867 cum
1226 4830 1395 4870 uxore
1450 4831 1545 4869 sua
1582 4833 1648 4872 ac

2 4909 237 4962 ﬁliabus
264 4907 693 4969 combusserat,
718 4920 747 4958 a
781 4906 997 4976 regione
1019 4909 1213 4963 reverti
1237 4907 1643 4967 Britannorum.

0 4998 253 5069 Cognita
290 5011 444 5052 vero
499 4993 656 5063 huius
702 4997 1016 5053 valetudine
1074 5000 1368 5069 pontiﬁcis,
1419 5003 1484 5055 ad
1521 5018 1643 5057 eum

0 5093 319 5146 visendum
362 5090 659 5143 humiliter
689 5090 963 5146 festinavit
994 5134 1007 5157 ,
1038 5095 1154 5163 eius
1184 5109 1242 5149 se
1265 5112 1367 5150 non
1390 5095 1643 5153 difﬁdens

0 5195 208 5238 contra
243 5181 581 5237 diabolicas
628 5181 999 5239 infestationes
1024 5187 1394 5242 benedictione
1423 5190 1641 5253 muniri,

0 5286 49 5329 et
106 5274 563 5330 intercessione
610 5275 747 5342 apud
780 5275 1017 5329 divinam
1063 5277 1403 5347 maiestatem
1454 5297 1643 5336 recon-

64 5477 154 5546 (8,
203 5475 267 5529 In
301 5473 465 5546 VitaA
506 5469 677 5546 altera
714 5471 809 5546 ait,
848 5489 866 5521 ι
897 5470 1036 5546 a_S.
1071 5472 1323 5528 Medardo
1374 5475 1412 5529 S
1466 5475 1643 5531 Rade-

0 5540 165 5617 ςιιίιῶ
233 5542 622 5617 impositttur
655 5540 818 5617 fuisse
848 5543 1046 5617 velum
1079 5583 1093 5608 ,
1144 5558 1371 5612 eamque
1439 5540 1662 5601 sancta!

0 5610 392 5672 irtifcssioriis
458 5610 721 5680 primitiis
788 5613 1054 5666 initiatam
1090 5653 1104 5678 ,
1154 5624 1208 5668 et
1262 5610 1485 5684 (iureque
1552 5632 1638 5671 se-

0 5690 219 5755 iuenda
277 5686 520 5755 fore-nt,
553 5697 794 5755 ﬂuitque
831 5684 1104 5748 evitanda,
1133 5686 1400 5739 edoctam.
1444 5706 1461 5737 ι
1505 5686 1636 5753 Quae

2 5750 267 5814 alterum
324 5754 403 5809 ad
465 5750 633 5818 huius
683 5750 853 5805 Vitam
913 5755 976 5808 15
1033 5756 1260 5823 Augusti
1327 5750 1638 5813 accuratius

1706 4590 1709 4593 .
1756 4544 2052 4613 sepultura,
2097 4545 2239 4614 regis
2263 4554 2315 4599 et
2341 4559 2632 4613 procerum
2676 4543 2955 4610 violentia,
3000 4542 3341 4599 frustraban-

1757 4647 1861 4690 tur.
1919 4638 2401 4709 Compatiebantur
2448 4638 2542 4709 qui
2587 4649 3013 4709 supervenerant
3038 4640 3104 4695 ad
3133 4648 3339 4695 tantam

1753 4729 1926 4798 plebis
1978 4731 2123 4786 illius
2153 4740 2538 4801 compunctum
2594 4732 3103 4803 illacrymationem,
3147 4749 3338 4789 verum

1753 4823 1879 4891 quia
1907 4824 2054 4893 regia
2086 4826 2313 4893 urgebat
2336 4825 2591 4895 dignitas,
2636 4825 2702 4880 ad
2735 4826 3066 4881 sanctissimi
3094 4828 3344 4896 corporis

1754 4913 1961 4967 intente
1992 4916 2321 4970 insudabant
2356 4917 2786 4970 translationem.
2820 4915 2918 4969 Vix
2949 4930 3078 4985 ergo
3123 4925 3178 4969 et
3228 4932 3336 4971 nou

1750 5006 1866 5058 sine
1894 5005 2060 5059 multo
2084 5005 2294 5071 labore,
2341 5017 2493 5075 patre
2521 5008 2875 5063 maerentibus
2928 5017 2983 5061 et
3023 5008 3338 5081 lugentibus

1753 5094 1879 5149 ﬁliis
1905 5106 2117 5167 erepto,
2147 5098 2290 5153 sicut
2340 5113 2370 5153 a
2426 5099 2571 5170 Rege
2618 5109 2960 5168 acceperant,
2990 5100 3095 5154 iter
3142 5116 3333 5173 aggre-

1749 5186 1988 5241 diuntur.

1818 5279 1909 5333 ‘24.
1952 5279 2120 5349 Huius
2152 5284 2337 5337 audita
2372 5283 2724 5338 translatione
2765 5274 3337 5339 sanctissimiconles-

1748 5502 2070 5541 CXMTIIIIM'I.

1754 5602 1759 5607 .
1821 5560 1897 5628 (9)
1940 5559 2138 5613 Ibidem
2164 5576 2183 5628 7:
2238 5577 2255 5609 ι
2295 5556 2521 5612 Funalia
2568 5556 2861 5628 vincebant
2916 5560 3173 5628 tenebras
3218 5568 3330 5628 prae

1748 5625 2115 5684 immensitate
2160 5627 2399 5692 luminis,
2448 5629 2733 5696 omnisque
2756 5626 2843 5680 illa
2891 5627 3110 5681 basilica
3146 5625 3333 5681 multis

1750 5713 2029 5754 cercorum
2063 5700 2323 5756 adornata
2355 5699 2591 5755 lucernis
2623 5696 3027 5767 resplendebar.
3052 5710 3072 5732 ι
