3902 6316
525 354 656 409 1511

1628 343 1922 400 RADIBODl
1968 342 2431 399 NOVlOMENSIS
2456 343 2763 400 EPISCOPI
3630 352 3719 410 15ἰῖ

522 468 682 531 seris,
726 474 781 521 ct
832 481 940 522 non
987 464 1283 534 desperans
1321 461 1390 516 de
1441 461 1572 515 tanti
1624 459 1908 514 clementia
1942 460 2112 513 inter-
2142 465 2185 520 Α
2219 455 2381 518 libus,
2408 468 2593 525 regem
2625 468 2823 522 corpus
2847 465 3091 510 sanctum
3121 466 3442 513 reverenter
3465 461 3724 522 transtulisse

523 563 777 623 ce~soris,
831 560 973 613 inter
1014 556 1347 628 portantium
1377 569 1600 617 cuneos,
1659 567 1836 608 aecus
1887 554 2105 621 quidam

523 653 723 707 feretro
747 668 805 707 se
833 650 1134 706 humillime
1164 646 1445 711 submisit;
1463 655 1516 700 et
1538 636 1784 715 protinus
1811 645 2104 700 secundum

524 746 682 799 fidem
711 757 889 803 suam.
922 741 1052 810 quia
1113 740 1249 794 bene
1280 747 1616 807 speraverat,
1654 751 1750 805 per
1777 735 1835 790 S.
1868 734 2103 790 Mcdardi

522 839 794 900 meritum,
834 836 1007 888 visum
1025 829 1278 903 gratuito
1316 832 1407 885 Dei
1441 846 1665 885 munere
1703 830 1926 899 recepit.
1965 830 2104 896 Quid

521 928 723 997 plura’?
755 927 857 993 Qui
890 927 1038 996 prius
1071 926 1124 978 in
1175 923 1396 978 civitate
1441 931 1643 976 tantam
1699 921 1986 975 audierant
2016 923 2107 976 de-

519 1022 787 1073 votionem
820 1019 1139 1089 lugentium,
1200 1028 1253 1073 et
1299 1025 1427 1069 tunc
1481 1027 1643 1081 super
1684 1013 1790 1066 hac
1822 1012 1950 1066 οωςὶ
1986 1012 2106 1063 illit-

519 1110 833 1172 minatione,
863 1117 1071 1162 tantum
1100 1108 1189 1161 Dei
1252 1115 1306 1159 et
1362 1104 1534 1160 sancti
1582 1103 1860 1158 Pontilicis
1893 1103 2101 1171 perspi—

517 1200 735 1254 ciebant
757 1199 1100 1262 miraculum,
1128 1197 1283 1250 ulnas
1333 1195 1691 1248 libentissime
1727 1204 1929 1247 sancta:
1960 1193 2103 1247 illius

516 1292 783 1345 evectioni
837 1299 1166 1360 supponunt.
1219 1288 1409 1358 Magna
1450 1300 1506 1341 se
1554 1286 1728 1341 credit
1757 1286 1984 1339 ditatum
2016 1300 2102 1339 re-

516 1386 910 1447 muneratione,
934 1384 1018 1439 cui
1052 1384 1153 1438 etsi
1182 1397 1286 1436 nou
1328 1390 1564 1452 gestare,
1597 1379 1787 1435 saltem
1812 1381 1939 1434 illud
1979 1398 2101 1435 san—

516 1477 589 1532 cti
630 1475 887 1531 feretrum
918 1473 1299 1545 quoquomodo
1320 1474 1472 1529 licuit
1506 1481 1822 1526 attrectare.
1851 1471 2100 1542 Episc0pi

515 1578 572 1624 et
599 1569 891 1638 Optimates
953 1569 1018 1622 ad
1067 1568 1117 1623 id
1175 1583 1233 1623 se
1288 1566 1449 1624 ollicii
1505 1564 1753 1622 hilariter
1806 1569 2102 1621 cohortan-

517 1671 645 1729 tur,
697 1671 752 1716 et
803 1678 940 1717 onus
986 1662 1113 1716 illud
1177 1662 1293 1718 leve
1348 1665 1667 1728 sentientes,
1710 1678 1775 1715 ex
1831 1669 2103 1731 prmeepto

516 1756 660 1825 regis
724 1757 863 1825 apud
918 1755 1250 1825 Attipiacum
1311 1756 1514 1821 villam,
1580 1754 1801 1809 ﬂuvium
1856 1754 2103 1808 Ax0natn

2211 563 2273 601 ex
2308 563 2446 602 verte
2472 548 2775 602 devotionis
2800 548 2999 601 studio.

2278 640 2374 695 27.
2413 639 2529 694 Rex
2560 640 2788 695 nimium
2822 642 3083 696 attonitus
3114 641 3180 696 ad
3223 641 3410 697 Sancti
3436 642 3635 699 loculum
3653 664 3725 707 non

2210 732 2330 785 sine
2385 732 2550 786 multa
2601 732 2890 788 devotione
2932 734 3389 804 appropinquavit
3423 777 3437 800 ,
3480 745 3529 789 et
3565 739 3725 798 solemni

2211 822 2349 877 facta
2381 824 2668 879 traditione
2697 826 2839 880 villa:
2889 825 3030 879 illius
3070 825 3267 896 regalis
3313 826 3573 891 Croviaci,
3598 831 3725 902 inqua

2211 914 2446 970 Sanctus
2496 918 2609 987 ipse
2638 917 2982 987 sepeliendus
3028 926 3167 982 erat,
3221 918 3558 972 medietatem
3586 921 3726 981 Sancta

2210 1010 2382 1062 cilem
2442 1011 2751 1079 perenniter
2778 1010 3103 1075 habendam,
3138 1009 3298 1080 sigilli
3352 1010 3514 1081 regali
3558 1013 3747 1083 impres-t

2209 1103 2360 1156 sione
2409 1102 2795 1170 confirmavit"
2828 1101 3065 1171 Contigit
3108 1102 3250 1155 illico
3298 1117 3387 1155 res
3438 1103 3659 1157 mirabilis
3691 1119 3726 1161 et

2209 1193 2550 1248 laudabiliter
2581 1196 2881 1249 recitanda.
2940 1194 3059 1248 Mox
3109 1197 3252 1249 enim
3309 1193 3455 1247 ulnis
3504 1198 3727 1265 suppositis

2206 1299 2344 1338 onus
2369 1284 2494 1339 illud
2544 1286 2973 1353 sanctissimum,
3028 1296 3188 1355 parte
3232 1287 3456 1357 quidem
3507 1304 3567 1341 es
3608 1288 3727 1343 altera

2206 1378 2322 1428 sine
2370 1374 2473 1429 ulla
2525 1374 2842 1431 diﬂicullate
2898 1378 3183 1432 sublevare
3240 1389 3536 1447 potuerunt
3571 1396 3584 1442 ;
3621 1391 3727 1448 parte

2206 1482 2336 1520 vero
2367 1482 2431 1518 cx
2471 1466 2637 1520 altera
2686 1468 3019 1522 incredibilis
3045 1471 3326 1538 ponderis,
3355 1479 3411 1522 et
3441 1471 3624 1539 penitus
3662 1474 3728 1526 im-

2207 1559 2403 1613 mobile
2434 1569 2843 1629 perseuserunt.
2874 1560 2956 1613 Ad
2982 1561 3095 1614 hac
3122 1577 3217 1613 rex
3243 1562 3488 1628 jucnudo
3516 1563 3626 1615 satis
3648 1565 3729 1616 vul-

2209 1662 2286 1718 tu,
2347 1660 2554 1706 tantam
2616 1653 2709 1707 Dei
2765 1662 3073 1707 retractans
3118 1654 3407 1722 gratiam,
3450 1669 3594 1722 quam
3614 1656 3728 1710 titius

2204 1747 2379 1816 potuit
2409 1747 2476 1801 ad
2501 1747 2835 1801 confessoris
2886 1746 3219 1801 sanctissimi
3278 1747 3587 1809 dominium,
3625 1747 3727 1803 illam

518 1849 737 1919 navigio
812 1848 1307 1918 transgrediuntur.
1376 1847 1727 1901 Postmodum
1807 1861 1937 1900 vero
1996 1848 2100 1900 iter
2133 1829 2173 1886 Β
2202 1856 2364 1910 quam
2396 1840 2500 1896 sibi
2534 1840 2838 1895 retinuerat
2885 1840 3050 1910 jussit
3104 1839 3395 1908 resigillsri
3447 1850 3629 1909 partem
3669 1856 3726 1895 re-

515 1940 816 2008 dirigentes
867 1948 1057 1992 contra
1106 1937 1351 2009 ejusdem
1404 1937 1640 1991 ﬂuminis
1691 1936 1914 1998 undam,
1963 1936 2100 1990 sicut

518 2043 610 2082 rex
643 2029 1136 2097 prmordinaverat,
1176 2028 1281 2082 iter
1304 2029 1371 2083 ad
1400 2027 1586 2082 urbem
1615 2027 1837 2082 ﬂectunt
1860 2026 2104 2081 Suessio-

476 2106 485 2115 ’
514 2118 712 2176 nicam.
952 2132 957 2137 ί

582 2209 674 2264 25.
739 2209 831 2283 Dei
881 2218 934 2263 et
982 2209 1151 2265 sancti
1206 2210 1477 2278 pontilicis
1537 2209 1712 2279 gratia
1755 2207 2105 2261 Bandaredus

517 2301 927 2358 Suessionensis
972 2303 1287 2372 episc0pus,
1342 2318 1466 2357 cum
1518 2305 1696 2359 debita
1756 2304 2107 2371 processione

517 2406 835 2452 reverenter
862 2398 1126 2461 occurrit,
1173 2412 1238 2451 ac
1264 2398 1670 2453 sanctissimum
1716 2411 1913 2464 corpus
1947 2403 2106 2465 prout

517 2489 745 2544 decebat
773 2489 1070 2544 honorifice
1101 2488 1361 2559 suscepit.
1391 2489 1483 2544 Sic
1512 2489 1825 2545 solemniter
1858 2487 1983 2540 felix
2015 2486 2102 2540 illa

519 2580 993 2636 Suessionensium
1048 2580 1249 2635 civitas
1290 2589 1538 2635 sanctum
1580 2581 1672 2635 Dei
1702 2579 1943 2649 suscepit
1972 2593 2106 2633 con-

517 2673 803 2737 fessorem,
833 2673 1138 2741 amplexata
1172 2682 1256 2727 est
1303 2672 1498 2727 festive
1547 2683 1860 2743 patronum,
1911 2672 2104 2725 amodo

516 2766 795 2835 proprium
847 2766 1038 2835 patria:
1097 2767 1345 2820 habitura
1403 2764 1764 2820 defensorem.
1816 2763 1963 2819 Inter
2006 2764 2106 2819 hos

514 2856 927 2924 properantium
976 2870 1180 2910 cuneos
1217 2856 1436 2925 quidam
1489 2870 1547 2910 se
1604 2854 1848 2922 ingessit,
1890 2853 2103 2907 aurium

517 2947 719 3001 diutius
743 2947 1034 3001 frustratus
1064 2946 1280 3012 cilicio;
1312 2945 1401 3015 qui
1432 2960 1556 2999 mox
1602 2954 1663 2998 ut
1715 2945 1956 3015 peplum,
1995 2959 2107 3014 quo

515 3054 731 3094 sacrum
761 3039 1048 3109 tegebatur
1067 3048 1288 3109 corpus,
1332 3037 1628 3092 osculando
1678 3037 1870 3091 devote
1903 3037 2102 3105 attigit,

514 3131 746 3185 fraudati
777 3146 969 3185 sensus
999 3146 1153 3184 usum
1214 3130 1359 3183 illico
1396 3130 1568 3183 sancti
1629 3129 1906 3197 pontificis
1934 3129 2104 3182 inter-

2206 1932 2439 1986 siduam.
2479 1930 2589 1986 Nec
2642 1947 2791 1986 mora
2821 1950 2833 1985 :
2860 1933 2971 2004 |Dei
3020 1931 3197 2002 gratia
3235 1941 3486 1985 sanctum
3516 1946 3619 1985 mox
3648 1946 3730 1985 stis-

2208 2026 2381 2079 tulere
2444 2026 2578 2079 adco
2623 2026 2936 2095 levigatam,
2991 2034 3049 2079 ut
3095 2023 3239 2094 quod
3276 2036 3504 2079 eotenus
3543 2024 3731 2094 despera-

2208 2127 2420 2178 verant.
2465 2118 2582 2171 sine
2616 2118 2725 2170 ulla
2782 2116 3099 2172 diﬂicultate
3127 2132 3157 2169 a
3188 2117 3379 2186 paucis
3425 2116 3734 2185 deportaretur

2206 2211 2271 2262 ad
2303 2210 2627 2279 sepulcmm.

2276 2302 2366 2356 9.8.
2408 2301 2656 2356 Defertur
2697 2302 2861 2373 igitur
2884 2318 3081 2371 corpus
3132 2309 3387 2355 sanctum
3434 2300 3500 2353 ad
3544 2298 3734 2367 sepultu-

2207 2410 2368 2448 ram:
2413 2410 2602 2449 verum
2663 2395 2753 2449 illo
2806 2396 2856 2449 in
2911 2396 3105 2449 itinere
3156 2395 3299 2448 Dens
3356 2392 3737 2463 pretiosissimam

2206 2504 2358 2542 suam
2404 2505 2508 2544 non
2564 2490 2890 2558 dedignatus
2933 2498 3018 2544 est
3071 2487 3381 2541 clarificare
3427 2486 3739 2554 margaritam.

2206 2581 2509 2648 Antequam
2537 2581 2682 2635 enim
2723 2591 2884 2635 terra:
2914 2595 3112 2651 corpus
3150 2586 3402 2634 sanctum
3434 2578 3741 2637 conderetur.

2206 2669 2428 2739 quidam
2470 2670 2640 2725 vastis
2683 2679 3001 2726 catenarum
3048 2669 3205 2734 loris,
3258 2667 3487 2723 brachia
3535 2680 3745 2735 surasque

2206 2761 2514 2824 devinctus,
2570 2776 2668 2831 per
2723 2761 2930 2815 medias
2972 2760 3381 2831 properantium
3440 2767 3628 2811 turmas
3667 2771 3745 2821 non

2208 2853 2327 2907 sine
2373 2853 2538 2907 multa
2603 2853 2918 2909 diﬂicultate
2972 2868 3094 2908 sese
3150 2852 3389 2921 injecit;
3441 2851 3523 2905 cui
3566 2866 3669 2903 11ιοὶ
3705 2857 3748 2902 ιιι

2208 2946 2379 2999 sancti
2408 2944 2734 3001 confessoris
2757 2961 3075 3001 concessum
3101 2953 3186 3000 est
3234 2956 3459 3016 tangere
3485 2942 3746 3012 aperiuntu-

2209 3047 2321 3093 tum
2362 3078 2375 3101 ,
2446 3040 2628 3093 omnia
2704 3055 2827 3094 mox
2894 3039 3179 3094 dissiluere
3250 3038 3505 3109 repagula
3571 3047 3750 3091 catena-

2209 3149 2352 3198 rum,
2414 3133 2781 3202 disruptisque
2830 3135 3149 3203 compedum
3195 3133 3475 3197 vinculis,
3526 3133 3753 3186 liberrime

515 3222 761 3276 cessioue
792 3222 1068 3291 suscipere
1093 3222 1410 3291 promeruit.
1456 3219 1775 3275 Gratulatnr
1813 3219 2100 3274 admodum
2134 3196 2179 3259 ο
2210 3238 2331 3277 cum
2358 3223 2525 3278 multa
2567 3226 2866 3293 gratiarum
2916 3225 3131 3279 actione
3176 3225 3510 3293 sequebatur
3545 3236 3755 3277 munera-

514 3328 633 3377 rex,
661 3314 1002 3383 gratulantur
1029 3314 1194 3369 etiam
1243 3313 1528 3383 pontiﬁces
1552 3328 1675 3368 cum
1699 3314 2053 3383 optimatibus
2083 3330 2103 3379 ;

512 3420 771 3476 magnum
805 3405 864 3459 fit
899 3406 949 3461 in
1000 3406 1158 3460 ccelis
1182 3406 1460 3477 gaudium,
1508 3416 1563 3460 et
1589 3414 1829 3460 astantes
1862 3406 2102 3461 universi

513 3493 683 3549 Deum
742 3512 807 3551 ex
844 3505 955 3551 toto
983 3498 1146 3551 corde
1196 3512 1299 3552 non
1328 3498 1446 3552 sine
1476 3497 1732 3569 lacrymis
1782 3507 2106 3568 compuncte

512 3597 866 3643 venerantur.
1454 3598 1457 3599 '
1805 3592 1809 3596 ’

586 3678 675 3734 26.
722 3679 1140 3734 Retransmeant
1191 3696 1254 3734 es
1288 3689 1562 3750 prarcepto
1612 3683 1753 3751 regis
1786 3683 2103 3751 prazdictum

513 3764 712 3821 ﬂumen
737 3766 1005 3828 Axonam,
1030 3766 1458 3835 pervcniuntque
1482 3765 1532 3817 in
1561 3768 1843 3834 prasdinm,
1888 3766 1976 3820 ubi
2009 3781 2104 3822 rex

512 3857 978 3929 praeordinavcrat
1009 3857 1366 3927 sepulturam.
1400 3859 1495 3925 lbi,
1526 3860 1633 3914 Deo
1669 3860 1985 3928 disponente
2010 3860 2105 3930 qui

514 3958 709 4003 cuncta
733 3948 991 4018 przevidet
1014 3959 1068 4006 et
1098 3950 1692 4017 prmnoscit,|ecticaut,
1723 3967 1827 4020 qua
1855 3960 2103 4007 sanctum

516 4044 662 4100 illius
699 4060 896 4115 corpus
933 4044 1502 4109 eveliebatur,-nescio
1538 4060 1643 4115 qua
1672 4048 1738 4100 de
1789 4061 1949 4101 causa
1976 4061 2105 4101 con-

517 4139 639 4209 tigit
663 4139 877 4209 deponi.
932 4139 998 4192 Et
1025 4154 1151 4193 ecce
1185 4140 1376 4192 iterata
1435 4140 1693 4194 miracula
1740 4141 2100 4209 geminantur,

515 4231 650 4285 etin
705 4229 997 4284 universali
1049 4239 1341 4299 conspectu
1396 4231 1727 4291 astantiuin.
1769 4231 2100 4285 sanctissimi

512 4322 760 4394 praesulis
777 4321 966 4375 merita
980 4320 1371 4391 glorificaulur.
1392 4321 1527 4376 Cum
1541 4324 1684 4376 enim
1705 4322 2101 4377 sanctissimam

515 4416 633 4485 ejus
668 4416 904 4485 glebam,
934 4430 999 4468 ex
1025 4413 1266 4483 injuncto
1284 4416 1384 4469 sibi
1427 4414 1626 4481 efﬁcio,
1670 4418 1736 4469 ad
1765 4416 2098 4487 sepulturam

515 4512 802 4579 deportare
844 4509 1050 4564 veilent
1080 4552 1094 4576 ,
1137 4510 1322 4564 divino
1354 4519 1485 4565 nutu
1541 4512 1670 4565 tanti
1701 4527 1822 4566 eam
1850 4512 2102 4580 ponderis

514 4611 924 4671 persenserunt,
956 4611 1013 4655 ut
1038 4600 1184 4656 nullo
1224 4603 1385 4656 modo
1417 4616 1614 4672 corpus
1671 4603 1857 4659 Sancti
1900 4622 1928 4657 a
1963 4605 2101 4669 loco,

513 4692 607 4748 ubi
659 4707 781 4746 eum
839 4694 1236 4762 deposuerant,
1286 4708 1507 4749 movere
1545 4706 1785 4764 possent.
1830 4695 1932 4749 Alii
1985 4692 2104 4749 aliis

514 4785 865 4839 succedentes
903 4786 970 4839 ad
1009 4785 1346 4842 evectionem
1408 4788 1535 4842 totis
1588 4789 1798 4843 viribus
1853 4788 2099 4843 elabora-

511 4881 685 4947 bant;
722 4882 811 4936 alii
860 4881 994 4936 alios
1044 4892 1299 4952 tanquam
1353 4883 1619 4939 invalidos
1670 4894 1726 4939 ct
1780 4885 2102 4954 impotentes

511 4972 886 5043 increpabant.
926 4972 1148 5039 Verum,
1183 4975 1312 5031 licet
1344 4975 1482 5029 alios
1517 4984 1772 5045 tanquam
1803 4978 2102 5033 imbecilles

510 5076 887 5133 causarentur,
918 5067 1018 5136 ipsi
1048 5077 1227 5121 tamen
1273 5082 1395 5120 cum
1444 5069 1510 5122 ad
1543 5068 1594 5121 Ed
1641 5083 1761 5122 sese
1802 5084 2104 5139 przeparas-

514 5169 652 5227 sent,
679 5159 945 5214 desiderio
976 5175 1073 5214 suo
1094 5175 1160 5213 ex
1186 5167 1299 5213 toto
1331 5157 1749 5214 frustrabantur.
1786 5159 1898 5215 Rex
1924 5170 1977 5215 et
2009 5161 2098 5230 qui

510 5254 738 5307 aderant
777 5252 1067 5321 diligenter
1106 5266 1286 5306 causa
1341 5251 1502 5321 hujus
1550 5263 1895 5307 recensentes
1939 5268 2102 5307 even-

512 5355 644 5407 tum,
674 5361 795 5400 cum
825 5344 1042 5415 penitus
1089 5344 1217 5413 quid
1248 5358 1333 5398 res
1384 5346 1498 5400 haec
1540 5347 1901 5415 praetenderet
1951 5347 2102 5416 igno-

511 5448 718 5503 rarent,
776 5438 866 5490 Dei
905 5436 1073 5490 solius
1123 5436 1445 5507 suppliciter
1474 5453 1638 5507 super
1672 5440 1771 5492 hoc
1801 5441 2101 5492 exorabant

508 5531 832 5587 subsidium.
866 5530 1151 5585 Tumultus
1182 5547 1289 5585 non
1322 5532 1576 5585 minimus
1599 5546 1762 5600 super
1791 5530 1895 5585 hac
1921 5540 2097 5586 retar-

512 5624 731 5677 datione
777 5622 1161 5691 perstrepebat
1202 5621 1256 5676 iu
1309 5621 1526 5691 populo,
1576 5620 1879 5673 dicentibus
1931 5619 2094 5686 aliis;

456 5744 463 5749 -
512 5716 637 5785 quia
666 5714 730 5767 de
754 5714 879 5767 sedc
913 5729 1009 5768 sua
1042 5724 1297 5782 tanquam
1322 5715 1573 5782 captivus
1615 5713 1876 5767 abductus
1901 5712 2096 5781 fuerat,

513 5808 618 5860 hoc
640 5805 900 5859 divinitus
935 5806 1052 5859 ﬁeri
1087 5815 1141 5861 et
1164 5806 1377 5865 merito.
1408 5815 1461 5859 et
1486 5806 1607 5860 aliis
1631 5815 1810 5860 autem
1840 5807 2101 5875 objicien-

2208 3315 2347 3370 rium
2379 3331 2556 3369 suum.
2590 3316 2918 3371 Perventum
2974 3325 3060 3371 est
3089 3315 3308 3371 taiidem
3358 3318 3425 3372 ad
3483 3332 3593 3372 eam
3625 3330 3753 3385 quam

2206 3407 2257 3462 ei
2289 3422 2407 3471 rex,
2462 3423 2569 3462 non
2617 3408 2736 3463 sine
2787 3410 2878 3464 Dei
2930 3410 3295 3479 providentia,
3343 3410 3755 3479 praeordinaverat

2208 3496 2542 3567 sepulturam
2570 3516 2582 3551 :
2612 3500 2850 3568 episcopi
2883 3515 3005 3553 cum
3032 3499 3353 3564 abbatibus,
3383 3501 3611 3568 peractis
3636 3498 3755 3567 prius

2207 3604 2329 3658 qua:
2360 3590 2450 3645 Dei
2498 3600 2679 3656 erant,
2750 3592 3159 3647 sanctissimum
3207 3591 3339 3646 illud
3398 3606 3589 3661 corpus
3629 3599 3755 3644 teri-re

2207 3684 2587 3740 decentissime
2610 3687 3013 3739 commendant.
3428 3738 3433 3741 _

2278 3780 2370 3834 29.
2412 3780 2551 3834 Ecce
2608 3781 2898 3835 reiteratur
2942 3790 3127 3835 sancta
3178 3780 3368 3835 Sancti
3426 3781 3610 3852 gloria.
3652 3779 3756 3833 Nam

2208 3883 2329 3923 eum
2353 3868 2469 3937 ejus
2495 3870 2863 3924 sacratissima
2890 3873 3128 3925 membra
3158 3871 3369 3924 tumqu
3394 3872 3742 3925 clauderentur

2208 3963 2409 4017 cmlum
2476 3974 2722 4033 apertum
2762 3974 2865 4031 est,
2920 3974 2975 4019 ct
3018 3966 3138 4019 dum
3186 3964 3456 4019 columba:
3501 3966 3624 4018 visa:
3663 3972 3762 4015 sunt

2176 4068 2179 4071 '
2206 4054 2549 4109 descendisse
2578 4056 2732 4124 quasi
2765 4059 2953 4116 nubes,
2986 4072 3049 4110 ac
3080 4057 3147 4111 de
3196 4072 3297 4111 ore
3346 4056 3532 4111 Sancti
3580 4070 3761 4124 egressa

2207 4158 2290 4203 est
2322 4148 2596 4214 columba,
2630 4149 2858 4203 candida
2894 4156 3151 4217 tanquam
3208 4151 3323 4203 nix.
3383 4149 3477 4204 Sic
3516 4149 3668 4219 igitur
3691 4145 3761 4199 Dei

2209 4239 2415 4293 athleta
2454 4240 2742 4294 Medardus
2790 4241 2856 4293 de
2886 4242 3047 4293 terris
3094 4252 3382 4303 evocatus,
3436 4240 3642 4296 laetatur
3666 4252 3762 4291 tum

2208 4333 2459 4402 angelis;
2505 4332 2811 4402 lugentibus
2860 4333 2910 4386 in
2956 4342 3099 4387 terra
3144 4333 3269 4387 filiis
3307 4334 3610 4403 ademptus,
3663 4344 3762 4383 cum

2210 4425 2466 4479 l'ratrihns
2497 4429 2629 4489 suis,
2646 4426 2787 4496 quod
2813 4441 3028 4496 semper
3051 4426 3483 4490 dcsideraverat,
3507 4433 3766 4481 coronatur

2136 4547 2181 4601 ῃ
2211 4516 2261 4569 in
2297 4517 2474 4579 cmlis,
2502 4518 2587 4569 tibi
2614 4517 3010 4585 gratulabunda
3048 4520 3243 4572 amodo
3276 4535 3402 4573 cum
3436 4519 3632 4572 eisdem
3680 4514 3766 4568 fra-

2211 4609 2384 4663 tribus
2436 4609 2687 4679 sequitur
2739 4610 2950 4678 Agnnm
2983 4625 3313 4679 quocunque
3368 4611 3512 4665 ierit.
3545 4608 3767 4679 Sequitur

2204 4715 2335 4769 ergo
2361 4702 2570 4771 Agnum
2601 4710 2659 4755 et
2714 4702 3147 4756 inmstitnabilem
3194 4703 3467 4757 inhabitat
3508 4701 3694 4762 lucem,
3718 4699 3768 4751 de

2209 4793 2441 4847 terrenis
2485 4794 3020 4848 inconnnoditatibus
3078 4796 3278 4865 gaudet
3326 4810 3388 4851 se
3446 4797 3512 4849 ad
3552 4795 3768 4849 melicam

2208 4885 2525 4939 translatum
2582 4888 2998 4956 prosperitatem
3044 4903 3057 4952 ;
3106 4888 3437 4957 gratulatur.
3490 4902 3552 4941 se
3585 4888 3646 4940 de
3685 4885 3767 4937 hac

2206 4987 2389 5031 nostra
2440 4980 2754 5033 transitoria
2816 4979 3136 5034 infelicitate
3179 4981 3247 5033 ad
3307 4990 3619 5049 perpetuam
3647 4991 3768 5030 cout-

2208 5069 2524 5123 moditatem
2554 5071 2900 5135 translatum,
2933 5072 3001 5125 de
3052 5071 3300 5126 tenebris
3347 5073 3433 5125 his
3472 5072 3540 5124 ad
3585 5066 3775 5122 iocoue

2205 5163 2451 5231 parabile
2484 5162 2665 5216 lumen
2723 5178 2844 5217 esse
2875 5174 3215 5233 assumptum
3248 5181 3261 5227 ;
3294 5164 3512 5218 lzetatur
3558 5172 3764 5230 quoque.

2205 5267 2264 5308 se
2309 5254 2620 5308 carnalibus
2677 5264 2901 5308 exutum
2963 5255 3254 5319 illecebris,
3311 5255 3567 5325 angelicis
3612 5248 3765 5304 choris

2205 5360 2328 5399 esse
2377 5347 2696 5415 ascriptum.
2751 5347 3097 5401 Exsultemus
3148 5364 3281 5416 ergo
3322 5357 3372 5400 et
3428 5362 3547 5407 nos,
3594 5345 3764 5397 fratres

2205 5436 2573 5501 dilectissimi,
2624 5453 2787 5507 super
2835 5440 2935 5494 hac
2982 5440 3282 5494 beatissimi
3345 5439 3575 5509 pastoris
3612 5430 3760 5487 nostri

2204 5529 2443 5583 Medardi
2494 5530 2879 5600 gloriosissima
2936 5533 3374 5586 remuneratione
3430 5550 3444 5584 :
3498 5537 3757 5585 exoremus

2206 5633 2675 5677 rcmnucratorcm
2705 5625 2822 5693 ejus
2852 5625 3039 5688 Deum,
3085 5624 3337 5678 videlicet
3362 5624 3753 5689 omnipotentem

2204 5716 2448 5781 Patrem,
2503 5732 2611 5786 quo
2639 5717 2968 5771 sanctissimi
3017 5717 3175 5786 hujus
3208 5698 3496 5786 pontificis
3538 5705 3749 5765 Medardi

2204 5819 2461 5863 exoratus
2490 5812 2764 5878 prccrbus,
2805 5823 2898 5863 nos
2935 5826 3052 5862 uno
3085 5825 3147 5864 eo
3189 5825 3241 5862 in
3292 5819 3487 5863 .eteina
3520 5818 3657 5872 γε’ςεί
3678 5810 3745 5847 531
