3836 6320
52 325 167 383 ista
1254 301 1406 359 Vl'l‘A
1438 302 1498 355 ε.
1529 297 1859 353 mensum.
3142 296 3276 351 ,δη

49 437 286 495 ascribere
344 434 595 504 dignetur
624 429 969 493 haereditate,
1014 439 1111 497 per
1163 420 1449 479 Dominum
1499 435 1590 474 nos
1623 420 1664 479 Λ
1698 415 1903 469 tissime
1959 421 2382 483 composuerat,
2444 426 2610 484 prope
2657 412 2828 483 patris
2875 409 2957 465 sui
3012 408 3273 464 tumulum

47 543 194 586 strnm
220 527 398 583 lesum
444 525 719 582 Christum
770 521 972 577 Filium
1020 534 1197 581 suum,
1232 513 1321 584 qui
1354 529 1476 568 eum
1522 527 1589 565 eo
1691 508 1946 562 decenter
1967 516 2051 562 est
2077 507 2340 577 sepultus.

48 628 93 679 in
116 622 303 675 unitate
348 618 590 688 Spiritus
645 614 822 671 sancti
848 612 984 669 vivit
1011 618 1067 665 et
1104 617 1296 679 regnat
1322 605 1487 671 Deus,
1537 602 1590 658 in
1763 600 1851 655 52.
1895 599 2041 666 Quia
2064 614 2190 655 vero
2217 615 2315 669 pro
2338 608 2538 655 sanctae
2567 599 2711 653 illius
2767 597 3010 652 ecclesia:
3043 594 3282 649 aediﬁca—

45 713 217 772 saecula
240 709 581 767 saeculorum.
612 705 806 761 Amen.
1697 694 1864 761 tione,
1889 709 1987 764 pro
2018 692 2204 748 Sancti
2245 707 2464 762 quoque
2490 691 2575 746 cui
2629 691 2892 745 aedificata
2924 698 3007 743 est
3046 700 3280 740 venera-

650 809 880 867 CApUT
920 806 987 862 ν,
1701 786 1867 847 tione,
1912 782 2089 837 adhuc
2114 793 2294 836 autem
2326 796 2423 851 pro
2460 796 2645 850 regum
2674 777 3109 842 honorificentia,
3142 790 3280 845 quos

43 906 261 961 Ecclesia
289 905 367 961 illi
396 912 715 961 constructa.
765 901 887 955 Alia
928 898 1210 953 miracula.
1258 895 1599 951 Warimberti
1702 872 2211 944 Ρτίθηοηῖίηθνίηιυε
2244 913 2260 936 ν
2309 881 2487 943 empto
2539 872 2609 925 ab
2670 885 2834 940 opere
2890 862 3303 939 ali‘l'lauwmm

252 978 497 1047 episcopi,
519 974 831 1029 monasterio
860 969 1064 1039 iujurii,
1094 969 1210 1022 dira
1243 984 1404 1020 mers.

102 1067 434 1124 50.Peractis
449 1064 803 1121 celeberrime
832 1060 1128 1117 beatissimi
1156 1059 1248 1114 Dei
1270 1057 1489 1113 athleta:
1517 1058 1601 1112 in-

43 1162 184 1216 feriis
217 1200 232 1225 ,
292 1173 383 1214 rex
433 1156 786 1213 Chlotbarius
833 1169 998 1226 supra
1049 1150 1361 1208 venerabile
1416 1148 1604 1204 Sancti

42 1267 226 1321 corpus
254 1266 477 1321 parvum
500 1249 567 1303 ad
595 1257 803 1318 tempus
826 1244 990 1316 jussit
1018 1242 1276 1298 mdiﬁeari
1308 1241 1605 1311 tugurium,

39 1355 305 1410 quousque
333 1339 399 1393 ad
421 1336 728 1393 faciendam
775 1336 904 1391 inibi
934 1332 1242 1397 ecclesiam,
1298 1329 1607 1386 necessaria

42 1439 250 1502 pararet
300 1441 682 1498 expensarum.
732 1425 1024 1481 Contracta
1074 1437 1205 1477 vero
1255 1421 1610 1490 undecunque

37 1521 203 1591 potuit
226 1533 331 1574 non
362 1533 524 1588 parva
549 1517 801 1587 pecunia,
855 1524 1104 1571 sanctum
1161 1513 1287 1567 illud
1329 1512 1422 1566 Dei
1461 1511 1613 1566 habi-

42 1611 267 1666 taculum
300 1611 566 1664 instanter
592 1607 763 1662 ordiri
790 1602 1233 1677 perproperabat,
1251 1610 1305 1657 et
1331 1600 1611 1671 plerisque

39 1703 263 1772 negotiis
319 1697 639 1771 postpositis
690 1698 759 1753 ad
816 1696 919 1751 hoc
975 1694 1361 1767 perficiendum
1401 1690 1615 1746 enixius

1704 966 2044 1023 deviavimus
2098 966 2292 1021 amodo
2335 965 2701 1020 necessarium
2748 964 2998 1018 ducimus
3044 963 3110 1015 ad
3163 976 3287 1029 pro-

1705 1059 1865 1127 positi
1897 1059 2067 1113 nostri
2103 1058 2299 1114 seriem
2333 1057 2531 1123 redire,
2562 1071 2791 1126 quaeque
2819 1063 2943 1126 post
2995 1053 3284 1108 transitum

1707 1147 2084 1218 gloriosissimi
2145 1146 2476 1219 confessoris
2532 1146 2599 1200 ad
2651 1146 2911 1199 honorem
2975 1142 3091 1211 ejus
3146 1143 3289 1195 Deus

1709 1249 1961 1310 operatus
1988 1240 2057 1294 sit
2082 1239 2361 1303 miracula,
2408 1238 2541 1294 licet
2581 1252 2749 1307 pauca
2800 1237 2867 1291 de
2922 1235 3126 1299 multis,
3180 1251 3291 1290 non

1712 1330 2013 1385 residemus
2035 1330 2239 1400 scripto
2261 1328 2666 1385 commendare.
2711 1326 2883 1395 llujus
2907 1326 3124 1395 quidem
3154 1325 3292 1379 San-

1713 1423 1784 1476 cti
1817 1422 1953 1476 fama
1976 1422 2403 1492 circumquaque
2430 1421 2868 1476 increbrescente
2886 1417 3022 1488 (10),
3049 1416 3294 1473 infirmos

1715 1515 1881 1569 variis
1927 1513 2178 1569 detentos
2207 1513 2578 1584 languoribus,
2602 1512 2671 1566 ad
2713 1512 2828 1582 ejus
2856 1509 3176 1565 memoriam
3227 1522 3291 1562 ex

1717 1605 1901 1660 multis
1924 1614 2195 1660 terrarum
2218 1604 2466 1675 partibus
2491 1603 2690 1659 accidit
2713 1601 2986 1657 confluere
3028 1620 3041 1654 :

1719 1711 1816 1766 per
1845 1696 2095 1751 meritum
2147 1696 2322 1751 sancti
2369 1695 2451 1749 sui
2482 1694 2718 1760 athletae,
2768 1695 2942 1766 gratia
2978 1694 3159 1748 divina
3193 1709 3296 1746 non

3096 1601 3295 1670 quibus

38 1763 349 1847 elaborabat
381 1804 397 1844 :
444 1763 680 1858 fecitque
733 1803 901 1861 parvo
925 1763 992 1842 inv
1012 1793 1255 1855 tempore
1283 1782 1423 1852 quod
1450 1782 1616 1838 benc-
1648 1763 1690 1821 Β
1721 1763 2008 1857 dedignata
2036 1794 2120 1841 est
2141 1786 2452 1841 subvenire.
2487 1786 2639 1852 Quod
2668 1763 2798 1856 ergo
2846 1785 2997 1855 prius
3026 1784 3298 1838 memoria:

38 1881 154 1938 vola
191 1889 520 1951 conceperat
574 1886 775 1947 mente,
826 1877 954 1945 nisi,
987 1875 1283 1933 secundum
1315 1872 1457 1943 quod
1497 1871 1619 1926 uni-

37 1973 230 2041 cuique
276 1970 547 2036 imminet,
578 1970 742 2026 rebus
776 1983 899 2024 eum
928 1967 1181 2023 humanis
1231 1965 1391 2020 nimis
1422 1964 1618 2017 intem-

35 2063 246 2131 pestive
289 2060 608 2131 contigisset
656 2059 979 2115 excessisse.
1010 2056 1146 2112 Cum
1201 2055 1345 2112 enim
1378 2054 1431 2109 in
1460 2052 1617 2108 Cotia

32 2152 166 2206 silva
210 2161 404 2207 venatu
460 2159 832 2216 exerceretur,
860 2149 1061 2215 valida,
1097 2146 1235 2218 proh
1261 2145 1417 2201 dolor
1449 2145 1462 2199 !
1496 2159 1619 2200 cor-

31 2252 223 2314 reptus
251 2242 422 2309 febre,
451 2258 572 2299 cum
597 2240 663 2297 ad
683 2241 998 2313 Compendii
1016 2241 1272 2313 palatium
1288 2240 1618 2311 repedasset,

29 2349 200 2403 parvo
227 2343 354 2403 post
384 2343 627 2403 tempore
676 2341 851 2389 morte
903 2340 1232 2403 praeventus,
1272 2330 1618 2401 postmodum

29 2441 158 2481 vero
184 2426 239 2481 in
268 2426 498 2483 ecclesia
528 2427 743 2492 eadem,
790 2440 954 2497 quam
996 2423 1110 2496 jam
1140 2422 1415 2480 aediﬁcare
1442 2437 1624 2493 coepe-

30 2526 128 2584 rat,
164 2526 308 2572 ante
342 2526 585 2573 sanctum
608 2516 799 2591 [servi]
835 2517 929 2573 Dei
956 2515 1193 2572 Medardi
1223 2516 1396 2573 altare
1450 2516 1624 2571 hono-

30 2607 179 2663 riﬁce
211 2615 311 2662 est
335 2606 597 2679 sepultus.
630 2606 910 2675 Expensas
958 2619 1091 2661 vero
1118 2619 1256 2677 quas
1302 2605 1392 2661 hic
1416 2619 1626 2676 praepa-

29 2709 249 2755 raverat
271 2701 454 2769 operi,
508 2698 805 2756 secundum
840 2698 983 2771 quod
1030 2696 1200 2752 David
1239 2712 1336 2753 rex
1385 2697 1497 2754 filio
1525 2710 1626 2753 suo

29 2791 320 2849 Salomoni
372 2792 439 2847 ad
469 2792 651 2863 templi
694 2792 905 2848 Domini
935 2790 1350 2849 aedificationem
1398 2788 1623 2854 fecerat,

29 2887 140 2943 lilio
165 2898 299 2952 suo,
332 2883 619 2957 Sigeberto
643 2886 882 2955 nomine,
910 2886 978 2941 ad
1007 2884 1425 2942 aedificationem
1455 2883 1629 2940 eccle-

29 2977 148 3039 sia),
200 2990 374 3047 quam
423 2974 533 3031 Deo
575 2984 821 3040 voverat,
881 2973 1265 3047 expendendas
1291 2968 1623 3044 dereliquit;

29 3070 317 3125 nandans
342 3076 399 3123 et
417 3068 743 3124 remandans
766 3067 839 3136 ei,
877 3076 1146 3137 quatenus
1190 3066 1239 3123 si
1290 3080 1395 3136 qua
1423 3064 1471 3120 ei
1499 3078 1625 3134 erga

29 3170 253 3231 patrem
289 3159 581 3215 charitatis
631 3158 829 3215 debita:
879 3158 1097 3216 dilectio
1159 3164 1423 3221 maneret,
1481 3155 1629 3211 omni

29 3251 337 3308 occasione
366 3253 627 3323 seposita.
675 3260 877 3306 sanctae
908 3249 1036 3304 huic
1083 3261 1244 3319 quam
1299 3246 1629 3319 praenotavi»

29 3360 153 3398 tuus
181 3341 570 3408 aedificationi,
606 3354 888 3412 quousque
923 3338 1219 3395 honorifice
1247 3336 1631 3408 compleretur,

29 3443 205 3487 totam
246 3446 483 3503 prorsus
516 3431 875 3487 intentionem
900 3428 1204 3485 adhiberet.

94 3525 163 3581 3i
180 3564 193 3576 .
243 3521 575 3595 Sigebertus
598 3536 747 3590 vero,
772 3530 927 3593 patre
973 3519 1205 3592 sepulto,
1234 3518 1288 3574 in
1315 3531 1483 3589 regno
1508 3531 1639 3572 con-

29 3617 317 3685 firmatus,
351 3614 501 3685 quod
550 3628 581 3670 a
625 3623 781 3686 patre
810 3614 863 3668 in
900 3612 1004 3670 hoc
1048 3619 1365 3683 susceperat
1412 3609 1639 3681 negotii,

29 3708 285 3780 largiflue
335 3712 663 3778 prosecutus
709 3712 815 3761 εει.
868 3701 1188 3759 Admirabili
1241 3700 1387 3757 enim
1441 3698 1641 3756 diversi

29 3799 254 3869 generis
316 3796 566 3868 lapidum
617 3793 1044 3858 constructione,
1090 3792 1386 3849 secundum
1438 3794 1582 3861 quod
1609 3805 1639 3846 a

30 3899 186 3957 patre
220 3895 588 3958 susceperat,
642 3885 933 3941 ecclesiam
993 3883 1139 3939 illam
1177 3883 1475 3948 decoravit,
1509 3898 1643 3939 auro

29 3989 77 4035 et
105 3990 365 4051 argento
400 3993 466 4034 ac
492 3976 813 4034 necessariis
858 3977 910 4031 in
944 3975 1121 4032 oflicio
1151 3975 1525 4033 ecclesiastico
1554 3990 1644 4030 or-

30 4080 440 4129 namentorum
497 4067 849 4125 varietatibus
910 4066 1260 4123 abundanter
1305 4067 1635 4135 exornavit;
1694 4056 1699 4063 ’

30 4180 196 4221 censu
230 4171 296 4220 et
328 4160 662 4226 redditibus,
691 4168 854 4232 prout
897 4160 1101 4231 regiam
1148 4158 1376 4216 decebat
1412 4158 1645 4230 dignita-

30 4271 159 4322 .em,
190 4255 512 4312 afﬂuenter
547 4260 603 4307 et
627 4250 1083 4307 excellentissime
1114 4249 1329 4306 ditavit.
1358 4247 1647 4319 Eleganter

29 4362 155 4403 vero
213 4344 478 4404 ecclesia
524 4342 845 4413 composita,
897 4341 1257 4411 undecunque
1305 4341 1483 4411 potuit
1532 4340 1645 4397 ele-

29 4438 327 4507 ;antiores
391 4432 472 4488 ibi
519 4432 725 4487 sacrari
781 4431 1057 4487 ordinavit
1104 4445 1389 4502 personas,
1437 4440 1547 4501 ‘quo
1592 4441 1647 4486 et

34 4530 206 4584 iatris
232 4528 331 4585 sui
356 4533 555 4581 votum
594 4524 978 4596 benignissime
1010 4524 1400 4595 compleretur,
1427 4537 1482 4582 et
1513 4525 1644 4582 inibi

30 4624 127 4677 )eo
154 4620 214 4675 in
247 4627 544 4674 aeternum
589 4615 1023 4672 ecclesiasticum
1058 4615 1292 4672 cilicium
1347 4630 1417 4672 ex
1446 4617 1642 4680 debito,

30 4726 113 4766 iro
147 4706 488 4765 universali
508 4720 604 4761 sua
633 4705 885 4761 videlicet
908 4714 969 4761 et
996 4708 1167 4775 patris
1192 4709 1274 4763 sui
1297 4708 1648 4778 omniumque

29 4801 275 4856 idelium
322 4797 547 4859 salute,
602 4797 914 4866 perenniter
947 4797 1322 4854 exhiberetur.
1356 4798 1501 4853 Idem
1531 4802 1648 4868 ipse

30 4889 379 4945 'enerabilis
453 4900 553 4941 rex
609 4885 926 4957 Sigebertus
960 4928 975 4954 ,
1026 4903 1149 4943 cum
1203 4888 1432 4946 fratrem
1489 4906 1647 4946 suum

30 4981 427 5052 liiilpericum
461 4977 680 5032 nomine
701 4978 844 5049 apud
865 4978 1053 5034 urbem
1073 4978 1382 5036 Tornacum
1397 4981 1651 5038 obsidere

30 5074 383 5144 iisponeret,
427 5069 577 5139 apud
622 5067 989 5125 Victoriacum
1039 5070 1407 5142 Fredegundis
1451 5073 1650 5143 reginae

37 5166 276 5222 ersutia
312 5164 727 5231 interemptus,
768 5177 892 5216 cum
924 5162 1073 5232 prius
1123 5177 1246 5218 eum
1277 5162 1528 5221 Lambris
1563 5179 1650 5221 se-

30 5258 323 5323 «elissent,
362 5254 448 5309 ab
484 5252 602 5324 ipso
622 5253 811 5309 eodem
835 5252 1005 5309 fratre
1023 5269 1123 5310 suo
1146 5253 1450 5327 Chilperico
1496 5266 1648 5328 post-

30 5351 243 5405 uodum
276 5344 627 5403 Suessionis
653 5344 878 5410 relatus,
922 5344 978 5398 in
1004 5345 1233 5401 ecclesia
1262 5362 1425 5417 quam
1452 5349 1649 5403 decen-

75 5516 203 5588 (lO)
245 5516 313 5572 ln
350 5512 504 5588 Vita
532 5526 630 5580 per
659 5527 981 5588 monacnum
1025 5510 1472 5588 suessionensem
1495 5513 1650 5585 longa

30 5583 367 5658 .arap'hrasi
423 5584 694 5658 dicuntur
743 5584 916 5637 sanati
966 5583 1129 5658 caici,
1163 5584 1334 5647 surdi,
1359 5583 1647 5658 contracti,

33 5652 522 5726 laudi,-lepros_i,
547 5663 810 5726 amentes,
847 5652 1154 5724 paralytici,
1184 5656 1553 5726 energnmeni.

74 5720 209 5802 (tl)
263 5720 385 5785 Hie
457 5724 525 5777 in
580 5720 698 5775 Vita
737 5720 929 5790 altera,
962 5720 1020 5777 ut
1058 5722 1199 5795 apud
1250 5720 1348 5779 nos
1401 5740 1503 5780 ms.
1559 5728 1655 5783 ha-

374 5818 676 5880 Paeon.
724 5815 822 5875 Cf.

1718 1877 1975 1944 occurrit,
2006 1877 2157 1946 prius
2211 1877 2475 1942 dicamus,
2506 1884 2774 1946 quatenus
2831 1876 2897 1931 de
2926 1874 3152 1945 singulis
3188 1890 3293 1928 nou

1720 1969 2057 2025 solummodo
2082 1968 2401 2038 singulares,
2444 1984 2632 2023 verum
2670 1967 3000 2022 multimoda:
3029 1965 3139 2021 Deo
3178 1983 3300 2036 gra-

1724 2062 1811 2118 tiae
1842 2061 2146 2116 referantur
2170 2061 2214 2131 (I
2234 2060 2302 2131 ι).

1792 2152 1883 2207 55.
1924 2150 2276 2222 Tuguriolum
2308 2151 2436 2206 illud
2465 2148 2608 2220 quod
2660 2150 2873 2216 corpori
2906 2158 3096 2204 saneto
3117 2163 3304 2215 supcr-

1723 2244 2046 2301 aadificatum
2079 2257 2200 2308 esse
2227 2241 2678 2313 prtescripsiiuus,
2698 2249 2862 2295 tantm
2892 2239 3108 2295 virtutis
3122 2238 3303 2307 divina

1725 2336 2046 2407 disponente
2077 2335 2252 2406 gratia
2310 2340 2645 2404 compertum
2708 2342 2794 2388 est
2840 2346 2979 2399 esse,
3008 2341 3067 2386 ut
3108 2332 3152 2387 si
3184 2332 3305 2401 quis

1725 2428 1914 2485 dolore
1957 2426 2201 2483 dentium
2249 2434 2485 2481 attactus
2531 2438 2596 2479 ex
2657 2423 2878 2493 virgulis
2930 2423 3127 2494 quibus
3170 2438 3303 2479 con-

1729 2529 1934 2576 textum
1976 2519 2179 2585 fuerat,
2231 2518 2409 2575 locum
2458 2518 2669 2575 doloris
2719 2527 2983 2589 tangeret,
3021 2516 3305 2572 confestim

1726 2613 1906 2668 omnis
1939 2612 2029 2668 illa
2084 2612 2329 2668 dentium
2376 2612 2665 2667 infirmitas
2695 2610 3028 2682 abigeretur,
3060 2609 3204 2680 quod
3255 2618 3310 2664 et

1730 2704 1782 2759 in
1814 2704 2013 2774 palatio
2063 2704 2207 2775 regis
2253 2703 2582 2775 divulgatum
2636 2712 2740 2759 est.
2796 2702 3023 2770 Quidam
3058 2716 3307 2771 namque,

1728 2791 2023 2848 Carimeris
2068 2793 2307 2859 nomine,
2354 2792 2445 2863 qui
2493 2807 2558 2847 eo
2595 2791 2647 2846 in
2700 2800 2943 2861 tempore
2982 2789 3311 2846 Childeberti

1731 2886 1876 2957 regis
1919 2884 2321 2941 referendarius
2374 2885 2673 2940 habebatur
2708 2924 2725 2949 ,
2788 2883 2913 2954 quia
2974 2884 3074 2938 hoc
3121 2881 3313 2938 eodem

1730 2976 1924 3032 morbo
1950 2975 2274 3047 gravissime
2320 2974 2625 3043 laborabat,
2665 2974 2732 3029 ad
2787 2975 3032 3029 eamdem
3092 2972 3151 3028 S.
3210 2972 3317 3029 Me-

1733 3066 1891 3124 dardi
1942 3065 2224 3122 basilicam
2256 3067 2528 3124 deductus
2577 3074 2683 3122 est.
2737 3062 3195 3135 Cumquejannas
3231 3081 3319 3120 ec-

1734 3156 1917 3214 clesiae
1964 3156 2179 3213 clausas
2229 3157 2542 3228 reperisset,
2595 3166 2652 3213 et
2682 3172 2805 3213 eum
2862 3156 3105 3212 dentium
3159 3156 3313 3212 dolor

1737 3249 1913 3320 magis
1962 3264 2026 3305 ac
2059 3248 2233 3320 magis
2285 3246 2525 3321 urgeret,
2574 3249 2640 3305 de
2694 3265 2799 3304 una
2847 3249 3130 3320 jauuarum
3185 3249 3322 3303 fidu-

1738 3340 1949 3396 cialiter
1990 3341 2258 3395 hastulam
2301 3341 2524 3406 excidit,
2577 3348 2634 3395 et
2685 3340 2777 3395 ubi
2814 3340 2983 3410 magis
3033 3340 3321 3394 infirmitas

1738 3429 2091 3502 grassabatur
2160 3429 2623 3486 confidentissime
2686 3427 2829 3501 quod
2898 3430 3175 3486 exciderat
3236 3446 3323 3501 ap-

1741 3521 1941 3593 posuit,
1993 3534 2226 3591 moxque
2282 3520 2351 3575 ab
2392 3534 2457 3576 eo
2482 3522 2669 3590 :quem
2718 3520 2808 3575 diu
2866 3534 3156 3591 perpessus
3206 3529 3323 3574 erat

1742 3613 1930 3668 dolore
1957 3612 2221 3667 liberatus
2267 3620 2371 3667 est.
2427 3610 2670 3667 llabetur
2708 3612 2871 3669 etiam
2939 3612 3163 3669 baculus
3208 3612 3324 3684 ejus

1743 3704 1883 3772 apud
1936 3718 2077 3769 nos,
2130 3718 2227 3773 per
2278 3716 2437 3773 quem
2496 3701 2783 3773 plerosque
2843 3703 3091 3759 infirmos
3144 3705 3325 3761 diver-

1743 3811 1926 3851 sorum
1965 3796 2280 3869 languorum
2327 3795 2686 3852 medicamina
2724 3806 2979 3867 expertos
3002 3812 3126 3854 esse
3168 3813 3325 3854 com-

1743 3885 2003 3956 perimus.

1815 3976 1904 4033 54.
1948 3976 2187 4046 Quidam
2217 3994 2434 4051 quoque
2468 3990 2785 4037 catenarum
2816 3981 2951 4037 loris
2979 3981 3297 4039 indissolubi

1745 4067 1873 4123 liter
1896 4077 2159 4134 arctatns,
2203 4072 2525 4142 gravissima
2554 4072 2714 4128 nimis
2762 4074 3096 4143 fatigatione,
3141 4082 3321 4128 sancta

1749 4158 2091 4215 Sanctissimi
2125 4159 2283 4230 hujus
2343 4161 2601 4233 suffragia
2649 4161 2894 4230 expetiit,
2942 4162 3221 4215 confidens
3270 4177 3328 4233 se

1748 4249 2093 4304 sanctissima
2145 4249 2261 4318 ejus
2312 4232 2699 4307 intercctssione
2723 4251 2791 4305 ab
2845 4249 2933 4305 illa
2985 4232 3329 4321 impeditione

1751 4354 1909 4409 posse
1934 4340 2152 4395 resolvi.
2189 4340 2259 4397 Ut
2278 4352 2409 4413 ergo
2432 4349 2631 4397 sanetae
2656 4341 2890 4398 basilicae
2914 4341 3099 4398 valvas
3124 4343 3326 4413 attigit,

1675 4459 1726 4519 Ι)
1754 4431 2035 4502 repentino
2065 4431 2301 4503 fragore,
2341 4449 2449 4487 uno
2484 4433 2784 4504 eodemque
2814 4442 3111 4500 momento,
3138 4445 3193 4489 et
3217 4452 3329 4490 cm-

1751 4524 1859 4578 hun
1894 4524 2151 4591 intonuit,
2210 4534 2264 4580 et
2315 4526 2487 4582 vastis
2521 4527 2841 4596 compcdum
2873 4525 3103 4582 vinculis
3158 4527 3335 4581 disru-

1750 4615 1855 4685 ptis
1883 4628 1938 4671 et
1963 4615 2123 4687 longe
2147 4616 2561 4682 dissilientibus,
2610 4616 2770 4672 homo
2798 4616 2887 4673 ille
2912 4616 3131 4673 indulta:
3158 4619 3336 4672 adhuc

1751 4708 1956 4765 inscius
2012 4709 2375 4777 liberalitatis,
2427 4711 2595 4767 multo
2643 4711 2905 4767 attonitus
2944 4721 3186 4781 stupore,
3220 4711 3335 4766 solo

1750 4809 2060 4871 prostratus
2083 4811 2186 4857 est.
2237 4803 2443 4857 Deinde
2475 4804 2768 4873 resumptis
2814 4804 3044 4868 viribus,
3076 4819 3195 4857 cum
3221 4801 3333 4871 jam

1751 4906 1810 4947 se
1839 4893 2068 4947 sentiret
2095 4895 2423 4961 expeditum,
2473 4910 2571 4965 pro
2618 4905 2839 4966 recepta
2889 4894 3137 4950 libertate
3166 4892 3333 4947 Deum

1745 4992 1806 5039 et
1832 4984 1890 5039 S.
1923 4984 2260 5050 Medardum,
2288 4984 2442 5055 cujus
2463 4987 2567 5042 hoc
2587 4986 2979 5042 intercessione
3002 4985 3333 5049 obtinuerat,

1752 5076 1976 5132 vocibus
1996 5078 2243 5133 altisonis
2259 5077 2423 5147 erepit
2454 5077 2819 5148 magnificare.
2850 5075 3118 5131 Mirantur
3142 5091 3336 5131 omnes

1756 5173 1864 5220 tam
1922 5166 2244 5222 citissimam
2311 5168 2507 5223 divina:
2552 5166 2768 5221 virtutis
2821 5166 3191 5235 operationem
3224 5204 3239 5229 ,
3283 5175 3339 5219 et

1759 5261 2012 5316 concordi
2040 5276 2230 5317 omnes
2260 5260 2650 5317 acclamatione
2704 5259 3136 5330 potentissimam
3162 5257 3334 5313 sancti

1758 5352 2003 5422 przesulis
2030 5355 2341 5410 collaudant
2361 5352 2833 5407 interventionem.

1757 5515 1959 5582 betur,
2012 5520 2381 5588 apponebatur
2440 5516 2679 5572 fabulosa
2741 5516 3008 5588 promotio
3071 5511 3342 5588 privilegii
3409 5494 3419 5503 ⁵

1761 5584 2183 5664 monasteriis.
2238 5588 2474 5644 Medardi
2504 5627 2518 5654 ,
2579 5603 2699 5657 qua:
2744 5584 2891 5657 apud
2940 5584 3194 5655 Boscitttn
3249 5591 3337 5639 est

1759 5672 1980 5712 OllllSS‘J.
3282 5669 3286 5672 ’

1862 5850 1893 5873 ο
2490 5881 2502 5889 ,
2783 5816 2861 5878 ts
