3902 6316
530 342 669 399 1515

1594 326 1891 384 llADBODl
1920 322 2378 383 NOVIOMENSIS
2416 327 2721 389 EPISCOPI

3629 333 3732 390 me

598 456 689 512 55.
731 452 957 510 Anicula
991 451 1238 523 quaedam
1284 461 1491 503 annosa
1542 444 1724 509 nimis,
1758 450 1813 497 ct
1843 442 2101 511 quodam-
2141 450 2182 503 Α
2215 442 2426 497 bertnm
2455 444 2617 511 hunc,
2646 460 2803 515 quem
2828 443 3181 515 przediximus
3220 442 3493 499 cathedra:
3529 444 3597 500 illi
3628 456 3739 516 pon-

529 550 689 603 modo
712 563 812 603 suo
834 547 1003 623 ipsius
1030 550 1306 614 superstes
1365 537 1641 601 cadaveri,
1673 550 1794 591 cum
1824 535 1873 589 ei
1919 548 2113 587 manus

527 638 679 693 arida
724 636 879 707 quasi
904 635 1137 689 alienum
1173 630 1432 702 quiddam
1483 628 1551 683 de
1591 626 1815 682 brachio
1844 624 2111 694 depende-

529 740 652 795 ret;
689 729 813 783 licet
839 726 961 795 jam,
995 728 1061 783 de
1088 726 1194 780 vita
1216 740 1327 795 prae
1358 723 1527 779 nimia
1584 736 1681 777 sua
1729 720 1896 791 ipsius
1952 728 2113 773 aetate

528 820 865 890 deSperaret,
890 822 957 874 ad
987 816 1161 874 sancti
1192 825 1371 871 tamen
1410 812 1741 869 confessoris
1770 809 2112 875 memoriam,

528 911 682 981 cujus
709 911 981 967 celebrem
1018 909 1217 963 famam
1247 907 1515 972 audierat,
1559 903 1905 961 devotissima
1932 910 2114 956 mente

527 1003 778 1075 pervenit
824 1018 839 1068 ;
894 1016 1127 1071 eumque
1178 997 1508 1055 multimodis
1560 995 1810 1066 precibus
1849 1008 1956 1049 non
1998 993 2115 1047 sine

529 1093 700 1149 multa
748 1094 1112 1165 lacrymarum
1169 1089 1514 1163 profusione,
1564 1100 1728 1156 super
1780 1085 1944 1141 aridae
2003 1098 2115 1138 suae

530 1200 745 1252 manus,
775 1200 882 1255 qua
913 1184 1073 1239 nimis
1107 1181 1407 1254 angebatur
1446 1196 1461 1245 ;
1517 1177 1843 1234 sollicitabat
1892 1188 2116 1244 recupe-

530 1277 759 1332 ratione.
788 1275 859 1332 Ut
889 1290 1019 1346 ergo
1041 1290 1098 1329 se
1120 1283 1252 1353 ante
1273 1271 1615 1344 praesentiam
1647 1265 1950 1323 beatissimi
1978 1281 2112 1336 pou-

529 1367 696 1423 tilicis
732 1382 855 1422 cum
909 1365 1081 1421 multo
1111 1364 1315 1435 ejulatu
1364 1361 1634 1431 exposuit,
1685 1356 1839 1413 all‘uit
1892 1362 2114 1427 repente

530 1474 631 1529 per
684 1457 869 1512 Sancti
921 1456 1170 1526 ejusdem
1236 1454 1491 1510 meritum
1555 1451 1751 1507 divina:
1816 1446 2116 1516 maiestatis

533 1548 876 1618 suffragium.
906 1548 1266 1603 Bestauratur
1291 1560 1417 1601 mox
1439 1541 1653 1599 mulieri
1674 1540 1818 1612 quod
1852 1538 1982 1594 vitio
2021 1552 2115 1592 na-

533 1652 669 1698 tura:
722 1640 1098 1696 defraudatum
1152 1647 1321 1693 erat:
1372 1645 1657 1707 reparatur
1711 1634 1766 1689 in
1811 1646 1875 1688 ea
1922 1643 2115 1685 manus

533 1735 698 1791 aridae
719 1732 982 1789 naturalis
1009 1731 1289 1803 integritas
1324 1747 1336 1783 :
1370 1738 1426 1786 et
1450 1729 1592 1800 quod
1624 1728 1801 1782 minus
1829 1725 1897 1781 de
1926 1724 2115 1779 matris

525 1832 905 1894 assumpserat
933 1830 1111 1888 utero,
1162 1818 1543 1875 intercessoris
1590 1817 1672 1872 sui
1726 1815 2115 1885 benignissimo

533 1914 761 1970 resumit
783 1912 1056 1985 praesidio.
1108 1910 1409 1966 Reviviscit
1452 1923 1646 1964 manus
1666 1906 1892 1979 juvenili
1923 1905 1977 1960 in
2002 1903 2114 1973 jam

529 2013 869 2075 praemortua
919 2002 1117 2059 vetulae
1171 2002 1316 2058 illius
1360 2002 1635 2067 brachio;
1693 2008 1747 2054 ct
1795 2013 1913 2069 quae
1966 1997 2117 2068 prius

525 2096 929 2167 eleemosynam
987 2103 1241 2165 tanquam
1303 2095 1476 2164 impos
1528 2091 1811 2149 laborandi
1874 2090 2115 2146 ostiatim

531 2187 845 2257 quaesierat,
891 2185 1003 2255 jam
1054 2195 1184 2241 tunc
1213 2182 1401 2241 effecta
1433 2183 1643 2249 docilis,
1696 2196 1912 2237 suarum
1949 2180 2117 2251 ipsius

524 2277 928 2333 ’laborationum
958 2276 1142 2332 vivere
1171 2275 1339 2344 coepit
1359 2274 1664 2344 stipendiis.
1692 2272 1893 2342 Sospes
1922 2269 2115 2326 ell‘ecta

532 2371 731 2440 gaudet
760 2378 815 2425 et
840 2368 1071 2433 laetatur,
1105 2367 1310 2438 gratias
1352 2364 1702 2435 quamplures
1741 2377 1840 2419 suo
1876 2360 2120 2417 referens

532 2460 868 2515 munerario.
906 2459 1075 2513 Deum
1101 2459 1295 2513 adorat
1347 2465 1403 2512 et
1431 2464 1744 2511 veneratur.
1778 2453 2039 2509 Similiter
2065 2461 2122 2508 et

533 2552 639 2606 alia
690 2550 1003 2607 muliercula
1039 2590 1055 2616 ,
1105 2549 1294 2605 eodem
1350 2562 1543 2602 manus
1581 2546 1772 2601 morbo
1818 2546 2071 2602 laborans
2102 2586 2117 2613 ,

530 2654 662 2699 ante
712 2642 899 2699 Sancti
929 2642 1168 2714 ejusdem
1224 2639 1570 2711 praesentiam
1602 2638 1823 2695 sanitati
1869 2638 2119 2695 restituta

528 2744 618 2792 est
647 2736 783 2809 (12).

602 2848 692 2904 56.
718 2847 860 2903 Ῥοεῑ
898 2848 1115 2917 aliquod
1144 2862 1274 2903 vero
1297 2844 1555 2916 temporis
1588 2843 1954 2909 intervallum,
1993 2858 2117 2900 cum

527 2938 639 3009 jam
670 2940 785 3009 ipse
833 2939 983 2995 locus
1014 2939 1197 2994 multae
1220 2938 1650 3007 circumquaque
1691 2936 1985 2992 haberetur
2028 2952 2118 2992 ve-

530 3030 858 3099 nerationis,
884 3029 1292 3084 Warimbertus
1317 3027 1541 3098 quidam
1573 3026 1668 3097 qui
1690 3027 1770 3081 sic
1793 3027 2116 3083 nominaba-

2149 1786 2191 1841 Β

2220 533 2427 602 tilicali,
2452 550 2550 591 suo
2578 537 2748 608 magis
2768 551 2929 606 quam
2968 534 3088 601 Dei,
3110 544 3173 590 ut
3202 545 3322 607 post
3350 538 3540 606 patuit,
3563 541 3743 595 arbitrio

2218 632 2491 679 rectorem
2514 624 2873 680 substituunt.
2899 625 3142 695 Adeptus
3170 641 3299 694 ergo
3324 628 3558 698 regimen
3577 631 3743 700 episeo-

2219 712 2340 782 pale
2372 712 2543 769 multo
2584 714 2897 770 elaborabat
2923 714 3124 780 studio,
3159 730 3227 770 ne
3274 714 3447 786 priori
3489 719 3745 787 privaretur

2222 802 2533 873 dignitate;
2585 812 2660 871 et,
2692 804 2820 860 licet
2865 820 2986 860 cum
3038 804 3354 861 difficultate
3401 822 3505 862 non
3547 809 3741 873 minima,

2217 896 2450 951 obtinuit
2508 906 2686 952 tamen
2734 898 2880 967 quod
2933 897 3073 953 male
3115 900 3429 968 quaesierat.
3461 898 3568 954 lien
3597 917 3747 957 socors

2219 988 2383 1043 nimis
2422 997 2476 1044 et
2513 990 2703 1060 ignava
2753 1005 2907 1045 mens
2951 990 3230 1045 hominum
3264 993 3278 1044 ε
3311 991 3472 1046 Miser
3499 993 3579 1047 hic
3614 996 3745 1050 nimia

2218 1090 2455 1137 aestuans
2504 1082 2840 1152 cupiditate,
2890 1082 3015 1138 dum
3077 1098 3261 1153 pravae
3331 1099 3443 1138 sure
3488 1087 3747 1143 ambitionis

2217 1194 2418 1252 augere
2453 1195 2561 1234 non
2611 1191 2793 1235 cessat
2848 1179 3262 1243 commercium,
3309 1182 3550 1249 corporis
3587 1182 3674 1241 sui.
3708 1194 3749 1237 et

2219 1270 2382 1340 (quod
2406 1270 2579 1341 magis
2604 1270 2894 1325 dolendum
2919 1270 3025 1343 est)
3059 1270 3256 1326 aninue
3277 1285 3489 1340 quoque
3513 1271 3621 1337 sibi,
3643 1275 3749 1343 proh

2217 1362 2370 1417 dolor
2401 1363 2414 1417 !
2449 1371 2718 1433 praeparat
2744 1362 2995 1419 exitium.
3041 1362 3300 1420 Attentus
3348 1363 3598 1433 siquidem
3628 1377 3749 1419 extra

2219 1444 2439 1509 medum
2489 1455 2721 1526 negotiis
2774 1454 3127 1511 saecularibus
3159 1495 3174 1520 ,
3226 1470 3290 1510 ac
3336 1455 3453 1509 suis
3496 1456 3603 1524 plus
3638 1456 3753 1524 justo

2217 1547 2400 1618 pravis
2428 1546 2641 1602 inhians
2693 1546 3101 1617 cupiditatibus,
3139 1548 3321 1603 locum
3370 1548 3516 1603 illum
3544 1559 3751 1604 sanctum

2219 1639 2484 1710 ncglcctui
2517 1640 2679 1709 cmpit
2713 1632 2917 1696 habere
2947 1657 2961 1706 ;
2990 1658 3219 1711 quzeque
3246 1641 3381 1696 inibi
3415 1658 3445 1695 a
3478 1643 3673 1713 regibus
3715 1654 3757 1698 et

2220 1729 2341 1785 aliis
2367 1746 2465 1800 pro
2490 1734 2957 1802 eleemosynarum
2979 1731 3269 1803 largitione
3284 1732 3537 1802 deputata
3563 1732 3758 1797 fuerant,

2216 1823 2334 1880 suis
2367 1823 2509 1878 male
2562 1824 2747 1879 usibus
2778 1826 3035 1880 retinere.
3082 1824 3214 1892 Quae
3253 1825 3388 1880 inibi
3419 1824 3527 1880 Deo
3556 1827 3761 1881 servien-

2219 1914 2363 1969 tibus
2390 1914 2575 1970 fideles
2601 1915 2822 1985 quique,
2858 1916 2952 1971 Dei
2996 1923 3049 1971 et
3074 1914 3134 1972 S.
3158 1914 3403 1972 Medardi
3436 1918 3621 1986 gratia,
3646 1934 3755 1987 pra:-

2215 2003 2621 2071 ordinaverant,
2661 2006 2773 2060 suis
2801 2005 2914 2076 ipse
2938 2005 2991 2059 in
3023 2005 3295 2061 thesauris
3345 2007 3653 2062 recondebat
3677 2024 3690 2070 ;
3714 2024 3766 2061 ac

2218 2082 2524 2161 servorum,
2550 2096 2645 2152 Dei
2676 2098 2987 2168 posthabita
3033 2097 3421 2164 sollicitudine,
3456 2100 3675 2153 redditus
3695 2116 3767 2156 ee-

2218 2184 2401 2243 CIesize
2459 2188 2571 2243 suis
2625 2188 2949 2245 satellitibus
3008 2190 3380 2245 irreverenter
3424 2192 3766 2246 distribuebat.

2221 2278 2347 2335 Suis
2388 2296 2499 2350 prm
2551 2281 2718 2336 nimia
2765 2281 3005 2354 ingluvie
3055 2284 3459 2350 eruetantibus,
3507 2286 3773 2354 spiritualis

2220 2371 2307 2426 illa
2338 2374 2686 2443 congregatio
2742 2374 3059 2441 esuriebat;
3114 2377 3231 2433 suis
3280 2377 3451 2431 multo
3495 2378 3611 2432 vino
3654 2393 3779 2434 exar-

2220 2463 2549 2531 stuantibus,
2573 2473 2759 2519 sancta
2792 2466 2965 2521 saneti
2988 2466 3235 2536 praesulis
3281 2468 3481 2523 familia
3504 2485 3608 2540 prae
3633 2471 3779 2524 nimio

2222 2555 2342 2609 sitis
2372 2555 2568 2612 ardore
2596 2571 2736 2627 pene
2764 2557 3070 2614 deficiebat.
3102 2559 3243 2615 Nudi
3292 2568 3347 2616 et
3372 2577 3626 2632 pauperes
3653 2566 3775 2617 servi

2220 2645 2315 2701 Dei
2379 2646 2635 2717 lugebant
2682 2655 2739 2703 et
2788 2647 3254 2715 lamentabantur,
3286 2647 3581 2706 familiares
3622 2660 3781 2706 autem

2220 2738 2514 2794 miserrimi
2571 2738 2717 2794 illius
2752 2740 2989 2811 episcopi
3040 2757 3137 2812 per
3196 2741 3407 2811 plateas
3458 2744 3515 2799 in
3561 2747 3783 2800 vestibus

2217 2830 2630 2900 pretiosissimis
2679 2830 3071 2902 gloriabantur.
3126 2833 3563 2892 Acclamationes
3616 2852 3786 2893 servo-

2220 2939 2340 2977 rum
2388 2924 2482 2980 Dei
2530 2925 2691 2979 surda
2746 2926 3033 2996 episcopus
3080 2940 3215 2981 aure
3265 2929 3786 2998 pertransibat,cum

2217 3016 2362 3072 enim
2393 3017 2472 3073 eis
2507 3018 2762 3088 praelatus
2801 3026 2977 3085 esset,
3017 3034 3205 3075 eorum
3248 3021 3641 3091 querimoniam
3690 3031 3792 3076 tan-

530 3116 641 3190 tur,
671 3133 793 3194 post
826 3123 1150 3179 venerabilis
1174 3122 1425 3178 Autberti
1479 3122 1760 3178 decessum
1787 3123 1935 3194 regia
1978 3139 2116 3193 prae-
2143 3150 2184 3207 ρ
2221 3124 2393 3207 (ἰυθῐη-
2432 3124 2463 3163 ³
2500 3109 2649 3165 ηυΠο
2701 3110 3030 3182 arguendos.
3071 3126 3182 3168 ηοη
3233 3112 3354 3207 sine
3402 3113 3566 3169 multa
3620 3114 3787 3169 00de

530 3214 782 3284 ceptione
814 3213 1107 3285 regendum
1135 3212 1275 3267 idem
1299 3211 1596 3268 cmuobiale
1644 3214 1883 3282 suscepit
1926 3228 2115 3268 mona—

534 3308 787 3362 sterium.
817 3309 935 3375 Quo
963 3322 1087 3361 cum
1111 3306 1317 3376 aliquot
1336 3305 1539 3376 potitus
1565 3315 1712 3361 esset
1736 3306 1915 3371 annis,
1944 3306 2117 3361 Drau-

535 3397 743 3452 sionem
794 3395 1156 3451 Suessionicae
1182 3394 1421 3451 civitatis
1459 3393 1777 3463 episcopum
1818 3394 1932 3448 vita
1978 3411 2113 3449 cou—

526 3482 653 3559 tigit
688 3487 987 3558 excedere,
1034 3486 1329 3556 sedemque
1376 3483 1522 3538 illam
1556 3483 1866 3553 aliquandiu
1911 3485 2115 3554 absque

532 3590 746 3635 rectore
768 3594 991 3634 vacuam
1018 3592 1255 3633 manere.
1307 3575 1437 3631 Post
1484 3574 1601 3644 ejus
1634 3586 1817 3631 autem
1859 3575 2115 3645 lugubres

528 3669 778 3736 inferias,
810 3669 1052 3725 unanimi
1110 3667 1339 3725 consilio
1372 3667 1515 3741 regis
1548 3676 1601 3722 et
1632 3665 1831 3723 civium
1876 3658 2115 3723 Waritn-

602 3936 713 4006 (ἶῖ)
756 3935 872 3991 Duo
895 3935 1010 3992 haec
1046 3937 1303 3991 miracula
1361 3935 1414 3990 in
1454 3934 1643 3991 eadem
1670 3933 1794 3990 Vita
1823 3935 1903 3991 sic
1938 3935 2114 3993 fusius

529 4007 955 4077 distinguuntur,
980 4017 1038 4061 ut
1059 4009 1200 4077 quod
1224 4009 1289 4062 de
1324 4007 1495 4077 prima
1522 4006 1748 4077 muliere
1781 4006 1869 4061 hic
1896 4007 2113 4076 dicitur,

531 4076 805 4132 dividatur
832 4079 972 4132 inter
1001 4076 1211 4143 ambas,
1251 4076 1355 4132 hoc
1406 4077 1602 4131 modo:
1635 4095 1654 4128 ι
1690 4076 1810 4131 Alio
1834 4077 2113 4131 nihilomi-

531 4163 635 4201 nus
661 4156 922 4217 tempore,
953 4148 1199 4217 qumdam
1234 4147 1521 4202 admodum
1560 4146 1885 4217 paupercula
1908 4148 2116 4202 exstitit

531 4217 749 4283 mulier,
780 4218 864 4272 cui
902 4218 1050 4271 arida
1083 4232 1275 4272 manus
1307 4218 1453 4287 omni
1478 4218 1743 4272 exhausta
1779 4217 2116 4287 dependebat

531 4288 779 4353 humore,
807 4295 868 4341 ut
888 4287 1094 4343 ramale
1136 4296 1311 4342 vetus.
1340 4286 1465 4342 Haec
1491 4287 1634 4341 enim
1687 4286 1950 4351 marcida,
1996 4303 2117 4343 are-

532 4365 724 4428 scente
782 4371 1095 4428 nervorum
1141 4371 1437 4428 compage,
1495 4365 1702 4428 tantum
1731 4359 1999 4428 torpebat
2046 4360 2116 4413 ad

529 4427 692 4508 otia,
750 4426 1305 4508 imposquedabgris,
1339 4426 1474 4508 folo
1524 4426 2111 4508 inhaerebatjbracliio,

2230 3211 2285 3256 et
2313 3202 2426 3257 oris
2472 3204 2804 3273 arrogantia,
2860 3204 3198 3262 imminentis
3253 3203 3358 3263 sibi
3406 3208 3650 3263 vindicta:
3703 3223 3792 3263 ne-

2217 3293 2384 3358 scius,
2408 3309 2505 3362 pro
2537 3295 2706 3351 nihilo
2728 3296 3038 3368 reputabat.
3071 3297 3156 3353 Ad
3186 3297 3400 3355 libitum
3447 3315 3601 3355 suum
3641 3301 3791 3354 mise-

2218 3398 2338 3438 rum
2363 3383 2533 3453 illum,
2556 3385 2647 3455 qui
2679 3388 2921 3458 pastoris
2965 3388 3186 3460 indigne
3239 3390 3343 3445 sibi
3394 3406 3585 3446 nomen
3644 3406 3793 3445 usuro

2217 3484 2479 3547 paverat,
2539 3492 2668 3533 oves
2719 3478 2935 3535 Domini
2988 3496 3094 3536 non
3144 3498 3273 3540 suetas
3329 3492 3565 3549 tractare
3608 3483 3792 3546 licuit;

2218 3586 2408 3625 verum
2450 3570 2612 3641 illius,
2645 3572 2801 3641 cujus
2854 3585 3012 3630 erant
3045 3578 3301 3648 pr0prize,
3328 3593 3522 3633 manus
3563 3576 3797 3648 effugere

2212 3664 2366 3721 nullo
2400 3665 2562 3722 modo
2589 3666 2783 3739 potuit.
2832 3667 3033 3727 Audiat
3068 3684 3200 3742 ergo
3247 3671 3455 3729 intente
3499 3654 3798 3743 quicunque

2216 3931 2371 4003 tonio
2398 3932 2454 3988 in
2490 3932 2647 3989 annis
2668 3932 2855 4003 procul
2889 3934 3054 3990 dubio
3084 3937 3370 3994 senilibus.
3401 3936 3533 3993 Nam
3566 3937 3794 3994 arefacta

2215 4002 2362 4058 illius
2384 4004 2594 4069 dextra,
2625 4002 2775 4073 spem
2797 4005 2868 4072 ei,
2894 4005 3147 4071 salutem,
3183 4008 3473 4073 auxilium,
3513 4010 3794 4064 consilium

2212 4074 2551 4147 subduxerat
2581 4090 2596 4140 ;
2653 4082 2712 4147 et
2756 4076 2847 4147 ab
2883 4075 3002 4147 ipso
3036 4078 3287 4147 genuina:
3321 4087 3445 4133 ortu
3481 4081 3795 4140 nativitatis,

2254 4142 2566 4216 erplexisjn
2601 4144 2722 4216 vola
2745 4142 2951 4215 digitis,
3001 4142 3252 4203 effectum
3275 4149 3485 4216 pariter
3525 4148 3796 4204 adetnerst

2203 4213 2439 4284 laberis.
2472 4213 2767 4271 Confidens
2798 4213 2977 4287 autem
3015 4218 3115 4272 sibi
3135 4213 3304 4287 posse
3334 4218 3523 4275 Sancti
3546 4220 3796 4275 virtutem

2217 4297 2558 4355 succurrere,
2590 4300 2711 4355 qua:
2735 4284 3034 4355 profectum
3062 4284 3255 4343 salutis
3294 4289 3419 4345 aliis
3447 4300 3797 4345 consueverat

2202 4353 2421 4427 inferre
2446 4370 2463 4427 ;
2492 4353 2622 4427 cum
2641 4353 2859 4425 copiosa
2887 4372 3051 4412 manu
3081 4358 3362 4427 debilium,
3413 4360 3482 4415 ad
3528 4362 3795 4420 eumdem.

2219 4424 2308 4479 ubi
2336 4426 2497 4502 aegris
2551 4423 2808 4502 frequens
2868 4427 3087 4502 patebat
3129 4423 3441 4502 medicina,
3486 4430 3796 4502 suppliciter

518 4493 867 4565 plenitudine
900 4493 1101 4571 viroris
1127 4496 1308 4571 elfeta.
1334 4496 1467 4571 Cum
1502 4505 1683 4571 autem
1721 4497 1891 4571 relatu
1920 4497 2113 4571 multo-
2143 4506 2192 4564 ι)
2220 4493 2669 4571 accessitlocum.
2698 4493 2798 4571 Ubi
2836 4493 2960 4552 cum
2992 4497 3200 4571 aliquot
3221 4493 3795 4571 invigilasset'dicbm.

534 4582 653 4620 rum
671 4567 1048 4636 comperisset,
1081 4567 1147 4621 ad
1194 4568 1376 4622 Sancti
1410 4567 1749 4632 memoriam,
1785 4567 2114 4623 creberrime

532 4644 858 4698 aegrotantes
882 4651 1227 4704 concurrere,
1254 4637 1496 4705 ejusdem
1528 4637 1733 4691 amoris
1776 4637 1982 4692 facibus
2022 4652 2114 4692 ac-

530 4721 715 4773 censa,
766 4706 832 4761 ad
866 4707 1043 4763 locum
1101 4716 1213 4762 toto
1261 4708 1392 4762 orbe
1448 4707 1813 4762 venerandum
1868 4708 2115 4777 pet‘Venit

531 4777 750 4847 anhela.
782 4777 926 4832 Inter
959 4780 1297 4847 promiscuas
1342 4794 1471 4832 vero
1514 4788 1745 4842 turmas,
1778 4792 1985 4841 sacras,
2022 4793 2113 4831 ea-

532 4846 653 4899 dem
710 4862 817 4915 qua
875 4846 1092 4903 advenit
1150 4858 1326 4909 nocte,
1385 4847 1593 4918 vigilias
1648 4847 2005 4909 continuavit,
2060 4856 2113 4902 et

529 4919 1016 4988 sequentcm‘diem
1046 4934 1167 4988 cum
1219 4917 1463 4988 pluribus
1519 4917 1771 4973 festivum
1804 4918 1855 4971 in
1916 4918 2111 4972 divinis

530 4987 711 5056 exegit
752 4986 1017 5043 laudibus.
1048 4986 1158 5043 Sed
1187 4986 1312 5043 dum
1363 4986 1601 5042 fraterna
1660 4994 1873 5042 caterva
1925 5001 2111 5041 saero-

530 5066 719 5110 sancta
758 5058 971 5125 publice
1010 5059 1300 5113 missarum
1336 5057 1597 5112 solemnia
1627 5056 1951 5126 percoleret,
1976 5071 2105 5111 ecce

532 5127 681 5179 nervi
707 5130 975 5196 protendi,
1000 5137 1054 5183 et
1093 5144 1158 5182 ex
1189 5128 1481 5197 improviso
1515 5128 1623 5183 acsi
1655 5127 1951 5181 inanimata
2006 5141 2113 5182 coe-

530 5197 864 5268 pitgspecies
911 5198 1161 5252 animari.
1202 5197 1487 5252 Ventilatis
1538 5211 1773 5268 namque
1816 5197 2108 5268 digitomm

532 5266 797 5333 articulis,
830 5269 1090 5322 continuo
1114 5283 1305 5322 manus
1332 5268 1662 5334 illi,obtcntu
1686 5266 1910 5323 reviruit
1934 5270 2107 5322 sancti

532 5338 849 5404 pontificis;
884 5338 1204 5408 rediensque
1234 5339 1285 5391 in
1344 5340 1554 5403 florem,
1586 5339 1903 5393 muliebrem
1933 5339 2109 5408 denuo

530 5408 722 5475 pidicit
778 5408 916 5478 inire
975 5406 1231 5464 laborem.
1276 5410 1555 5465 Accedens
1607 5425 1735 5478 ergo
1789 5408 1855 5461 ad
1912 5406 2104 5472 altare,

532 5477 743 5548 cunctis
801 5477 1132 5534 intuentibus
1191 5480 1492 5535 incolumen
1563 5477 1786 5548 protulit
1844 5493 2104 5530 manum:

532 5545 716 5615 ibique
738 5563 835 5602 suo
862 5548 1200 5605 satisfaciens
1231 5551 1511 5611 desiderio,
1564 5545 1750 5617 sospes
1779 5548 1846 5602 ad
1891 5548 2106 5616 propria

526 5617 913 5687 contingenti
959 5622 1217 5674 remeavit
1254 5621 1465 5674 laetitia.
1516 5619 1698 5673 Altera
1756 5619 1881 5671 item
1916 5618 2109 5670 mulier

535 5686 869 5758 tenuissimis
923 5703 1139 5743 suarum
1196 5705 1379 5743 rerum
1419 5690 1763 5743 facultatibus
1819 5703 2042 5758 pattpt'r,
2075 5702 2104 5742 a

532 5754 804 5824 primaevae
845 5757 1025 5814 aetatis
1055 5760 1340 5828 vagitibus,
1405 5760 1592 5814 eodem
1633 5754 1892 5831 agebatur
1928 5754 2105 5812 ’ἱιιΓυιτς

2218 4565 2270 4618 in
2297 4566 2570 4642 continuis
2604 4566 2707 4636 piae
2748 4565 3144 4623 obsecrationis
3171 4565 3471 4642 persistens
3501 4571 3749 4642 precibus
3780 4584 3793 4621 :

2214 4636 2623 4707 quodpeneex
2656 4646 2909 4692 materno
2960 4648 3117 4693 utero
3162 4636 3444 4707 amiserat,
3479 4636 3567 4697 diu
3614 4650 3795 4707 optata

2214 4706 2539 4783 sanctissimi
2604 4707 2932 4783 confessoris
2973 4709 3176 4783 Christi
3235 4711 3433 4783 meruit
3474 4706 3795 4783 patrocinio.

2216 4775 2496 4849 Siquidem
2521 4786 2641 4831 nost
2664 4778 2915 4849 diuturna
2944 4779 3125 4834 nimiae
3153 4775 3492 4848 aegritudinis
3525 4792 3794 4849 tempora.

2214 4845 2383 4919 aridis
2399 4846 2742 4919 invitamento
2762 4847 3028 4914 articulis,
3063 4845 3323 4904 rediviva:
3344 4845 3658 4918 juventutis'
3674 4868 3795 4919 gra-

2215 4917 2289 4990 tia
2322 4915 2694 4985 respleuduit;
2741 4927 2796 4990 et
2843 4919 2986 4973 cutis
3027 4915 3359 4989 superducta
3387 4923 3592 4989 manui,
3627 4915 3789 4990 gem-

2211 4987 2362 5040 dtevo
2391 4995 2724 5059 consumptae
2753 4988 2881 5053 situ,
2935 4987 3168 5043 maxima
3196 5006 3325 5059 pars
3378 4987 3797 5047 miraculi‘revi-

2212 5057 2550 5131 rescentihus
2574 5058 2785 5112 exstitit
2824 5060 3024 5114 nervis.
3083 5057 3287 5114 Eadem
3335 5062 3553 5131 insuper
3582 5064 3793 5117 dextra.

2214 5126 2283 5199 ita
2311 5126 2361 5179 in
2392 5127 2565 5199 oculis
2617 5139 2937 5199 cunctorum
2989 5132 3243 5199 apparuit
3293 5126 3612 5195 sanissitna,
3657 5146 3719 5184 ac
3752 5133 3791 5181 si

2212 5196 2265 5249 in
2289 5212 2351 5272 ea
2390 5198 2522 5250 nihil
2551 5198 2875 5272 periculi,in
2904 5196 3178 5272 transacto
3205 5213 3314 5254 tam
3352 5202 3509 5272 longo
3531 5203 3664 5272 vitae
3686 5215 3793 5272 suae

2210 5268 2408 5341 spatio,
2440 5268 2779 5341 pertulerint.
2812 5268 2965 5324 Tunc
2992 5270 3228 5340 primum
3272 5268 3497 5341 compos
3538 5270 3789 5328 laniﬁcii,

2213 5337 2494 5410 muliebria
2524 5338 2759 5394 feliciter
2794 5337 3053 5410 exercere
3092 5354 3261 5410 opera
3314 5337 3538 5406 didicit;
3574 5352 3635 5396 et
3676 5355 3793 5407 qua:

2210 5408 2359 5475 prius
2419 5408 2667 5481 diurnam
2719 5410 2818 5464 sibi
2878 5408 3490 5481 ostiatim'providebat
3541 5411 3747 5479 stipem
3778 5449 3791 5461 .

2210 5478 2551 5544 postmodum
2582 5479 2719 5541 colo,
2772 5482 2887 5534 fuso
2926 5489 2981 5533 et
3022 5480 3111 5534 filo
3142 5478 3491 5550 superstitem
3520 5482 3793 5550 vegetavit

2208 5558 2562 5619 senectutem.
2599 5549 2884 5603 Incolumis
2917 5566 3049 5618 ergo
3090 5549 3308 5616 effecta,
3344 5554 3396 5605 in
3421 5549 3627 5619 juhilos
3652 5552 3793 5603 vocis

2209 5617 2402 5693 collata
2427 5619 2527 5673 sibi
2553 5620 2829 5693 attollebat
2846 5617 3136 5687 beneficia;
3165 5617 3525 5693 repetensque
3549 5624 3789 5682 domum,

2210 5689 2486 5752 divinum,
2548 5691 2955 5761 quibuscunqnc
3009 5693 3183 5761 potuit
3213 5689 3240 5759 ,⁷
3284 5689 3551 5748 revelavit
3610 5704 3789 5746 sacra-

2208 5770 2467 5812 lllt‘llllllll.
