3902 6316
72 390 217 457 IS”

1242 374 1249 377 “
1342 389 1494 448 vm
1536 391 1593 448 s.
1636 387 2087 449 consessu).

3221 390 3358 446 1518

74 509 425 581 ρι-ωιτιιὶοηίε
455 510 838 567 ecclesiasticae
868 511 1107 583 fungitur
1133 509 1326 572 ofﬁcio.
1353 526 1517 581 quam
1569 521 1680 563 ter-
1714 504 2219 576 A'probrationibus
2263 506 2674 564 contumeliosis
2720 506 3175 581 insequerentur;
3226 503 3362 559 furi-

84 602 239 657 ribili
270 618 370 671 pro
403 606 504 661 hac
535 619 816 662 servorum
846 606 941 661 Dei
967 606 1352 663 reclamatione
1381 619 1671 675 percussus

69 693 147 746 sit
171 691 408 761 judicio.

159 782 261 840 37.
299 783 433 839 Erat
464 784 729 856 siquidem
786 787 839 841 in
872 800 1011 857 pago
1067 784 1471 843 Cenomannico
1498 784 1673 856 quod—

80 874 216 928 dam
240 876 533 945 prmdium,
577 876 720 946 quod
749 890 843 930 rex
873 875 1209 947 Sigebcrtns,
1262 875 1502 944 ejusdem
1548 876 1677 930 aedi-

79 961 295 1018 ﬁcator
316 965 589 1032 ecclesiar,
625 967 693 1021 ad
746 964 885 1035 ejus,
912 982 1076 1036 quam
1110 966 1240 1021 inibi
1299 965 1527 1023 Domino
1580 981 1675 1036 ag-

79 1066 417 1126 gregaverat
467 1059 943 1129 congregationis,
996 1052 1309 1114 ﬁrmaverat
1357 1058 1672 1113 dominium.

81 1142 367 1200 Prandium
403 1145 530 1202 illud
580 1145 842 1203 Matrallis
886 1148 1186 1217 dicebatur,
1239 1163 1307 1203 ex
1370 1147 1678 1203 Britannica

82 1234 434 1293 vid'elicctet
462 1237 652 1294 Latina
701 1238 883 1311 lingua
926 1240 1147 1296 nomine
1170 1240 1489 1311 composito,
1538 1240 1682 1311 quod

83 1326 435 1386 Bona-vallis
467 1339 653 1387 nostro
679 1331 887 1397 scilicet
931 1342 987 1388 et
1012 1332 1269 1388 Romanae
1320 1332 1515 1404 lingua:
1562 1334 1682 1388 vul-

89 1421 218 1488 gari
262 1430 444 1491 potest
486 1424 833 1495 interpretari
882 1425 1114 1497 eloquio.
1145 1425 1446 1483 Matvallem
1500 1426 1686 1497 itaque

86 1507 271 1577 illam,
305 1510 379 1585 id,
411 1520 495 1569 est
523 1512 761 1581 Boname
790 1513 1008 1580 vallem,
1038 1515 1164 1586 quia
1214 1515 1397 1571 multis
1448 1515 1687 1571 abundat

91 1599 426 1667 redditibus,
490 1601 611 1673 ipse
660 1605 762 1660 sibi
799 1604 1196 1665 Warimbcrtus
1237 1607 1303 1662 ad
1327 1605 1686 1678 perditionem

84 1703 254 1743 suam
274 1702 650 1765 nsurpavperat,
680 1703 735 1749 et
759 1708 827 1751 ex
852 1704 964 1753 toto
987 1696 1263 1768 neglectis,
1281 1696 1685 1765 sicutdiximns,

86 1778 374 1839 fratribus
405 1780 534 1849 illis,
566 1783 709 1841 villae
730 1785 873 1843 illius
904 1801 1102 1844 census
1127 1788 1241 1844 suis
1268 1789 1456 1844 usibus
1479 1788 1688 1843 manci-

86 1873 287 1940 pabat.
310 1872 575 1932 Gemebat
627 1876 869 1935 Medardi
924 1894 1130 1951 pauper
1157 1882 1527 1952 congregatio,
1557 1881 1683 1952 quia
1717 1860 1763 1920 Β

85 1966 242 2035 quod
274 1980 464 2023 eorum
487 1978 604 2024 erat
642 1971 830 2027 usibus
857 1972 1197 2043 deputatum,
1244 1984 1433 2032 contra
1463 1976 1685 2032 cationi-

83 2071 220 2112 cam
253 2059 660 2117 institutionem
703 2063 842 2120 male
881 2065 1279 2136 dilapidabatur
1308 2067 1362 2122 in
1386 2067 1683 2137 episcopio.

83 2148 349 2219 Quadam
391 2151 573 2221 itaque
603 2152 712 2217 die,
736 2168 861 2211 cum
891 2157 1189 2212 secundum
1215 2157 1684 2224 consuetudinem,

83 2239 159 2294 de
194 2241 408 2312 praedio
445 2243 537 2299 illo
582 2244 824 2323 plaustra
849 2256 1068 2315 onusta,
1100 2257 1160 2305 ut
1196 2250 1452 2318 diximus,
1498 2253 1567 2308 ad
1593 2267 1690 2324 pa-

84 2328 297 2385 latium
326 2333 630 2415 episcopale
681 2336 1126 2406 deducerentur,
1175 2351 1451 2412 comperta
1483 2342 1683 2399 fratres

84 2421 170 2476 illi
203 2424 449 2495 episcopi
489 2428 759 2493 absentia,
811 2430 1058 2487 vehicula
1094 2431 1206 2500 illa,
1249 2442 1439 2503 utpote
1462 2448 1582 2504 quae
1603 2436 1688 2489 sui

77 2524 262 2569 erant
293 2515 461 2586 juris,
497 2518 564 2573 ad
593 2520 766 2575 sancti
797 2521 1045 2597 prasulis
1093 2523 1365 2580 divertere
1396 2533 1693 2597 coegerunt

78 2604 393 2664 ecclesiam
417 2625 434 2676 ;
472 2625 583 2666 non
609 2611 952 2684 diti‘ugientes
975 2628 1077 2686 pro
1097 2614 1415 2674 defensione
1438 2616 1689 2689 iustitiae,

87 2698 139 2755 si
178 2714 413 2770 quoquo
455 2703 617 2758 modo
671 2702 992 2772 inferretur,
1042 2707 1380 2778 corporalem
1425 2709 1695 2766 sustinere

80 2790 440 2875 molestiam.
506 2792 615 2850 Sua
670 2809 801 2867 ergo
858 2812 984 2854 cum
1054 2798 1168 2855 suis
1216 2800 1585 2871 reposuissent
1639 2802 1692 2857 in

78 2885 517 2953 promptuariis,
549 2888 893 2959 sanctissimi
912 2890 1008 2946 Dei
1029 2891 1246 2949 athleta:
1274 2892 1695 2966 lacrymabiliter

82 2974 481 3032 sollicitabant
507 2978 726 3047 merita,
748 2988 1016 3050 quatenus
1035 2992 1132 3038 aut
1162 2983 1279 3055 ejus
1307 2984 1696 3041 intercessione

1775 599 1993 654 bnndus
2041 598 2156 668 ipsc
2185 598 2448 668 pontifex,
2497 615 2596 669 per
2642 600 2876 655 medium
2922 613 3111 655 eorum
3158 598 3387 651 irrum-'

1776 704 1930 759 pens,
1956 698 2386 761 praesumptuose
2423 690 2586 745 nimis
2614 698 2670 744 et
2706 705 2829 746 cum
2862 689 3031 759 multa
3080 687 3361 758 superbia,

1787 780 2102 835 excruciari
2133 780 2386 835 custodes
2421 779 2754 847 minabatur,
2780 778 2885 836 nisi
2909 780 3019 837 cito‘
3057 779 3158 836 sibi
3179 778 3365 848 janute

1779 874 2145 943 aperirentur.

1849 964 1938 1020 38.
2001 963 2057 1019 ln
2119 972 2226 1019 tam
2279 965 2546 1021 eminenti
2596 965 2789 1021 mortis
2834 967 3174 1031 discrimine,
3223 963 3367 1019 servi

1783 1055 1879 1111 Dei
1914 1063 2230 1122 trementes,
2262 1056 2372 1111 Deo
2393 1065 2448 1111 et
2495 1057 2552 1113 S.
2588 1055 2861 1123 Medardo,
2904 1071 3010 1111 non
3052 1057 3170 1111 sine
3198 1053 3368 1110 multa

1783 1146 2149 1218 lacrymarum
2192 1146 2508 1217 profusione
2537 1148 2749 1203 animas
2806 1162 2935 1203 suas
2962 1143 3367 1209 commendant,

1785 1248 1838 1295 et
1903 1239 1982 1295 sic
2038 1239 2301 1307 divinitus
2362 1238 2610 1303 animati,
2653 1237 2855 1308 aperiri
2914 1237 3216 1293 furentibus
3266 1233 3391 1299 illis,

1781 1330 2311 1401 jubentecclesiam.
2371 1332 2495 1387 Mox
2544 1329 2729 1386 infelix
2783 1332 3067 1401 episcopus
3098 1330 3372 1397 ingressus

1788 1426 2220 1489 monasterium,
2276 1435 2334 1479 ut
2390 1440 2516 1480 eum
2570 1424 2663 1494 qui
2718 1424 2823 1479 sibi
2877 1430 3164 1493 aperuerat
3198 1462 3210 1484 ,
3265 1434 3375 1489 prae

1789 1517 1956 1572 nimio
1988 1516 2194 1571 timore
2221 1531 2378 1572 secus
2404 1515 2599 1585 januas
2653 1515 2896 1593 percepit
2942 1514 3371 1573 delitescentem,

1793 1617 1901 1662 tam
1927 1607 2109 1662 valide
2129 1607 2213 1661 illi
2246 1607 2521 1672 baculum,
2549 1622 2715 1678 quem
2738 1622 2900 1661 manu
2925 1606 3192 1677 gestabat,
3225 1601 3377 1657 illisit

1792 1702 1844 1756 in
1874 1700 2073 1771 capite,
2100 1709 2184 1765 _ut
2236 1714 2375 1770 pene
2398 1708 2568 1755 totum
2617 1699 2734 1769 ejus
2775 1698 3159 1761 vestimentum
3203 1710 3377 1749 exun-

1793 1792 1943 1849 danti
1992 1800 2374 1849 cruentaretur
2434 1794 2717 1865 sanguine.
2791 1791 3140 1863 Stupefactus
3209 1789 3377 1844 frater

1791 1894 1845 1941 et
1871 1899 2009 1955 pene
2050 1885 2328 1951 decidens,
2355 1885 2426 1940 ad
2479 1885 2645 1940 Deum
2699 1884 3037 1955 suspiravit;
3071 1882 3199 1938 etei
3246 1896 3378 1951 que-

1791 1976 2040 2034 rimoniae
2065 1976 2225 2046 hujus
2252 1992 2497 2046 causam,
2528 1993 2653 2033 cum
2676 1978 2837 2034 aliter
2865 1991 2970 2032 non
3003 1982 3373 2046 praesumeret,

1790 2073 1980 2129 intimo
2014 2071 2216 2141 cordis
2271 2084 2551 2127 murmure
2629 2067 3052 2141 lacrymabiliter
3102 2079 3381 2121 commen-

1791 2161 1960 2216 davit.
1990 2160 2229 2216 Audiant
2262 2160 2484 2230 tyranni
2511 2174 2795 2215 servorum
2820 2156 2919 2217 Dei
2941 2154 3377 2215 reclamationes,

1790 2262 1846 2307 et
1876 2261 2239 2319 reverentur;
2268 2250 2507 2313 audiant
2561 2249 2748 2305 ﬁdeles
2790 2247 2993 2318 quique
3029 2244 3379 2300 celeri-imam

1797 2344 1888 2399 Dei
1912 2342 2358 2410 consolationem,
2404 2350 2465 2398 et
2520 2339 2917 2398 confer-tentur.
2968 2336 3163 2392 Statim
3216 2337 3381 2388 etiam

1793 2440 2198 2497 infelicissimus
2221 2439 2311 2495 ille
2332 2436 2758 2503 Warimbertus,
2791 2449 2987 2491 excors
3014 2442 3074 2489 et
3123 2427 3382 2500 imposui-

1794 2542 1939 2600 tens,
1962 2548 2088 2588 mox
2114 2542 2174 2588 ut
2198 2541 2325 2588 ante
2344 2529 2673 2587 sanctissimi
2690 2525 3031 2585 confessoris
3060 2520 3379 2579 memoriam

1796 2624 2340 2695 tanquamjoraturus
2377 2637 2554 2692 genua
2600 2619 2778 2685 ﬂexit,
2833 2617 3015 2691 divino
3068 2610 3384 2690 terribiliter

1795 2730 2093 2790 percussus
2130 2715 2357 2787 judicio,
2399 2712 2610 2770 diﬁ‘usis
2653 2727 2752 2784 per
2793 2710 2898 2764 alvi
2948 2716 3158 2764 secreta
3209 2703 3385 2757 visce-

1796 2812 1971 2880 ribus,
1999 2807 2388 2867 miserabiliter
2413 2804 2703 2877 expiravit.
2729 2802 2957 2859 Fratres
2979 2808 3161 2855 autent
3201 2793 3382 2852 ecclc-

1800 2904 1919 2972 sia,
1969 2903 2170 2960 malum
2235 2916 2337 2972 pro
2390 2900 2537 2955 malo
2589 2897 2821 2955 reddere
2875 2893 3142 2958 nolentes,
3182 2885 3409 2947 fratris

1798 2994 1965 3062 illius,
1989 3008 2152 3066 quem
2181 3005 2498 3065 percussum
2520 2986 2981 3055 diximus,'scdata
3021 2978 3386 3053 querimonia,

86 3066 438 3123 furibundus
462 3067 551 3125 ille
588 3068 811 3126 invasor
845 3070 1175 3141 placaretur,
1197 3084 1294 3130 aut
1336 3072 1455 3145 ejus
1504 3075 1697 3131 defen-
1797 3100 1999 3158 corpus
2029 3084 2270 3143 defuncti
2293 3081 2593 3139 honoriﬁce
2614 3082 2667 3137 ὶιι
2691 3080 2809 3151 ipsa
2832 3077 3023 3135 eadem
3055 3073 3411 3145 sepelierunt,

82 3160 261 3247 s‘one
316 3159 387 3213 ab
432 3158 551 3227 ejus
601 3170 1017 3232 protegerentur
1068 3163 1299 3233 insania.
1353 3163 1768 3247 Verebantur;n
1799 3176 2028 3234 ecclesia
2818 3192 2823 3197 ‘

82 3246 407 3317 siquidem,
434 3219 579 3318 quod
601 3219 715 3306 non
742 3219 866 3321 post
900 3219 1146 3308 multum
1196 3219 1771 3324 provenissetuiis—iC
1799 3219 2080 3326 ’.υξᾷῗῖιὴ
2130 3281 2275 3337 saepe
2325 3280 2425 3337 per
2475 3260 2778 3320 beatissimi
2828 3257 3102 3332 pontiﬁcis
3144 3253 3389 3311 Medardi

86 3337 287 3415 ﬁrmi“
334 3339 518 3395 ἀίνίυα
567 3341 771 3412 lugenti
816 3358 932 3399 sum
975 3342 1200 3400 “milia?
1234 3346 1701 3417 Ρΐορῖῑῖθυίηειθ·
1803 3360 2059 3415 meritum
2082 3357 2324 3428 gloriosa
2378 3354 2515 3410 ﬁunt
2568 3349 2872 3408 miracula:
2926 3347 2998 3404 ibi
3035 3346 3126 3416 qni
3158 3342 3393 3400 ﬁdeliter

93 3428 324 3507 ruentia
390 3430 751 3488 subvenisset.
816 3432 888 3489 Ut
948 3434 1091 3489 enim
1140 3436 1207 3490 ad
1261 3435 1501 3506 episcopi
1558 3437 1688 3506 quod

1805 3458 2121 3523 precantur,
2180 3456 2334 3520 grata
2381 3453 2789 3517 consequuntur
2814 3440 3095 3497 remedia:
3128 3436 3203 3492 ibi
3239 3444 3391 3491 certa

87 3515 318 3573 factum
366 3528 487 3575 erat
535 3523 781 3592 pervenit
830 3523 1107 3591 notitiam,
1150 3525 1294 3596 prob
1340 3526 1531 3583 dolor!
1594 3542 1688 3583 nor

1807 3515 1938 3599 vere
1962 3515 2350 3613 paenitentibus
2372 3554 2481 3594 non
2513 3515 2814 3607 denegatur
2849 3528 3208 3601 indulgentia,
3228 3543 3392 3597 quam

91 3617 427 3668 retractans
475 3612 873 3673 institutionem
922 3618 1263 3684 canonicam,
1296 3634 1397 3675 nec
1440 3621 1706 3677 reveritus
1792 3612 1973 3689 ἰιοωέ
2026 3612 2249 3701 quoque
2298 3626 2718 3698 peccatoribus,
2782 3623 2856 3679 de
2907 3621 3147 3692 ejusdem
3213 3626 3395 3673 tamen

84 3701 427 3775 iudicialem
450 3704 545 3761 Dei
569 3708 919 3776 sententiam.
952 3724 1076 3767 cum
1133 3710 1365 3768 fustibus
1390 3720 1447 3768 et
1488 3712 1699 3784 gladiis,
1816 3723 1993 3794 gratia
2026 3736 2135 3778 non
2162 3719 2601 3792 desperantibus,
2637 3714 2998 3789 per'cjusdem
3050 3712 3109 3769 S.
3154 3709 3393 3766 Medardi

92 3800 219 3851 non
242 3794 362 3864 jam
382 3799 666 3868 praelatus,
698 3815 889 3857 verum
915 3802 999 3858 vir
1043 3803 1447 3876 sanguinarius,
1505 3804 1572 3860 ad
1621 3805 1705 3875 ip-

94 3905 235 3946 sam
266 3888 339 3945 S.
372 3889 607 3949 Medardi
648 3907 773 3950 cum
826 3893 996 3950 multo
1046 3894 1312 3966 superbiae
1362 3895 1528 3964 fastu,
1577 3912 1702 3953 cum

95 3983 358 4039 indoctae
380 3983 558 4056 plebis
578 3995 871 4052 conventu,
915 4001 1080 4043 ausus
1125 3996 1214 4045 est
1260 4002 1557 4058 properare
1604 3989 1705 4045 ba-

98 4071 361 4127 silicam.
434 4073 676 4146 Cumque
742 4075 1110 4132 irreverenter
1171 4078 1467 4135 sanctuarii
1523 4078 1704 4150 regias

90 4172 502 4233 concuterent,
560 4181 762 4238 eosque
795 4168 888 4237 qni
938 4181 1037 4239 pro
1078 4168 1363 4226 subitanea
1409 4180 1706 4227 tormento-

93 4272 236 4312 rum
261 4271 496 4313 suorum
518 4260 923 4331 exspectatione
948 4260 1153 4319 aditum
1180 4261 1592 4329 obstruxerant,
1614 4276 1699 4318 ειν

1817 3812 2079 3884 largiatur
2108 3808 2575 3879 intercessionem,
2606 3808 2698 3879 qui
2739 3803 2992 3861 ﬁdelibus
3020 3801 3135 3858 suis
3175 3809 3397 3855 aeternae

1811 3901 2093 3958 felicitatis
2120 3898 2431 3971 repromisit
2456 3896 2908 3961 consolationem,
2946 3892 3105 3949 Jesus
3144 3889 3397 3947 Christus

1813 3992 1981 4047 Filius
2011 3991 2125 4057 Dei,
2180 3990 2274 4061 qui
2309 4004 2433 4046 cum
2487 3988 2600 4044 Deo
2628 3986 2791 4043 Patre
2839 3992 2896 4040 et
2943 3982 3152 4053 Spiritu
3207 3986 3397 4035 sancto

1814 4086 2021 4141 vivitet
2055 4093 2249 4155 regnat
2279 4086 2443 4152 Deus,
2468 4096 2568 4153 per
2593 4081 2779 4139 omnia
2815 4076 3010 4137 saecula
3047 4073 3394 4133 saeculorum.

1808 4178 1998 4234 Arnen.
2650 4204 2651 4207 η
3056 4186 3083 4211 κλ

91 4447 3397 4495 ______________________._______.____———————————-—-n

1126 4868 1499 4927 NOVIODUNI
1538 4868 1605 4924 IN
1645 4868 1938 4925 BELGICA
1980 4864 2294 4929 SECUNDA

582 4592 969 4766 VITA
1032 4637 1163 4765 s.
1235 4632 2238 4765 GODEBEBTIE
2328 4620 3046 4761 VIRGINIS

2506 4915 2523 4949 lt

383 5043 932 5137 AUCTORE
1030 5046 1183 5135 UT
1268 4960 3109 5190 vmmunparmno‘femi:on

1138 5258 1429 5328 (80mm).
1468 5257 1598 5311 Acta
1636 5253 1770 5317 SS.,
1807 5250 1979 5322 April.
2012 5260 2141 5306 tom.
2164 5249 2230 5317 ll,
2262 5266 2382 5321 pag.
2416 5249 2529 5320 53.)

562 5544 581 5551 ’⁷
654 5545 880 5603 CAPUT
918 5544 1203 5602 PRIMUM.

299 5641 370 5698 S.
403 5637 712 5695 Godeberla:
740 5641 980 5695 educatio
1009 5640 1094 5708 pia
1116 5647 1163 5692 et
1189 5638 1531 5692 consecratio.

1755 5526 1798 5580 Ι)
1826 5520 1959 5605 nos,
1992 5537 2077 5593 cui
2123 5551 2333 5594 sacrata
2364 5520 2491 5597 est,"
2510 5518 2853 5587 dchtissime
2879 5527 3139 5607 condecet
3165 5537 3415 5590 exorare,

1827 5641 1885 5686 ut
1915 5630 2175 5700 quidquid
2230 5630 2281 5683 in
2321 5625 2567 5681 laudibus
2612 5621 2727 5690 ejus
2778 5618 3246 5679 attentaverimus,
3302 5616 3419 5671 suis

170 5738 239 5791 ι.
288 5730 457 5787 Diem
488 5730 626 5785 hanc
659 5732 945 5802 gloriosam
987 5730 1219 5801 egregia:
1273 5728 1495 5798 virginis
1541 5727 1723 5783 GOtle-
1828 5722 2163 5777 orationibus
2191 5721 2242 5774 in
2277 5720 2367 5774 Dei
2399 5718 2627 5786 gratiam
2673 5716 2928 5785 impetret
2954 5709 3276 5767 redundare.
3309 5709 3415 5802 ξφ

82 5835 314 5898 bene,
354 5826 585 5891 fratres,
623 5824 947 5894 soletnniter
986 5822 1334 5890 celebraturi,
1384 5838 1502 5878 eant
1553 5823 1722 5893 ipsum

1836 5825 1984 5870 certo
2018 5815 2163 5870 cnim
2197 5812 2522 5870 credendum
2549 5818 2653 5877 est,
2696 5819 2884 5864 omnes
2914 5805 3005 5875 qni
3054 5810 3271 5859 sanctos
3320 5800 3417 5855 Dei
