3902 6316
519 372 658 429 1519

1592 361 1897 420 RADBODI
1930 360 2393 417 NOVIOMENSIS
2426 358 2739 419 EPISCOPI

3642 361 3742 417 πιὶο

509 499 726 557 quoquo
754 483 914 541 modo
937 489 1289 550 venerantur,
1346 481 1461 552 ipsa
1514 488 1828 535 sanctorum
1870 492 2101 533 venera-
2130 468 2179 539 λ
2208 478 2354 547 poris
2405 486 2649 532 sanctam
2702 473 2946 530 Noviomi
2994 474 3217 547 regebat
3276 472 3600 538 ecclesiam;
3631 475 3748 544 cujus

510 578 672 645 tione,
705 576 879 647 ipsam
906 576 999 631 Dei
1026 574 1388 645 majestatem,
1409 571 1563 641 cujus
1587 571 1765 643 gratia
1790 578 1954 625 tantae
1978 577 2105 624 sunt
2207 566 2458 637 exemplo
2486 576 2543 623 et
2566 566 2945 637 praedicatione
2974 582 3139 637 quam
3163 565 3318 621 multi
3356 566 3426 620 ab
3452 579 3627 621 errore
3652 581 3749 622 con-

511 668 895 730 venerationis.
940 683 1045 724 non
1088 682 1279 738 parum
1335 666 1623 722 honorare.
1675 665 1759 721 Ad
1809 663 1928 735 ejus
1973 676 2105 733 ergo
2207 660 2370 725 versi,
2399 659 2623 729 abjectis
2654 660 2922 717 idolorum
2948 660 3204 729 cultibus,
3260 659 3363 716 sub
3410 666 3560 715 tanto
3577 670 3750 730 pastore

507 757 736 827 gloriam
788 758 1017 828 insignis
1062 757 1178 814 haec
1205 756 1380 829 virgo,
1425 756 1579 828 cujus
1626 755 1918 811 transitum
1962 752 2097 811 cele-

2206 755 2365 811 fidem
2392 770 2450 811 se
2476 755 2784 825 suscepisse
2821 753 3147 811 catholicam
3202 769 3309 810 non
3338 768 3531 823 parum
3558 756 3749 825 gratula-

510 848 750 915 bramus,
777 849 920 903 unde
947 857 1073 903 nata
1106 847 1198 915 sit,
1229 856 1283 904 et
1311 846 1584 918 quomodo
1623 846 1677 901 in
1723 846 1825 902 hac
1853 844 2105 901 humani.-
2203 845 2425 901 bantur.
2458 844 2611 901 Hanc
2645 844 2810 916 igitur
2838 843 3247 916 benignissimae
3284 841 3486 899 indolis
3526 843 3749 926 oviculam

511 945 621 993 tate
646 938 874 995 Domino
900 939 1241 1006 deservierit,
1274 952 1503 1010 quaeque
1520 952 1621 1010 per
1650 951 1770 993 eam
1803 938 1946 993 Deus
1966 952 2101 1007 ope-

507 1040 660 1087 ratus
702 1031 774 1087 sit
820 1030 1108 1099 miracula,
1154 1044 1331 1103 quove
1377 1029 1487 1087 line
1541 1030 1817 1086 hominem
1864 1028 2101 1096 exuerit,

507 1118 676 1190 fpsius
696 1121 935 1191 ejusdem
958 1122 1170 1178 subnixi
1193 1122 1554 1187 orationibus,
1576 1120 1853 1179 dilectioni
1874 1129 2095 1190 vestrae,

510 1212 621 1271 Deo
646 1224 940 1283 annuente,
972 1215 1265 1270 subnotare
1288 1227 1673 1286 properamus.

575 1306 634 1361 2.
676 1305 803 1362 Haec
831 1306 1047 1376 quidem
1075 1306 1129 1362 in
1159 1321 1300 1378 pago
1326 1304 1772 1362 Ambianensium
1798 1304 1913 1377 (l3)
1942 1304 2100 1361 Chri-

508 1397 702 1455 stianis
743 1398 889 1454 edita
940 1397 1276 1468 parentibus,
1322 1406 1514 1453 sancto
1559 1397 1613 1451 in
1665 1396 1991 1465 baptismate
2029 1411 2098 1451 ex

509 1506 650 1562 aqua
674 1499 861 1545 renata
892 1498 947 1545 et
979 1488 1208 1559 Spiritu,
1253 1488 1374 1544 fidei
1428 1498 1633 1544 sanctae
1682 1487 2056 1544 institutiones
2080 1530 2095 1553 ,

505 1585 865 1654 undecunque
893 1592 1124 1654 poterat,
1151 1594 1207 1639 et
1236 1583 1466 1640 libenter
1494 1583 1823 1654 suscipiebat
1853 1592 1907 1639 et
1940 1600 2094 1640 reve-

506 1687 692 1734 renter
722 1676 1142 1747 exsequebatur.
1183 1676 1439 1733 Sentiens
1468 1691 1663 1746 nempe
1713 1675 2008 1732 mortifera:
2036 1691 2097 1731 se

508 1768 803 1824 conditioni
836 1768 1125 1823 obnoxiam
1151 1782 1217 1823 ex
1243 1767 1445 1834 debito,
1479 1767 1888 1823 tenerositatem
1920 1768 2098 1824 aetatis

2202 937 2627 1009 benignissimus
2681 937 2798 1007 ipse
2863 945 3053 1007 pastor
3116 934 3246 991 ovili
3312 950 3417 990 suo
3484 934 3752 990 deSldefall-

2205 1029 2413 1087 tissime
2436 1029 2771 1101 aggregavit,
2811 1042 2937 1085 cum
2966 1043 3089 1085 eam
3121 1026 3395 1100 spirituali
3450 1027 3635 1083 divinxe
3682 1030 3752 1083 de

2199 1123 2561 1196 sponsalionis
2600 1122 2799 1178 annulo
2836 1123 2905 1178 ab
2939 1122 3117 1177 activa
3147 1121 3256 1176 vita
3306 1121 3363 1175 in
3412 1122 3747 1190 contemplati-

2200 1229 2327 1270 vam
2352 1213 2621 1270 evocavit.
2651 1210 2744 1268 Sic
2765 1212 2948 1283 itaque
2971 1211 3126 1283 virgo
3145 1210 3367 1283 egregia
3409 1209 3474 1265 'in
3501 1221 3749 1281 conspectu

2201 1307 2351 1379 regia
2403 1313 2460 1361 et
2518 1303 2863 1376 principum,
2918 1303 3144 1360 blandas
3199 1312 3502 1375 parentum
3571 1319 3750 1359 suorum

2200 1394 2370 1451 libere
2402 1394 2659 1450 abdicans
2683 1393 3064 1464 persuasiones
3087 1434 3103 1460 ,
3138 1393 3399 1466 Eligium,
3428 1408 3582 1465 quem
3616 1392 3752 1465 Spiri-

2203 1494 2291 1542 tus
2311 1486 2497 1555 .sancti
2530 1484 2704 1556 gratia
2741 1483 3078 1555 spiritualem
3109 1485 3164 1540 in
3193 1484 3418 1540 Patrem
3458 1498 3749 1556 susceperat,

2201 1577 2347 1633 omni
2365 1579 2609 1633 submota
2628 1576 2905 1643 dilatione,
2925 1587 3113 1633 secuta
3135 1586 3241 1634 est.
3276 1578 3355 1633 Ex
3378 1578 3753 1648 lamimprovisa

2201 1671 2373 1727 sancti
2416 1671 2651 1741 Spiritus
2680 1668 3039 1739 inspiratione
3082 1679 3324 1728 astantes
3372 1680 3560 1742 stupor
3592 1672 3753 1727 multus

2204 1763 2519 1819 invaserat:
2558 1772 2713 1835 pater
2762 1764 2879 1835 ejus
2924 1763 3059 1821 flens
3086 1780 3251 1835 quam
3305 1764 3753 1820 familiariterrem

508 1877 620 1916 suae
670 1869 877 1916 sanctae
915 1860 1093 1916 crucis
1132 1860 1247 1930 jam
1301 1869 1428 1916 tunc
1466 1859 1866 1916 communiebat
1911 1860 2095 1930 signo;
2134 1849 2603 1913 Bconsiderabat.
2681 1857 2795 1914 Rex
2850 1858 3015 1915 etiam
3082 1858 3412 1923 Lotbarius,
3490 1858 3755 1929 nuptiarum

509 1958 781 2019 noctuque
820 1965 883 2005 ac
918 1949 1007 2003 die
1055 1950 1158 2021 piis
1216 1959 1532 2006 sanctorum
1588 1964 1708 2006 sese
1761 1949 2100 2005 orationibus

508 2041 810 2098 humillime
852 2043 1288 2099 commendabat.
1343 2040 1910 2108 Adolescentularum,
1961 2056 2101 2111 quas

511 2132 874 2189 irreverentes
902 2135 1169 2201 audierat,
1218 2133 1449 2189 lascivos
1474 2132 1718 2189 evitabat
1758 2140 2098 2200 conventus;

510 2237 647 2292 quas
672 2231 849 2278 autem
881 2224 999 2279 utili
1026 2234 1081 2280 et
1110 2224 1338 2279 honesto
1379 2223 1615 2279 intentas
1646 2228 1891 2287 noverat,
1932 2219 2013 2275 eis
2045 2229 2102 2277 et

512 2312 745 2370 libenter
774 2313 1039 2370 intererat
1080 2324 1135 2371 et
1186 2315 1393 2371 intente
1441 2312 1801 2369 imitabatur:
1853 2311 2103 2368 audierat

510 2406 709 2460 ctenim
740 2405 923 2476 pravis
975 2404 1506 2462 confabulationibus
1554 2418 1734 2461 mores
1775 2402 1950 2460 bonos
1977 2418 2101 2460 cor-

510 2496 686 2567 rumpi
718 2514 730 2549 :
760 2498 1007 2553 audierat
1028 2497 1193 2554 etiam
1221 2513 1345 2553 cum
1376 2505 1567 2553 sancto
1591 2504 1840 2552 sanctum
1881 2509 2024 2565 esse,
2044 2504 2102 2552 et

510 2604 633 2643 cum
681 2603 938 2658 perverso
983 2589 1356 2661 perversitatis
1398 2588 1696 2660 quemlibet
1747 2588 1971 2646 infamia
2003 2602 2104 2646 no-

509 2680 638 2735 tari.

576 2772 633 2828 5.
675 2774 721 2827 A
751 2774 1070 2845 parentibus
1096 2787 1227 2845 ergo
1254 2773 1543 2845 diligenter
1583 2773 1834 2841 educata,
1872 2788 1997 2831 cum
2031 2775 2099 2830 ad

506 2862 744 2919 nubilem
777 2865 1116 2934 pervenisset
1145 2873 1384 2930 aetatem,
1435 2864 1695 2919 nobilium
1746 2879 1867 2920 eam
1900 2880 2099 2936 quam-

503 2955 712 3025 plures,
751 2964 937 3026 utpote
965 2956 1031 3012 de
1060 2955 1331 3012 nobilibus
1357 2956 1611 3012 nobiliter
1641 2964 1848 3024 natam,
1907 2957 1974 3012 ad
2020 2965 2100 3013 to-

505 3064 627 3102 rum
688 3048 958 3104 asciscere
1009 3049 1348 3103 conabantur
1400 3047 1761 3118 conjugalem.
1835 3048 2100 3106 Parentes

505 3151 687 3192 autem
710 3139 847 3208 ejus,
888 3138 1013 3208 quia
1045 3153 1110 3191 ex
1140 3153 1301 3191 manu
1352 3138 1499 3206 regia
1548 3154 1703 3192 suum
1744 3148 2098 3210 susceperant

506 3229 850 3297 beneficium,
901 3230 1125 3295 nemini,
1172 3244 1298 3301 rege
1346 3232 1672 3296 inconsulto,
1726 3231 2096 3301 hujuscemodi

506 3321 744 3393 conjugii
792 3324 922 3378 dare
966 3325 1365 3393 praesumebant
1403 3338 1704 3379 assensum.
1753 3325 1999 3396 Cumque
2041 3326 2095 3382 in

502 3424 796 3486 conspectu
841 3417 983 3488 regis
1026 3415 1270 3471 Lotharii
1329 3418 1396 3472 de
1450 3416 1679 3488 virginis
1700 3418 1859 3491 hujus
1907 3434 2097 3491 agere-

505 3518 594 3561 tur
632 3507 992 3579 sponsalibus,
1034 3508 1387 3579 omniumque
1414 3507 1482 3564 ad
1532 3508 1737 3579 regiam
1777 3524 1946 3579 super
1990 3509 2097 3566 hoc

503 3603 911 3672 dispositionem
942 3602 1205 3673 penderet
1236 3600 1500 3657 intuitus:
1554 3601 1609 3657 in
1658 3600 1837 3659 medio
1879 3608 2093 3670 earum,

504 3690 734 3746 Domino
790 3691 869 3747 sic
927 3691 1348 3761 praeordinante,
1406 3699 1629 3748 sanctus
1678 3706 1800 3749 sese
1849 3692 2098 3764 injiciens

504 3780 731 3852 Eligius,
768 3782 1032 3851 virginem
1063 3781 1206 3837 illam
1238 3798 1409 3839 aureo
1438 3798 1537 3839 suo
1567 3784 1767 3840 annulo
1796 3783 2097 3840 subarrha-

505 3878 602 3937 vit,
635 3891 698 3930 ac
723 3875 922 3932 Christi
944 3891 1227 3947 sponsam
1270 3876 1324 3931 in
1374 3885 1670 3947 conspectu
1728 3877 1878 3949 regis
1914 3885 1968 3932 et
1998 3893 2097 3948 pa-

507 3974 720 4022 rentum
742 3983 962 4023 suorum
991 3968 1458 4024 confidentissime
1484 3968 1799 4041 assignavit.
1824 3968 1868 4025 Ο
1891 3968 2097 4024 inaesti-

507 4058 721 4115 mabilis
749 4059 921 4131 gratia
947 4058 1181 4130 Spiritus
1213 4060 1386 4115 sancti
1416 4061 1431 4115 l
1483 4058 1630 4115 Illico
1675 4058 1876 4130 puella,
1930 4058 2094 4115 divini

506 4151 711 4206 amoris
748 4151 1039 4222 spirituali,
1072 4161 1131 4207 ut
1169 4163 1293 4222 post
1338 4154 1535 4223 patuit,
1579 4151 1691 4221 jam
1742 4151 2097 4222 conceptione

507 4239 818 4308 gravidata,
846 4247 1026 4310 spreta
1056 4240 1201 4295 omni
1231 4241 1435 4297 carnali
1469 4240 1761 4323 voluptate,
1795 4241 2096 4312 postposita

505 4327 669 4382 etiam
726 4328 1068 4385 desiderabili
1134 4331 1540 4386 succedentium
1598 4330 1935 4402 propagine,
1987 4331 2096 4387 imo

509 4419 778 4488 despectis
825 4419 1235 4478 delectabilibus
1293 4421 1553 4491 puellaris
1604 4420 1731 4476 vitae
1796 4421 2093 4492 illecebris,

509 4514 619 4583 regi
648 4521 703 4567 et
730 4515 1047 4582 parentibus
1068 4525 1384 4573 constanter
1409 4514 1835 4580 abrenuntiavit,
1867 4530 2095 4587 seseque

508 4605 562 4667 in
591 4619 779 4660 eorum
801 4608 1087 4676 praesentia
1125 4608 1443 4665 beatissimo
1486 4605 1701 4678 praesuli
1754 4604 1949 4677 Eligio,
1998 4608 2096 4664 Do-

509 4696 657 4753 mino
683 4700 1142 4766 consecrandam,
1166 4709 1443 4771 gratanter
1465 4698 1881 4754 commendavit.

580 4788 633 4842 4.
672 4788 791 4860 ipse
810 4789 1029 4861 quidem
1058 4793 1433 4850 sanctissimus
1460 4791 1745 4863 episcopus
1787 4800 1912 4847 tunc
1959 4803 2097 4845 tem-

582 4964 695 5033 (l'5)
733 4963 1007 5022 Fortassis
1032 4965 1087 5021 in
1112 4974 1281 5032 terra,
1339 4979 1431 5020 seu
1474 4974 1655 5021 castro
1687 4964 1851 5030 Bova,
1909 4981 2003 5019 seu
2033 4968 2099 5022 de

510 5032 689 5098 Bovis,
720 5035 803 5090 vel
824 5034 1113 5103 Bobarum,
1144 5045 1236 5090 aut
1264 5035 1430 5090 etiam
1464 5035 1692 5098 Bothua,
1723 5034 1885 5103 vulgo
1909 5034 2096 5101 Boves,

510 5106 743 5161 distante
768 5106 977 5161 duabus
999 5108 1217 5161 circiter
1239 5105 1406 5161 leucis
1435 5105 1734 5171 Ambianis,
1762 5106 1914 5161 titulo
1940 5104 2101 5161 Baro-

511 5186 670 5231 natus
697 5175 849 5249 olim,
884 5191 1025 5249 nunc
1055 5176 1222 5249 etiam
1253 5175 1657 5249 marchionatus
1678 5176 1883 5249 insigni
1910 5178 2098 5249 :_unde

510 5255 635 5299 nata
680 5245 823 5316 vulgi
881 5246 1105 5303 traditio
1156 5246 1250 5311 sit,
1299 5261 1423 5300 eam
1470 5261 1537 5301 ex
1562 5245 1769 5301 familia
1801 5245 1877 5303 'de
1927 5246 2099 5303 Boves

507 5325 710 5371 ortam.
746 5315 891 5371 Sane
913 5317 959 5371 si
985 5316 1056 5371 ibi
1092 5325 1218 5371 nata
1238 5327 1322 5373 est
1347 5317 1568 5380 Sancta,
1628 5317 1718 5372 vix
1765 5317 2094 5384 dubitamus,

508 5387 599 5456 qui
637 5386 806 5456 ipsius
840 5386 945 5442 loci
992 5385 1197 5458 domini
1240 5384 1443 5458 fuerint
1481 5385 1599 5457 ejus
1640 5391 1917 5458 parentes,
1963 5403 2098 5458 quos

510 5468 745 5527 apparet
767 5457 1209 5527 exsequentibus
1233 5456 1523 5515 admodum
1550 5456 1758 5514 nobiles
1784 5456 1951 5514 fuisse
1980 5456 1996 5513 Ξ
2026 5475 2094 5515 an

504 5525 693 5612 autem.
721 5525 1261 5612 familiangovesh
1301 5528 1369 5585 ab
1397 5527 1639 5612 ddi-iano
1661 5528 1806 5612 deuia
1842 5528 2095 5611 Morliere

506 5605 633 5683 post
663 5613 798 5668 opus
826 5598 901 5653 De
931 5599 1346 5683 antiquitatibus
1387 5598 1845 5655 Ambianensibus
1879 5600 2095 5682 egregie

506 5653 799 5733 illustrata,
856 5677 965 5740 tam
1018 5678 1090 5740 sit
1132 5681 1352 5740 antiqua
1400 5679 1461 5726 ut
1510 5670 1652 5725 hanc
1697 5669 1952 5725 Sanctam
1991 5671 2095 5726 Slbl

507 5748 769 5810 art‘pgare
792 5739 979 5810 possit,
1018 5739 1136 5796 aliis
1166 5739 1595 5810 investigandum
1646 5740 2021 5810 relinquimus.

579 5791 698 5876 (ii)
715 5791 722 5793 ⁷
740 5791 1005 5865 rasura.
1021 5791 1533 5882 ὶέέῇζὲιὶῐίᾶεὶῗιῖἰῦί
1548 5791 1735 5867 'ms's'c‘
1747 5791 2091 5883 summa:

2132 4529 2283 4613 Dest
2333 4520 2634 4577 clarificare
2683 4520 3026 4578 devotionem
3071 4537 3088 4577 :

2203 1949 2381 2004 subita
2413 1949 2733 2017 mutatione,
2764 1949 3109 2022 magnificam
3144 1950 3346 2005 divinae
3384 1950 3574 2021 gratia:
3616 1950 3756 2005 virtu-

2204 2048 2311 2095 tem
2337 2056 2445 2096 non
2472 2040 2754 2097 minimum
2795 2039 3204 2096 admirabatur:
3248 2050 3308 2096 ut
3333 2050 3516 2096 tamen
3541 2040 3747 2109 ejusdem

2200 2132 2429 2204 virginis
2466 2132 2607 2188 felici
2640 2133 2783 2204 apud
2824 2132 3109 2188 Dominum
3140 2133 3617 2191 commendaretur
3651 2149 3756 2189 ora-

2202 2227 2376 2291 tione,
2404 2225 2724 2283 benevolam
2748 2225 2863 2297 ejus
2893 2227 3237 2283 devotionem
3266 2227 3438 2299 regali
3470 2227 3755 2282 muniﬁcen-

2204 2318 2277 2375 tia
2320 2318 2529 2390 primus
2564 2318 2681 2389 ipse
2715 2319 3026 2390 properavit
3056 2319 3388 2375 confortare.
3437 2317 3759 2374 Assentienti-

2201 2410 2302 2466 bus
2328 2409 2598 2481 siquidem
2622 2411 2705 2467 eis
2727 2411 2822 2481 qui
2848 2409 3096 2473 aderant,
3129 2410 3279 2465 dedit
3319 2411 3372 2466 ei
3411 2426 3532 2467 cum
3555 2413 3759 2467 oratorio

2204 2502 2264 2559 S.
2303 2503 2525 2575 Georgii
2556 2518 2715 2559 suum
2756 2502 2903 2575 quod
2941 2500 3191 2558 Noviomi
3236 2502 3477 2559 habebat
3507 2504 3613 2575 (li)
3638 2505 3761 2575 pala-

2204 2596 2374 2662 tium;
2400 2595 2535 2651 duas
2563 2608 2779 2665 quoque
2801 2592 2977 2658 villas,
3004 2593 3120 2665 (l5)
3146 2609 3272 2649 cum
3305 2594 3587 2650 duodecim
3632 2595 3757 2651 femi-

2201 2687 2289 2743 nis
2318 2700 2384 2741 εχ
2416 2686 2549 2743 fisco
2576 2684 2766 2758 regali,
2798 2686 2899 2742 sub
2925 2694 3128 2743 sanctae
3171 2687 3402 2759 virginis
3433 2688 3678 2760 regimine
3702 2690 3756 2743 ad

2200 2777 2364 2833 divini
2394 2776 2575 2833 cultus
2604 2774 2869 2832 subscribi
2904 2774 3067 2844 jussit
3095 2776 3556 2847 supplementum.

2272 2866 2325 2920 5.
2362 2865 2764 2922 Convenientes
2805 2864 2989 2935 itaque
3025 2864 3077 2919 in
3118 2865 3441 2922 suburbium
3494 2868 3633 2923 urbis
3672 2867 3762 2922 No-

2198 2956 2464 3025 viomicae,
2526 2955 2641 3027 (l6)
2691 2954 2746 3010 in
2798 2955 3097 3011 oratorium
3146 2954 3360 3012 scilicet
3394 2958 3537 3028 qqu
3582 2974 3609 3013 a
3655 2975 3763 3031 rege

2198 3056 2570 3120 susceperant,
2604 3047 2695 3104 die
2737 3054 3008 3119 noctuque
3035 3046 3147 3103 Deo
3175 3048 3457 3105 deservire
3485 3049 3761 3123 infatigabi-

2201 3142 2325 3198 liter
2379 3139 2749 3197 elaborabant.
2821 3139 2941 3211 Ipsa
2999 3140 3220 3211 quidem
3285 3143 3464 3215 virgo,
3512 3160 3543 3198 a
3599 3154 3763 3200 sancto

2124 3209 2171 3273 (ἶ
2201 3235 2390 3291 educta
2420 3234 2612 3305 Eligio,
2658 3209 3039 3289 cohabitantes
3075 3248 3262 3290 secum
3300 3209 3411 3290 non
3455 3235 3760 3291 solummodo

2198 3325 2603 3398 praedicatione,
2634 3338 2823 3381 verum
2850 3324 3015 3380 etiam
3041 3324 3364 3382 multimodo
3402 3325 3648 3381 virtutum
3690 3326 3760 3381 in-

2200 3418 2470 3475 formabat
2499 3417 2771 3488 exemplo.
2802 3416 3155 3473 Saecularium
3176 3419 3381 3490 etenim
3412 3419 3758 3476 conventicula

2198 3507 2506 3581 diﬂ‘ugiens,
2537 3506 2794 3577 jbiduana
2838 3522 2936 3564 seu
2989 3506 3240 3563 triduana
3271 3510 3617 3566 continuabat
3640 3510 3763 3580 jeju-

2199 3601 2324 3667 nia;
2361 3597 2728 3655 esurientibus
2764 3598 2970 3665 cibum,
3016 3598 3330 3655 sitientibus
3375 3608 3581 3671 potum,
3626 3601 3763 3657 nudis

2199 3693 2544 3760 vestimenta,
2571 3706 2696 3747 cum
2719 3691 2974 3748 omnibus
3003 3692 3088 3747 his
3129 3692 3302 3764 ipsam
3346 3708 3510 3765 egere
3557 3694 3759 3756 ﬁdem,

2199 3784 2544 3841 incessanter
2571 3782 2915 3840 ministrabat
2952 3801 2966 3838 :
2999 3799 3203 3855 pernox
3239 3800 3461 3856 quoque
3510 3786 3563 3841 in
3594 3786 3762 3857 vigiliis

2198 3887 2255 3935 et
2280 3876 2640 3944 orationibus,
2689 3892 2791 3948 pro
2820 3876 3113 3933 universali
3160 3880 3407 3934 omnium
3453 3879 3621 3935 salute
3646 3879 3760 3934 assi-

2199 3969 2304 4024 due
2338 3968 2625 4023 Dominum
2684 3968 3101 4039 deprecabatur.
3162 3966 3257 4025 His
3306 3970 3472 4027 cthis
3527 3970 3762 4027 similibus

2193 4059 2398 4133 jugiter
2419 4062 2703 4119 insistebat
2732 4079 2747 4119 :
2793 4072 2850 4117 et
2872 4061 2998 4118 licet
3031 4063 3209 4119 adhuc
3241 4063 3297 4118 in
3331 4064 3534 4119 mundo
3560 4078 3758 4134 corpore

2202 4163 2497 4222 teneretur,
2533 4153 2797 4225 placabile
2812 4163 2992 4210 tamen
3014 4155 3243 4211 Domino
3261 4169 3385 4211 sese
3413 4156 3757 4212 holocaustum

2200 4246 2440 4317 quotidie
2487 4245 2778 4302 mactabat.
2829 4243 3061 4300 Tantam
3105 4245 3320 4302 dilecta
3373 4261 3488 4302 sua:
3531 4245 3759 4302 Dominus

2199 4337 2660 4409 perseverantiam
2706 4336 3081 4408 perspiciens,
3117 4335 3237 4406 ejus
3292 4337 3351 4394 in
3404 4338 3597 4410 palam,
3651 4337 3758 4391 dum

2199 4432 2376 4487 adhuc
2426 4430 2605 4502 fragili
2651 4439 2899 4487 maneret
2952 4431 3007 4486 in
3052 4446 3305 4502 corpore,
3336 4449 3446 4488 non
3474 4433 3761 4505 dedignatus

3140 4536 3309 4594 opera
3317 4524 3476 4580 batur
3526 4524 3757 4595 siquidem

2207 4615 2349 4671 Deus
2378 4614 2565 4670 crebra
2589 4629 2686 4684 per
2699 4613 2817 4683 ejus
2834 4614 3286 4672 intercessionem
3314 4619 3572 4674 miracula
3594 4636 3607 4672 :
3626 4617 3762 4674 mis

2201 4707 2398 4770 visum,
2430 4705 2639 4763 claudis
2668 4721 2940 4777 gressum,
2974 4706 3291 4779 paralyticis
3328 4710 3607 4765 sanitatem
3628 4707 3761 4763 testi.

2202 4799 2390 4853 tuebat
2418 4815 2431 4852 :
2460 4797 2720 4869 quodque
2746 4798 3040 4869 gratiosius
3068 4798 3316 4857 Deoesse
3332 4802 3616 4865 credimus,
3653 4798 3764 4867 ejus

2202 4984 2345 5058 nunc
2363 4970 2672 5058 estndomus
2707 4971 3068 5058 Beguinarutn
3101 4994 3114 5030 :
3152 4976 3301 5058 quod
3349 4977 3545 5048 absque
3593 4975 3759 5029 funda.

2201 5050 2386 5117 mento
2410 5041 2519 5117 ullo
2538 5042 2770 5112 proferri
2787 5041 2984 5117 'censet
3015 5041 3320 5117 Montignii.

2273 5113 2384 5187 (l_5)
2426 5112 2567 5187 idem
2606 5116 2857 5187 concedit
2905 5132 3064 5185 posse
3112 5112 3287 5180 cretii,
3346 5119 3488 5187 quod
3531 5119 3603 5173 ha:
3634 5116 3763 5187 villa:

2200 5181 2403 5258 ίίὲἓτίηῑ
2431 5184 2482 5237 in
2516 5184 2859 5258 Vallchelles.
2896 5181 3138 5258 quinque
3179 5181 3405 5242 circiter
3448 5186 3761 5258 leucisal-ln

2199 5252 2321 5306 villa
2352 5270 2364 5307 :
2396 5268 2460 5334 eo
2484 5256 2629 5324 quod
2656 5252 3060 5334 istic_l_legitinai
3093 5258 3270 5313 adhuc
3304 5258 3538 5313 habeant
3574 5256 3765 5334 aliquas

2200 5326 2571 5399 possessiones
2605 5343 2619 5379 :
2658 5335 2720 5381 ut
2742 5327 2989 5381 videatur
3015 5342 3335 5399 agnoscere,
3393 5343 3483 5382 eas
3506 5326 3763 5399 venissem

2200 5403 2408 5464 partem
2448 5396 2741 5460 bonorum,
2794 5395 3132 5453 monasterio
3187 5397 3245 5452 S.
3306 5398 3605 5454 Godeberta:
3641 5395 3765 5447 olim

2200 5466 2608 5528 attributorum,
2638 5476 2693 5521 et
2724 5466 2864 5521 forte
2894 5466 2996 5522 sub
3024 5483 3165 5523 novo
3207 5468 3454 5524 instituto
3494 5466 3767 5523 sanctimo-

2200 5534 2436 5590 nialibus
2467 5537 2754 5592 exstinctis
2777 5538 3132 5593 successisse.

2271 5606 2384 5675 (l6)
2426 5606 2504 5660 Ad
2542 5617 2752 5676 portam
2798 5607 2925 5662 olim
2967 5606 3189 5663 Castclii
3234 5608 3453 5671 dictam,
3496 5620 3601 5677 qua:
3642 5614 3769 5677 tunc

2200 5675 2301 5800 ‘fuit
2327 5674 2649 5800 prolpeeum
2676 5678 2853 5734 locum
2896 5678 2983 5732 ubi
3012 5695 3157 5762 unite
3182 5687 3322 5759 sunt
3368 5674 3523 5749 putei
3549 5677 3597 5729 in
3658 5674 3769 5728 fore

2224 5763 2408 5800 l'UlllCll
2439 5762 2575 5800 ano.

2224 5755 2575 5803 runtcnlario.
3118 5755 3149 5762 ”’
