3836 6320
108 355 224 407 ιῦνὶι

1270 365 1426 420 VITA
1462 363 1521 421 s.
1546 346 2021 425 Concanum.

3216 379 3362 435 1592

100 467 476 562 ostiortatione
526 468 765 526 infideles
831 469 1164 542 frequentius
1205 473 1537 545 suscipiebat
1600 477 1667 530 ad
1700 479 1746 539 A
1773 480 1954 536 subito
1978 486 2274 556 conumpi.
2302 485 2528 544 Iacebat
2550 501 2681 561 ergo
2706 489 2859 561 virgo
2882 487 3024 546 fessa
3051 491 3103 547 in
3128 491 3325 550 lectulo
3346 538 3360 562 ,

100 557 275 610 fidem.
309 555 379 612 Ut
410 558 573 628 igitur
592 562 660 616 ad
692 569 899 617 eertum
928 565 1235 637 exemplum
1262 566 1564 637 quibusque
1587 566 1682 623 ftat

99 647 354 712 ﬁdelibus,
381 650 696 708 mutulorum
714 656 1010 727 postposita
1031 657 1389 727 detractione,
1407 659 1473 717 de
1494 660 1681 717 multis

97 743 173 803 vel
204 756 375 810 pauca
407 744 765 814 proferemus.

722 841 952 898 CAPUT
988 842 1051 898 li.

412 931 679 990 Mimanta
706 933 766 990 S.
794 933 1100 992 (.‘odebeme
1120 936 1353 994 viventis.

161 1020 213 1076 6.
255 1021 514 1079 Dicamus
542 1038 673 1098 ergo
711 1032 856 1096 quod
894 1026 1048 1098 prius
1090 1028 1369 1086 memoria:
1416 1031 1683 1099 occurrit,

89 1121 358 1182 quatenus
411 1112 672 1182 ﬁdelium,
720 1130 858 1187 quos
894 1116 1101 1173 audire
1144 1119 1459 1191 contigerit,
1516 1120 1684 1178 corda

90 1204 541 1278 corroborentur;
580 1206 789 1265 frontes
825 1208 1124 1267 infidelium
1155 1212 1482 1280 durissimis,
1518 1212 1685 1268 mira-

88 1294 338 1350 culorum
370 1296 489 1367 ejus
527 1297 799 1368 lapidibus
843 1309 1225 1358 conterantur.
1278 1302 1520 1374 Contigit
1566 1300 1686 1373 ejus

90 1388 143 1443 in
171 1396 443 1460 tempore,
497 1390 578 1448 sic
616 1394 959 1465 exigentibus
1003 1396 1179 1467 plebis
1206 1396 1535 1454 Noviomicae
1561 1412 1687 1468 pec-

87 1482 243 1550 catis,
292 1484 607 1555 pestiferum
655 1487 709 1543 in
740 1488 933 1545 eadem
967 1489 1189 1548 civitate
1235 1491 1473 1561 gladium
1502 1492 1691 1547 desae-

84 1573 202 1629 vire
253 1577 611 1635 mortalitatis
656 1593 671 1634 :
730 1581 813 1637 ira
868 1583 1016 1638 enim
1065 1584 1421 1655 implacabilis
1471 1601 1505 1642 a
1573 1585 1686 1642 Deo

82 1679 324 1736 egressa,
356 1668 639 1740 indigenas
683 1671 804 1728 illos
851 1674 1276 1747 circumquaque
1342 1677 1687 1743 devastabat,

82 1766 346 1826 parentes
366 1773 491 1815 cum
524 1760 670 1830 ﬁliis,
698 1777 929 1833 sponsos
973 1778 1098 1821 cum
1149 1767 1386 1836 sponsis,
1428 1766 1681 1824 dominos

88 1861 217 1902 cum
242 1849 557 1908 domesticis
589 1824 924 1911 incessanter
944 1824 1235 1925 enecabat;
1264 1866 1322 1913 et
1350 1824 1460 1914 tam
1485 1859 1541 1915 in
1581 1874 1678 1932 po-
1710 1824 1755 1886 Β

86 1947 271 1995 tentes
301 1957 463 2011 quam
514 1944 569 1999 in
614 1944 857 2015 plebeios
899 1946 1258 2007 immoderate
1305 1952 1687 2024 grassabatur.

79 2032 403 2105 Fugiebant
459 2037 883 2112 circumquaque
941 2043 1037 2113 qui
1087 2044 1321 2101 evadere
1386 2054 1685 2115 poterant:

74 2121 328 2195 iamque,
378 2127 617 2183 maxima
646 2142 716 2185 ex
737 2139 894 2200 parte
927 2132 1225 2191 subtractis
1249 2135 1647 2194 habitatoribus
1665 2176 1683 2203 ,

75 2231 273 2272 vacuae
326 2218 379 2274 in
423 2218 645 2277 civitate
673 2221 868 2280 domus
888 2225 1242 2297 quamplures
1278 2236 1685 2284 remanserant.

74 2306 275 2363 Tantae
302 2310 430 2365 huic
458 2311 691 2368 miseria:
715 2312 1006 2385 infelicior,
1036 2318 1175 2388 proh
1203 2317 1395 2376 dolor!
1422 2319 1687 2377 successit

70 2399 332 2465 miseria,
376 2416 501 2457 cum
537 2403 793 2460 omnibus
828 2415 978 2462 metu
1014 2409 1363 2467 mortalitatis
1382 2413 1687 2480 exterritis,

64 2492 373 2548 inhumata
423 2502 760 2551 mortuorum
815 2512 1044 2570 corpora
1096 2501 1541 2572 projicerentur:
1587 2506 1685 2577 qui

64 2586 226 2642 enim
266 2595 548 2644 mortuum
598 2589 921 2659 sepeliebat,
961 2601 1213 2651 mortuus
1256 2594 1437 2651 subito
1461 2605 1517 2650 et
1568 2597 1688 2669 ipse

60 2679 432 2750 sepeliendus
452 2696 579 2738 mox
599 2679 927 2741 efferebatur
950 2702 965 2739 :
996 2685 1064 2741 de
1088 2684 1393 2741 imminenti
1410 2686 1513 2742 sibi
1542 2703 1690 2744 mor-

63 2776 141 2832 tis
183 2775 460 2847 periculo,
513 2792 676 2836 nemo
713 2792 939 2848 prorsus
974 2777 1322 2849 desperabat,
1384 2777 1689 2850 cuicunque

64 2884 366 2932 mortuum
407 2875 717 2946 quempiam
755 2873 991 2947 sepelire
1032 2890 1130 2932 seu
1188 2874 1503 2945 contingere
1557 2889 1689 2931 con-

68 2970 357 3041 tingebat.

141 3062 199 3115 7.
240 3060 305 3116 ln
351 3059 695 3118 mortalitatis
737 3067 889 3117 tanto
932 3061 1199 3133 periculo,
1244 3062 1398 3133 virgo
1449 3061 1688 3135 insignis

1780 588 1967 630 verum
2026 583 2138 631 toto
2182 576 2249 630 ad
2304 576 2590 634 Dominum
2648 580 2845 637 mentis
2884 582 3157 639 desiderio
3193 588 3364 657 respi—

1781 665 1938 720 rabat
1962 683 1979 719 :
2004 665 2226 737 gravida
2248 668 2466 738 quidem
2480 684 2733 740 corpore,
2757 672 2950 744 spiritu
2968 680 3147 729 tamen
3168 673 3363 733 alacris

1782 755 1836 812 in
1862 756 1957 813 Dei
1979 772 2199 828 semper.
2224 757 2473 816 laudibus
2508 764 2911 832 perseverabat.
2970 763 3209 836 Contigit
3263 766 3364 824 hac

1778 849 1898 919 ejus
1923 851 1976 907 in
2008 851 2327 909 inﬁmitate
2346 852 2491 909 circa
2522 853 2582 909 S.
2615 853 2798 910 Mariae
2825 856 3175 927 principalem
3199 860 3357 915 ccclco
3400 910 3409 913 κ

1781 943 1918 999 siam
1945 943 2282 1016 inopinatum
2304 959 2371 1001 ex
2401 944 2696 1016 improviso
2722 961 3010 1021 erumpere
3033 950 3366 1017 incendium,

1778 1035 1977 1107 eteius
2012 1035 2299 1094 subitanea
2336 1037 2663 1095 excursione
2710 1039 2875 1095 tctius
2918 1039 3162 1098 ecclesiae
3205 1056 3372 1097 omne

1781 1128 2002 1199 penitus
2027 1129 2183 1185 exuri
2230 1138 2635 1197 ornamentum,
2677 1129 2923 1187 Flamma
2970 1131 3372 1190 circumvolans

1780 1218 1965 1275 omnia
1997 1218 2321 1289 diripiebat;
2371 1220 2530 1290 cujus
2582 1228 2709 1277 ante
2756 1219 2996 1287 faciem,
3054 1222 3182 1293 quia
3237 1223 3371 1278 resi-

1783 1318 1929 1366 stere
1960 1326 2066 1367 non
2100 1320 2337 1382 poterat,
2393 1309 2651 1383 fugiendo
2690 1312 2796 1369 sibi
2836 1314 3208 1385 unusquisque
3250 1328 3372 1368 con-

1784 1402 2015 1459 solebat.
2044 1401 2238 1460 Omnia
2270 1402 2487 1474 penitus
2532 1404 2659 1461 huic
2686 1405 3039 1479 subiacebant
3084 1404 3328 1476 periculo
3354 1448 3370 1472 ,

1784 1493 1914 1548 dum
1948 1491 2060 1562 iam
2103 1494 2210 1548 alia
2258 1502 2582 1567 consumpta
2618 1505 2823 1563 essent,
2872 1495 2976 1552 alia
3023 1496 3375 1552 nihilominus

1784 1583 2117 1639 absumenda
2157 1583 2387 1641 irruenti
2437 1595 2784 1643 remanerent
2823 1587 3094 1643 inccndio.
3128 1586 3375 1643 Civitatis

1787 1672 2075 1744 indigenis,
2100 1683 2160 1729 ut
2192 1675 2569 1745 praediximus,
2607 1677 3047 1749 circumquaque
3095 1677 3374 1748 diffugien-

1789 1767 1953 1834 tibus,
1982 1776 2186 1825 sanctae
2215 1768 2456 1840 Virginis
2492 1767 2677 1825 Mariae
2712 1780 2888 1825 mater
2922 1769 3155 1828 ecclesia
3193 1769 3376 1841 [deau-

1784 1858 1917 1932 lata]
1948 1869 2328 1917 remanserat:
2360 1876 2526 1930 quam
2557 1861 2922 1918 devotissimis
2949 1862 3059 1917 Deo
3091 1852 3368 1931 lacrymis-

1782 1948 1932 2021 (quia
1949 1948 2062 2019 iam
2084 1948 2303 2004 ﬂamma
2328 1964 2515 2007 eorum
2545 1951 2796 2020 superior
2843 1962 2963 2006 erat
2999 1948 3225 2020 viribus)
3282 1950 3382 2023 tri.

1783 2043 1883 2098 stis
1903 2040 2193 2099 admodum
2216 2041 2444 2113 populus
2470 2041 2582 2099 Deo
2608 2030 2708 2099 soli
2729 2042 3163 2099 commendabat.
3193 2036 3371 2096 Tanto

1783 2132 2113 2202 plorantium
2162 2132 2367 2204 gemitu
2421 2131 2617 2207 [mota]
2688 2128 2841 2205 virgo
2895 2131 3201 2189 Godeberta
3250 2146 3378 2203 gra-

1784 2225 2008 2281 vissima
2036 2224 2163 2282 licet
2195 2224 2516 2282 infirmitate
2538 2225 3082 2298 promeretur,jussit
3110 2235 3295 2280 tamen
3320 2238 3381 2278 se

1788 2317 1843 2372 in
1901 2315 2161 2372 cathedra
2208 2316 2525 2387 deportari;
2553 2332 2619 2374 ac
2659 2326 2850 2373 contra
2898 2315 3136 2373 incendii
3179 2316 3381 2372 violen-

1790 2411 1941 2475 tiam,
1973 2423 2300 2481 quocunque
2328 2423 2391 2466 se
2421 2410 2641 2467 flamma
2674 2410 3021 2483 impingeret,
3044 2408 3382 2466 confidenter

1786 2499 2008 2570 deponi.
2035 2496 2291 2569 Deposita
2319 2510 2453 2555 vero
2476 2499 2531 2555 in
2562 2499 2679 2570 ipso
2701 2512 2871 2571 prope
2910 2496 3253 2553 ﬂammifera:
3289 2512 3383 2553 vo-

1790 2592 1995 2665 raginis
2011 2592 2285 2658 incendio,
2311 2605 2434 2648 cum
2462 2590 2613 2646 multi
2634 2591 2747 2662 jam
2770 2591 2837 2648 de
2859 2589 3030 2662 ipsius
3051 2589 3165 2645 visa
3186 2589 3381 2659 despe-

1789 2695 2001 2753 rarent,
2057 2693 2263 2743 sanctae
2305 2683 2499 2741 Crucis
2560 2684 2797 2755 signum,
2858 2685 3001 2755 quod
3035 2682 3378 2739 omnibusin

1788 2775 2044 2846 periculis
2094 2774 2517 2831 saluberrimum
2589 2782 2838 2841 noverat,
2911 2772 3384 2830 confidentissime

1788 2865 2079 2938 opposuit:
2125 2872 2181 2920 et
2223 2865 2410 2921 statim
2470 2865 2613 2937 ignis
2673 2863 2764 2920 illa
2817 2864 3051 2921 vastatio
3105 2863 3388 2920 exstincta

1789 2968 1894 3015 eat.
2539 3024 2547 3039 Ι

1858 3052 1912 3109 9.
1953 3050 2169 3109 Accidit
2195 3049 2304 3107 alio
2327 3051 2382 3106 in
2407 3059 2650 3123 tempore
2671 3064 2870 3107 caecam
2896 3048 3189 3120 quamdam
3215 3048 3385 3103 Trau-

67 3152 419 3217 Godeberta,
446 3153 809 3209 universalem
859 3152 1147 3211 attendens
1174 3152 1415 3210 dolorem
1459 3154 1686 3221 civium,
1715 3178 1762 3243 ο
1792 3142 2014 3200 εἶΐὶωω
2060 3142 2302 3209 nomine.
2361 3143 2432 3199 ad
2462 3149 2713 3199 sanetam
2757 3139 3041 3243 devellisse
3065 3139 3387 3243 .Virginfint.

66 3245 384 3301 universali
416 3245 676 3302 Ecclesia:
712 3246 1021 3302 triduanum
1039 3245 1303 3318 jejunium
1334 3246 1563 3313 indixit;
1587 3246 1685 3302 do-

63 3352 202 3395 cens
223 3352 330 3393 eos
351 3337 696 3394 orationibus
718 3336 1146 3409 lacrytnabiliter
1165 3337 1440 3404 insistere,
1461 3338 1687 3410 jejuniis

64 3440 122 3486 et
191 3431 572 3502 eleemosynis
644 3430 1073 3503 indignationem
1131 3429 1370 3487 divinam
1418 3431 1683 3501 placare:

69 3541 87 3574 ι
119 3521 292 3589 Quia,
326 3521 533 3591 inquit,
565 3521 709 3578 sicut
732 3536 872 3592 aqua
893 3521 1193 3593 exstinguit
1210 3520 1413 3592 ignem,
1443 3523 1517 3578 ita
1540 3524 1685 3580 eleeo

62 3628 307 3687 mosyna
334 3612 645 3682 exstinguit
672 3620 977 3684 peccatum.
1019 3631 1039 3664 ι
1070 3612 1138 3667 Et
1156 3611 1387 3669 docebat
1409 3627 1506 3669 eos
1531 3614 1689 3685 virgo

59 3710 291 3782 egregia
345 3706 652 3785 salutarem
694 3705 1057 3762 Ninivitarum
1110 3705 1512 3777 ptenitentiam,
1549 3722 1687 3778 quo-

60 3802 231 3858 modo
260 3800 323 3856 in
347 3799 543 3856 cinere
575 3808 632 3855 et
660 3798 843 3855 cilicio
872 3797 1059 3868 positi,
1112 3812 1212 3868 per
1255 3797 1586 3867 jejuniorum
1628 3807 1687 3855 et

56 3893 403 3949 orationum
441 3889 729 3963 mysteria,
779 3889 978 3945 divinae
1017 3887 1416 3945 maledictionis
1460 3882 1695 3958 jamjam’

56 4000 231 4057 super
255 3998 324 4042 se
354 3981 744 4038 imminentem
778 3993 1092 4050 repressere
1123 3980 1472 4035 sententiam.
1519 3978 1690 4036 David
1727 3987 1732 3996 '

58 4090 293 4146 quoque
338 4070 524 4143 regis,
547 4071 640 4140 qui
663 4069 962 4126 secundum
991 4082 1091 4124 cor
1132 4066 1227 4125 Dei
1267 4068 1381 4124 Deo
1406 4068 1525 4139 ipso
1552 4078 1693 4126 teste

63 4168 337 4222 inventus
364 4170 478 4227 est,
518 4158 838 4216 admirabile
884 4158 993 4214 illis
1030 4157 1302 4212 recitabat
1344 4157 1691 4228 exemplum,

61 4274 235 4330 quam
269 4255 471 4320 facile,
506 4266 604 4324 per
654 4250 1031 4321 paenitentiam
1063 4251 1362 4321 perpetrati
1416 4250 1692 4315 adulterii,

62 4356 375 4419 susceptus
418 4345 495 4401 sit
527 4345 596 4400 ad
622 4342 943 4398 remedium.
979 4341 1281 4411 Adjiciebat
1325 4342 1493 4397 etiam
1544 4342 1691 4398 Petri

60 4441 462 4513 negationem,
510 4433 739 4489 latronis
766 4433 820 4487 in
866 4446 1030 4489 cruce
1058 4431 1485 4511 confessionem,
1533 4430 1693 4503 lugu—

1790 3250 2061 3311 quatenus
2099 3239 2189 3310 pia
2212 3236 2331 3311 ejus
2364 3237 2759 3294 intercessione
2808 3234 3111 3301 oculorum,
3144 3234 3289 3304 quod
3317 3232 3389 3286 ab

1790 3333 2019 3391 infantia
2045 3331 2301 3405 perdidit,
2327 3330 2626 3403 temporale
2647 3326 2879 3401 recipiat
2905 3328 3109 3384 lumen.
3139 3325 3388 3395 Cumque

1790 3439 1886 3497 spe
1913 3432 2087 3490 certa,
2139 3437 2238 3479 sua
2276 3436 2377 3494 pro
2427 3422 2847 3488 illuminatione,
2886 3418 3207 3492 lact-ymosis
3258 3416 3389 3471 insi-

1794 3527 1965 3575 steret
1991 3516 2281 3590 precibus;
2307 3517 2459 3589 virgo
2480 3515 2713 3586 egregia,
2745 3512 3044 3585 praimissis
3069 3511 3180 3565 Deo
3210 3511 3384 3563 inter-

1792 3610 2160 3674 cessionibus,
2208 3621 2373 3679 super
2419 3602 2606 3663 oculos
2645 3605 2761 3675 ejus
2802 3616 3021 3658 manum
3078 3600 3381 3671 imposuit;

1792 3704 2043 3774 factoque
2070 3701 2259 3758 leviter
2285 3709 2487 3756 sanctae
2506 3698 2698 3755 Crucis
2724 3698 2900 3769 signo,
2922 3696 2991 3752 ad
3028 3695 3145 3767 ejus
3172 3694 3382 3750 oratio-

1793 3812 1920 3852 nem
1968 3793 2339 3851 miserationis
2381 3793 2578 3849 divinae
2621 3800 2802 3863 optata
2832 3790 3165 3862 propitiatio,
3196 3800 3388 3860 corpo-

1793 3886 1905 3942 rale
1928 3885 2004 3941 illi
2028 3882 2207 3939 lumen
2238 3882 2480 3940 restituit
2506 3901 2520 3937 :
2555 3879 2742 3953 sicque
2770 3879 2971 3936 factum
3001 3887 3106 3945 est,
3164 3886 3226 3934 ut
3256 3880 3392 3934 dum

1793 3977 1969 4033 visum
1998 3974 2354 4047 temporalem
2385 3975 2677 4045 reciperet,
2710 3971 2977 4043 spirituali
3010 3985 3227 4041 quoque
3269 3972 3388 4024 ani-

1795 4084 1896 4124 mm
1948 4068 2315 4125 vivificatione
2361 4068 2625 4133 animata,
2677 4064 2826 4121 omni
2874 4064 3215 4135 postmodum
3262 4062 3395 4115 vitae

1794 4176 1905 4217 suae
1945 4170 2187 4232 tempore
2218 4160 2359 4231 apud
2395 4158 2836 4215 illuminatricem
2880 4171 3031 4213 suam
3087 4154 3195 4208 Deo
3249 4150 3387 4206 inibi

1795 4253 2116 4309 deserviret.

1866 4342 1955 4397 10.
1996 4340 2110 4398 Hoc
2154 4343 2338 4413 itaque
2382 4342 2544 4398 modo
2574 4339 2880 4397 Trausirica
2928 4340 3044 4395 haec
3093 4335 3388 4393 illuminari

1797 4437 2096 4507 promeruit
2145 4452 2214 4492 ex
2259 4437 2587 4494 devotione:
2628 4433 2885 4506 Vulgudis
2907 4443 3114 4502 autem,
3164 4434 3232 4488 de
3280 4448 3391 4504 qua

59 4534 222 4589 brem
256 4526 598 4604 peccatricis
626 4524 809 4580 Mariae
837 4523 1304 4588 lamentationem,
1337 4538 1502 4593 quam
1531 4522 1691 4581 facile
1722 4520 1770 4581 D
1796 4530 1957 4585 modo
1999 4529 2285 4584 dicendum
2318 4537 2421 4595 est,
2450 4542 2552 4599 pro
2578 4526 2959 4593 inobedientia,
2994 4524 3389 4582 interminabili

59 4622 345 4699 lacrymis
375 4615 847 4699 pamitentialibus
890 4615 1186 4670 factionum
1215 4630 1435 4671 suarum
1469 4631 1689 4687 prome-

60 4717 291 4773 ruerint
336 4709 748 4769 remissionem.
789 4706 886 4762 llis
926 4714 984 4761 et
1011 4705 1135 4761 aliis
1177 4704 1427 4777 gloriosae
1464 4705 1691 4792 virginis

58 4809 431 4881 respirantes
477 4798 968 4863 exhortationibus,
1020 4796 1359 4870 permaxima
1403 4798 1692 4855 devotione

54 4901 323 4993 .triduum
350 4891 496 4952 illud
522 4904 813 4961 suscepere
849 4889 1083 4962 ieiunii:
1124 4899 1181 4946 et
1232 4890 1441 4957 statim,
1479 4889 1693 4945 meritis

47 4980 179 5073 {ajns
210 4997 276 5047 et
322 4981 844 5048 intercessionibus,
889 4980 1211 5052 pestiferum
1234 4981 1406 5073 illum
1435 4980 1687 5038 mortali-

40 5072 57 5165 ;ﬁ
77 5086 195 5141 atis
221 5078 493 5155 gladium
520 5074 609 5145 pia
639 5074 733 5129 Dei
758 5074 932 5145 gratia
956 5087 1177 5130 cessare
1219 5072 1370 5130 fecit.

39 5196 50 5231 ι
131 5177 196 5234 8.
236 5167 463 5230 Paucis
499 5167 844 5239 postmodum
872 5167 1061 5223 diebus
1094 5165 1284 5222 eadem
1311 5166 1463 5236 virgo
1487 5166 1695 5236 (utpote

52 5284 190 5340 quae
236 5263 428 5324 nimis
464 5269 682 5319 austere
709 5268 949 5315 teneram
980 5272 1134 5315 suam
1177 5267 1697 5315 maceraveratcar-

56 5361 218 5433 nem)
242 5353 712 5416 molestissimam
742 5352 988 5420 corporis
1014 5351 1094 5406 sui
1132 5349 1334 5407 decidit
1375 5350 1431 5405 in
1466 5351 1693 5406 infirmi~

58 5462 239 5509 tatem
258 5466 276 5507 :
295 5450 458 5506 sicut
486 5443 761 5500 multoties
783 5441 897 5514 (l7)
918 5442 1181 5513 contingit
1201 5456 1319 5506 eos,
1336 5441 1433 5511 qui
1450 5457 1693 5512 quoquo-

60 5544 238 5603 ntodo
268 5536 528 5598 assuetis
555 5535 883 5592 desuescunt
906 5533 1153 5602 dapibus,
1172 5531 1265 5587 diu
1288 5535 1566 5589 tabescere
1596 5551 1689 5590 seu

1798 4619 1868 4675 ab
1902 4618 2092 4674 eadem
2132 4617 2357 4686 Virgine
2414 4616 2642 4672 multata
2698 4625 2782 4673 est
2829 4617 3212 4675 excaecatione.
3264 4615 3392 4671 Haec

1798 4709 2063 4777 siquidem
2095 4707 2356 4779 Vulgudis
2398 4708 2452 4762 in
2478 4706 2733 4763 coenobio
2757 4705 2818 4762 S.
2846 4705 3166 4765 Godeberta:
3198 4706 3307 4761 Deo
3331 4720 3390 4760 se

1798 4801 2131 4857 devoverat:
2159 4814 2347 4855 verum
2376 4800 2545 4855 animi
2586 4800 2669 4855 sui
2698 4797 2865 4855 nimis
2906 4798 3225 4869 impatiens,
3259 4813 3391 4854 con-

1802 4894 2031 4950 tentiose
2058 4907 2117 4948 se
2144 4893 2432 4949 adversum
2465 4892 2601 4949 alias
2631 4902 2688 4949 et
2726 4892 3088 4949 irreverenter
3131 4894 3383 4949 habebat

1799 4990 1876 5045 Ea
1908 4991 1973 5046 de
1995 5002 2160 5045 causa
2194 4988 2531 5058 frequentius
2568 5004 2597 5042 a
2625 4995 2813 5044 sancta
2852 4985 3114 5057 castigata
3153 4977 3383 5054 virgine.

1802 5088 1992 5138 contra
2018 5079 2267 5136 eamdem
2297 5079 2468 5152 ipsam
2503 5078 2906 5135 tumulentuosc
2925 5077 3224 5143 rixabatur,
3254 5085 3308 5130 et
3332 5079 3387 5132 in

1799 5181 2093 5243 conspectu
2143 5171 2260 5242 ejus
2289 5173 2464 5244 turpia
2502 5172 2662 5227 nimis
2696 5179 2752 5225 et
2780 5168 3063 5225 maledicta
3093 5170 3255 5224 verba
3309 5170 3385 5223 lo-

1799 5262 2090 5331 quebatur.
2149 5269 2350 5318 Sancta
2404 5275 2537 5316 vero
2588 5256 2766 5332 virgo,
2801 5257 2965 5314 nimia
3017 5254 3194 5314 stultre
3243 5256 3391 5315 illius

1802 5365 2071 5413 commota
2104 5358 2551 5419 stomachatione,
2585 5371 2710 5413 cum
2739 5369 2856 5409 eam
2885 5350 3303 5420 incorrigibilem
3330 5361 3385 5405 ct

1801 5448 2125 5504 obedientim
2149 5446 2369 5503 stimulo
2402 5447 2765 5501 irreverenter
2785 5442 3222 5499 recalcitrantem
3261 5454 3384 5509 per-

1802 5541 2089 5606 sensisset,
2121 5540 2209 5594 die
2235 5538 2490 5610 quadam,
2542 5538 2593 5592 in
2622 5539 2739 5609 ipso
2767 5536 2883 5607 ejus
2937 5534 3181 5589 rixarum
3212 5534 3383 5604 turpi-

136 5766 260 5841 (l'l)
306 5766 395 5825 Ita
431 5776 499 5816 cx
525 5761 833 5832 conjectura
862 5762 1196 5818 correximus
1222 5777 1234 5815 :
1267 5761 1318 5815 in
1345 5774 1445 5816 ms.
1470 5761 1687 5833 legitur,
1707 5780 1723 5812 ο
1745 5762 2013 5817 Μιιιιοιιρδ
2043 5763 2257 5833 quidem
2285 5763 2509 5833 contigit
2531 5775 2624 5819 eos
2654 5762 2743 5833 qui
2777 5760 3047 5831 quomodo
3080 5757 3329 5815 assuetis.
3360 5772 3380 5806 ο
