3902 6316
461 295 603 352 ιδὲῧ

1550 298 1846 357 BADBODI
1882 299 2342 358 NOVIOMENSIS
2377 300 2689 361 EPISCOI‘I‘

3558 310 3671 374 1521

457 407 661 480 loqnio,
716 376 770 463 in
817 407 1010 464 facient
1062 407 1179 477 ejus
1214 407 1502 464 admodum
1558 410 1693 464 irata
1725 413 1909 480 expuit
1940 429 1952 465 :
1985 421 2041 467 et
2070 419 2114 476 Α
2143 412 2282 482 ejns-
2313 411 2622 479 transitum,
2675 409 3047 484 Agildrud'em,
3085 412 3154 468 ab
3207 412 3431 470 infantia
3482 434 3676 490 czeeam,

460 501 644 557 statim
676 500 857 556 infelix
890 502 1000 566 illa,
1047 500 1324 557 oculorum
1375 501 1579 557 lumine
1610 504 1831 569 amisso,
1862 503 2039 558 omni-

457 593 559 648 btts
589 594 712 648 vitm
732 608 843 648 suae
866 592 1055 647 diebus
1081 607 1221 648 caeca
1244 594 1561 663 permansit.

530 685 620 739 11.
663 684 761 739 His
807 693 861 738 et
910 683 1031 739 aliis
1083 683 1469 739 miraculorum
1509 684 1860 740 relationibus
1888 682 2042 754 virgo

457 776 575 833 haec
603 777 802 845 ubique
824 775 1227 845 divulgabatur,
1259 784 1313 831 et
1336 777 1452 847 ejus
1475 776 1828 832 celeberrima
1861 776 2043 846 opinio

458 866 617 934 longe
643 866 858 937 lateque
882 865 1325 933 diffundebatur;
1360 867 1503 920 unde
1536 866 1603 920 ad
1644 882 1767 920 eam
1807 882 1874 921 ex
1923 867 2043 919 lon-

446 950 676 1033 ginquis
704 965 980 1012 terrarum
1003 959 1247 1028 partibus
1270 957 1558 1012 multitudo
1590 957 1754 1012 multa
1782 958 2043 1027 languen-

446 1051 593 1127 tium
620 1049 942 1115 conﬂuebat,
967 1052 1161 1119 quibus
1197 1048 1427 1120 virginis
1451 1056 1633 1102 sancta
1658 1048 2047 1103 intercessione

450 1143 793 1205 multimoda:
840 1144 1090 1199 sanitatis
1137 1143 1458 1197 beneficium
1512 1141 1901 1209 benignissima
1950 1140 2044 1195 Dei

450 1233 738 1295 miseratio
787 1234 1152 1288 ministrabat.
1205 1232 1439 1288 Potestis
1501 1232 1766 1301 siquidem
1835 1247 1900 1285 ex
1963 1231 2048 1286 his

460 1324 749 1394 conjicere,
781 1338 901 1393 qua:
935 1324 1001 1378 ad
1045 1331 1284 1379 nostram
1316 1336 1609 1395 pervenere
1659 1322 2045 1393 cognitionem,

460 1412 727 1483 virginem
767 1414 908 1468 hanc
943 1421 996 1467 et
1026 1414 1128 1467 alia
1156 1428 1319 1482 quam
1351 1413 1516 1468 multa
1564 1421 1915 1483 perpetrasse
1949 1410 2051 1464 mi-

460 1506 820 1576 racula,qute
870 1507 1160 1561 luunanam
1209 1508 1320 1577 jam
1370 1519 1654 1562 excessere
1701 1506 2047 1559 mentionem.

462 1595 781 1666 Quanquam
812 1605 992 1651 autem
1030 1612 1129 1652 nos
1168 1596 1354 1662 lateat,
1397 1597 1494 1651 soli
1539 1606 1718 1652 tamen
1775 1596 1885 1649 Deo
1924 1608 2051 1649 vera

461 1686 581 1756 ejus
604 1686 815 1756 cognita
838 1696 921 1740 est
947 1686 1200 1751 devotio;
1253 1687 1346 1756 qui
1376 1688 1540 1742 vitam
1598 1684 1719 1756 ejus
1768 1682 2051 1738 mortalem

2140 501 2554 560 celeberrimam
2586 510 2800 559 sanctae
2849 504 3078 575 virginis
3148 505 3351 561 famam
3402 509 3682 579 audisse,et

2140 591 2284 664 quod
2311 594 2379 647 de
2406 592 2526 646 aliis
2547 591 2793 648 audierat
2835 592 2902 650 de
2946 594 3237 665 semetipsa
3265 595 3558 653 certissime
3580 615 3684 672 spe.

2142 691 2372 748 rantem,
2398 697 2503 737 non
2529 682 2847 739 sinermulta
2877 682 3211 748 difﬁcultate,
3268 682 3576 743 Noviomum
3606 691 3687 748 de.

2142 774 2375 828 venisse.
2405 771 2648 843 Cumque
2669 772 2986 841 oratorium,
3018 772 3071 826 in
3121 788 3230 843 quo
3286 773 3440 845 virgo
3482 774 3686 847 iacebat,

2145 865 2388 936 ingressa
2442 864 2664 930 fuisset;
2719 863 2787 919 ab
2844 863 2949 920 illis
3001 865 3094 934 qui
3134 864 3383 929 aderant,
3428 880 3487 920 se
3532 869 3694 927 deduci

2144 953 2325 1025 exegit
2346 952 2412 1007 ad
2443 952 2736 1019 tumulum,
2761 952 2851 1009 ubi
2878 953 3050 1009 beata
3078 952 3307 1023 virginis
3328 968 3521 1023 corpus
3540 958 3695 1013 audie-

2142 1055 2232 1100 rat
2257 1059 2377 1099 esse
2404 1044 2693 1115 sepultum.
2728 1043 2847 1112 Quo
2868 1036 2990 1101 cum
3018 1046 3380 1116 pervenisset,
3404 1048 3489 1102 diu
3517 1049 3700 1122 illacry-

2147 1142 2293 1190 mata
2351 1134 2403 1189 in
2458 1136 2791 1205 pavimento,
2843 1135 3099 1206 gravibus
3154 1136 3420 1191 exorabat
3468 1139 3692 1210 suspiriis,

2146 1227 2342 1290 visum,
2374 1241 2533 1295 quem
2564 1227 2653 1280 diu
2687 1229 2963 1295 amiserat,
2994 1235 3197 1282 sanctae
3221 1228 3329 1295 sibi
3363 1229 3581 1299 virginis
3602 1247 3698 1299 prr-

2150 1318 2302 1373 cibus
2327 1333 2355 1371 a
2381 1318 2609 1374 Domino
2636 1318 3001 1387 rcimpetrari.
3020 1316 3133 1372 Nec
3158 1334 3337 1384 mora,
3367 1319 3491 1389 quia
3506 1319 3701 1376 ﬁdeliter

2140 1410 2347 1475 oravit,
2378 1418 2432 1464 et
2462 1410 2515 1463 in
2541 1411 2790 1465 oratione
2817 1413 2884 1466 de
2914 1410 3009 1465 Dei
3046 1412 3222 1483 gratia
3252 1419 3309 1467 et
3341 1410 3400 1465 S.
3422 1398 3702 1469 Godeberta:

2152 1501 2355 1569 potenti
2404 1501 2601 1557 virtute
2640 1518 2747 1558 non
2803 1502 3145 1579 desperavit;
3196 1520 3261 1559 ea
3322 1486 3705 1573 interveniente,

2154 1593 2419 1663 corporali
2446 1594 2560 1649 visu
2595 1596 2797 1650 meruit
2825 1594 3140 1650 illuminari.
3186 1594 3297 1651 Nec
3328 1611 3457 1651 vero
3483 1611 3704 1665 corpora-

2158 1683 2296 1739 libus
2320 1683 2516 1750 solum,
2547 1697 2735 1740 verum
2783 1692 2843 1739 et
2881 1685 3255 1756 spiritualibus
3279 1699 3403 1740 eam
3432 1686 3589 1742 oculis
3612 1703 3698 1744 non

462 1776 762 1830 immortali
780 1785 998 1830 teterna:
1013 1776 1389 1845 perpetuitatis
1412 1775 1780 1830 renumeravit
1806 1772 2049 1844 praemio.
2084 1764 2129 1823 Β
2156 1774 2447 1831 (Ιίἃιίὶιηυε
2480 1762 2839 1831 illuminatam
2872 1793 2887 1842 ;
2916 1790 3040 1833 cum
3069 1791 3193 1832 eam
3224 1777 3373 1833 omni
3399 1777 3699 1847 postmodum

462 1866 804 1937 Perspiciens
849 1880 1041 1934 nempe
1080 1865 1343 1921 Dominus
1377 1866 1587 1922 dilectae
1640 1879 1751 1920 suae
1799 1863 2049 1934 spiritum

408 1992 413 1997 ς
463 1956 878 2012 immutabiliter
916 1956 969 2011 iu
1005 1966 1207 2013 sancta:
1244 1958 1411 2011 fixum
1433 1955 1715 2027 proposito
1741 1954 2045 2025 religionis,

462 2058 535 2101 ne
562 2060 666 2115 qua
704 2045 933 2101 ulterius
978 2046 1184 2101 malitia
1228 2047 1542 2101 immutaret
1587 2061 1686 2102 cor
1735 2043 1872 2113 ejus,
1919 2059 2054 2101 neve

463 2136 645 2208 aliqua
674 2138 823 2192 fictio
842 2140 1078 2193 animam
1098 2138 1245 2195 illius
1264 2140 1536 2210 deciperet
1560 2180 1576 2205 ,
1611 2139 1677 2194 de
1705 2137 2054 2194 terrestribus

462 2242 585 2282 eam
622 2228 690 2283 ad
719 2229 979 2291 caelestia.
1011 2229 1079 2284 de
1122 2229 1308 2285 labore
1334 2230 1401 2284 ad
1430 2231 1699 2299 requiem,
1735 2229 1801 2283 de
1851 2236 2055 2297 tempo-

462 2318 679 2374 ralibus
699 2319 933 2375 miseriis
965 2322 1033 2374 ad
1058 2320 1373 2376 felicitatem
1404 2329 1719 2391 perpetuam
1764 2320 2052 2388 evocavit;

462 2424 534 2481 ac
556 2410 892 2481 corruptibili
922 2426 1042 2465 eam
1072 2411 1323 2466 humanae
1354 2411 1659 2482 fragilitatis
1685 2425 1917 2481 corpore
1939 2410 2057 2466 cle-

467 2508 684 2554 menter
715 2501 1014 2567 denndans,
1053 2502 1287 2556 animam
1317 2501 1433 2571 ejus
1465 2500 1863 2572 incorruptibili
1891 2515 2056 2571 ange-

466 2591 587 2646 licaa
612 2593 893 2648 societatis
921 2594 1238 2649 indumento
1261 2592 1911 2665 clementiusgadornavit.

543 2684 633 2737 12.
678 2684 770 2739 Sic
793 2684 977 2755 itaque
1009 2684 1351 2739 sanctissima
1376 2684 1530 2754 virgo
1567 2682 1898 2748 Godeberta,
1946 2692 2058 2738 ter-

468 2790 617 2831 renae
648 2775 1061 2830 inhabitationis
1086 2775 1319 2831 feliciter
1348 2775 1561 2845 expleto
1614 2784 1876 2845 tempore,
1931 2790 2055 2830 cum

468 2876 782 2923 sanctarum
828 2868 1043 2923 choreis
1089 2867 1353 2938 virginem
1409 2866 1463 2921 in
1519 2866 1761 2922 ccelestis
1817 2866 2057 2935 paradisi

468 2959 733 3014 collocata
755 2968 840 3016 est
864 2959 1221 3015 ammnitate:
1274 2959 1348 3014 ibi
1396 2959 1626 3015 Domino
1667 2973 1791 3013 cum
1847 2958 2059 3014 caeteris

469 3046 675 3108 sanctis
724 3053 998 3107 canticum
1048 3065 1247 3107 novum
1277 3050 1613 3108 exsultanter
1656 3051 1952 3107 decantat:
1983 3051 2055 3106 ibi

469 3143 711 3199 futurum
762 3143 952 3213 judicii
984 3144 1126 3200 diem
1163 3143 1554 3207 voto,fiduciali
1579 3152 1882 3216 exspectat.
1905 3144 2061 3200 Licet
2089 3120 2134 3183 (ἶ

469 3238 616 3292 enim
650 3238 746 3307 ipsi
778 3237 1093 3308 archangeli
1124 3238 1266 3293 diem
1294 3236 1440 3292 illam
1473 3245 1705 3292 tremere
1735 3252 1800 3293 ac
1847 3246 2064 3293 contre-

468 3329 706 3384 miscere
739 3326 1003 3394 habeant;
1035 3327 1100 3383 ad
1133 3328 1382 3383 humana:
1411 3336 1611 3395 tamen,
1643 3345 1748 3385 non
1776 3345 1906 3397 suae,
1931 3344 2059 3400 per-

471 3416 693 3472 ditionis
707 3402 1095 3488 eompatieutes
1123 3420 1714 3493 trementseutentiam.
1732 3418 1887 3474 llunc
1906 3434 2059 3489 ergo,

471 3517 534 3569 ut
553 3500 925 3584 prmdiximus,
942 3510 1234 3565 terminum
1259 3511 1411 3581 virgo
1439 3511 1553 3566 haec
1574 3508 1689 3579 jam
1721 3512 1828 3567 Deo
1852 3511 2059 3567 sociata

473 3617 787 3676 exspectat;
819 3617 877 3662 et
912 3623 1012 3678 pro
1062 3603 1264 3663 nostris
1300 3602 1619 3662 criminibus
1668 3603 2063 3659 incessabiliter

474 3696 645 3751 Deum
676 3698 728 3751 in
769 3697 923 3753 caelis
955 3707 1165 3753 exorat.
1226 3698 1445 3768 Sepulta
1484 3708 1569 3755 est
1616 3699 1799 3769 itaque
1843 3694 2062 3771 egregia

474 3786 572 3840 Dei
603 3784 805 3841 famula
833 3788 993 3842 tertio
1024 3786 1149 3842 ldus
1176 3786 1397 3855 Aprilis,
1451 3788 1506 3842 in
1537 3788 1776 3843 oratorio
1802 3787 1865 3842 Β.
1893 3788 2063 3844 Geor-

478 3875 581 3945 gii,
618 3876 674 3930 in
697 3874 926 3932 ecclesia
963 3893 1082 3947 quae
1131 3880 1291 3934 modo
1340 3878 1538 3942 dicitur
1590 3877 1916 3935 Sanctorum
1949 3878 2063 3950 (l8)

477 3966 883 4034 Apostolorum,
918 3968 1007 4023 ubi
1033 3976 1092 4023 et
1123 3983 1319 4026 corpus
1355 3970 1414 4023 S.
1446 3968 1788 4024 Mommoleui
1818 3968 2059 4037 ejusdem

480 4056 731 4113 Civitatis
758 4058 996 4130 episcopi
1024 4059 1323 4115 honorifice
1353 4061 1700 4131 sepelierunt.
1750 4060 1917 4115 Multa
1962 4059 2063 4115 ibi-

482 4148 630 4211 dem,
662 4156 849 4203 sancta
875 4149 1264 4205 intercessione
1289 4150 1428 4218 ejus,
1460 4149 1758 4205 infirmiset
1781 4150 2063 4221 egentibus

436 4232 445 4238 ’
479 4244 810 4307 praestantur
834 4222 1119 4304 berieficia,
1149 4239 1217 4293 ad
1248 4238 1462 4294 laudem
1489 4247 1545 4294 et
1570 4238 1797 4310 gloriam
1827 4239 2061 4295 nominis

482 4327 618 4396 ejus,
649 4329 804 4399 cujus
840 4329 1014 4385 honor
1043 4339 1098 4386 et
1133 4331 1416 4401 imperium
1443 4331 1560 4388 sine
1590 4330 1699 4388 fine
1744 4338 2062 4403 perseverat

484 4423 537 4478 in
564 4423 779 4478 saecula.
1976 4432 2011 4473 ,η

2019 4429 2051 4437 ογ

1085 4514 1313 4572 CAPUT
1352 4516 1435 4571 Ill.

628 4603 891 4658 Mirucula
915 4607 985 4659 ad
1004 4608 1295 4677 sepulcrum
1328 4606 1384 4661 S.
1425 4607 1728 4663 Godebertw
1758 4610 1921 4678 facta.

561 4712 647 4768 15.
694 4714 890 4770 Verum
930 4732 995 4769 ne
1037 4717 1229 4785 aliquis
1276 4718 1342 4771 de
1387 4718 1575 4773 cwlica
1630 4719 1853 4789 virginis
1905 4718 2066 4788 hujus

491 4806 714 4861 dissiciat
745 4811 1205 4877 remuneratione,
1240 4810 1499 4866 miracula
1530 4813 1694 4866 etiam
1731 4811 1818 4867 illa
1866 4827 1987 4882 qua:
2029 4827 2059 4865 a

492 4896 601 4953 Deo
623 4900 690 4954 ad
721 4900 1052 4970 sepulturam
1080 4900 1195 4970 ejus
1224 4911 1530 4972 perpetrata
1560 4912 1722 4965 sunt,
1757 4918 1862 4958 non
1883 4903 2064 4958 renui-

490 5006 611 5045 mus
659 4993 864 5063 scripto
906 4996 1305 5050 commendare.
1358 4994 1595 5066 Contigit
1632 4995 1901 5067 siquidem
1943 5004 2068 5065 post

578 5168 676 5239 (l8)
712 5168 796 5240 ‘An
825 5184 973 5240 ergo,
1004 5170 1046 5223 si
1076 5168 1210 5225 Vita:
1231 5178 1417 5224 auctor
1443 5170 1740 5237 Ratbodus,
1783 5170 2071 5227 fatebimur

488 5238 612 5321 post
640 5238 874 5321 ablatum
894 5238 974 5293 'ab
1008 5240 1102 5321 illa.
1139 5241 1367 5321 ecclesia
1406 5241 1463 5294 S.
1502 5240 2065 5321 Godebertaeucorpus,

491 5309 663 5378 ipsam
693 5312 929 5376 primum
969 5309 1197 5377 crepisse
1240 5310 1307 5363 ab
1354 5325 1414 5363 ca
1458 5312 1771 5365 nominari?
1810 5309 2072 5368 Non'erit

492 5380 707 5452 quidem
769 5379 1050 5452 absonum,
1082 5388 1164 5452 Aut
1211 5394 1472 5452 successu
1526 5383 1785 5451 temporis
1832 5382 2071 5452 collapsa

490 5448 714 5503 ecclesia
743 5458 927 5517 postea
958 5447 1118 5502 fuerit
1143 5450 1242 5504 sub
1271 5448 1328 5504 S.
1364 5447 1683 5506 Go‘leberta:
1724 5453 1943 5507 nomine
1976 5447 2079 5507 're-

492 5527 731 5573 staurata
752 5527 812 5590 et
842 5527 1178 5590 consecrata,
1213 5522 1457 5588 quamvis
1494 5522 1697 5590 pridem
1724 5523 1793 5576 ibi
1824 5522 2072 5575 desiisset

494 5588 763 5641 asservari
792 5602 988 5657 corpus
1018 5607 1030 5641 :
1070 5588 1300 5643 fatemur
1331 5588 1507 5643 tamen
1540 5593 1869 5646 contrarium
1899 5592 2067 5645 videri

494 5658 911 5729 congruentius:
944 5660 1170 5729 ideoque
1183 5659 1249 5713 de
1276 5660 1447 5729 prima
1465 5662 1523 5714 S.
1544 5661 1864 5715 Godebcrtm
1892 5672 2069 5713 trans-

498 5727 701 5782 latione
754 5726 1137 5795 dubitavimus,
1198 5726 1291 5785 an‘
1334 5744 1443 5785 non
1485 5742 1632 5786 esset
1678 5731 1833 5801 longe
1899 5732 2073 5785 serius

2153 1864 2278 1919 vitae
2298 1879 2408 1919 sum
2434 1876 2695 1935 tempore,
2724 1865 2779 1920 iu
2820 1865 3010 1921 eodem
3069 1865 3210 1933 loco,
3264 1865 3561 1935 regularem
3600 1880 3701 1920 cum

2156 1956 2280 2011 aliis
2305 1956 2358 2011 in
2392 1955 2485 2012 Dei
2515 1956 2739 2012 servitio
2764 1956 3099 2012 audierimus
3130 1956 3471 2027 percurrisse
3498 1954 3697 2025 discipli-

2155 2064 2304 2104 nam.
2332 2047 2534 2117 Sicque
2564 2045 2675 2102 Deo
2698 2059 2972 2105 annuente
2991 2046 3196 2103 factum
3220 2057 3323 2111 est,
3342 2054 3400 2100 ut
3415 2044 3534 2100 dum
3555 2046 3705 2101 lumen

2155 2140 2375 2199 eamale
2415 2141 2820 2210 deprecaretur,
2872 2124 3247 2210 spiritualibus
3277 2152 3501 2209 quoque
3541 2140 3705 2193 anima

2154 2233 2345 2297 oculis,
2373 2233 2601 2303 virginis
2651 2232 2809 2301 hujus
2859 2224 3270 2303 intercessione,
3326 2230 3700 2290 illuminaretur.

2228 2322 2316 2377 fi.
2358 2323 2430 2377 De
2459 2324 2720 2379 Audemia
2745 2338 2959 2395 quicque
3010 2310 3310 2379 nonnobis
3348 2323 3551 2379 videtur
3587 2340 3703 2395 prie-

2160 2416 2515 2483 tereundum,
2568 2418 2838 2486 quomodo
2866 2416 2931 2472 de
2958 2417 3077 2471 vico
3106 2416 3315 2487 Raugia
3346 2416 3458 2496 (19)
3488 2416 3600 2472 illuc
3623 2418 3699 2472 de-

2158 2510 2294 2577 lata,
2324 2511 2390 2566 ad
2429 2509 2549 2581 ejus
2582 2520 2773 2566 curata
2803 2510 2967 2566 fuerit
2994 2510 3327 2581 sepulcrum.
3379 2510 3501 2565 Haec
3544 2526 3707 2579 itempe

2161 2602 2230 2657 ab
2266 2600 2495 2657 infantia
2532 2613 2790 2673 tanquam
2822 2603 3119 2673 paralytica
3167 2604 3293 2658 toto'
3321 2602 3569 2659 dissoluta
3605 2618 3705 2657 cor-

2158 2709 2313 2765 pore,
2340 2703 2399 2749 ut
2423 2702 2624 2749 sancta:
2644 2694 2870 2766 virginis
2895 2704 3003 2749 tam
3028 2693 3298 2750 celebrem
3324 2694 3707 2764 audivitOpinio-

2165 2801 2309 2851 nem,
2347 2787 2416 2840 ab
2453 2786 2646 2843 amicis
2672 2786 2805 2853 suis,
2836 2784 3035 2856 quibus
3062 2801 3160 2857 pro
3187 2787 3399 2842 diutina
3433 2786 3709 2841 infirmitate

2157 2877 2273 2946 jam
2306 2878 2461 2931 taedio
2499 2885 2639 2945 erat,
2666 2892 2819 2933 suam
2845 2878 2934 2932 vix
2983 2875 3111 2933 illuc
3152 2877 3467 2948 impetravit
3495 2879 3708 2947 deporta-

2163 2970 2383 3025 tionem.
2401 2968 2615 3025 Portata
2635 2972 2847 3026 tandem
2865 2970 2930 3024 ad
2959 2968 3238 3040 praefatam
3253 2968 3551 3037 basilicam,
3568 2969 3707 3039 jussit

2166 3077 2224 3118 se
2251 3078 2413 3133 quam
2443 3063 2665 3133 propius
2688 3072 2909 3133 possent
2952 3069 3077 3117 ante
3103 3069 3309 3117 SﬂDCL‘P.
3341 3062 3559 3133 virginis
3578 3062 3707 3117 exhi-

2167 3155 2282 3211 beri
2311 3157 2671 3225 praasentiam.
2704 3155 2823 3223 Quo
2852 3156 3162 3226 impetrato,
3199 3156 3423 3225 reptans
3472 3163 3709 3225 utcunque

2165 3258 2381 3318 poterat
2407 3248 2460 3303 in
2490 3249 2815 3319 pavimento,
2849 3256 2965 3303 toto
3014 3244 3193 3303 cordis
3247 3257 3304 3304 et
3337 3248 3452 3304 oris
3479 3248 3709 3319 virginem

2165 3348 2412 3395 Sanctam
2440 3337 2820 3408 interpellabat
2844 3337 3137 3401 desiderio,
3166 3345 3443 3407 quatenus
3486 3352 3577 3407 per
3615 3336 3711 3405 eius

2166 3430 2594 3486 sacratissimam
2619 3429 3065 3486 intercessionem
3111 3429 3453 3485 moribunda:
3487 3429 3713 3500 paralysis

2165 3538 2196 3577 a
2222 3523 2451 3578 Domino
2473 3532 2775 3578 mereretur
2790 3523 3147 3580 curationem.
3172 3522 3308 3577 Cum
3333 3523 3511 3578 subito
3528 3522 3713 3576 basibus

2166 3616 2282 3671 suis
2340 3615 2691 3671 valitudinem
2736 3616 3005 3671 redditam
3070 3612 3345 3686 persensit
3396 3635 3410 3669 :
3468 3616 3719 3683 validaque

2163 3705 2389 3776 effecta,
2420 3706 2534 3766 suis
2573 3706 2742 3779 ipsius
2786 3706 3045 3781 pedibug
3070 3721 3193 3780 quae
3236 3705 3484 3764 vehiculo
3526 3715 3717 3763 verterat

2164 3805 2364 3868 alieno,
2397 3804 2683 3858 admodum
2711 3803 3089 3874 gratulabatur
3120 3803 3342 3858 reverti.

2235 3898 2322 3952 15.
2348 3896 2676 3966 Gislegardis
2710 3897 2876 3951 etiam
2905 3895 3227 3951 illuminatio
3270 3896 3432 3951 modo
3480 3893 3719 3950 memoriae

2163 3987 2400 4044 occurrit
2422 4004 2435 4040 :
2454 4001 2710 4056 quaecum
2724 3988 2791 4042 ab
2811 3986 3036 4041 infantia
3052 3986 3333 4041 oculorum
3357 3988 3592 4042 cmcitate
3608 3986 3717 4039 mul-

2166 4088 2276 4135 tata
2294 4089 2463 4147 esset,
2494 4079 2722 4151 virginis
2756 4078 2916 4147 hujus
2953 4078 3260 4153 interventu
3305 4079 3476 4133 visum
3524 4078 3712 4146 recepit.

2153 4169 2424 4234 ~Stillante
2449 4184 2641 4240 nempe
2683 4170 2750 4224 ab
2779 4169 2950 4225 oculis
2996 4169 3274 4239 albugine,
3328 4185 3450 4239 quae
3509 4170 3571 4223 ab
3614 4168 3717 4237 ipsis

2166 4263 2481 4331 crepundiis
2510 4262 2849 4317 tenebrosam
2881 4261 3053 4315 oculis
3074 4260 3191 4328 ejus
3221 4261 3578 4331 praetenderat
3605 4258 3713 4314 cali-

2169 4353 2373 4425 ginem,
2413 4353 2516 4408 sub
2560 4351 2854 4408 universali
2912 4351 3206 4406 astantium
3256 4360 3505 4421 aspectu,
3544 4349 3719 4403 exliilao

1976 4461 1991 4473 α
2090 4478 2146 4541 D
2171 4450 2294 4497 rato
2328 4442 2479 4497 vultu
2512 4442 2803 4512 gratuitam
2842 4450 2970 4498 ante
2993 4441 3303 4513 sepulcrum
3333 4441 3547 4513 virginis
3566 4454 3701 4495 susce

2171 4534 2250 4604 pit
2287 4533 2756 4587 illuminationern.

2240 4624 2327 4679 16.
2369 4624 2481 4680 Sed
2502 4638 2602 4680 nec
2628 4622 2874 4694 lmperiae
2903 4623 3206 4695 cujusdam,
3240 4638 3364 4695 quae
3390 4623 3473 4679 sic
3500 4622 3709 4677 nemina-

2169 4719 2351 4784 batur,
2380 4717 2723 4774 curationem
2752 4717 3050 4774 tacebimus
3080 4734 3093 4784 ;
3131 4732 3261 4787 quae
3289 4716 3407 4773 fere
3432 4717 3499 4772 ab
3533 4717 3633 4785 ipsa
3653 4729 3715 4768 re-

2171 4810 2434 4866 suscitata
2457 4818 2544 4864 est
2569 4819 2750 4865 morte
2793 4807 2852 4864 S.
2893 4808 3211 4868 Godebertae
3236 4807 3713 4878 {intercessionibus

2170 4900 2298 4956 Haec
2326 4900 2544 4971 quidem
2570 4898 2680 4969 jam
2710 4907 3063 4970 praemortua,
3105 4899 3288 4954 omnia
3333 4912 3472 4968 pene
3516 4896 3718 4966 corporis

2169 4994 2429 5050 amiserat
2459 4992 2640 5051 ofﬁcia
2665 5011 2677 5048 :
2710 4994 2881 5059 visus,
2909 4992 3145 5057 auditus,
3201 4991 3401 5061 linguae
3430 5004 3632 5061 quoque
3653 4987 3715 5041 fa-

2171 5176 2334 5239 facta,
2376 5181 2508 5244 puta
2534 5170 2730 5226 saeculo
2761 5182 3009 5244 xm__cum
3039 5167 3264 5222 taederet
3313 5165 3602 5244 canonicos
3646 5177 3721 5217 suo

2170 5262 2235 5302 ex
2283 5236 2512 5313 corpore
2562 5255 2776 5308 semper
2829 5238 3063 5309 allegare
3116 5246 3374 5307 quatuor,
3444 5237 3497 5291 in
3544 5236 3721 5290 diversa

2177 5316 2409 5372 ecclesia
2444 5314 2863 5367 ministraturos.

2244 5387 2355 5456 (l9)
2396 5384 2470 5456 Ita
2501 5383 2706 5456 Ludov.
2733 5381 2797 5456 de
2812 5377 3227 5456 alontignii,_cui
3250 5378 3302 5431 in
3327 5374 3725 5456 noriienclatiene

2170 5444 2295 5521 loci,
2336 5444 2393 5508 in
2427 5451 2781 5521 Noviomcnsi
2813 5444 3034 5521 dioecesi
3090 5449 3177 5521 siti
3210 5444 3728 5521 magisucredendunr

2173 5512 2496 5596 putaremus.
2536 5535 2699 5591 quam
2752 5518 2961 5596 Surio_,_
2988 5517 3248 5596 Raugiam
3279 5512 3611 5596 scribenti;
3653 5512 3726 5591 sed

2170 5585 2294 5665 quia
2322 5585 2571 5665 ambigua
2598 5598 2685 5644 cst
2710 5588 2974 5665 ccgraphi
2992 5585 3159 5665 nostri
3187 5588 3434 5665 scriptio,
3482 5596 3544 5665 et
3573 5585 3671 5665 ipse
3685 5585 3727 5657 iu

2172 5653 2616 5719 a'unotatimTibus
2656 5653 2917 5727 nusq'uaiu
2960 5653 3429 5727 itttlicatttbinatn
3480 5656 3621 5710 locus
3661 5653 3725 5706 hic

2174 5735 2262 5798 sit,
2301 5748 2549 5788 veremur
2582 5746 2648 5785 ne
2669 5725 2819 5798 atque
2850 5737 2903 5783 rt
2938 5725 3149 5797 ignétus
3176 5726 3221 5781 is
3244 5725 3425 5780 fuerit.
