3836 6320
89 391 216 451 {5‘25

1254 366 1411 425 VlTA
1436 367 1493 420 S.
1526 358 1979 419 GODEBEIiTAE.

3191 355 3351 415 {328

85 504 253 563 cultas
296 499 412 556 fere
435 498 547 571 jam
579 511 647 553 ex
676 502 788 553 toto
812 492 863 550 ei
892 488 1198 549 defecerat:
1229 493 1284 540 et
1314 488 1372 537 ut
1395 478 1575 535 omnia
1600 476 1653 531 in
1684 477 1730 535 A
1759 478 1894 531 ostia
1953 477 2194 535 ecclesize
2239 478 2579 545 clausissent,
2630 479 2762 533 hora
2813 475 3137 547 competenti
3181 489 3349 531 suam

84 597 227 655 brevi
260 593 671 658 concludantur,
718 592 772 645 in
812 586 1012 644 lectulo
1052 591 1307 650 tanquam
1352 574 1654 631 abortivum

84 688 346 759 quoddam
381 685 619 756 iacebat.
667 679 911 751 Cognitis
950 691 1079 748 ergo
1116 672 1280 728 tantis
1340 666 1501 739 hujus
1546 665 1656 759 Deo

82 756 282 836 devotae
311 775 608 841 miraculis,
637 774 706 830 ad
741 770 857 841 ejus
875 768 1137 826 orationis
1162 761 1480 820 memoriam
1507 756 1660 813 exitia

82 873 194 927 beri
240 885 299 927 se
350 866 680 939 impetravit.
720 864 841 932 Quo
891 875 1015 918 cum
1056 856 1217 913 allata
1257 853 1467 917 fuisset,
1500 863 1658 906 secus

80 970 328 1020 sanctam
366 961 509 1017 iliins
556 956 891 1029 sepulturam
927 950 1189 1025 proiecta,
1243 961 1398 1004 suum
1441 956 1661 1016 quoque

80 1056 239 1112 modo
269 1062 481 1127 poterat
510 1050 715 1123 virgini
752 1054 954 1104 sanetae
988 1039 1405 1102 commendabat
1450 1035 1663 1127 desidet

78 1150 249 1213 rium;
271 1125 444 1201 tantae
465 1157 575 1200 suae
594 1138 860 1212 passionis
883 1151 912 1191 a
940 1134 1169 1193 Domino
1190 1145 1288 1204 per
1301 1143 1421 1186 eam
1444 1125 1662 1196 aliquod

79 1235 395 1309 suppliciter
439 1234 860 1290 immurmurans
904 1226 1222 1284 remedium.
1262 1222 1404 1290 Quid
1436 1216 1665 1290 ageret?

78 1328 255 1386 Corde
293 1324 622 1398 suspirabat,
656 1320 831 1377 oculis
874 1316 1312 1389 lacrymabatur;
1360 1325 1457 1368 ore
1502 1323 1659 1372 vero;

79 1436 212 1478 cum-
231 1419 299 1475 ad
330 1419 550 1489 plenum
575 1413 749 1471 verba.
769 1411 1010 1468 formare
1038 1408 1310 1481 nequiret,
1342 1405 1486 1460 inter
1510 1417 1661 1489 prato

77 1486 348 1569 cordiales
384 1511 619 1584 gemitus
648 1506 862 1563 ululare
900 1504 1083 1583 potius
1127 1516 1290 1573 quam
1341 1499 1487 1570 loqui
1518 1486 1668 1553 videl-

76 1609 262 1662 batur.
310 1603 534 1670 Verum,
585 1604 838 1657 cessante
886 1596 1068 1655 cordis
1118 1594 1322 1666 lingua,
1384 1598 1672 1663 quantam-

1759 570 1959 640 cgressi
1988 579 2113 625 sunt
2139 570 2207 625 ad
2234 562 2599 627 refectionem.
2654 570 2782 626 Post
2829 569 3181 624 refectionem
3207 581 3350 623 vero
3365 628 3380 640 Δ,

1759 676 1919 731 quam
1969 661 2218 731 plurimis
2260 675 2469 729 eorum,
2528 670 2589 716 ut
2638 662 2840 732 gratias
2898 660 3008 717 Deo
3046 673 3113 715 ex
3159 636 3373 714 debito,

1762 753 2048 821 referrent,
2092 754 2159 809 ad
2210 753 2497 810 ecclesiam
2545 754 2689 810 illam
2734 755 2994 819 reversis;
3045 762 3105 809 ut
3148 751 3347 821 januas

1762 845 1971 901 ostiarii
2011 856 2361 915 aperuerunt,
2413 847 2688 917 lampades
2726 861 2847 903 cum
2901 846 3092 909 cereis,
3126 859 3262 914 quas
3290 842 3344 897 in

1763 947 2059 1008 conspectu
2100 937 2341 993 omnium
2373 940 2785 1004 exstinxeraut,
2840 952 3029 994 omnes
3088 936 3350 991 divinitus

1765 1027 2128 1085 inﬂammatas
2152 1029 2451 1099 reperiunt.

1837 1120 1928 1176 19.
1970 1119 2146 1192 Super
2190 1122 2294 1177 hoc
2344 1120 2438 1177 Dei
2480 1128 2536 1177 et
2574 1128 2773 1177 sanctae
2809 1120 3035 1192 virginis
3083 1117 3352 1175 miraculo

1768 1212 1968 1267 multus
1994 1220 2119 1269 erat
2130 1212 2349 1282 plausus
2360 1212 2601 1270 omnium
2626 1230 2639 1267 :
2660 1214 2710 1268 in
2734 1213 2981 1269 eamdem
3008 1225 3198 1269 omnes
3223 1226 3356 1267 con-

1768 1305 2007 1360 ﬂuebant
2031 1304 2274 1360 latitiam
2297 1319 2405 1360 uno
2453 1312 2509 1361 et
2550 1304 2740 1360 eodem
2797 1305 2996 1369 animo,
3034 1304 3273 1359 unanimi
3299 1310 3355 1358 et

1768 1398 1886 1469 pari
1913 1412 2178 1454 consensu
2210 1398 2279 1454 ad
2309 1398 2533 1469 virginis
2560 1406 2760 1454 sanetae
2796 1398 3196 1454 concurrebant
3223 1410 3354 1451 ora-

1773 1490 1979 1544 torium
2004 1488 2246 1543 :‘mentis
2265 1488 2454 1543 eadem
2474 1488 2716 1553 devotio,
2758 1488 2898 1543 idem
2948 1497 3004 1543 et
3047 1486 3357 1543 universale

1771 1591 1872 1647 pro
1922 1575 2181 1633 iuetl'abili
2205 1576 2301 1632 Dei
2351 1577 2964 1634 beneﬂcentiacunetis
3008 1576 3183 1632 inerat
3227 1591 3361 1647 gau-

76 1711 298 1769 cunque
354 1667 570 1766 poterat
621 1692 945 1764 praeferebat
999 1687 1363 1751 devotionem,
1411 1691 1471 1739 et
1519 1690 1671 1771 motu
1756 1669 1955 1771 ’dium;
2003 1667 2339 1771 intrantibus
2390 1668 2531 1771 aliis.
2584 1670 2704 1771 aliis
2737 1668 3194 1771 regredientibus.
3249 1683 3358 1723 una

76 1760 264 1860 potius
311 1760 561 1842 interiori
616 1760 861 1839 sanctam
899 1778 1122 1851 virginis
1173 1787 1345 1845 super
1392 1770 1670 1828 debilitate
1704 1760 1963 1860 n'omnes
1989 1760 2359 1818 consolatione
2380 1762 2449 1818 ad
2476 1761 2689 1818 laudem
2720 1761 2955 1817 divinam
2983 1775 3105 1818 sese
3129 1760 3360 1815 invicem

80 1831 178 1933 sua
210 1831 1026 1933 sollicitabatintercessionem).
1052 1831 1290 1923 Tantam
1327 1874 1670 1935 praemortua
1703 1831 1746 1892 Β
1774 1852 2221 1910 cohortabantur.
2276 1853 2663 1911 Retraetabant
2732 1852 2822 1909 alii
2883 1861 3083 1910 sancta:
3131 1852 3363 1923 virginis

79 1968 229 2024 iilius
264 1967 417 2037 virgo
437 1964 769 2037 perspiciens
804 1959 1141 2025 instantiam,
1188 1955 1338 2012 felici.
1380 1954 1523 2024 apud
1571 1950 1675 2007 De-
1776 1947 2029 2004 meritum
2064 1965 2077 2001 :
2108 1948 2452 2019 suspirabant
2479 1947 2571 2003 alii
2609 1947 2802 2003 divina:
2834 1945 3362 2017 recompensationis

81 2060 292 2115 minum
344 2055 752 2119 intercessione,
800 2047 1173 2108 invalitudinis
1214 2044 1331 2115 ejus
1369 2041 1677 2113 impetravit
1776 2039 2095 2096 admirabile
2118 2041 2340 2096 donum.
2376 2040 2470 2096 ille
2490 2040 2771 2108 nimirum,
2824 2037 3363 2109 quijauuisrclausis

77 2147 494 2215 resolutionem,
537 2154 591 2201 et
629 2141 1005 2200 infelicissimo
1036 2136 1356 2193 miserrima:
1384 2132 1526 2188 illius
1548 2145 1675 2187 cor-
1778 2132 1846 2188 ad
1876 2131 2167 2203 discipulos
2203 2131 2447 2199 intravit,
2478 2131 2747 2188 obseratis
2776 2131 2940 2187 etiam
2968 2145 3113 2186 nunc
3157 2129 3366 2185 foribus

78 2238 206 2308 pori
252 2238 343 2294 diu
380 2244 620 2307 optatam
674 2229 914 2289 restituit
958 2227 1270 2285 sanitatem.
1320 2221 1441 2277 Mox
1477 2219 1678 2277 etenim
1779 2225 2076 2297 ingressus,
2104 2240 2202 2297 per
2220 2224 2528 2296 lampadum
2566 2224 3068 2289 inﬂammationem,
3099 2222 3362 2292 virginem

80 2344 212 2401 qua:
243 2327 540 2401 paralytiea
579 2324 670 2381 diu
691 2322 963 2393 iacuerat,
995 2317 1181 2373 lumen
1200 2313 1501 2373 oculorum.
1532 2310 1661 2365 audii

1797 2333 1923 2373 iane
1941 2333 2103 2372 unam
2126 2332 2312 2373 earum
2340 2317 2547 2387 absque
2565 2315 2727 2371 dubio
2746 2328 2867 2371 esse
2885 2313 3202 2379 declaravit,
3226 2327 3371 2383 quas

78 2430 203 2476 tum
243 2420 478 2485 aurium,
502 2417 697 2488 linguae
723 2426 940 2485 quoque
981 2407 1191 2478 recepit
1236 2403 1635 2462 absolutionem

1797 2426 1882 2467 suo
1913 2412 2080 2481 ipsius
2108 2410 2419 2466 testimonio
2440 2408 2682 2466 accensis
2712 2407 3048 2477 lampadibus
3096 2402 3371 2477 evangeli-

32 2582 35 2583 ν
76 2522 140 2569 et
167 2513 252 2568 sic
279 2511 485 2584 gratias
505 2509 614 2565 Deo
634 2517 690 2564 et
726 2512 927 2563 sanetae
948 2500 1184 2558 reddens
1212 2495 1436 2567 virgini,
1465 2495 1531 2550 ad
1558 2509 1683 2565 ρων

81 2603 269 2671 pt‘iam
306 2600 591 2659 incolumis
619 2610 835 2653 reversa
861 2602 946 2652 est
974 2591 1331 2648 mansionem.

158 2693 259 2747 17.
300 2692 485 2749 Taedet
514 2706 608 2747 vos
632 2690 879 2757 forsitan,
905 2684 1268 2751 dilectissimi,
1315 2690 1395 2739 tot
1437 2689 1492 2737 et
1533 2686 1684 2735 tanta

79 2792 300 2840 sanctae
329 2780 586 2838 miracula
630 2779 854 2850 virginis
878 2776 1106 2842 audire;
1156 2787 1345 2831 verum
1378 2770 1503 2826 licet
1531 2768 1684 2824 vobis

80 2877 205 2933 sint
236 2872 478 2936 fastidio,
503 2871 596 2927 Dei
641 2879 819 2925 tamen
846 2876 901 2923 et
939 2876 1250 2923 sanctorum
1276 2876 1377 2918 nos
1420 2858 1686 2930 magualia

76 2964 360 3021 concedet
400 2977 506 3018 non
533 2970 731 3017 tacere.
770 2959 891 3030 lpse
937 2957 1138 3013 etenim
1166 2954 1334 3020 Deus,
1386 2948 1485 3023 per
1526 2965 1687 3021 quem
1757 2983 1767 2991 -

83 3071 261 3113 θηιηθ
287 3061 537 3111 sanctum
562 3051 950 3112 sanctiﬁcatur,
977 3062 1038 3104 se
1075 3047 1133 3103 in
1161 3053 1474 3103 sanctorum
1500 3054 1685 3097 susce-

84 3148 283 3219 ptione
310 3160 405 3202 seu
431 3142 731 3214 abjectione
762 3139 963 3210 suscipi
1009 3152 1108 3194 seu
1162 3136 1322 3206 abjici
1375 3131 1686 3203 evangelica

84 3254 230 3298 voce
303 3236 648 3302 testiﬁcatur,
710 3233 941 3289 dicens:
979 3248 999 3283 ‹
1036 3229 1140 3298 Qui
1180 3244 1277 3285 vos
1319 3228 1551 3299 spernit,
1602 3239 1691 3279 me

83 3328 339 3401 spernit;
384 3335 440 3382 et
464 3325 557 3397 qui
583 3338 681 3380 vos
735 3320 949 3390 recipit,
1012 3332 1101 3373 me
1143 3316 1356 3386 recipit.
1388 3334 1407 3367 ι
1467 3313 1693 3384 Oportet

80 3437 247 3493 ergo,
277 3418 502 3483 fratres,
542 3424 603 3472 ut
642 3424 697 3472 et
742 3414 928 3469 audita
974 3417 1254 3481 gratanter
1296 3405 1599 3471 retineatis,
1635 3413 1691 3460 et

80 3528 210 3583 quae
233 3510 424 3567 adhuc
444 3507 747 3580 adjicienda
774 3513 903 3562 sunt
926 3502 1098 3567 ,ltilari
1145 3500 1329 3557 animo
1376 3509 1433 3556 et
1483 3498 1692 3555 intente

80 3601 432 3672 suscipiatis.

152 3691 249 3748 18.
298 3689 450 3745 Inter
477 3688 595 3744 haec
618 3696 675 3744 et
698 3686 802 3743 alia
823 3687 1218 3759 quaedamquas
1247 3699 1346 3755 per
1381 3698 1504 3739 eam
1551 3684 1692 3738 Deus

74 3789 363 3855 operatus
388 3786 488 3845 est,
518 3778 803 3834 annualem
851 3776 1062 3848 cyclum
1109 3775 1334 3846 contigit
1384 3773 1607 3839 revolvi,
1638 3780 1694 3829 et

77 3872 233 3927 diem
262 3868 729 3934 anniversariam,
768 3882 872 3938 qua
930 3881 999 3923 ex
1051 3865 1253 3922 mundo
1306 3864 1458 3936 virgo
1506 3870 1692 3919 sancta

83 3964 422 4029 transierat,
460 3959 607 4016 ﬁdeli
651 3958 849 4030 populo
895 3956 1294 4027 repraesentari.
1343 3955 1495 4011 Diem
1544 3953 1693 4009 illam

84 4070 201 4126 qua
224 4064 287 4111 et
315 4060 518 4123 quanta
533 4049 892 4107 exsultatione
908 4047 1268 4118 susceperint,
1293 4060 1400 4116 qua
1418 4053 1472 4100 et
1490 4053 1696 4115 quanta

86 4147 400 4204 devotione
450 4142 864 4207 celebraverint,
903 4153 1077 4210 neque
1114 4136 1452 4194 meditationi
1498 4146 1697 4192 nosme

84 4240 155 4296 ad
192 4233 781 4311 plenumrecogitare,
816 4246 996 4302 neque
1042 4228 1322 4300 imperitia:
1373 4235 1575 4283 nostrae
1624 4225 1695 4280 ad

88 4336 286 4390 vivum
316 4343 642 4389 concessum
672 4334 758 4384 est
784 4324 1094 4396 explanare.
1140 4322 1272 4391 Quis
1299 4323 1443 4380 enim
1483 4332 1692 4377 tanaim

84 4426 313 4499 populi.
348 4427 701 4487 conventum,
755 4418 880 4488 quis
930 4430 1119 4473 eorum
1185 4414 1276 4484 qui
1332 4422 1697 4470 convenerant

1783 2520 1879 2561 cus
1905 2504 1993 2560 ille
2022 2519 2250 2575 sponsus
2288 2518 2469 2561 secum
2522 2504 2589 2560 ad
2639 2503 2853 2572 nuptias
2883 2501 3200 2557 introduxit.
3259 2499 3369 2553 Nec

1784 2597 1956 2663 solum
1990 2596 2090 2651 li‘oc
2116 2596 2308 2667 virgini
2343 2608 2453 2651 sure
2499 2594 2724 2665 largitus
2762 2603 2865 2658 est,
2919 2608 3120 2648 verum.
3148 2590 3367 2646 eosdem

1786 2699 1973 2741 cereos
2002 2699 2065 2740 ac
2091 2683 2384 2755 lampades,
2417 2685 2621 2753 absque
2644 2683 2821 2753 aliqua
2843 2697 2982 2739 cerae
3006 2680 3368 2735 diminutione

1785 2777 1869 2833 vel
1893 2778 2016 2845 olei,
2038 2786 2241 2847 septem
2261 2775 2365 2832 iiiis
2385 2775 2837 2845 subsequentibus
2859 2774 3067 2839 diebus,
3093 2771 3193 2827 sub
3207 2771 3372 2824 totius

1787 2869 1967 2940 populi
2000 2869 2308 2923 testimonio
2337 2868 2528 2922 ardere
2575 2866 2897 2922 mirabiliter
2937 2862 3203 2919 concessit
3233 2860 3369 2931 (20);

1859 2960 1949 3016 20.
1994 2961 2193 3015 Eodem
2236 2960 2289 3015 in
2320 2960 2437 3016 loco
2466 2959 2632 3015 multa
2663 2959 2779 3014 ﬁeri
2816 2958 3077 3014 miracula
3112 2956 3373 3026 frequen-

1790 3062 1875 3109 ter
1903 3052 2217 3118 audiuntur,
2243 3066 2364 3122 quae
2391 3051 2474 3107 sui
2502 3052 2838 3116 assiduitate,
2876 3050 3017 3107 sicut
3053 3049 3376 3120 plerumque

1715 3169 1762 3232 ο
1795 3141 1911 3199 ﬁeri
1934 3140 2093 3208 solet,
2113 3142 2314 3212 partim
2341 3140 2598 3197 memoria
2619 3140 2905 3208 excidisse,
2934 3140 3131 3211 partim
3154 3139 3375 3194 viluisse

1792 3242 2090 3291 noscuntur
2116 3251 2131 3300 ;
2170 3248 2291 3303 qua:
2323 3241 2500 3288 tamen
2530 3241 2823 3288 occurrunt
2845 3232 3119 3288 memoria:
3143 3239 3382 3294 nostrae,

1790 3329 1985 3382 vesti-a2
2007 3324 2334 3381 fraternitati
2374 3337 2472 3380 nos
2494 3338 2601 3378 non
2630 3322 2779 3394 piget
2810 3329 3080 3377 renotare.
3133 3320 3259 3378 Haec
3282 3334 3375 3375 ea-

1792 3418 1912 3474 dem
1960 3418 2131 3472 beatm
2172 3415 2397 3487 virginis
2452 3414 2593 3469 fama
2644 3412 3018 3478 celeberrima,
3071 3427 3190 3481 qua:
3235 3412 3377 3466 alios

1792 3507 2139 3579 quamplures
2163 3506 2516 3569 excitaverat,
2572 3503 2638 3559 ad
2666 3516 2825 3557 aures
2861 3501 3146 3573 paralytici
3195 3499 3380 3569 cujus-

1792 3601 1937 3665 dam,
1976 3598 2221 3668 Gregorii
2260 3598 2499 3661 nomine,
2528 3595 2707 3650 delata
2736 3602 2837 3651 est.
2871 3594 2971 3650 Hic
2994 3592 3210 3665 quidem
3237 3593 3376 3647 adeo

1793 3690 2058 3763 paralysis
2084 3690 2276 3746 morbo
2296 3687 2593 3744 dissolutus
2607 3686 2924 3757 languebat,
2950 3692 3010 3740 ut
3032 3698 3133 3741 nec
3154 3684 3372 3755 quidem

1793 3794 2012 3836 manum
2045 3777 2128 3833 vel
2159 3779 2345 3848 pedem
2373 3790 2590 3832 movere
2611 3783 2823 3846 posset;
2876 3774 2985 3830 imo
3009 3771 3377 3845 fcorporejam

1793 3880 2139 3944 praemortua,
2189 3869 2247 3923 in
2292 3866 2405 3923 solo
2432 3868 2521 3922 vix
2550 3865 2666 3935 ejus
2692 3872 2911 3935 pectore
2940 3862 3120 3919 vitalis
3148 3862 3380 3933 spiritus

1796 3961 2099 4019 anltelaret.
2168 3958 2327 4013 Nisus
2375 3965 2553 4013 tamen
2585 3969 2801 4026 quoquo
2851 3955 3242 4023 modo-repere
3283 3967 3382 4021 per

1800 4065 2023 4118 terram,
2075 4053 2165 4105 vix
2215 4050 2432 4104 tandem
2480 4049 2546 4102 ad
2606 4048 2968 4104 desideratam
3024 4044 3381 4101 sanctissimae

1797 4142 2022 4212 virginis
2048 4137 2668 4210 pervenitsepulturam.
2728 4136 2892 4189 Multa
2943 4134 3015 4188 ibi
3056 4149 3177 4187 eum
3221 4133 3383 4187 devo-

1800 4232 1946 4287 tione
1972 4230 2170 4284 multos
2202 4227 2430 4282 fundens
2461 4226 2659 4279 rivulos
2690 4224 3074 4294 lacrytnarum,
3120 4238 3216 4293 per
3251 4238 3380 4278 san-

1798 4335 1901 4381 ctae
1939 4322 2256 4379 Godeberta:
2285 4318 2507 4389 virginis
2547 4317 2821 4379 meritum,
2852 4315 3221 4370 invalitudim’s
3270 4329 3389 4369 sua:

1799 4410 2127 4482 elllagitabat
2168 4408 2639 4463 medicamentum.
2690 4405 2931 4475 Cumque
2972 4405 3025 4458 in
3070 4404 3269 4471 gemitu
3329 4415 3384 4457 et

86 4493 455 4579 devotionem
478 4522 535 4569 et
555 4508 904 4581 lacrymabile
931 4506 1207 4577 gaudium,
1259 4506 1445 4575 quisve
1471 4514 1693 4573 sponta-
1725 4520 1771 4576 ι)
1801 4503 2074 4574 lacrymis,
2106 4514 2276 4569 usque
2299 4498 2367 4553 ad
2396 4511 2675 4567 vesperam
2711 4494 2846 4550 ﬂetis
2870 4504 2926 4550 ct
2961 4494 3190 4564 ejulans,
3230 4493 3385 4547 iude-

85 4626 230 4668 neas
277 4604 563 4677 esplicare
609 4600 913 4657 oblationes
960 4604 1142 4668 posset
1204 4597 1429 4651 eorum?
1480 4594 1702 4651 Videres

88 4700 353 4769 undique
379 4690 672 4762 promiscui
692 4702 855 4744 sexus
886 4683 1117 4759 [turbas]
1156 4694 1545 4753 concurrentes
1582 4695 1701 4739 tan-

86 4805 267 4863 quam
292 4799 436 4858 apes
456 4785 525 4839 ad
545 4778 861 4843 alvearium,
900 4775 1218 4832 clericorum
1247 4775 1483 4839 ordines,
1518 4790 1691 4828 mona-

68 4885 345 4940 chorum
393 4872 877 4945 congregationes;
920 4868 1108 4924 turbas
1152 4882 1367 4937 quoque
1398 4866 1702 4938 virginum,

90 4985 333 5032 omnem
365 4978 590 5038 prorsus
614 4962 897 5031 utriusque
919 4972 1083 5021 sexus
1104 4965 1427 5014 conventum
1476 4957 1529 5010 in
1557 4970 1705 5013 eam—

91 5068 225 5121 dem
257 5058 545 5116 coniluere
566 5053 826 5117 laetitiam,
858 5064 1071 5120 unoque
1100 5049 1282 5104 animo
1326 5063 1390 5103 ac
1436 5049 1548 5119 pari
1578 5063 1707 5103 con-

92 5170 275 5214 sensu
298 5148 535 5221 virginis
558 5153 759 5201 sanctae
793 5142 1001 5199 felicem
1032 5140 1326 5199 sollicitare
1363 5139 1701 5193 memoriam.

92 5251 279 5307 Facto
317 5245 510 5313 itaque
556 5237 1094 5309 solemnimissarum
1119 5233 1313 5299 ofﬁcio,
1365 5243 1486 5305 post
1527 5235 1708 5289 multi-

94 5342 282 5414 plices
332 5335 452 5391 ι)θο
503 5341 559 5389 et
583 5329 777 5401 virgini
809 5326 1052 5384 redditas
1078 5326 1319 5382 actiones
1369 5326 1706 5396 gratiarum,

94 5428 365 5490 universi
390 5425 479 5481 :ad
520 5422 738 5495 propria
792 5418 993 5476 reversi
1047 5425 1203 5473 sunt.
1245 5414 1506 5472 Custodes
1545 5418 1707 5471 etiam

94 5522 400 5585 ecclesiae,
427 5516 679 5574 omnibus
723 5512 835 5568 fere
870 5508 1221 5566 luminaribus
1255 5508 1559 5570 exstinctis,
1587 5524 1707 5562 cum

178 5658 308 5733 (20)
352 5652 569 5733 Surius,
601 5650 691 5733 qui
715 5648 1097 5733 miraculorum
1116 5646 1274 5717 lmjus
1300 5645 1494 5714 capitis
1523 5658 1708 5733 nam.

102 5715 323 5789 tioitem
355 5723 515 5778 valde
543 5715 974 5785 constrinxerat;
1015 5715 1265 5786 deinceps
1307 5715 1708 5789 paucasglincas

100 5785 294 5861 ὲὺίυω
321 5794 517 5862 habet,
546 5802 600 5851 et
634 5793 710 5851 sic
740 5801 901 5847 totam
935 5785 1299 5845 narrationem
1333 5785 1577 5841 absolvit.

1804 4595 1947 4650 [esse
1963 4599 2361 4663 perseverasset
2379 4605 2394 4653 ;
2422 4588 2511 4657 pio
2523 4586 2906 4642 sacratissima
2923 4585 3150 4656 virginis
3160 4583 3385 4639 obtentu

1805 4686 1858 4740 in
1888 4690 2164 4739 momento
2189 4679 2435 4749 corporis
2462 4677 2625 4733 totius
2653 4677 2937 4732 sanitatem
2976 4676 3190 4747 plenam
3237 4689 3389 4730 rece-

1804 4778 1904 4845 pit,
1939 4790 2002 4829 ac
2034 4775 2078 4828 si
2111 4771 2311 4827 nullam
2348 4785 2584 4840 unquam
2626 4769 2900 4825 laesionem
2931 4768 3257 4840 pertulisset.
3284 4766 3387 4820 La-

1805 4866 2194 4937 crymabantur
2241 4877 2432 4917 clunes
2479 4876 2589 4931 prze
2632 4861 2851 4933 gaudio,
2890 4860 3016 4930 quia
3062 4874 3222 4929 Quem
3271 4858 3391 4917 fere

1807 4958 2221 5029 suspicabantur
2244 4956 2572 5019 exanimem,
2604 4954 2884 5010 ambulare
2904 4952 3159 5007 videbant
3188 4966 3380 5007 sanum

1806 5061 1862 5109 et
1885 5050 2211 5107 incolumeu.
2260 5046 2367 5104 Sed
2419 5061 2518 5102 nec
2568 5046 2696 5100 illud
2743 5042 3176 5114 praetereundum
3228 5051 3387 5113 puta-

1808 5156 1927 5196 mus
1960 5140 2104 5211 quod
2129 5139 2196 5194 de
2218 5136 2427 5192 Harveo
2449 5135 2561 5207 (21)
2589 5148 2685 5203 per
2714 5131 2978 5203 virginem
3011 5131 3153 5186 banc
3182 5130 3391 5186 factum

1811 5235 2092 5290 mirantur.

1878 5326 1969 5381 21.
2001 5325 2117 5395 Ipse
2135 5323 2351 5394 quidem
2383 5319 2645 5385 llarveus,
2676 5317 2945 5373 multatus.
2968 5316 3162 5384 oculis,
3216 5317 3386 5373 multa

1810 5435 1970 5489 super
2012 5420 2115 5473 hoc
2162 5418 2545 5486 peragraverat
2590 5411 2706 5466 loca
2756 5419 3088 5473 sanctorum,
3146 5410 3385 5479 ipsorum

1810 5514 1974 5566 etiam
1997 5526 2058 5565 ea
2089 5510 2155 5563 de
2178 5521 2340 5561 causa
2367 5504 2575 5559 adierat
2619 5502 2893 5557 orationes
2943 5499 3086 5554 Petri
3127 5510 3183 5555 et
3229 5499 3386 5554 Pauli

1881 5642 1992 5712 (21)
2052 5640 2194 5694 Idem
2233 5636 2433 5712 _S_urius
2483 5634 2752 5712 "anteum
2791 5644 2949 5690 vocat
2992 5652 3005 5690 :
3057 5635 3393 5706 ecgrapbum

1813 5703 2054 5771 nostrum
2081 5707 2247 5767 semel
2282 5709 2583 5774 iterumque
2613 5703 2904 5760 "aureum.
2929 5750 2935 5753 _
