3836 6320
560 338 696 396 1527

1627 331 1715 384 In
1728 329 1926 385 DBODI
1955 326 2424 384 NOVIOMENSIS
2444 336 2447 341 '
2467 329 2769 391 EPISCOPI
3578 344 3646 401 ne

556 452 965 526 Apostolorum;
995 450 1303 519 aliquotque
1327 447 1514 502 diebus
1545 446 1617 501 ibi
1644 444 1995 516 exspectatis,
2022 458 2146 497 cum
2177 453 2224 507 Α
2255 442 2577 499 beatissima:
2617 444 2870 499 videlicet
2894 445 3122 515 virginis
3165 444 3462 516 Godebertc,
3495 450 3654 521 vitam

557 545 634 601 nil
654 545 756 601 sibi
779 542 1045 616 proﬁcere
1076 542 1322 605 sentiret,
1359 539 1562 594 infecto
1603 538 1826 609 negotio
1871 536 2042 593 tristis
2076 536 2145 590 ad

556 638 777 708 propria
808 635 1105 705 repedavit.
1134 633 1190 687 ln
1236 633 1473 687 tenebris
1492 631 1676 702 itaque
1702 638 1758 685 et
1787 629 1901 685 fere
1931 629 1984 684 in
2026 643 2147 683 um-

556 732 655 787 bra
690 729 880 785 mortis
915 726 1176 791 residens,
1209 726 1337 781 dies
1354 739 1478 779 suos
1514 723 1750 794 lugebat,
1810 723 2008 792 quippe
2049 721 2143 790 qui

558 837 683 880 cum
724 822 849 877 aliis
874 821 1000 890 quia
1035 820 1287 874 videbant
1322 815 1647 878 inhabitans,
1680 814 1746 869 ad
1796 823 2145 884 augmentum

558 915 762 971 doloris
778 913 858 967 sui
874 911 1056 966 iumen
1074 924 1261 964 eorum
1281 907 1627 962 retractabat.
1654 903 1968 975 Peragratis
1988 918 2142 975 ergo,

557 1014 620 1060 ut
648 1004 1015 1076 praediximus,
1044 1001 1330 1056 multorum
1362 1008 1675 1054 sanctorum
1699 997 1976 1062 oratoriis,
2002 996 2148 1065 ejus-

559 1093 680 1149 dem
702 1091 957 1148 desiderii
981 1105 1145 1145 causa
1174 1089 1366 1144 devote
1388 1089 1455 1142 ad
1482 1087 1705 1158 virginis
1749 1085 1908 1155 hujus
1937 1100 2145 1141 memo-

558 1186 697 1240 riam
724 1183 991 1255 pervenit,
1022 1182 1093 1236 ibi
1134 1180 1255 1236 ﬁdei
1301 1179 1518 1235 fervore
1571 1193 1869 1234 succensus
1905 1178 2148 1233 extensis

563 1281 616 1334 in
637 1280 835 1335 coelum
862 1275 1131 1340 manibus,
1160 1274 1215 1327 in
1242 1273 1427 1328 abdito
1455 1270 1638 1328 cordis
1663 1271 1795 1326 illud
1832 1270 2147 1328 Davidicum

563 1372 900 1435 decantabat,
934 1388 953 1420 ι
993 1370 1276 1431 Dominus,
1310 1367 1503 1435 inquit,
1533 1364 1682 1421 salus
1726 1373 1784 1420 et
1823 1363 2149 1419 illuminatio

563 1479 681 1518 mea
707 1463 878 1534 (Psal.
914 1477 1064 1527 xxvi,
1090 1460 1163 1531 l).
1196 1479 1213 1513 ι
1236 1459 1313 1514 Ex
1340 1468 1451 1514 toto
1480 1472 1696 1529 quoque
1725 1457 1893 1512 corde
1925 1456 1992 1512 ad
2017 1471 2144 1511 sane

561 1556 858 1611 etissimam
896 1568 1193 1609 conversus
1242 1552 1532 1622 virginem,
1588 1566 1743 1605 suam
1792 1551 1840 1605 ei
1892 1550 2153 1604 attentius

561 1646 975 1702 commendabat
990 1645 1354 1702 devotionem.
1373 1642 1639 1699 Exaudite
1662 1652 1890 1712 estergo
1904 1651 1959 1696 et
1974 1642 2030 1696 in
2050 1641 2150 1697 hoc

564 1740 913 1795 devotissima
942 1747 1145 1794 sancte
1166 1737 1327 1808 hujus
1354 1736 1583 1807 virginis
1609 1733 1967 1799 interventio;
2001 1743 2057 1790 et
2080 1733 2151 1789 ad

2255 542 2361 589 tem
2391 534 2579 590 sedulo
2602 534 2992 605 imploremus:
3036 544 3203 606 utque
3225 538 3353 607 apud
3391 538 3584 605 divinam,
3612 566 3655 599 re

2250 626 2659 696 infatigabiliter
2710 628 3045 695 deservivit,
3111 629 3448 699 majestatetn,
3488 647 3554 701 pro
3580 639 3660 689 toﬁs

2249 718 2564 789 suppliciter
2589 719 2930 776 intercedere
2958 718 3234 791 dignetur,
3282 729 3559 778 retractemus
3575 725 3661 780 tete-

2253 819 2359 867 tam
2393 811 2448 865 in
2473 810 2569 866 Dei
2602 810 2865 867 famulatu
2898 812 3128 883 virginis
3159 811 3314 880 hujus
3337 812 3662 877 instantium-

2252 902 2518 958 miremur
2541 902 2664 973 ejus
2684 903 2938 973 precibus
2959 902 3244 970 acclinem,
3268 914 3325 958 ut
3339 903 3403 959 ita
3419 903 3547 960 dicam
3564 905 3664 960 Sain-
3746 954 3747 975 ἰ

2251 994 2385 1051 toris
2414 996 2587 1051 nostri
2616 996 2986 1051 clementiam.
3024 994 3339 1051 Audivimns
3365 998 3490 1052 modo
3511 999 3591 1066 quia
3616 1016 3666 1051 αι

2251 1101 2350 1143 cus
2375 1086 2465 1142 hic
2494 1086 2760 1153 llarveus,
2805 1100 2931 1142 cum
2988 1100 3155 1159 super
3199 1085 3419 1142 caecitate
3447 1102 3517 1143 sua
3549 1088 3667 1141 nihil:

2250 1178 2454 1236 sanctis
2479 1178 2832 1248 impetrasset
2851 1178 3135 1250 apostolis,
3169 1194 3268 1249 per
3282 1180 3406 1234 hanc
3422 1188 3568 1233 tantam
3581 1182 3668 1248 iugi.

2251 1287 2375 1328 nem
2402 1271 2581 1327 visum
2610 1272 2818 1342 recepit
2845 1290 2860 1325 :
2893 1271 3187 1327 credamus
3219 1279 3275 1327 et
3318 1285 3407 1326 nos
3426 1284 3499 1341 per
3517 1270 3667 1331 eam
3746 1344 3747 1347 η

2251 1365 2498 1421 cordium
2518 1372 2832 1421 nostrorum
2855 1364 3186 1430 excitarem,
3220 1364 3267 1419 si
3292 1363 3418 1420 bene
3438 1364 3669 1433 querimur

2252 1456 2363 1513 Deo
2384 1470 2510 1513 vere
2536 1455 2856 1511 illuminari.
2885 1455 3213 1511 Audivimus
3244 1454 3539 1527 paralyticum
3563 1454 3671 1523 Crete

2253 1547 2420 1613 rium,
2445 1545 2712 1617 paralysis
2735 1560 2872 1612 suae,
2895 1545 3002 1603 hac
3020 1545 3317 1612 mediante,
3338 1544 3672 1612 suscepissem

2252 1640 2403 1696 dium
2432 1658 2446 1695 :
2472 1638 2764 1696 credamus
2799 1647 2855 1695 et
2875 1653 2978 1695 nos
2999 1678 3017 1707 ,
3049 1638 3097 1696 si
3118 1652 3192 1695 ex
3219 1636 3375 1693 corde
3394 1633 3671 1706 pmnitncm

2252 1750 2350 1806 per
2372 1750 2495 1792 eam
2520 1735 2817 1801 sanandos,
2860 1733 2957 1804 qui
2993 1733 3272 1798 omnibus,
3322 1730 3440 1802 proh
3477 1729 3672 1784 doloth

562 1832 682 1901 ejus
703 1830 998 1901 supplicem
1036 1828 1476 1897 deprecationem
1527 1826 1794 1892 Harveus,
1838 1825 1968 1896 quia
2018 1824 2151 1880 fide-
2180 1835 2225 1892 B
2250 1843 2352 1884 ma:
2377 1827 2622 1885 destituti
2642 1825 2871 1893 ciliciis,
2903 1825 3048 1881 viam
3081 1824 3335 1882 incedere
3366 1824 3601 1893 pigritiam
3615 1822 3673 1875 νὴ·

561 1922 686 1975 liter
711 1921 765 1975 in
793 1920 1039 1975 oratione
1062 1919 1337 1990 praestitit,
1359 1933 1466 1974 non
1490 1927 1574 1974 est
1599 1916 1923 1972 frandatnsa
1940 1916 2149 1971 deside-

559 2014 646 2069 rio
669 2027 787 2069 suo.
819 2011 959 2068 Sunt
985 2021 1043 2068 et
1071 2011 1179 2069 alia
1209 2011 1400 2080 multa,
1424 2011 1756 2077 charissimi,
1788 2010 2015 2080 virginis
2044 2009 2144 2064 bu—

556 2106 649 2173 jus
674 2103 960 2172 miracula,
986 2119 1131 2175 quae,
1172 2104 1313 2160 sicut
1357 2104 1614 2169 diximus,
1656 2104 1722 2158 ad
1754 2112 1994 2173 nostram
2038 2117 2143 2156 non

562 2210 860 2268 pervenere
880 2197 1155 2260 notitiam;
1210 2211 1395 2253 verum
1417 2211 1581 2267 super
1618 2194 1921 2251 manifestis
1970 2205 2026 2248 et
2072 2195 2151 2248 in-

562 2288 793 2360 cognitis
818 2288 1220 2344 sanctissimam
1272 2302 1371 2343 nns
1424 2287 1521 2342 Dei
1565 2294 1782 2357 Oportet
1832 2284 2144 2342 collaudare

562 2380 1044 2450 magniﬁcentiam,
1081 2379 1197 2449 qui,
1248 2393 1343 2449 per
1370 2378 1631 2434 imitabile
1658 2377 1953 2449 fragilioris
1985 2390 2151 2433 sexus

561 2470 889 2542 exemplum,
917 2480 1029 2527 tam
1052 2469 1268 2541 fragiles
1295 2469 1362 2524 ad
1398 2478 1616 2525 aeternae
1642 2467 1765 2525 vita:
1814 2469 2151 2525 incessanter

562 2560 760 2618 invitat
795 2561 1077 2633 praemium
1102 2560 1518 2630 sempiternum.

1173 2651 1417 2708 EPILOG
1429 2651 1535 2709 US.

634 2748 725 2801 2‘2.
764 2747 877 2803 Nos
918 2748 1124 2818 itaque,
1183 2746 1399 2812 fratres,
1449 2745 1539 2813 qni
1598 2744 1727 2801 licet
1777 2745 2152 2816 corporalibus

563 2850 785 2896 utamur
811 2840 1006 2905 oculis,
1057 2839 1187 2894 caeci
1225 2845 1406 2891 tamen
1455 2851 1643 2893 sumus
1688 2836 1743 2892 in
1791 2839 2016 2904 anima;
2056 2836 2151 2907 qui

564 2931 918 2987 terrestribus
942 2928 1105 2984 nimis
1133 2926 1370 2990 intenti,
1421 2940 1588 2995 prave
1637 2929 2013 2997 postponimus
2039 2941 2151 2983 cm-

565 3020 756 3077 lestia:
781 3024 872 3091 qui
917 3019 1305 3092 temporalibus
1356 3017 1652 3084 inhiantes,
1691 3020 1827 3075 nihil
1868 3021 2153 3091 pendimus

567 3112 906 3181 spiritualia;
949 3111 1063 3181 jam
1104 3110 1190 3167 vel
1226 3123 1351 3165 sero
1410 3108 1569 3179 hujus
1612 3120 1855 3184 patrona:
1908 3122 2108 3170 nostrae
2134 3155 2149 3182 ,

2246 1929 2443 1975 tutum.
2479 1919 2737 1992 Legimus
2759 1918 3054 1988 lampades,
3083 1929 3227 1987 quas
3249 1914 3421 1983 ineius
3442 1913 3672 1970 exstinxeris

2247 2014 2531 2082 oratorio,
2588 2011 2773 2068 subito
2826 2011 2951 2084 igne
3001 2009 3400 2066 inﬂammatas:
3444 2006 3673 2063 crede-usu

2246 2120 2345 2176 pro
2367 2112 2522 2160 certo
2550 2102 2872 2169 habeamus,
2928 2099 3244 2170 spirituales
3294 2099 3545 2154 aimarnm
3562 2103 3673 2147 sasin-

2244 2210 2368 2250 rum
2414 2195 2687 2260 tenebras,
2744 2194 2849 2250 hac
2914 2192 3315 2249 interveniente
3363 2190 3565 2245 divinitus
3594 2201 3673 2255 pust

2248 2285 2599 2341 inﬂammari.
2631 2283 2755 2341 Iam
2792 2299 2939 2349 vero,
2979 2281 3346 2349 dilectissimi,
3384 2281 3673 2338 ueniamus

2249 2379 2412 2435 nibus
2432 2379 2499 2433 ad
2526 2379 2813 2434 Dominum
2842 2377 3121 2449 erigamus
3148 2376 3205 2432 in
3233 2390 3355 2432 vera
3381 2372 3631 2431 confession.
3650 2380 3675 2418 α

2252 2469 2306 2524 in
2335 2467 2733 2526 indissimulata
2761 2468 3081 2540 pmnitentia
3110 2466 3450 2537 precibusque
3482 2458 3673 2518 multisnil

2249 2561 2444 2618 faciem
2468 2561 2587 2632 ejus
2616 2561 3051 2631 praeveniamus:
3090 2578 3209 2634 quo
3237 2556 3440 2629 virginis
3472 2553 3583 2622 hujus
3597 2546 3673 2603 mi

2250 2654 2344 2718 tis,
2375 2668 2539 2725 quam
2566 2654 2723 2711 nobis
2746 2654 3031 2725 proposuit
3056 2656 3114 2711 in
3134 2652 3446 2723 exemplum.
3474 2654 3672 2715 Win

2250 2742 2370 2813 ejus
2397 2759 2525 2799 vera
2554 2745 2843 2800 dilectione
2866 2744 3175 2802 carnalium
3205 2741 3452 2800 abdicavit
3476 2734 3611 2792 texier:
3630 2744 3673 2779 si

2251 2836 2509 2906 Pliat‘um,
2559 2836 2711 2907 gravi
2741 2851 2841 2893 nos
2885 2846 3081 2893 exutos
3110 2848 3361 2906 corpore,
3401 2819 3675 2898 unigenitoiﬁt

2253 2943 2353 2985 suo
2377 2927 2595 2984 Christo
2623 2928 2851 2983 Domino
2894 2936 3086 2984 nostro
3115 2920 3472 2995 concorporati
3504 2911 3674 2971 concalﬁ-

2255 3021 2311 3077 in
2337 3019 2545 3077 caelesti
2574 3019 2804 3093 collegio
2827 3027 3148 3076 sanctorum
3177 3016 3483 3089 angelorum,
3514 3021 3578 3080 pet
3600 3016 3676 3060 θω-

2255 3114 2378 3169 dem
2409 3112 2687 3169 Christum
2713 3112 3000 3169 Dominum
3025 3119 3303 3167 nostrum.
3330 3108 3496 3163 Amen.

582 3272 3673 3323 __________________________________,__________________—

1614 3459 2238 3575 RADBODI
2328 3457 2799 3573 SERMO

1307 3699 1397 3756 DE
1433 3698 2003 3757 ANNUNTIATIONE
2032 3698 2149 3754 ΒΕΑ

2253 3698 2284 3754 s
2321 3698 2563 3755 manu;
2593 3696 2897 3756 VIRGINIS
2937 3696 3079 3771 (es).

1537 3876 1690 3930 Actes
1716 3877 1780 3930 de
1811 3876 1862 3929 la
1890 3873 2152 3929 Province
2176 3874 2360 3931 eccles.
2386 3874 2454 3929 de
2478 3873 2683 3940 Reims,
2714 3872 2778 3943 Il,
2805 3874 2956 3945 100;)

1138 4225 1331 4266 LECTIO
1369 4225 1553 4265 PRIMA.

552 4326 553 4329 η
637 4302 980 4368 Audivimus,
1030 4301 1230 4357 fratres
1276 4301 1636 4366 dilectissimi.
1671 4309 1941 4372 pastorem
1998 4300 2147 4355 illum

568 4398 750 4453 ovium
783 4396 850 4452 de
880 4396 972 4450 viii
996 4403 1051 4451 et
1073 4394 1256 4451 servili
1278 4395 1462 4451 ovium
1490 4394 1733 4450 custodia
1759 4395 1812 4449 in
1837 4395 1987 4465 regni
2018 4395 2152 4449 solio

570 4488 828 4543 divinitus
857 4487 1225 4552 sublimatum,
1278 4486 1469 4553 David,
1516 4487 1756 4556 inquam,
1810 4487 2149 4557 prophetam,

569 4578 681 4632 imo
706 4576 1042 4646 psalmistam
1068 4576 1448 4648 magniﬁcum,
1465 4577 1530 4632 ad
1547 4577 1640 4633 Dci
1663 4574 2006 4648 magniﬁcam
2037 4577 2153 4631 lau-

570 4667 691 4722 dem
718 4668 921 4721 intente
942 4668 1123 4721 omnia
1152 4668 1473 4723 invitantem
1500 4683 1625 4723 cum
1653 4669 1709 4723 in
1735 4678 1980 4724 extremo
2006 4668 2154 4739 psal-

569 4773 784 4813 morum
810 4756 982 4812 dicit:
1026 4776 1044 4810 α
1075 4758 1267 4814 Omnis
1312 4762 1536 4832 spiritus
1568 4761 1752 4817 laudet
1782 4760 2092 4817 Dominum.
2125 4779 2146 4812 ι

568 4848 793 4902 Dixerat
812 4847 1031 4916 quidem
1064 4847 1116 4901 in
1141 4848 1329 4903 eodem
1378 4850 1588 4920 psalmo
1617 4851 1871 4919 superius
1902 4865 1917 4902 :
1953 4868 1972 4899 ‹
2012 4848 2154 4904 Lau-

569 4938 697 4994 date
756 4939 1043 4993 Dominum
1098 4940 1151 4993 in
1207 4942 1415 4995 sanctis
1459 4939 1595 5009 ejus.
1641 4961 1659 4993 ι»
1711 4940 1973 4997 llortatur
2023 4956 2153 5012 ergo

567 5028 847 5099 psalmista
877 5025 1047 5084 David
1099 5029 1309 5085 laudari
1345 5032 1627 5086 Dominum
1677 5034 1731 5086 in
1782 5038 1986 5088 sanctis
2016 5033 2152 5097 suis,

568 5136 766 5191 corpus
794 5121 1043 5177 videlicet
1065 5122 1122 5177 in
1143 5123 1425 5187 membris,
1457 5122 1746 5180 Dominum
1792 5126 1844 5180 in
1874 5126 2064 5192 servis,
2097 5126 2149 5180 in

568 5222 816 5268 creatura
844 5211 1179 5279 Creatorem,
1232 5216 1287 5269 in
1338 5216 1599 5272 militibus
1650 5232 1857 5288 regem,
1908 5219 1959 5272 in
1992 5218 2154 5274 disci-

566 5303 705 5372 pulis
738 5305 1078 5374 magistrum,
1136 5305 1193 5359 in
1222 5306 1307 5362 his
1355 5324 1476 5379 qua:
1526 5307 1796 5375 videntur,
1832 5308 2153 5364 invisibilem

569 5396 881 5452 Creatorem
935 5397 1176 5452 omnium
1222 5407 1486 5455 nostrum.
1518 5398 1601 5455 Ad
1634 5400 1796 5470 hujus
1833 5401 1997 5456 etiam
2038 5402 2155 5455 lau-

569 5490 813 5551 dationes
837 5508 1053 5550 omnem
1085 5509 1301 5565 quoque
1352 5495 1601 5564 spiritum
1652 5492 1869 5558 invitat,
1919 5492 2156 5547 rationa-

2253 4220 2381 4275 bilia
2443 4220 2653 4276 scilicet
2673 4220 2967 4290 ibrutaqne
3032 4218 3410 4287 animalia;et
3453 4216 3565 4270 bruta
3598 4202 3671 4258 τιίι

2255 4311 2424 4365 Deum
2446 4311 2774 4377 collaudant,
2798 4327 2922 4367 cum
2942 4326 3041 4368 suo
3064 4313 3305 4380 ipsorum
3344 4311 3451 4382 jure
3472 4310 3609 4360 natm
3631 4305 3673 4386 αἲ

2254 4402 2492 4457 cundum
2542 4403 2780 4456 divinam
2847 4404 3264 4472 dispositionem
3320 4398 3510 4457 Domino
3544 4394 3672 4445 cmi?“
3746 4450 3747 4459 χ

2258 4493 2660 4562 obtemperant.
2688 4492 2967 4548 Laudatur
3020 4494 3288 4564 siquidem
3314 4488 3526 4545 Dominus
3548 4481 3582 4533 in
3609 4484 3673 4526 9*

2254 4587 2359 4642 ctis
2380 4587 2515 4654 suis,
2541 4602 2665 4641 cum
2696 4602 2797 4657 per
2828 4602 2926 4643 eos
2952 4602 3211 4658 operans,
3239 4585 3389 4641 corda
3408 4574 3672 4636 illuminat?”

2257 4678 2485 4732 fidorum
2514 4721 2529 4744 ,
2582 4679 2841 4735 virtutem
2891 4678 3122 4750 largitur
3176 4662 3672 4753 miraculorum

2255 4767 2537 4822 beneﬁciis
2582 4767 2784 4822 inﬁrmi
2834 4749 3242 4831 sustentantur,
3292 4771 3344 4819 et
3378 4749 3672 4831 pravam”.

2255 4858 2432 4927 prima
2464 4875 2495 4913 a
2522 4858 2775 4927 paradiso
2800 4858 3011 4929 expulsi
3038 4840 3672 4928 pmtmodumfcwlcslbﬂi“
3746 4832 3747 4855 ¹

2254 4949 2496 5006 Ιιαιιιθᾶθε
2520 4958 2863 5006 revocantur.
3746 4960 3747 4963 ‘

2790 5095 2985 5136 LECTIO
3019 5094 3270 5136 SECUNDA.

2325 5213 2461 5269 Cum
2482 5227 2636 5283 ergo,
2666 5215 2807 5270 sicut
2830 5214 3037 5270 dictum
3062 5220 3164 5276 est,
3188 5212 3242 5266 in
3274 5201 3454 5263 sanctis
3472 5194 3553 5251 suis
3570 5180 3669 5273 ί)οῷ

2256 5319 2403 5359 mum
2429 5305 2656 5360 suadeat
2684 5305 2916 5371 laudari,
2946 5305 2999 5360 in
3026 5319 3088 5359 ea
3134 5304 3312 5372 ct,’per
3328 5308 3432 5352 eam
3454 5300 3545 5344 clm

2257 5414 2362 5469 pue
2427 5398 2595 5454 docet
2631 5400 2890 5455 honorari
2944 5417 3045 5471 per
3090 5413 3248 5470 quam
3300 5395 3499 5463 ipsorum
3528 5376 3667 5471 “um

2259 5503 2572 5549 sanctorum
2601 5470 2984 5565 redemptionis
3032 5508 3238 5551 summa
3270 5479 3506 5561 processit:
3537 5470 3667 5525 ⁸³⁵⁸³

644 5670 756 5739 (‘32)
796 5671 869 5725 Ce
915 5687 1130 5729 sermen
1186 5687 1244 5725 se
1268 5671 1415 5726 lisait
1447 5672 1730 5740 autrefois,
1765 5687 1832 5727 cn
1884 5671 2054 5731 formc
2084 5670 2150 5726 de
2190 5670 2391 5738 lecons,
2449 5689 2554 5728 aux
2587 5674 2822 5729 matincs
2875 5674 2943 5730 de
2984 5670 3415 5730 l‘Annonciation,
3451 5642 3634 5715 ΜΡΝ

570 5740 746 5796 sleurs
780 5742 972 5811 eglises
999 5744 1067 5796 dn
1093 5744 1308 5796 diocese
1335 5742 1402 5794 de
1439 5744 1646 5810 boyon.
