3902 6316
184 357 302 421 1519

1236 340 1467 396 SERMO
1507 340 1598 396 DE
1640 339 1944 397 ANNUNT.
1988 342 2046 395 Β.
2086 341 2353 399 MANE.

3284 350 3423 409 £330

182 479 299 529 sima
334 461 570 518 videlicet
615 457 781 512 Maria
806 456 1070 527 genitriee
1118 454 1327 509 Domini
1379 454 1551 510 nostri
1592 452 1718 509 Jcsu
1750 463 1793 516 Α
1824 454 1919 509 Dei
1950 468 2014 506 ex
2045 451 2250 524 Spiritu
2274 465 2484 523 sancto,
2519 458 2663 515 ﬁlius
2696 458 2938 517 hominis
2971 459 3201 532 virginis
3241 461 3422 520 factus

179 555 381 620 Christi,
417 567 533 622 qure
562 550 628 604 ad
663 548 1028 603 enervandam
1068 546 1256 600 mortis
1294 545 1629 610 violentiam,
1663 546 1731 599 ad

182 647 544 708 restituendam
569 641 726 695 nobis
749 640 896 711 regni
926 638 1164 693 cmlestis
1187 638 1558 693 haereditatem
1583 638 1734 709 virgo

177 740 427 810 concepit,
468 735 781 805 virginitate
828 742 1082 788 manente
1118 732 1356 802 peperit,
1402 732 1733 802 virginitatis

178 834 391 907 sigillum
422 842 524 883 non
574 826 625 879 in
655 834 941 893 conceptu,
970 839 1075 877 non
1117 824 1169 876 iu
1215 831 1397 893 partu,
1427 836 1529 876 nec
1567 821 1734 876 etiam

177 932 286 997 post
311 928 518 993 partum
549 914 911 1002 amisit.'Mira
941 924 998 969 et
1032 912 1287 969 iueﬁ‘abili
1326 912 1422 968 Dei
1454 913 1734 982 dispensa-

180 1019 330 1078 tione,
355 1024 482 1068 caro
507 1007 769 1079 processit
793 1021 860 1061 ex
887 1022 1052 1062 carne
1081 1006 1226 1061 nulla
1248 1003 1451 1059 carnali
1481 1019 1737 1075 procrea-

181 1120 224 1165 ta
254 1102 638 1164 commistione.
665 1101 805 1168 Qttid
834 1115 984 1171 ergo,
1025 1100 1253 1166 fratres;
1282 1102 1467 1155 audiat
1498 1100 1739 1155 charitas

178 1208 364 1263 vestra,
410 1193 551 1265 quod
595 1193 796 1249 refutat
851 1194 1093 1264 pravitas
1141 1193 1545 1257 haereticorum,
1594 1193 1739 1263 quod

178 1288 489 1348 contradicit
544 1284 835 1340 inﬁdelitas
884 1282 1222 1350 Iudaeorum,
1280 1286 1424 1355 quod
1470 1300 1537 1341 ex
1577 1284 1743 1340 corde

179 1381 383 1437 credere
423 1384 638 1447 oportet
691 1374 1013 1430 catholicam
1058 1374 1359 1432 Ecclesium
1402 1376 1743 1432 Christiano-

180 1488 309 1530 rum.
339 1468 690 1526 Sanetissima
731 1468 1005 1539 siquidem
1039 1468 1198 1539 virgo
1238 1467 1429 1537 Maria,
1467 1468 1606 1525 sicut
1645 1483 1743 1523 vos

178 1565 387 1621 credere
416 1576 521 1617 non
551 1560 861 1628 difﬁdimus,
906 1562 973 1616 de
992 1563 1162 1632 regali
1210 1562 1353 1618 tribu
1398 1572 1541 1629 orta,
1588 1563 1746 1619 hodie

180 1656 396 1711 salutata
441 1662 526 1711 est
573 1655 641 1709 ah
695 1654 909 1725 angelo,
958 1653 1120 1709 hodie
1171 1655 1419 1727 concepit
1468 1656 1522 1710 in
1568 1665 1742 1723 utero,

178 1746 484 1803 obumbrata
519 1755 605 1801 est
631 1746 793 1801 hodie
818 1762 847 1800 a
873 1746 1078 1817 Spiritu
1107 1757 1335 1813 saneto;
1376 1748 1452 1803 ait
1474 1749 1617 1805 enim
1650 1744 1749 1804 an;

1834 546 1887 601 in
1920 554 2094 609 utero,
2123 561 2476 615 processurus
2506 549 2631 604 inde
2652 559 2913 621 tanquam
2930 566 3165 621 sponsus
3193 554 3263 609 de
3303 554 3424 609 Ilia-

1833 638 1978 695 lamo
1990 652 2109 693 suo.
2137 636 2276 705 Quid
2295 640 2361 693 ad
2388 640 2501 696 haec
2523 641 2644 708 tihi,
2669 632 3282 715 Maria,c03itas?unid
3307 663 3424 702 ma-

1838 741 1919 784 ter
1948 729 2205 784 iuviolata
2234 739 2414 786 tecum
2448 735 2750 790 retractas?
2772 735 2916 805 Age,
2947 736 3037 806 qui
3060 741 3291 793 credunt
3314 736 3422 793 Do-

1838 821 2050 876 minicte
2097 821 2510 878 Annuutiationi
2564 827 2938 897 congattdeant
3003 838 3206 884 sach
3258 829 3426 900 hujus

1836 912 2085 983 puellulre
2111 914 2475 969 devotissima;
2503 916 2864 986 responsioni.
2886 936 2905 969 ι
2930 918 3093 985 Ecce,
3119 920 3429 990 inquit,au.
3460 978 3463 983 ,

1837 1005 1963 1061 cilia
1998 1006 2231 1062 Domini.
2277 1026 2297 1059 ι
2332 1006 2499 1077 Virgo
2534 1022 2595 1062 es
2639 1022 2740 1064 nec
2766 1010 2885 1065 viro
2920 1011 3202 1068 humiliata
3249 1023 3427 1067 mater

1839 1097 2083 1168 eligeris,
2134 1099 2395 1155 matribus
2423 1100 2779 1171 prmferenda,
2826 1112 3000 1158 mater
3033 1104 3333 1161 Salvatoris
3371 1114 3429 1161 et

1842 1189 2008 1260 regis,
2035 1200 2089 1246 et
2119 1201 2171 1248 te
2216 1192 2470 1247 ancillam
2500 1192 2796 1263 proﬁteris.
2832 1193 3122 1250 Humilitas
3148 1211 3276 1251 vera
3324 1197 3430 1251 hu-

1842 1282 2128 1338 militatem
2173 1292 2320 1339 tuam
2370 1286 2629 1357 respexit,
2673 1302 2741 1343 ex
2771 1296 2824 1344 te
2872 1288 3018 1343 enim
3053 1289 3198 1345 exiet
3235 1301 3427 1350 sancta

1845 1375 1934 1429 illa
1967 1376 2246 1432 humilitas
2273 1376 2339 1432 ad
2366 1380 2523 1448 cujus
2562 1379 2850 1449 imperium
2882 1382 3064 1437 omnis
3094 1392 3215 1439 ruet
3239 1400 3432 1455 super-

1845 1468 1957 1532 bia,
1994 1478 2153 1524 ruent
2185 1479 2356 1540 portae
2378 1471 2702 1538 inferorum,
2732 1483 2787 1529 et
2818 1474 3002 1532 ﬁdeles
3033 1493 3160 1533 suos
3187 1478 3434 1535 introdu—

1845 1562 1934 1612 cet
1960 1557 2028 1613 ad
2052 1572 2215 1629 regna
2240 1559 2525 1626 calorum,
2551 1582 2570 1615 ι
2600 1562 2759 1631 Ecce,
2798 1565 2981 1635 inquit
3013 1566 3204 1634 Maria,
3236 1569 3432 1627 ancilla

1847 1648 2081 1703 Domini.
2121 1668 2140 1701 ι
2186 1648 2326 1705 Cum
2368 1665 2428 1707 se
2475 1652 2638 1723 hujus
2684 1662 2876 1723 sponte
2921 1656 3211 1713 confitetur
3247 1659 3435 1715 condi-

1850 1741 2032 1805 tionis,
2059 1756 2165 1796 non
2193 1741 2424 1813 abnegat
2450 1758 2510 1798 se
2535 1744 2827 1801 Dominicae
2866 1744 2987 1815 iure
3014 1748 3237 1806 subesse
3265 1750 3434 1806 domi-

177 1838 316 1911 salus
338 1839 403 1893 ad
424 1852 542 1895 eam
575 1854 590 1890 :
626 1856 647 1890 ι
673 1838 807 1902 Ave,
837 1837 1029 1903 Maria,
1056 1842 1231 1909 grana
1264 1839 1450 1910 plena;
1486 1841 1748 1897 Dominus
1781 1826 1823 1882 Β
1850 1833 2051 1888 nationi
2080 1851 2093 1887 ε
2126 1850 2153 1887 1
2191 1835 2347 1899 Ecce,
2376 1836 2551 1905 inquit
2574 1835 2769 1892 ancilla
2806 1836 3043 1904 Domini,
3072 1840 3164 1893 fiat
3196 1840 3326 1895 mihi
3349 1856 3436 1895 sc-

179 1939 370 1996 teeum,
399 1928 689 1984 benedicta
737 1937 791 1983 tu
823 1929 878 1983 in
911 1929 1252 1993 mulieribus.
1282 1948 1304 1986 ι

735 2035 931 2076 ιεοτιο
970 2036 1193 2077 TERTIA.

240 2112 582 2168 Benedictam
612 2112 878 2183 virginem
907 2114 960 2169 in
1001 2115 1341 2183 mulieribus,
1380 2116 1434 2171 id
1474 2125 1559 2173 est
1604 2117 1750 2174 inter

177 2204 445 2269 mulieres,
489 2207 820 2261 confitetur:
850 2223 973 2277 qum
1013 2223 1073 2264 se
1112 2217 1235 2278 post
1281 2212 1747 2267 atmuutiatinnem

174 2308 351 2367 partus
387 2298 559 2355 divini
610 2310 868 2369 tanquam
902 2301 1096 2357 devota
1137 2310 1194 2359 et
1229 2303 1453 2359 humilis
1496 2305 1747 2361 ancillam

174 2403 228 2442 se
273 2388 512 2458 profiteri
568 2406 675 2445 non
706 2400 947 2447 veretur.
991 2412 1010 2446 r
1052 2393 1120 2449 Et
1164 2394 1504 2463 benedictus,
1550 2398 1746 2469 inquit,

174 2481 372 2538 fructus
394 2484 607 2539 ventris
632 2484 729 2539 tui.
775 2503 796 2538 ι
850 2484 1207 2543 Benedictum
1254 2487 1490 2545 fructum
1534 2494 1749 2548 ventris

172 2574 279 2643 ejus
304 2576 550 2646 praedicit
581 2595 594 2631 :
637 2591 735 2649 per
767 2592 892 2634 eum
917 2580 1064 2636 enim
1100 2581 1263 2652 primi
1297 2585 1540 2653 parentis
1576 2585 1749 2640 male-

171 2666 401 2723 dictioue
438 2667 640 2736 deleta,
688 2669 742 2724 in
771 2685 935 2726 omne
958 2686 1127 2742 genus
1153 2674 1492 2730 credentium
1521 2676 1747 2733 benedi-

171 2758 272 2813 ctio
321 2758 690 2816 benedicenda
730 2761 1031 2819 descendit.
1079 2763 1147 2820 Et
1200 2779 1331 2821 vere
1378 2767 1749 2824 benedicenda

169 2865 280 2921 quae
305 2850 553 2922 dispersa
580 2862 893 2926 congregat,
931 2856 1098 2913 fracta
1127 2857 1429 2914 consolidat
1454 2868 1508 2916 et
1537 2862 1748 2932 perdita

172 2950 451 2999 restaurat.
498 2941 789 3015 (lndicibili
817 2954 1001 3002 autem
1037 2950 1403 3006 admiratione
1433 2952 1661 3009 visionis
1692 2962 1750 3009 et

168 3034 502 3091 salutationis
531 3037 789 3109 angelica:
817 3039 969 3110 virgo
1004 3040 1241 3107 turbata,
1283 3043 1535 3099 humanm
1576 3043 1745 3115 fragi-

168 3122 331 3180 litatis
368 3126 726 3196 subreptione
774 3127 1168 3201 aliquantulum
1218 3133 1574 3202 tremefacta,
1616 3135 1746 3206 quid

168 3217 301 3273 intra
333 3235 393 3275 se
419 3220 766 3292 cogitaverit,
798 3224 995 3292 quidve
1040 3225 1094 3280 in
1124 3225 1291 3281 corde
1329 3242 1429 3282 suo
1457 3228 1748 3285 revolverit

165 3312 400 3367 divinum
449 3311 605 3368 illum
648 3324 1004 3385 symmystam
1051 3331 1158 3371 non
1208 3315 1417 3384 fefellit,
1454 3335 1748 3393 paranym-

165 3403 322 3472 phum
351 3403 660 3474 angelicum
691 3404 860 3461 latere
896 3421 1004 3462 non
1035 3408 1253 3480 potuit.)
1277 3408 1390 3465 lmo
1415 3411 1482 3466 ad
1512 3412 1746 3481 cogitata

167 3502 417 3564 tanquam
451 3494 523 3548 ad
552 3495 897 3551 manifestata
923 3499 1222 3569 respondit.
1251 3500 1343 3554 Ait
1369 3501 1537 3566 enim,
1562 3500 1748 3559 Times

164 3584 355 3658 virgo?
382 3601 452 3643 ne
482 3587 679 3644 timeas
703 3604 720 3654 ;
750 3589 966 3644 turbata
992 3590 1091 3647 es?
1126 3606 1196 3647 ne
1221 3593 1475 3650 turberis.
1500 3593 1747 3651 Gratiam

164 3679 298 3747 apud
328 3679 625 3737 Dominum
675 3682 954 3749 invenisti,
1001 3697 1101 3752 per
1127 3698 1288 3755 quem
1336 3694 1394 3742 et
1429 3688 1750 3745 benedictus

163 3777 241 3823 est
270 3768 484 3827 lructus
510 3772 717 3829 ventris
744 3773 840 3828 tui.
876 3790 895 3825 r
922 3773 1064 3830 Ecce
1088 3775 1232 3830 enim
1257 3778 1556 3847 concipies,
1579 3787 1634 3833 et
1654 3795 1721 3848 pa
1744 3810 1749 3813 -

163 3859 267 3916 ries
310 3861 505 3927 ﬁlium,
534 3873 592 3918 et
616 3865 839 3921 vocabis
870 3879 1069 3921 nomen
1111 3864 1231 3935 ejus
1275 3866 1481 3934 Iesum,
1528 3888 1548 3923 ι
1584 3870 1637 3925 id
1664 3881 1750 3927 est

164 3949 532 4021 Salvatorem,
563 3953 904 4012 Salvatorem
935 3956 1189 4014 videlicet
1213 3959 1456 4015 omnium
1499 3974 1744 4019 suorum.

160 4040 241 4097 Ad
287 4044 434 4099 hanc
483 4044 912 4102 consolationem
963 4046 1267 4119 angelicam
1316 4049 1470 4121 virgo
1513 4050 1748 4122 puellula

162 4133 437 4201 paululqu
462 4137 766 4206 respirans,
796 4137 1066 4194 submisso
1098 4130 1249 4195 vultu
1283 4159 1296 4195 :
1330 4141 1632 4211 Quomodo,
1665 4144 1749 4198 itt—

160 4226 293 4295 quit,
330 4228 425 4283 ﬁet
451 4240 513 4284 ut
539 4231 772 4301 pariam,
798 4247 919 4302 quae
940 4233 1186 4302 pariendi
1216 4251 1492 4305 nunquam
1520 4246 1748 4308 experta

161 4332 277 4373 sum
308 4323 622 4377 materiam.
650 4322 933 4394 Puerperii
965 4324 1357 4382 delectamenta
1389 4342 1497 4383 non
1526 4329 1746 4400 pertuli,

161 4411 446 4467 muliebria
479 4413 624 4470 nullo
657 4417 817 4471 modo
846 4431 1101 4488 perpessa
1144 4434 1285 4483 sum,
1321 4420 1498 4474 virum
1530 4421 1750 4491 insuper

159 4519 263 4559 non
288 4506 563 4575 cognovi?
586 4508 753 4575 Quid,
779 4509 954 4579 inquit
977 4510 1219 4581 angelus,
1255 4509 1462 4566 frustra
1486 4513 1749 4583 expaves?

159 4597 469 4655 mirabilem
495 4600 814 4657 mirabiliter
835 4604 1129 4673 concipies,
1160 4604 1284 4673 quia
1316 4623 1333 4656 ι
1364 4604 1598 4674 Spiritus
1630 4621 1747 4661 san-

157 4696 277 4743 ctus
304 4692 659 4760 superveniet
684 4695 737 4749 in
770 4703 843 4762 te,
868 4704 924 4750 et
949 4696 1122 4751 virtus
1146 4696 1409 4752 Altissimi
1450 4699 1745 4753 obumbra-

156 4780 235 4836 bit
269 4783 367 4838 tibi
398 4803 412 4838 :
449 4787 591 4854 quod
621 4786 767 4841 enim
792 4802 861 4841 ex
888 4796 942 4843 te
989 4799 1250 4844 nascetur
1275 4801 1547 4857 sanetum,
1590 4806 1748 4847 voca-

158 4873 308 4930 bitur
336 4876 513 4933 Filius
534 4877 651 4932 Dei.
698 4898 717 4931 ›
752 4878 1041 4947 Nascetur,
1072 4881 1270 4951 inquit,
1294 4881 1578 4939 Sanctum.
1608 4883 1749 4952 Quid

156 4968 456 5022 sanctum?
488 4968 753 5024 Sanctum
792 4979 1125 5026 sanctorum.
1170 4971 1310 5039 Quid
1366 4982 1453 5029 est
1502 4984 1748 5030 sanctum

154 5066 478 5114 sanctorum
502 5061 526 5113 ?
554 5060 745 5127 Filius,
769 5061 967 5131 inquit,
999 5063 1117 5118 Dei.
1142 5062 1187 5118 0
1224 5065 1514 5133 promissio
1544 5066 1751 5123 deside—

154 5156 294 5209 rata,
343 5152 639 5220 conceptio
670 5153 1039 5221 immaculata,
1079 5164 1270 5226 partus
1313 5157 1652 5213 admirabilis
1696 5168 1751 5213 et

151 5236 444 5294 salutaris!

731 5350 926 5392 LECTIO
962 5353 1197 5400 QUARTA.
1329 5410 1433 5418 _____
1523 5410 1559 5418 ὼ

225 5417 431 5483 Prima:
466 5427 676 5493 parenti
729 5436 927 5483 nostrae
970 5428 1175 5483 dictum
1224 5417 1367 5485 est
1409 5449 1427 5482 ι
1462 5417 1542 5486 In,
1566 5432 1750 5486 dolore

152 5511 459 5581 concipies,
501 5523 557 5569 et
600 5517 808 5585 paries;
853 5538 873 5571 ι
916 5520 1275 5575 sanctissima:
1322 5532 1504 5576 autem
1546 5522 1748 5577 dictum

150 5609 236 5654 est
267 5600 482 5675 Virgini
520 5626 535 5660 :
573 5626 591 5659 ι
631 5608 815 5663 Virtus
843 5611 1104 5666 Altissimi
1147 5611 1496 5667 obumbrabit
1536 5612 1667 5675 tibi;
1724 5630 1743 5663 ι

151 5692 297 5749 sicut
323 5698 475 5753 enim
522 5700 700 5769 pluvia
747 5702 802 5757 in
834 5703 1022 5767 vellus,
1070 5705 1149 5759 sic
1177 5705 1230 5758 in
1283 5713 1494 5757 uterum
1525 5703 1749 5772 virginis

151 5788 431 5851 promissa
466 5789 561 5845 Dei
588 5790 867 5848 descendit
897 5793 1088 5850 virtus.
1127 5794 1443 5851 lucarnatus
1469 5803 1549 5849 est
1580 5793 1748 5847 Filius

1849 1925 2082 1980 cundum
2113 1926 2340 1981 verbum
2371 1933 2541 1981 tuum.
2577 1943 2597 1980 ι
2646 1926 2767 1982 Fiat
2804 1928 2955 1993 illud,
2994 1931 3235 1999 optantis
3267 1940 3351 1986 est
3377 1939 3435 1985 et

1849 2034 1955 2074 non
1981 2018 2320 2088 imperantis.
2341 2018 2463 2073 Fiat
2488 2028 2546 2073 ιιι
2576 2019 2958 2091 Redemptoris
2987 2023 3159 2078 nostri
3200 2038 3435 2094 praesen-

1847 2110 2021 2164 sentia
2051 2125 2149 2180 per
2175 2125 2260 2165 me
2291 2110 2597 2165 ancillulam
2628 2126 2783 2166 suam
2806 2112 2920 2167 suis
2939 2112 3227 2169 subveniat
3257 2113 3434 2169 ﬁdeli-

1846 2201 1951 2255 bus
1975 2216 2114 2271 quos
2144 2202 2407 2257 hactenus
2440 2203 2724 2258 diabolica:
2752 2204 2917 2260 sortis
2937 2206 3218 2261 absorbuit
3248 2207 3436 2263 interi-

1850 2305 1956 2360 tus,
1985 2293 2250 2351 diabolica
2282 2295 2574 2351 trucidavit
2604 2295 2883 2363 ferocitas,
2917 2306 2973 2353 et
3001 2298 3068 2353 ad
3097 2297 3348 2355 ultimum
3377 2299 3432 2355 in

1849 2386 2066 2440 inferno
2095 2384 2339 2443 inferiori
2381 2388 2742 2460 malignorum
2781 2390 3068 2459 spirituum
3110 2392 3437 2451 insatiabilis

1848 2477 2132 2548 deglutivit
2158 2479 2455 2534 voracitas.
2489 2478 2582 2534 Sic
2606 2480 2789 2551 itaque
2815 2496 2977 2537 verus
3001 2481 3113 2537 veri
3144 2481 3241 2538 Dei
3266 2484 3437 2541 Filius

1848 2569 2202 2626 annuntiatus
2232 2569 2301 2625 ab
2342 2571 2559 2643 angelo,
2588 2572 2814 2643 virginis
2853 2572 3021 2628 hodie
3040 2586 3334 2646 conceptus
3354 2586 3439 2633 est

1850 2662 1903 2717 in
1928 2670 2109 2727 utero,
2135 2664 2280 2719 unde
2304 2670 2359 2719 et
2386 2661 2652 2720 festivitas
2681 2664 2797 2721 lucc
2835 2666 3097 2722 hodierna
3128 2668 3437 2723 Annuntia-

1851 2752 1927 2807 tio
1953 2751 2166 2809 Domini
2206 2760 2293 2809 est
2317 2754 2619 2809 nominata.

2416 2863 2610 2904 LEC‘I'IO
2645 2862 2866 2912 QUINTA.

1919 2938 1979 2994 ln
2021 2940 2124 2995 hac
2159 2939 2327 3012 igitur
2369 2950 2561 2998 sancta
2599 2941 2941 3009 celebritate,
2980 2943 3184 2999 lratres
3232 2947 3441 3002 charis~

1849 3028 1947 3095 mi,
1985 3029 2374 3100 redemptionis
2400 3041 2601 3087 nostra:
2618 3032 2884 3104 principia
2908 3049 3250 3101 veneremur,
3276 3038 3443 3092 devo-

1855 3120 2097 3177 tissimas
2136 3122 2447 3178 animarum
2473 3132 2785 3180 nostrarum
2822 3125 3029 3182 hostias
3059 3131 3169 3183 Deo
3198 3129 3433 3185 devotis-

1775 3185 1822 3248 (ἶ
1853 3211 1991 3266 sime
2016 3210 2329 3280 offeramus,
2356 3223 2418 3269 ut
2441 3214 2511 3270 ad
2536 3214 2820 3284 promissa:
2850 3216 3215 3287 reparationis
3236 3228 3444 3274 sancta:

1849 3304 2194 3360 sanctissima
2239 3306 2435 3377 gaudia
2489 3321 2590 3377 per
2635 3310 2886 3365 eumdem
2934 3308 3211 3365 Christum
3262 3311 3442 3366 securi

1850 3398 2135 3466 pervenire
2154 3398 2451 3455 valeamus.
2482 3398 2656 3468 Hujus
2678 3400 2862 3471 itaque
2899 3400 3212 3458 festivitatis
3243 3401 3443 3458 solem-

1851 3490 1941 3546 nia
1979 3501 2135 3547 certo
2164 3492 2219 3547 in
2267 3493 2518 3558 termino,
2559 3502 2756 3549 octavo
2798 3494 3044 3551 videlicet
3071 3494 3439 3551 Kalendarum

1849 3584 2071 3653 Aprilis,
2095 3585 2239 3640 sicut
2266 3584 2643 3654 pmdiximus,
2670 3585 2915 3642 visitatio
2939 3587 3182 3659 angelica
3223 3586 3440 3643 dedica-

1852 3676 1950 3744 vit,
1978 3675 2215 3747 Spiritus
2241 3678 2413 3733 sancti
2444 3677 2790 3733 obumbratio
2816 3678 3183 3744 consecravit,
3216 3686 3438 3735 sancto-

1850 3785 1970 3825 rum
2003 3769 2225 3827 Patrum
2256 3769 2552 3826 auctoritas
2587 3770 2640 3827 in
2666 3770 2857 3826 eodem
2889 3778 3079 3826 sancto
3107 3768 3315 3841 Spiritu
3351 3786 3443 3826 ce-

1852 3863 2166 3920 lebrandam
2193 3863 2556 3920 conﬁrmavit.
2592 3862 2702 3920 Sed
2740 3863 2866 3934 quia
2899 3866 3221 3935 plerumque
3248 3864 3440 3922 diebus

1853 3956 2151 4012 Dominicae
2195 3956 2472 4013 Passionis
2512 3957 2629 4012 sive
2677 3956 3134 4023 Resurrcctionis,
3166 3958 3216 4011 in
3242 3958 3438 4027 quibus

1851 4050 2113 4105 memoria
2144 4059 2458 4105 sanctorum
2506 4050 2623 4105 ﬁeri
2670 4050 3016 4120 prohibetur,
3051 4067 3170 4105 eam
3210 4053 3439 4120 contigit

1849 4142 2118 4205 evenisse,
2157 4158 2184 4196 a
2216 4144 2421 4197 sanctis
2476 4142 2747 4207 Patribus,
2799 4143 2850 4197 in
2897 4142 3130 4213 quodam
3183 4141 3441 4197 Ecclesia:

1852 4234 2131 4289 Toletante
2179 4235 2415 4289 concilio
2443 4235 2750 4300 didicimus,
2784 4243 3046 4290 statutum
3076 4249 3196 4289 esse
3223 4251 3289 4288 xv
3314 4234 3435 4288 Kal.

1848 4325 2090 4381 Januarii
2127 4328 2344 4397 quoties
2382 4328 2460 4383 sic
2498 4329 2743 4383 evenerit
2777 4328 3093 4382 solemuiler
3135 4326 3440 4382 reforman-

1850 4416 1997 4473 dam.
2032 4418 2311 4488 Quatenus
2342 4429 2395 4475 ct
2418 4420 2533 4476 dies
2555 4420 2823 4476 Dominici
2846 4437 2912 4475 ex
2950 4420 3133 4475 dehito
3158 4419 3439 4477 celebren-

1780 4541 1825 4595 Β
1854 4517 1961 4574 tur,
1992 4517 2047 4563 et
2080 4519 2283 4565 saneta:
2322 4510 2763 4567 Annuutiationis
2796 4512 3141 4567 devotissima
3187 4513 3440 4569 solemui-

1854 4609 1935 4654 tas
1954 4616 2061 4654 non
2097 4601 2420 4674 negligatur.
2452 4602 2530 4657 Ex
2561 4605 2661 4657 hac
2686 4603 2851 4673 igitur
2878 4606 3266 4665 constitutione
3294 4624 3440 4664 anno

1852 4689 2148 4746 Dominica:
2206 4691 2477 4746 lncarnat.
2530 4693 2659 4748 l081
2713 4703 2842 4748 ante
2904 4693 3213 4752 Palmarum
3271 4699 3437 4765 diem,

1850 4782 2040 4851 quinta
2074 4782 2233 4850 feria,
2253 4783 2565 4839 festivitatis
2593 4786 2883 4839 terminum
2915 4789 3141 4859 contigit
3171 4790 3438 4845 accidisse

1852 4888 2036 4941 quam,
2072 4873 2144 4927 ob
2171 4875 2443 4929 decretum
2474 4875 2710 4942 concilii,
2744 4891 2921 4946 neque
2946 4878 3174 4949 pupulas
3197 4879 3441 4934 celebra-

1853 4964 1947 5027 vit,
1983 4979 2159 5033 neque
2196 4965 2554 5021 sacerdotalis
2589 4967 2845 5036 dignitas,
2886 4976 3049 5037 prout
3085 4968 3166 5021 sui
3204 4980 3287 5022 est
3320 4970 3437 5024 otii-

1853 5057 1945 5125 cii,
1970 5056 2353 5113 celebrandam
2395 5058 2750 5113 denuntiavit.
2782 5059 2927 5113 Exiit
2955 5074 3089 5131 ergo
3111 5059 3341 5131 populus
3370 5064 3440 5117 ad

1850 5164 1986 5217 Opus
2007 5147 2224 5215 servile,
2253 5148 2309 5202 hi
2334 5147 2684 5216 agricultura,
2710 5148 2764 5203 hi
2795 5147 2940 5203 cultu
2971 5148 3276 5214 vinearum,
3302 5166 3439 5206 non-

1853 5240 1985 5296 nulli
2012 5239 2267 5305 artillcio,
2294 5240 2384 5294 alii
2419 5239 2718 5295 fabricandi
2753 5253 2847 5294 seu
2893 5241 3221 5296 resarciendi
3253 5241 3443 5297 ofﬁcio

1853 5334 2191 5398 insudantes,
2217 5343 2447 5403 uterque
2470 5347 2634 5387 sexus
2654 5331 2890 5387 diversis
2931 5332 3209 5388 laboribus
3249 5334 3434 5388 stude-

1852 5426 1985 5481 bant
2010 5424 2310 5480 intendere.
2342 5422 2539 5479 Verum
2570 5423 2693 5493 quia
2741 5423 2858 5479 haec
2887 5424 3038 5496 virgo
3081 5425 3437 5480 sanctissima

1853 5517 2196 5589 indignanter
2214 5516 2450 5587 pertulit,
2476 5517 2662 5572 eadem
2688 5516 2803 5587 ipsa
2824 5516 2910 5573 die
2941 5517 3168 5572 mirifice
3191 5516 3436 5571 declara-

1854 5623 1965 5666 tum
2005 5626 2126 5666 esse
2161 5611 2351 5665 voluit.
2393 5612 2612 5667 Poterat
2650 5612 2915 5683 siquidem
2949 5613 3135 5685 regina
3175 5611 3439 5669 ccelorum

1853 5704 2198 5759 violationcm
2229 5704 2332 5758 diei
2365 5712 2506 5768 sum,
2547 5703 2899 5774 ignominiam
2939 5704 3296 5761 solemnitatis
3326 5719 3439 5758 sua:

1854 5793 2224 5849 vehementius
2267 5803 2317 5847 et
2360 5793 2413 5849 in
2451 5793 2697 5848 validiori
2744 5794 3107 5851 masculorum
3144 5808 3275 5850 sexu
3324 5808 3431 5846 non
