3834 6462
470 304 631 361 1551.

1542 294 1840 353 RADBODI
1867 293 2334 352 NOVIOMENSIS
2378 295 2681 359 EPlSCOPl
3561 309 3643 367 [δὲ

469 417 742 476 immerito
772 413 992 482 ulcisci;
1022 414 1117 481 sed
1145 414 1232 485 pia
1277 412 1494 488 pictatis
1517 411 1713 481 gratia,
1744 426 1867 466 cum
1912 425 2059 465 com-
2080 396 2132 477 Ἀ
2164 411 2419 467 sacerdos
2447 411 2667 481 quidam
2709 425 2817 467 non
2858 410 2996 467 adeo
3026 425 3178 467 sana:
3224 411 3407 468 mentis
3429 412 3645 475 fortuituit

470 520 615 567 mota
639 519 803 576 esset,
837 509 972 563 iram
1020 506 1332 564 refrenavit.
1383 502 1609 561 Domina
1641 503 1694 558 in
1732 501 2058 568 ancillulam,

470 603 658 672 regina
692 602 744 654 in
776 599 910 654 satis
938 598 1100 654 vilem
1143 610 1456 667 personam,
1484 594 1610 666 qttia
1650 592 1925 663 operando
1965 592 2060 646 de-

469 692 726 760 liquerat,
755 688 1204 754 misericorditer,
1232 698 1293 743 ut
1325 685 1416 741 alii
1470 684 1886 755 castigarentur,
1938 696 2064 753 pro-

470 782 693 855 palavit.
1012 770 1017 775 θ

1059 888 1252 929 ιεοτιο
1283 886 1478 927 SEXTA.

502 1026 505 1029 η
542 967 672 1021 Erat
700 965 918 1037 quidem
966 975 1092 1020 tunc
1114 963 1376 1035 temporis
1417 964 1471 1017 in
1501 958 1695 1024 Gallia,
1724 958 1776 1013 in
1808 956 2066 1014 suburbio

472 1057 679 1113 scilicet
729 1055 1060 1111 Noviomica:
1090 1054 1262 1121 urbis,
1290 1051 1539 1123 quaedam
1589 1047 1845 1121 puellula,
1878 1048 2068 1104 Erem-

475 1149 661 1221 burgis
689 1148 928 1213 nomine,
961 1145 1148 1202 eodem
1180 1155 1306 1201 nata
1337 1145 1393 1199 in
1423 1142 1707 1208 suburbio,
1738 1130 1927 1197 eodem
1971 1154 2067 1211 ge—

479 1252 666 1296 nerata
704 1238 939 1310 populo;
972 1252 1175 1308 pauper
1201 1236 1397 1307 quippe
1425 1244 1546 1290 orta
1588 1233 1656 1288 de
1701 1231 2067 1302 pauperculis,

470 1344 527 1388 ct
545 1319 673 1388 ideo
707 1333 915 1387 intente
952 1330 1279 1401 operabatur
1311 1328 1366 1383 in
1408 1320 1687 1384 laboribus
1723 1326 1857 1382 suis.
1914 1323 2070 1394 (Arte

459 1414 537 1483 ac
566 1442 730 1480 manu
771 1420 997 1479 victum
1023 1423 1326 1495 quaerebat,
1374 1420 1550 1477 textili
1578 1434 1741 1491 opere
1768 1417 2067 1475 secundum

472 1520 559 1575 sui
618 1518 1075 1574 consuetudinem
1121 1530 1283 1573 sexus
1346 1511 1714 1581 illaborabat.)
1770 1512 1907 1567 Dum
1938 1524 2071 1566 vero

471 1612 663 1667 eadem
706 1609 810 1673 die,
841 1616 1001 1681 prout
1049 1606 1106 1662 in
1157 1608 1334 1663 uendo
1377 1606 1547 1662 moris
1594 1613 1678 1661 est
1732 1602 2068 1669 mulieribus,

474 1703 627 1758 ﬁlum
650 1700 818 1756 saliva
845 1697 1235 1765 madefaceret,
1284 1698 1434 1753 ﬁlum
1464 1698 1607 1754 idem
1652 1697 1850 1767 linguae
1899 1694 2069 1751 inhre-

472 1795 570 1860 sit,
603 1803 834 1863 utraque
867 1792 1024 1863 quasi
1053 1788 1431 1848 convinculata
1462 1790 1731 1846 distorsit.
1768 1788 1940 1845 Labio
1987 1789 2069 1843 in-
2103 1769 2145 1828 Β

474 1885 797 1942 tumescenti
864 1884 1046 1955 lingua
1108 1898 1245 1953 pene
1299 1882 1588 1939 obmotuit.
1658 1880 1798 1949 Quid
1852 1880 2075 1951 ageret?

469 1978 702 2035 evellere
731 1977 911 2033 nitens
943 1977 1215 2031 incassum
1243 1974 1549 2030 insudabat.
1588 1972 1671 2028 Ab
1700 1971 1821 2027 aliis
1868 1971 2066 2026 amini-

471 2072 653 2128 culum
684 2070 947 2135 clamans,
969 2067 1103 2123 nihil
1122 2066 1222 2123 sibi
1248 2066 1586 2138 proﬁciebat.
1612 2064 1730 2121 Prae
1764 2065 1930 2120 nimio
1953 2064 2069 2136 jam

481 2146 669 2221 dolore
692 2178 752 2218 os
777 2161 895 2231 ejus
926 2161 1311 2232 deturpaverat
1338 2159 1508 2215 saliva
1553 2157 1836 2231 coagulata
1866 2157 2069 2228 in'spu-

474 2275 639 2325 mam,
670 2244 726 2315 et
754 2257 914 2313 labia
946 2257 1143 2329 linguae
1172 2270 1418 2312 connexa
1456 2254 1565 2309 vim
1615 2252 1935 2309 naturaliter
1971 2267 2069 2307 ex-

471 2352 671 2424 puendi
702 2352 1021 2408 amiserant.
1054 2348 1244 2406 Flebat
1280 2348 1456 2419 puella
1492 2356 1547 2403 et
1577 2348 1930 2402 vehementer
1965 2336 2072 2399 an-

473 2443 718 2515 gebatur.
745 2443 1013 2499 Dolebant
1036 2450 1093 2497 et
1121 2450 1366 2496 astantes
1393 2440 1486 2510 Qui
1514 2438 1562 2496 ei
1595 2454 1662 2498 ex
1707 2437 1891 2494 animo
1919 2451 2069 2491 com-

472 2535 842 2608 patiebantur.
900 2534 984 2591 Ab
1042 2533 1146 2589 hoc
1217 2529 1423 2587 infelici
1481 2528 1792 2602 spectaculo
1841 2526 2077 2597 fortuitu

477 2637 655 2684 mater
692 2628 809 2699 ejus
840 2628 1054 2695 aberat,
1101 2627 1198 2683 sed
1226 2626 1419 2681 vicinis
1449 2622 1900 2680 concurrentibus
1942 2636 2073 2695 evoe

472 2728 618 2787 cata,
645 2729 703 2774 ut
734 2719 902 2774 ﬁliam
927 2719 1083 2789 quasi
1126 2718 1239 2790 jam
1280 2718 1588 2791 exanimem
1615 2717 1772 2782 vidit,
1802 2715 2069 2772 exanimis

471 2823 527 2869 et
573 2814 689 2883 ipsa
720 2812 904 2867 divino
950 2826 1071 2867 eam
1105 2811 1310 2882 judicio
1351 2809 1476 2866 talia
1524 2810 1636 2879 pati
1691 2808 2065 2875 denuntiabat,

472 2905 600 2977 quia
628 2904 677 2961 ei
698 2914 853 2976 pater
876 2919 1007 2961 suus
1037 2904 1123 2959 die
1151 2904 1479 2975 praecedenti
1495 2901 1845 2959 festivitatem
1864 2910 2069 2957 sanetae

473 2996 660 3051 Maria:
711 2996 1028 3067 propediem
1093 2996 1363 3051 celebrem
1433 2993 1673 3049 futuram
1727 2993 2075 3065 innotuerat.

474 3084 828 3139 Conabantur
865 3082 1030 3139 vicini
1060 3082 1286 3153 aliquod
1324 3083 1375 3138 ei
1403 3082 1686 3138 medicinae
1715 3082 1860 3138 ferre
1890 3096 2071 3138 reme-

472 3174 646 3243 dium,
668 3174 765 3230 sed
790 3176 1111 3232 nesciebant
1134 3175 1522 3232 sacratissima:
1543 3176 1740 3247 virgini
1779 3190 1943 3246 quam
1982 3177 2067 3233 ad

475 3267 909 3337 indignationem
931 3276 1326 3339 provocaverat
1359 3268 1519 3340 hujus
1543 3268 1847 3341 curationis
1890 3285 2069 3325 reser-

470 3359 593 3414 vari
652 3359 997 3416 miraculum.
1040 3358 1370 3431 Sapientiori
1421 3362 1636 3418 tandem
1682 3362 1768 3417 nsi
1815 3364 2068 3429 consilio,

473 3452 735 3508 miseram
764 3451 910 3508 illam
948 3452 1016 3507 ad
1068 3452 1470 3523 impetrandam
1514 3452 1731 3510 ctelitus
1785 3452 2069 3526 indulgen-

474 3544 609 3599 tiam
636 3552 825 3601 sancto
855 3542 1160 3601 confessori
1210 3552 1679 3615 pra-sentaverunt
1729 3545 1921 3617 Eligio,
1974 3546 2068 3617 qui

473 3637 601 3691 dum
630 3634 933 3701 adviveret,
955 3635 1208 3692 doctrina
1230 3643 1285 3692 et
1309 3635 1514 3693 virtute
1540 3636 1825 3703 mirabilis,
1876 3636 2068 3692 hodie-

475 3743 582 3799 que
604 3728 942 3798 frequentius
965 3728 1077 3784 Deo
1100 3729 1443 3800 disponente,
1469 3739 1530 3784 ut
1553 3731 1653 3801 ipsi
1670 3730 1843 3787 oculis
1865 3731 2069 3787 nostris

474 3819 732 3885 vidimus,
765 3818 1027 3874 virtutum
1084 3806 1394 3875 declaratur
1452 3822 1751 3877 miraculis.
1813 3823 1894 3877 Ad
1952 3824 2070 3895 ejus

475 3908 787 3979 sepulcrum
816 3920 939 3965 vota
965 3918 1221 3965 voventes
1243 3925 1434 3980 preces
1467 3912 1692 3968 Domino
1723 3927 1849 3968 cum
1887 3912 2069 3983 lacry-

476 3999 582 4055 mis
604 3996 916 4066 offerentes,
946 3998 1145 4055 infecto
1172 4000 1391 4069 negotio
1431 4000 1665 4056 rediere.
1702 3999 1856 4069 Quod
1890 4011 2070 4056 tamen

475 4089 824 4159 postmodum
883 4098 1067 4145 actum
1123 4099 1210 4146 est
1258 4091 1311 4144 in
1359 4106 1422 4147 ea
1478 4091 1566 4161 pio
1618 4106 1718 4147 suo
1762 4091 2068 4148 interventu

476 4178 751 4237 credimus
783 4191 1031 4237 sanctum
1063 4176 1383 4237 obtinuisse.
1414 4182 1471 4236 lu
1504 4191 1657 4239 tanto
1699 4182 1862 4254 igitur
1899 4184 2071 4254 plebis

484 4284 755 4328 conventu
782 4272 1097 4328 misericors
1123 4273 1211 4329 ille
1240 4273 1387 4329 solus
1410 4275 1500 4344 qui
1527 4269 1731 4330 revelat
1756 4275 1996 4346 parvulis
2017 4286 2071 4331 et

481 4364 765 4420 abscondit
790 4364 1146 4435 sapientibus,
1194 4365 1521 4421 miserorum
1565 4366 1858 4424 miseratus
1910 4367 2073 4424 mise-

2166 502 2248 557 eis
2267 501 2515 568 obviam;
2547 501 2792 571 inquisiti
2827 516 2951 557 cum
2996 502 3045 557 ei
3076 503 3479 572 respondissent,
3499 507 3645 567 simila-

2169 599 2280 647 tum
2333 592 2487 661 quasi
2536 607 2634 663 pro
2680 601 2892 663 quaestu
2951 592 3284 650 aestimans:
3340 596 3473 664 Ego,
3513 600 3648 669 inquit,

2166 683 2368 738 vestris
2395 683 2832 739 condescendam
2882 684 3201 753 gemitibus,
3233 693 3290 739 et
3320 684 3518 743 dolentis
3553 690 3652 761 hujus

2167 771 2418 843 puellulae
2444 774 2510 828 ad
2530 787 2773 843 przesens
2799 772 2973 829 ﬁdelis
2996 789 3093 831 ero
3122 774 3470 842 medicus;et
3494 779 3577 836 hac
3605 785 3653 836 di-

2167 878 2297 920 cens
2345 863 2419 919 ﬁli
2465 864 2827 935 dependentia
2867 865 3137 922 violenter
3181 867 3424 938 arripuit,
3463 870 3656 930 violentia

2170 958 2370 1026 traxit;
2406 956 2505 1014 sed
2525 972 2649 1015 cum
2688 946 2999 1015 attrahente
3026 943 3315 1031 peneijam
3342 960 3499 1033 lingua
3533 966 3655 1020 evelle

2171 1057 2342 1117 retur,
2380 1048 2447 1104 ad
2481 1050 2742 1120 gemitum
2768 1049 3019 1122 puellulae
3040 1052 3399 1109 vehementer
3422 1058 3603 1127 expavit,
3626 1071 3659 1112 et

2170 1141 2224 1197 in
2250 1151 2540 1213 conspectu
2570 1142 2754 1213 populi
2808 1157 2869 1200 se
2902 1158 3163 1214 peccasse
3208 1146 3493 1216 confessus,
3532 1151 3578 1205 ab
3608 1153 3658 1205 in.

2169 1246 2353 1307 empto
2405 1237 2671 1296 confusus
2723 1238 3008 1295 abstinuit.
3044 1240 3402 1297 Perveniunt'
3426 1242 3589 1297 interim
3617 1247 3659 1299 ad

2170 1330 2539 1402 pomiﬁcalem
2576 1333 2765 1388 sedem
2812 1341 3018 1393 sanctae
3068 1330 3447 1391 Noviomensis
3477 1334 3663 1390 Falsis.

2172 1418 2398 1477 Sistitnr
2452 1432 2578 1479 ante
2624 1423 2798 1480 altare
2846 1425 3243 1481 sacratissima:
3286 1440 3484 1497 semper
3506 1426 3660 1493 Virginis

2172 1510 2364 1582 lugens
2407 1523 2584 1569 mater
2628 1529 2750 1594 cum
2799 1515 2947 1584 ﬁlia,
3000 1496 3338 1575 sacerdotes
3379 1496 3487 1574 cum
3522 1520 3661 1589 populi).

2173 1605 2414 1677 ejusdem
2442 1606 2535 1662 Dei
2565 1604 2863 1665 Genitricis
2890 1620 3226 1681 compuncte
3256 1610 3522 1667 sollicitant
3541 1610 3663 1667 soln-

2173 1700 2285 1770 gia,
2314 1706 2374 1755 ut
2400 1699 2698 1771 postposita
2726 1699 3047 1769 offensione,
3077 1703 3229 1775 quod
3253 1720 3408 1760 suum
3445 1704 3575 1776 ipsius
3593 1720 3663 1759 ω

2175 1790 2437 1856 creditur,
2466 1790 2692 1863 pietatis
2718 1791 2771 1848 in
2800 1807 2923 1871 eam
2952 1804 3246 1851 convertat
3268 1795 3489 1864 viscera,
3522 1810 3598 1866 quo
3625 1796 3665 1848 ad

2168 1881 2286 1953 ejus
2313 1883 2690 1942 liberationem
2718 1894 2775 1943 et
2803 1886 2993 1957 gratiae
3019 1888 3133 1945 Deo
3161 1902 3267 1959 per
3291 1902 3410 1945 eam
3440 1887 3663 1951 referantur,

2169 1984 2223 2031 et
2287 1976 2529 2034 solemne
2593 1978 2697 2035 hoc
2744 1979 2969 2053 festum
3050 1980 3107 2036 in
3180 1980 3382 2038 saecula
3443 1981 3662 2037 saeculorum

2168 2079 2235 2122 eo
2269 2066 2323 2122 in
2357 2068 2491 2125 urbe
2542 2068 2865 2126 solemniter
2892 2070 3226 2128 celebretur.
3278 2072 3465 2145 Magna
3487 2072 3659 2142 δεσμὰ-

2170 2162 2456 2234 utriusque
2485 2179 2650 2222 sexus
2677 2165 2968 2223 multitudo
2997 2167 3351 2224 conﬂuxerat
3392 2168 3442 2223 in
3476 2167 3662 2223 cuius:

2167 2252 2521 2311 obsecrantes
2550 2263 2606 2311 et
2631 2254 2863 2313 ﬁdeliter
2905 2259 3307 2327 praestolantes
3347 2272 3495 2329 super

2168 2347 2332 2403 nimis
2362 2347 2503 2404 illius
2525 2349 2779 2420 passione
2812 2350 3052 2406 divinam
3083 2351 3308 2408 ccelitus
3356 2350 3663 2423 indulgentiam.

2168 2430 2223 2491 In
2252 2438 2415 2493 corde
2445 2438 2681 2495 contrito
2726 2424 2781 2495 et
2808 2440 3095 2496 humiliato
3130 2441 3445 2497 sacerdotes
3477 2440 3665 2497 benedice-

2170 2528 2301 2586 baat
2351 2529 2665 2596 Dominum,
2725 2514 2835 2586 imo
2883 2532 3143 2588 concordi
3177 2546 3376 2609 omnes
3413 2531 3665 2586 unanimitate

2168 2622 2421 2694 gloriosa:
2452 2622 2695 2696 Virginis
2740 2624 3091 2687 clementiam
3145 2624 3566 2697 deprecabantur,
3604 2636 3665 2689 qua

2170 2730 2359 2771 eorum
2402 2706 2661 2788 lacrymis
2701 2716 3040 2789 benignitate
3072 2716 3238 2773 solita
3268 2722 3667 2786 compateretur,et

2170 2817 2515 2875 prremortnze
2557 2806 2673 2876 jam
2725 2808 2977 2877 puellulae
3030 2808 3257 2864 vincula
3319 2806 3571 2863 dissolvere
3604 2819 3664 2858 tot:

2172 2896 2580 2968 dedignaretur.
2606 2897 2818 2967 (Tantis
2838 2899 3057 2955 demum
3076 2900 3248 2972 Virgo
3271 2899 3549 2956 beatissima
3562 2897 3667 2964 bery-

2173 3004 2385 3044 marum
2428 2990 2631 3045 rcﬁexa
2655 2990 2936 3064 precibus)
2961 2992 3237 3061 judicium
3270 2993 3427 3048 vertit
3458 2991 3508 3048 in
3533 2989 3667 3044 misen-

2172 3084 2436 3150 cordiam,
2464 3085 2606 3155 apud
2637 3070 2762 3141 eum
2799 3086 2892 3156 qui
2922 3101 3018 3158 per
3047 3101 3169 3142 eam
3204 3087 3277 3143 ad
3306 3085 3586 3157 ereptioaem
3605 3080 3665 3134 mi-

2176 3189 2422 3232 scrorum
2482 3176 2537 3231 in
2575 3176 2864 3235 .mundum
2914 3177 3081 3233 venit.
3134 3176 3423 3249 Oppressa:
3454 3172 3666 3246 iutpelraiii

2172 3266 2418 3324 levamen
2464 3269 2607 3325 etin
2636 3278 2929 3352 conspectu
2982 3270 3289 3327 astantium
3321 3268 3526 3325 mirabili
3557 3264 3664 3336 grati:
3764 3282 3765 3343 ξ

2172 3352 2525 3417 vinculorum
2547 3362 2822 3419 concessit
2844 3363 3261 3437 resolutionem.
3290 3362 3420 3417 Nam
3439 3375 3537 3418 cum
3550 3356 3666 3412 anxit-

2176 3462 2286 3511 tate
2314 3454 2478 3509 nimia
2507 3464 2814 3512 exmstuans
2848 3456 3053 3526 gemitu
3083 3464 3274 3513 tamen
3297 3468 3406 3527 quo
3430 3461 3593 3525 poterat
3613 3461 3667 3499 ετ·

2175 3546 2319 3613 niam
2369 3546 2670 3617 postulans,
2729 3546 2974 3618 ejusdem
3030 3557 3245 3605 sanctae
3302 3546 3473 3603 Marias
3520 3537 3667 3611 virginii
3764 3578 3765 3615 i

2173 3639 2278 3696 alta
2289 3655 2345 3696 re
2368 3640 2620 3697 flebiliter
2642 3640 3074 3708 deoscularetur,
3116 3642 3303 3712 gratia
3348 3639 3508 3695 divina
3529 3632 3666 3692 caelite

2174 3730 2367 3798 adfuit,
2402 3732 2469 3787 ad
2510 3732 2943 3788 conﬁrmandam
2982 3732 3144 3788 fidem
3170 3741 3234 3788 et
3274 3730 3571 3789 devotionem
3589 3724 3666 3778 ίίικο

2172 3822 2325 3889 lium,
2373 3824 2516 3895 quod
2568 3838 2669 3881 sua
2726 3824 2897 3895 ipsius
2945 3824 3223 3895 puellulae,
3275 3826 3415 3896 quod
3458 3814 3664 3878 sacerdotis

2172 3915 2435 3987 praedicti,
2464 3919 2579 3987 {seu
2624 3926 2910 3988 parentum
2963 3932 3071 3972 non
3120 3919 3310 3989 potuit
3361 3914 3587 3974 violentia,
3620 3905 3665 3971 li"
3764 3972 3765 3991 η

2172 4013 2466 4075 conspectu
2498 4004 2794 4062 astantium
2844 4005 3099 4062 labellulo
3138 4006 3416 4063 vinculum
3452 3999 3660 4058 miseriter
3764 3994 3765 4003 “

2174 4097 2316 4153 diter
2348 4097 2589 4154 excussit
2618 4097 2670 4169 :)
2728 4097 2911 4169 lingua
2964 4108 3143 4154 tamen
3205 4099 3281 4155 ad
3333 4090 3664 4168 ampliﬁcandam

2172 4187 2375 4246 Christi
2436 4199 2487 4245 et
2538 4189 2831 4267 Genitricis
2881 4206 2994 4246 sua:
3046 4190 3303 4267 gloriam,
3335 4190 3429 4247 sub
3450 4180 3662 4243 eodunad‘

2174 4282 2278 4339 huc
2307 4284 2554 4340 tortionis
2577 4279 2775 4355 genere
2803 4282 2964 4353 paulo
2996 4293 3183 4352 postea
3218 4283 3450 4340 cruciata
3470 4271 3662 4334 remansit.

2175 4372 2241 4427 Et
2268 4388 2397 4430 cecc
2428 4374 2623 4429 iterum
2651 4373 2882 4445 populus
2912 4374 2979 4428 ad
3006 4372 3284 4444 laerymas
3309 4367 3565 4429 devotionis
3595 4363 3659 4417 ὓεο

480 4457 639 4521 riam,
671 4471 768 4511 sua
801 4456 968 4526 ipsius
993 4457 1046 4510 in
1079 4457 1358 4525 missione,
1384 4459 1451 4513 ad
1482 4458 1672 4514 matris
1698 4473 1809 4515 sna:
1841 4468 2069 4516 matrem
2104 4493 2149 4547 Β
2177 4481 2274 4536 pro
2292 4476 2547 4538 percepta
2579 4466 2694 4537 jam
2727 4467 3051 4524 remissione
3088 4468 3324 4523 reddunt
3347 4464 3539 4537 gratias,
3569 4468 3659 4512 cun?

480 4559 576 4599 eos
605 4547 805 4601 direxit
840 4547 1147 4616 ecclesiam,
1194 4557 1253 4603 ut
1281 4549 1401 4619 ejus
1432 4549 1754 4606 liberaretur
1780 4553 1989 4609 meritis
2017 4555 2069 4609 in

482 4651 644 4705 quam
666 4646 1011 4706 peccaverat,
1029 4638 1214 4707 etejus
1242 4625 1616 4695 absolveretur
1641 4642 1896 4712 precibus
1911 4658 2072 4714 quam

484 4738 688 4783 temere
733 4728 1051 4783 offenderat.
1088 4730 1255 4801 Igitur
1286 4731 1467 4802 itaque
1514 4734 1582 4787 ad
1633 4732 1849 4791 Sancta:
1889 4736 2073 4793 Maria:

480 4814 778 4891 principale
803 4822 1211 4887 monasterium,
1242 4822 1300 4876 ﬁt
1336 4822 1749 4881 innumerabilis
1771 4841 2069 4883 concursus

483 4912 705 4980 civium,
758 4913 812 4969 hi
868 4913 1125 4985 lacrymis
1178 4913 1408 4984 prefusi,
1464 4918 1644 4973 tacitis
1691 4918 1766 4973 illi
1820 4920 2073 4989 precibus

482 5006 721 5061 divinam
751 5006 980 5062 exorant
1009 5007 1377 5075 clementiam,
1428 5020 1485 5064 ut
1537 5026 1566 5064 a
1600 5015 1926 5083 paupercula
1982 5015 2069 5071 illa

483 5112 763 5153 removere
798 5098 1052 5169 dignetur
1093 5108 1202 5154 tam
1235 5114 1439 5155 severae
1467 5099 1687 5158 ultionis
1719 5106 2069 5162 sententiam.

483 5186 710 5244 Videres
740 5188 977 5258 undique
1022 5188 1382 5245 laborantium
1432 5190 1623 5262 projici
1674 5195 1945 5261 utensilia,
1989 5174 2083 5252 la-h

481 5277 643 5336 bores
669 5291 1014 5347 manuum,et
1036 5283 1216 5337 omnia
1254 5283 1470 5354 penitus
1503 5285 1777 5342 artiﬁcum
1809 5290 2068 5362 abnegari

484 5388 670 5445 opera,
702 5375 794 5445 qui
842 5387 1208 5445 peccaverant
1254 5379 1692 5434 emendationem
1728 5382 1899 5452 culpa:
1936 5400 2063 5453 pro-

483 5466 725 5535 mittere,
749 5483 844 5525 cos
870 5477 925 5524 et
945 5470 1082 5527 alios
1120 5470 1528 5528 solemnitatem
1557 5489 1618 5529 se
1646 5455 1872 5534 ulterius
1906 5479 2072 5536 devo-

486 5557 693 5614 tissime
725 5558 1100 5617 celebraturos
1127 5578 1193 5616 ex
1227 5568 1339 5618 toto
1365 5565 1531 5620 corde
1556 5579 1771 5623 vovere.

752 5650 753 5653 “
1038 5667 1231 5707 uacuo
1267 5668 1516 5711 SEPTIMA.
1620 5644 1621 5647 η

552 5738 763 5815 interea
800 5741 925 5795 dum
956 5742 1008 5798 et
1031 5743 1451 5817 Sanctarrlluriac
1481 5750 1741 5808 festinant
1769 5753 2067 5824 basilicam,

2176 4563 2469 4631 punctione
2503 4563 2770 4617 devotiori
2809 4562 2975 4617 Deum
3016 4561 3374 4633 postulantes,
3411 4569 3463 4612 ut
3496 4553 3565 4624 qui
3603 4548 3658 4600 ιθ

2177 4655 2339 4724 nigne
2366 4654 2552 4724 coepit,
2582 4653 2870 4725 benignius
2895 4663 2949 4709 et
2989 4654 3108 4724 ipse
3142 4654 3407 4724 perﬁciat.
3442 4642 3662 4713 Benigttiﬂs

2178 4744 2392 4801 tandem
2430 4745 2730 4802 Salvatoris
2761 4746 2936 4802 nostri
2961 4734 3153 4819 preces
3181 4744 3421 4814 suscepit
3459 4734 3657 4796 humilium

2174 4854 2271 4910 per
2300 4838 2745 4894 intercessionem
2781 4837 3029 4909 gloriosae
3051 4852 3268 4913 semper
3290 4831 3517 4906 Virginis,
3531 4821 3657 4881 remi-ir

2174 4931 2343 4986 sionis
2369 4931 2598 5005 immisit
2625 4930 2956 5000 antidotum,
2979 4939 3033 4986 et
3056 4929 3124 4985 ad
3148 4924 3542 5001 refrigerandum
3567 4918 3656 4972 illl-

2175 5023 2465 5078 tnescentis
2495 5022 2691 5093 linguae
2719 5023 2972 5079 ardorem
3003 5021 3314 5095 suavissimi
3345 5018 3470 5075 roris
3499 5011 3657 5069 clm

2178 5123 2257 5168 tcr
2285 5112 2520 5169 infundit
2540 5112 2897 5169 stillicidium.

2739 5223 2935 5264 LECTIO
2960 5222 3196 5264 οοτΑνΑ.

2244 5300 2469 5371 checto
2496 5301 2765 5372 siquidem
2798 5301 3150 5359 miseratione
3178 5299 3354 5358 divina
3392 5293 3471 5352 ﬁlo
3496 5297 3539 5346 et
3559 5294 3652 5372 ηαξ

2175 5390 2285 5445 luta
2309 5370 2371 5446 ex
2409 5399 2524 5446 toto
2554 5370 2759 5462 lingua,
2790 5391 2898 5449 imo
2926 5403 3147 5463 recepto
3174 5391 3460 5464 adplennrn
3479 5370 3649 5451 1011κᾶ

2173 5484 2371 5553 cilicio,
2401 5485 2699 5556 gratiarum
2724 5502 2885 5558 quam
2910 5486 3396 5557 maximejactiones
3411 5475 3648 5535 referﬂﬂwi

2177 5580 2429 5651 lacrymae
2460 5580 2511 5634 in
2542 5581 3010 5653 gaudia,gemitus
3040 5581 3093 5636 in
3117 5592 3315 5652 organa
3340 5568 3645 5659 centenum?"

2177 5670 2261 5725 Fit
2290 5670 2473 5726 laetitia
2500 5688 2700 5743 magna.
2734 5675 2786 5728 in
2811 5674 3028 5743 populo,
3060 5673 3293 5743 undique
3316 5666 3477 5724 laudes
3496 5659 3645 5712 90ml”

2176 5771 2492 5831 personant,
2525 5763 2692 5834 signis
2722 5764 2962 5820 ecclesia:
2988 5762 3439 5836 concrepantibus,
3463 5753 3516 5807 Τε
3539 5747 3647 5801 0"“
