3902 6316
170 373 292 434 .555
1306 352 1311 358 '
1550 350 1775 407 CIIART

1844 352 1849 405 ἱ
3275 346 3415 404 ιδδι

170 483 427 540 laudamus
448 510 465 538 ,
517 467 825 539 spiritualcs
887 467 1206 523 clericorum
1258 463 1476 518 ordines
1528 464 1720 517 devote
1753 468 1799 524 Λ
1831 463 2074 534 virginis.
2117 465 2340 520 Femina
2366 464 2581 535 quidem
2611 463 2878 533 concepit,
2905 472 2961 518 et
2993 461 3156 518 homo
3176 468 3261 518 est
3286 476 3415 517 con-

163 572 397 646 jubilant,
433 562 710 632 utriusque
740 554 898 614 sexus
930 560 1062 614 viris
1089 568 1143 612 et
1190 555 1503 611 mulieribus
1552 555 1723 609 Deum
1830 568 2041 628 ceptus,
2076 558 2231 627 virgo
2267 558 2458 613 eadem
2500 556 2702 611 l'cmina
2740 554 3006 626 concepit,
3030 555 3096 609 'ct
3121 544 3431 624 conceptus

170 640 491 722 laudantibus
530 665 658 708 voce
694 666 798 721 qua
828 660 1101 721 poterant.
1134 648 1289 721 (Quia
1320 648 1482 719 igitur
1512 663 1609 717 pro
1640 661 1725 701 re-
1830 662 1914 706 est
1971 651 2111 706 idem
2168 640 2330 706 homo
2369 650 2637 705 Christus.
2701 648 3043 720 (QuiCuuque
3100 646 3266 718 igitur
3313 646 3418 702 hac

166 764 308 827 ecpla
350 749 578 805 sanitate
605 760 725 815 qua:
768 744 836 798 ad
886 744 1054 799 altare
1094 741 1453 798 sanctissima:
1486 739 1726 809 Virginis
1830 742 2183 812 conceptione
2212 756 2271 795 se
2304 740 2614 809 redemptos
2643 755 2749 795 non
2778 732 3165 807 dcazstimant,)
3207 738 3260 792 in
3311 738 3418 793 hac

168 850 370 909 oderret
393 843 443 897 in
466 848 712 910 promptu
748 837 1066 909 paupercula
1096 852 1202 891 non
1232 832 1441 899 habuit,
1473 848 1531 887 se
1555 832 1723 902 ipsam
1831 835 2171 890 solemnitate
2197 834 2305 888 lilio
2327 841 2382 888 et
2414 832 2572 887 matri
2600 831 2998 901 cougaudeant.
3037 829 3157 884 Filii
3185 839 3416 885 matrem

166 944 274 1012 ejus
297 934 485 991 amodo
510 931 855 1001 capitalitiam
874 931 1165 985 astantiqu
1194 927 1421 983 consilio
1446 933 1728 995 gratanter
1832 938 2160 984 venerentur
2191 928 2244 983 in
2277 925 2664 990 exsultatione,
2696 924 3004 978 collaudem
3031 922 3199 977 tilium
3226 922 3420 977 matris

169 1029 344 1099 δυάδι.)
372 1026 553 1093 sicque
580 1033 699 1093 post
728 1018 1019 1078 immensas
1044 1018 1337 1090 gratiarum
1370 1018 1611 1072 actiones
1635 1016 1725 1084 qui
1833 1021 1885 1075 in
1917 1030 2100 1075 sancta
2129 1020 2448 1085 devotione;
2490 1026 2550 1072 ut
2596 1002 2735 1072 sicut
2776 1013 2892 1069 laus
2943 1014 3189 1085 discipuli
3244 1014 3420 1069 honor

169 1124 305 1194 prius
334 1132 429 1189 pro
451 1115 828 1183 compassione
876 1114 1355 1184 compungebatur,
1385 1109 1727 1181 postmodum
1831 1122 1917 1168 est
1947 1112 2212 1183 magistri,
2274 1112 2357 1167 sic
2405 1120 2461 1167 et
2508 1105 2789 1166 veneratio
2828 1104 3049 1174 virginis
3109 1105 3279 1176 gloria
3346 1105 3421 1160 sit

168 1223 267 1280 pl‘a}
291 1204 480 1276 gaudio
509 1200 737 1271 populus
775 1201 969 1279 devote
1022 1199 1393 1270 illacryntatns
1441 1194 1725 1250 abscessit.
1833 1204 2057 1268 Christi,
2112 1213 2166 1259 ct
2220 1203 2513 1274 impleatur
2565 1200 2839 1273 propheta:
2872 1196 3042 1254 David
3076 1195 3417 1251 admonitio:

168 1298 238 1352 Ex
280 1293 401 1347 hinc
446 1290 650 1361 itaque,
680 1288 897 1354 fratres,
929 1287 1366 1360 quandoquidem
1421 1286 1488 1341 de
1536 1299 1728 1341 conce-

1844 1318 1856 1350 ι
1895 1298 2138 1352 Laudate
2166 1296 2453 1352 Dominum
2478 1297 2530 1351 in
2554 1290 2767 1352 sanctis
2783 1294 2917 1351 suis.
2950 1310 2969 1344 ι
2998 1287 3252 1358 Nunquid
3273 1288 3419 1343 enim

167 1388 333 1460 ptione
368 1383 576 1440 Domini
604 1382 979 1448 disseruimus,
1004 1379 1394 1451 aliquantulum
1425 1394 1521 1435 sua
1561 1378 1731 1449 ipsius

1844 1398 1887 1445 :t
1916 1390 1966 1444 itt
1995 1388 2097 1443 hoc
2121 1402 2228 1441 non
2259 1388 2523 1444 condecet
2552 1380 2758 1443 laudari
2801 1384 3080 1441 Christum
3130 1381 3182 1435 in
3228 1388 3421 1435 sancta

166 1478 325 1550 gratia
352 1475 416 1539 ad
442 1472 698 1544 ipsamde
724 1488 827 1542 qua
852 1480 1143 1543 conceptus
1172 1480 1256 1527 est
1291 1470 1553 1542 virginem
1596 1470 1731 1525 scri-

1844 1500 1929 1539 sna
1956 1480 2255 1548 Cenitricc,
2284 1495 2406 1535 cum
2438 1488 2558 1550 post
2578 1474 2747 1533 multa
2786 1485 2840 1531 et
2864 1470 3277 1531 innumerabilia
3303 1483 3425 1541 qua

166 1571 312 1639 bendi
342 1576 722 1625 convertamus
770 1567 1058 1632 calamum,
1107 1574 1162 1621 et
1218 1564 1273 1620 in
1312 1563 1557 1619 laudibus
1612 1562 1732 1633 ejus
1835 1591 1932 1646 per
1967 1588 2087 1627 eam
2130 1582 2388 1642 operatus
2433 1579 2518 1625 εει
2559 1568 2821 1623 miracula
2876 1581 2989 1622 sum
3038 1564 3105 1618 ad
3160 1563 3425 1617 honorem

166 1663 341 1717 saltem
395 1672 609 1730 parum
640 1660 1026 1725 imtnoremur,
1082 1659 1148 1713 de
1209 1656 1363 1726 cujus
1408 1655 1734 1710 intemerato

166 1764 306 1811 utero
337 1752 561 1808 miriﬁce
593 1762 802 1808 tantum
832 1766 931 1807 nos
961 1751 1379 1821 Redemptorem
1429 1748 1734 1819 suscepisse

1837 1666 2199 1722 solemnitatis
2249 1662 2440 1734 puella:
2491 1677 2654 1732 quam
2704 1658 3092 1730 praetexuimus
3144 1662 3254 1708 tam
3311 1651 3426 1708 cle-

1838 1766 2050 1813 menter
2072 1757 2326 1828 dignatus
2366 1764 2451 1810 est
2500 1751 2833 1809 subvenire?
2880 1748 2987 1805 Sed
3016 1747 3143 1818 quia
3197 1744 3428 1816 populus

167 1846 467 1917 gaudemus.
513 1844 667 1900 Hauc
706 1844 848 1901 enim
880 1844 1140 1915 virginem
1170 1853 1435 1909 sanctam,
1478 1843 1589 1897 Deo
1639 1842 1734 1895 de-
1765 1855 1775 1909 ι

1844 1852 1926 1908 ille
1951 1849 2328 1906 Noviomensis
2353 1864 2413 1904 se
2453 1847 2518 1901 ad
2548 1846 2849 1918 augendam
2901 1841 3060 1896 ﬁdem
3088 1836 3425 1895 credentium

164 1942 347 1995 votam.
381 1931 708 1989 ineffabilem
737 1946 792 1990 et
834 1934 1086 1991 omnibus
1109 1933 1499 2004 praeferendam
1549 1931 1734 1988 ﬁdeles

164 2028 349 2098 quique
374 2036 500 2082 ante
524 2027 819 2083 adventum
844 2027 1061 2084 Domini
1096 2028 1233 2083 votis
1262 2026 1513 2083 ﬁdelibus
1540 2041 1734 2097 exspe-

165 2116 391 2181 ctabant,
419 2117 695 2187 prOpheta:
726 2116 1058 2173 sanctissimi
1091 2125 1283 2173 sancto
1308 2117 1361 2170 in
1400 2115 1604 2186 Spiritu
1641 2115 1735 2170 ad-

165 2205 448 2261 mirabilem
494 2205 615 2276 ejus
638 2207 1051 2277 conceptionem
1081 2205 1477 2277 prtedicabant,
1525 2213 1579 2260 ct
1611 2205 1737 2260 licet

163 2307 387 2353 venturae
419 2298 831 2370 gloriﬁcationis
877 2314 982 2353 non
1026 2307 1252 2354 nossent
1290 2299 1609 2364 terminum,
1639 2315 1738 2369 per

164 2405 272 2444 eam
317 2398 492 2445 tamen
545 2399 604 2447 et
655 2392 756 2457 sibi
794 2401 849 2446 et
904 2391 1099 2446 futuris
1135 2391 1437 2462 quibusque
1488 2391 1736 2447 ﬁdelibus

166 2480 575 2550 (iuterminabile
603 2483 1060 2552 praestolabantur
1089 2482 1385 2538 salutiferae
1409 2482 1737 2551 redemptio-

164 2573 241 2627 nis
266 2571 621 2646 suﬂ'ragium.)
647 2575 721 2629 Dc
748 2574 908 2645 hujus
928 2575 1070 2631 enim
1097 2575 1487 2646 gloriﬁcatione
1514 2574 1739 2646 virginis

164 2663 410 2733 propheta
466 2664 641 2719 Isaias
681 2681 779 2720 nos
808 2668 1013 2721 docet:
1067 2685 1086 2717 ι
1144 2666 1485 2736 Egredietur,
1537 2666 1735 2735 inquit,

163 2755 301 2825 virga
329 2754 393 2809 de
415 2756 597 2810 radice
623 2744 795 2822 .lesse,
834 2766 888 2813 et
930 2758 1031 2813 ﬁos
1061 2758 1127 2813 de
1174 2759 1358 2814 radice
1386 2758 1501 2828 ejus
1550 2773 1740 2813 ascen-

163 2847 270 2912 det;
310 2867 328 2898 ›
368 2858 421 2903 et
454 2848 657 2903 iterum
685 2849 825 2905 idem
855 2851 1120 2921 propheta
1148 2850 1497 2921 expressius:
1535 2868 1553 2900 ι
1578 2849 1734 2912 Ecce,

164 2938 340 3009 inquit,
368 2941 523 3013 virgo
548 2943 815 3012 concipiet
841 2952 894 2999 et
931 2944 1107 3014 pariet
1138 2944 1328 3011 ﬁlium,
1354 2964 1373 2997 ι
1411 2945 1490 2999 sic
1516 2943 1583 2999 de
1616 2943 1740 2997 Vir-

164 3032 275 3100 gine
318 3035 580 3103 prOpheta
613 3054 625 3090 :
663 3056 679 3088 ι
722 3036 884 3103 Ecce,
940 3037 1136 3107 inquit,
1181 3038 1336 3108 virgo
1383 3036 1672 3107 concipiet.
1714 3036 1749 3089 ι’

163 3124 383 3195 Angelus
410 3137 594 3184 autem
625 3130 692 3184 ad
713 3131 961 3185 eamdem
982 3129 1294 3202 Virginem:
1325 3148 1345 3181 ι
1365 3129 1525 3194 Ecce,
1542 3128 1736 3198 inquit,

1835 1945 2150 2015 exauditum
2172 1941 2445 2012 cognovit,
2475 1940 2602 2010 quia
2647 1938 2700 2015 in
2748 1935 2925 2007 palam
2962 1930 3226 1987 miracula
3260 1928 3428 1983 mira-

1835 2037 2017 2092 biliter
2046 2036 2112 2091 ad
2146 2022 2408 2090 hanorem
2448 2038 2650 2087 sancta:
2680 2026 2918 2099 Virginis
2946 2030 3257 2096 perpetrata
3294 2019 3426 2075 ﬁde-

1838 2129 1964 2184 liter
2007 2128 2271 2199 percepit,
2314 2123 2718 2182 solemnitatem
2772 2119 3092 2175 hodiernam
3146 2128 3321 2184 usque
3358 2110 3426 2166 ad

1839 2214 2177 2275 dictnCaénce
2194 2216 2489 2273 Domiuieze
2515 2213 2607 2269 illo
2630 2213 2682 2267 iu
2708 2210 2830 2266 loco
2858 2210 2912 2264 in
2939 2214 3261 2279 perpetuum
3277 2201 3429 2257 novit

1839 2311 2240 2375 celebrandam,
2290 2315 2604 2363 sanctorum
2634 2304 2853 2374 quidem
2904 2301 3128 2355 Patrum
3180 2293 3430 2351 conciliis

1838 2424 1946 2462 non
1978 2404 2384 2467 dissentientes,
2412 2415 2601 2455 verum
2641 2414 2700 2453 se
2728 2396 2957 2451 Domino
2986 2400 3111 2464 post
3139 2390 3275 2445 tanti
3312 2402 3431 2442 ma-

1840 2496 2244 2553 nifestationem
2274 2491 2519 2547 miraculi
2552 2488 2762 2561 plenius
2793 2496 2849 2542 et
2892 2486 2946 2540 in
2987 2484 3091 2539 hoc
3129 2479 3433 2536 servituros

1840 2603 1949 2641 non
2002 2584 2326 2640 dilﬁdentes.
2360 2581 2708 2636 Celebremus
2748 2577 2911 2647 igitur
2938 2586 2994 2628 et
3039 2587 3157 2634 nos,
3209 2569 3430 2630 fratres,

1841 2675 2190 2732 devotissimc
2239 2671 2638 2728 solemnitatem
2690 2675 2892 2722 sancta:
2937 2662 3098 2731 hujus
3127 2656 3436 2714 Annuntia-

1842 2766 2028 2821 tionis.
2056 2764 2356 2819 Credamus
2386 2761 2542 2816 nobis
2582 2775 2680 2830 per
2721 2758 2863 2813 hanc
2893 2753 3209 2825 provenisse
3232 2749 3436 2821 plenis-

1841 2856 1980 2910 sime
2042 2854 2246 2908 bonum
2296 2849 2705 2919 redemptionis,
2778 2861 2874 2917 per
2925 2844 3173 2901 eamdem
3216 2838 3449 2910 quoque

1844 2948 2031 3005 ﬁdeles
2088 2950 2441 3019 percepturos
2480 2948 2614 3000 esse
2662 2950 2938 3014 perpetua:
2998 2935 3192 3007 gaudia
3246 2945 3432 2987 resur—

1843 3040 2123 3105 rectionis,
2152 3042 2219 3093 ad
2266 3054 2387 3109 qua:
2437 3051 2535 3091 nos
2575 3036 2842 3104 perducat
2871 3031 3011 3085 idem
3058 3025 3230 3081 Filius
3259 3021 3353 3077 Dei
3380 3030 3438 3075 et

1844 3131 2083 3188 hominis
2113 3130 2203 3202 qui
2233 3138 2391 3183 natus
2412 3144 2477 3183 ex
2500 3128 2613 3181 Deo
2639 3124 2801 3179 Patre
2832 3128 2961 3175 ante
2992 3126 3236 3185 tempora
3268 3112 3436 3174 Deus,

164 3218 423 3288 ⁰⁰¹¹οίβίθε
454 3230 509 3275 ει
533 3222 716 3291 Parias
746 3221 941 3289 mium.
965 3240 984 3274 ³
1018 3197 1125 3278 θιέ·
1153 3221 1391 3277 Αυάῖδῐιι
1423 3197 1737 3277 ﬁdelesinon
1769 3197 1815 3259 θ
1845 3241 1915 3281 ex
1961 3197 2168 3295 Spiritu
2213 3232 2404 3278 sancto
2431 3221 2487 3275 itt
2521 3228 2764 3289 tempore
2807 3231 2837 3269 a
2884 3220 3059 3267 matre
3111 3208 3273 3263 homo
3308 3218 3441 3259 con-

164 3306 368 3364 dissona
394 3313 676 3382 propheta:
699 3314 863 3368 verba
890 3321 947 3368 et
989 3314 1355 3385 evangelistam
1386 3314 1742 3368 Admireutur

165 3398 475 3457 inell'abilem
520 3403 747 3475 virginis
784 3404 944 3459 ﬁdem
986 3412 1041 3459 et
1096 3405 1510 3461 inell’abiliorem
1553 3418 1747 3460 conce-

166 3488 389 3557 ptionem
428 3492 656 3548 Christi.
710 3493 913 3549 Christi
966 3496 1375 3567 conceptionem
1432 3496 1633 3562 dicam,
1675 3512 1742 3551 an

168 3577 414 3649 virginis?
451 3580 573 3650 sed,
606 3592 665 3639 ut
704 3587 887 3641 verius
920 3585 1112 3652 fatear,
1152 3594 1208 3641 et
1231 3586 1434 3643 Christi
1478 3586 1656 3642 dicam
1692 3595 1749 3641 et

189 3750 415 3771 ὴν

420 3756 2314 3785 W

1846 3331 2175 3388 cepus,cum
2206 3316 2396 3369 eodem
2428 3311 2591 3366 l‘atre
2619 3311 2672 3364 in
2699 3307 2908 3361 unitate
2942 3302 3181 3371 ejusdem
3200 3295 3441 3367 Spiritus

1848 3409 2051 3475 sancti,
2087 3408 2216 3462 vivit
2239 3415 2293 3462 et
2318 3414 2509 3477 regnat
2539 3418 2637 3475 per
2656 3401 2842 3457 omnia
2873 3395 3066 3453 saecula
3092 3390 3437 3447 satculorum.

1850 3503 2047 3557 Amen.

2316 3734 3421 3769 Μ

1242 3860 1769 4015 RADBODI
1847 3918 2430 4012 EPISTOLA

1046 4116 1139 4169 AD
1174 4113 1608 4171 mansurum
1647 4109 2209 4169 ATllEBATENSEM
2240 4104 2645 4165 EPISCOPUM.

1307 4267 1473 4341 (Vide
1501 4269 1557 4323 in
1587 4266 1869 4323 Lamberto
1892 4268 2034 4321 circa
2057 4280 2147 4319 an.
2186 4264 2240 4319 lt
2256 4262 2366 4332 15.)

180 4450 3314 4504 W

1127 4662 1749 4779 RADBODI

1855 4616 2523 4773 emtam).

1609 4890 1985 4912 ﬂ

167 5148 359 5222 Charta
384 5169 489 5222 qua
516 5152 800 5208 Radbodus
826 5151 1187 5222 Noviomemis
1203 5150 1472 5220 episcopus
1502 5148 1662 5222 altari
1685 5147 1751 5222 de

233 5220 364 5288 Capi
396 5218 649 5278 'ccclesiw
688 5224 747 5277 S.
795 5222 942 5276 Petri
970 5218 1332 5276 Cluniacensis
1375 5218 1630 5275 concedit.
1682 5218 1749 5271 In

231 5309 335 5359 qua
361 5293 666 5347 declaratur
688 5294 915 5361 episwpi
946 5294 1237 5346 auctoritas
1268 5294 1322 5346 in
1335 5292 1617 5347 monachos
1647 5288 1750 5342 Ec-

236 5363 514 5417 clesiarum
542 5366 849 5434 prwpositos
874 5373 920 5416 ct
951 5364 1005 5416 in
1033 5363 1265 5417 abbatea.

756 5457 936 5527 (Anno
977 5456 1158 5526 1086.)

232 5541 531 5614 [Μλιιιιιειι,
564 5546 703 5601 Ilist.
736 5546 796 5602 S.
834 5544 1051 5599 Martini
1076 5546 1140 5599 de
1173 5543 1409 5613 Campis,
1442 5560 1494 5613 p.
1519 5541 1671 5615 δίει]

239 5632 349 5703 Ego
381 5638 668 5691 lianaoous
708 5636 962 5707 indignus
1008 5635 1393 5691 Noviomorum
1441 5636 1750 5706 episcopus,

176 5731 360 5780 notum
389 5726 510 5782 volo
552 5726 667 5781 ﬁcri
720 5727 1131 5798 quibuscunque
1179 5725 1447 5793 ﬁdelibus,
1478 5725 1650 5780 altare
1688 5724 1749 5778 de

1776 5058 1829 5118 D
1853 5062 1985 5135 Capi
2012 5070 2138 5116 tunc
2166 5059 2259 5116 Dei
2287 5059 2497 5125 timore,
2526 5065 2662 5115 tunc
2687 5056 3086 5114 monachorum
3116 5054 3442 5113 interventu.

1855 5172 1940 5211 me.
1964 5155 2029 5209 de
2056 5171 2218 5209 manu
2250 5153 2507 5210 Rodberti
2534 5150 2886 5215 Peronensis,
2914 5158 2971 5203 et
3008 5146 3280 5202 hmredum
3330 5146 3446 5216 ejus

1852 5245 2051 5319 quibus
2074 5262 2140 5303 cx
2166 5245 2427 5301 beneﬁcio
2458 5244 2827 5314 contingebat,
2860 5239 3157 5307 recepisse;
3195 5246 3249 5290 et
3276 5236 3448 5290 cccle-

1853 5339 1948 5396 sizc
1971 5338 2158 5394 Sancti
2187 5336 2334 5391 Petri
2357 5335 2728 5391 Cluniacensis
2745 5332 2812 5388 ad
2842 5329 3215 5387 remissionem
3248 5340 3443 5396 pecca—

1858 5441 2033 5486 torum
2086 5444 2355 5492 meorum,
2416 5427 2780 5491 assentiente,
2824 5425 2933 5479 imo
2993 5428 3272 5494 precante,
3300 5418 3447 5473 clero

1857 5532 2062 5578 sancta:
2082 5520 2286 5584 Mari-.c,
2318 5520 2581 5590 perpetim
2611 5519 2916 5573 habendum
2946 5514 3323 5577 concessisse;
3375 5525 3443 5564 ea

1857 5615 2107 5669 videlicet
2136 5614 2440 5677 ratioztc,ut
2470 5612 2724 5667 sacerdos
2756 5611 2884 5664 mihi
2915 5610 3156 5666 serviens
3184 5612 3448 5674 suscepta:

1860 5707 2340 5763 curmmtituarum
2380 5705 2563 5760 reddat
2610 5705 2896 5768 rationem,
2935 5711 2987 5756 et
3042 5699 3173 5755 tu'hi
3205 5697 3447 5766 meisque
