1951 3158
237 143 306 171 1535

780 143 930 172 ΕΔΒΒΟΒΙ
946 143 991 171 ΝΟ
997 144 1180 173 ΥΙΟΜΕΝὸιὸ
1198 147 1339 177 EPISCOP

1788 159 1843 188 152.6

232 199 365 227 ministris
382 186 506 227 debitam
532 198 620 227 solvat
644 199 878 227 consuetudinem.
906 199 982 232 Quod
1003 200 1024 226 si
1041 209 1063 238 Α
1078 208 1138 228 eam
1155 201 1252 235 libere,
1268 207 1360 239 utpote
1375 205 1513 234 abbatiam
1529 208 1673 242 haberent.
1690 215 1718 239 et
1732 212 1790 241 inibi

231 246 406 282 congregatio
421 246 520 274 ibidem
535 246 591 274 Deo
606 244 767 281 disponente
791 246 956 281 pervenerit,
970 246 1025 273 cul-

230 299 278 326 pas
299 290 445 318 emendare
470 290 496 318 in
521 295 655 325 potestate
678 289 714 318 sit
742 290 859 318 abbatis.
879 289 909 318 Si
932 295 1023 317 autem

228 335 314 363 abbas
330 340 377 364 aut
392 336 468 371 prior
481 335 651 371 negligenter
663 336 760 371 egerit,
786 340 850 364 tunc
873 336 907 364 ad
921 336 1025 371 episco-

228 388 291 416 pum
319 380 526 409 Noviomensem
549 382 685 409 correctio
709 382 903 410 monachorum
923 382 1023 410 redun-

227 427 312 455 dabit.
330 426 365 456 Ut
376 432 469 455 autem
494 427 704 463 chirographum
721 427 792 456 istud
806 427 904 456 futuris
918 432 1024 464 tempo-

228 475 303 502 ribus
320 473 427 503 ﬁrmius
440 475 551 510 cxistat,
568 475 805 504 circumstantium
817 475 1023 505 subnotavitnus

227 521 336 549 nomina
787 520 791 522 ’
907 519 911 520 ⁷
934 516 939 520 ’

262 567 376 603 Signum
396 568 519 597 Radbodi
534 569 665 607 episcopi.

261 614 318 650 Sig.
334 615 448 643 Gerilini
462 615 569 644 decani.

261 658 316 695 Sig.
335 659 451 687 Baldrici
466 660 662 689 archidiaconi.

261 705 318 741 Sig.
332 705 471 734 Walclteri
486 706 661 735 thesaurarii.

261 752 318 787 Sig.
334 753 469 781 Odmundt
485 754 632 790 prmpositi.

260 798 317 835 Sig.
333 799 459 828 Widouis
472 800 639 828 cancellarii.

260 844 317 881 Sig.
334 846 421 873 lvonis
437 846 588 874 castellani.

259 891 316 927 Sig.
334 891 482 920 Wincmari
499 892 640 921 Rodberti.

258 937 314 972 Sig.
331 936 468 964 Gosberti.

256 984 353 1009 Actum
380 982 523 1016 Noviomi,
547 991 620 1012 anno
647 983 848 1012 incarnationis
871 983 1019 1013 Dominicze

222 1028 301 1061 1086,
319 1029 466 1058 indictione
482 1039 521 1064 ix,
548 1035 682 1067 regnante
704 1039 768 1067 rege
790 1030 930 1067 Philippo,
946 1039 1018 1059 anno

221 1083 285 1110 xxv,
299 1077 408 1105 domino
424 1078 555 1106 lladbodo
573 1079 759 1114 episcopante,
770 1086 842 1107 anno
852 1087 910 1107 xtx.

602 1133 636 1162 li.

237 1177 293 1207 Pro
316 1180 508 1208 reuauratione
522 1179 687 1251 αὸξαιῗὲὃῑς.
715 1180 827 1209 Martini
847 1180 999 1209 Tornaccu-

548 1224 584 1243 "8
665 1237 672 1243 .

548 1224 584 1243 818
604 1224 672 1243 αθ).

514 1261 545 1297 (Α
551 1269 606 1289 nun
627 1261 720 1297 i094.)

379 1306 472 1342 [Ρνου.
487 1306 561 1335 Eccl.
574 1308 606 1336 de
621 1308 721 1343 Reims,
734 1308 766 1342 ll,
780 1308 856 1346 ιι9.]

254 1352 284 1380 in
305 1353 415 1381 nomine
439 1352 537 1386 Patris,
563 1359 591 1382 ct
613 1355 687 1388 Filii,
715 1360 743 1382 et
768 1355 886 1391 Spiritus
909 1354 1016 1388 Sancti,

218 1406 270 1435 ego
293 1399 436 1428 “ancones
469 1400 692 1428 Noviomensiutn
724 1408 772 1430 seu
803 1401 1016 1429 Toruacensiutn

219 1447 362 1482 episcopus
384 1447 568 1475 omnimodam
592 1446 707 1475 salutem
738 1451 794 1475 tam
821 1447 918 1475 futuris
934 1454 1016 1483 quam

218 1501 322 1528 przesen
327 1493 343 1520 ti
348 1493 406 1520 bus.

232 1570 234 1572 τ
254 1538 366 1566 Noverit
381 1538 501 1567 Charitas
515 1544 616 1572 vestra,
644 1539 743 1567 fratres
767 1538 947 1571 dilectissimi,
971 1547 1016 1566 ec-

216 1584 329 1612 clesiam
342 1585 436 1612 Sancti
453 1585 559 1612 Martini
574 1585 682 1618 Medici,
694 1594 755 1621 qua:
765 1586 793 1614 in
809 1586 898 1613 Monte
910 1586 1015 1613 Modico

218 1638 303 1666 prope
318 1638 410 1658 muros
424 1631 499 1659 urbis
513 1631 695 1660 Tornacensis
720 1633 772 1660 sita
796 1638 848 1665 est,
866 1632 1015 1667 antiquitus

218 1678 355 1711 :tbbatiant
371 1678 470 1711 fuisse;
489 1685 583 1705 verum
600 1679 711 1714 paganis
725 1679 752 1706 in
773 1679 858 1714 ipsam
875 1679 1014 1706 civitatem

217 1724 385 1753 irruentibus
397 1725 574 1759 tlestructam,
590 1730 617 1753 et
637 1726 666 1752 in
694 1724 817 1753 laicaletn
841 1725 1013 1761 postmodum

218 1771 349 1799 ditionem
364 1770 503 1799 redactam
521 1771 554 1799 ad
567 1771 682 1799 nihilum
697 1779 766 1807 pene
777 1772 935 1800 devenisse:
947 1772 1014 1799 adeo

218 1821 307 1845 autem
319 1816 439 1852 ejusdem
454 1816 582 1845 Ecclesia:
592 1818 747 1853 percrebuit
764 1818 906 1850 desolatio,
922 1822 952 1845 ut
963 1825 1014 1845 nec

217 1863 252 1890 ad
263 1863 371 1897 plenum
386 1862 465 1890 unius
484 1862 580 1890 saltem
603 1863 754 1891 sacerdotis
777 1864 906 1892 deserviri
923 1868 1014 1899 posset

217 1909 325 1936 ollicio:
341 1910 515 1944 congregatio
529 1910 661 1945 siquidem
687 1909 731 1937 illa
754 1910 846 1937 hostili
873 1917 954 1937 manu
973 1910 1013 1937 di-

217 1962 311 1989 spersa
329 1960 413 1983 estet
429 1955 512 1989 abiit;
534 1956 635 1983 familia
654 1955 776 1990 ejusdem
790 1956 1013 1984 Ecclesiminter-

217 2006 307 2038 empta
323 2005 366 2029 est
382 2006 410 2030 et
432 2002 557 2037 deperiit.
571 2002 671 2030 Terras
681 2002 740 2037 ejus
755 2003 858 2031 laiculis
873 2011 970 2031 manus
985 2003 1012 2031 in

218 2046 351 2074 beneﬁcio
368 2047 401 2074 de
420 2054 502 2074 manu
521 2051 726 2075 autecessorum
750 2052 906 2076 nostrorum
919 2053 948 2076 et
962 2056 1013 2076 no-

217 2097 274 2120 stra
286 2092 367 2128 longo
382 2097 443 2128 post
457 2098 578 2123 tempore
591 2094 695 2121 habuit.
711 2095 790 2122 Anno
805 2102 869 2122 vero
884 2094 1012 2122 incarna-

217 2138 302 2167 tionis
316 2139 462 2168 Dominicae
477 2140 558 2173 1092,
575 2140 703 2168 Ecclesite
728 2140 801 2168 illius
826 2147 1013 2169 retnemorans

217 2186 262 2219 pia
279 2185 325 2213 Dei
340 2187 539 2220 misericordia,
556 2186 649 2214 fratris
663 2187 766 2215 Odonis
776 2191 804 2214 et
813 2187 929 2214 aliorum
942 2195 1011 2223 qua~

218 2236 280 2259 tuor
302 2236 408 2259 mentes
434 2231 568 2267 spirituali
591 2233 699 2260 caelitus
719 2233 1010 2268 inllammavitgratia,
1029 2246 1052 2276 ο

215 2278 264 2313 qui
280 2286 334 2306 uno
347 2279 497 2314 eodemque
513 2279 615 2311 animo.
636 2287 697 2306 ctnn
713 2287 743 2306 se
761 2278 839 2313 hujus
852 2280 941 2307 saeculi
955 2287 1012 2307 ete-

219 2323 328 2351 nuienta
341 2324 565 2358 pertimescerent
574 2324 705 2359 implicari
719 2325 858 2360 voragine,
871 2325 1014 2359 elegerunt

218 2369 305 2404 magis
319 2370 344 2396 in
356 2369 467 2404 praefata
482 2369 601 2397 Ecclesia
617 2370 671 2397 Deo
684 2366 712 2396 in
726 2370 856 2405 pauperie
872 2369 1012 2397 deservire

217 2422 301 2451 quam
330 2417 364 2443 ad
389 2416 569 2450 perditionem
592 2416 744 2443 animarunt
769 2423 882 2444 suarum
909 2416 1012 2444 divitiis

216 2461 394 2490 atecularibus
408 2461 556 2489 abundare.
570 2461 637 2489 Cum
649 2468 715 2496 ergo
729 2461 780 2489 hac
803 2468 837 2488 ex
857 2468 939 2489 causa
963 2468 1012 2487 no-

217 2512 304 2536 stram
333 2508 464 2536 adiissent
487 2508 683 2543 praesentiam,
707 2507 822 2536 consilio
849 2512 877 2535 et
907 2507 1010 2534 auxilio

217 2553 323 2581 Radulli
335 2554 470 2586 advocati,
482 2554 529 2589 qui
544 2558 607 2581 tunc
621 2553 749 2588 temporis
769 2560 828 2580 eaut
849 2552 912 2587 jure
925 2552 1010 2587 possi-

217 2600 297 2628 debat
314 2601 499 2634 haereditario,
513 2601 563 2629 sub
576 2600 736 2628 clericorum
749 2605 776 2627 et
789 2599 920 2628 laicorutn
935 2599 1010 2627 testi-

217 2647 319 2680 tnonio,
334 2647 458 2675 eamdem
470 2648 510 2676 eis
523 2656 583 2675 cum
601 2647 733 2683 adjacenti
749 2647 919 2674 solummodo
940 2647 1010 2674 atrio

216 2693 401 2721 concessimus
423 2693 586 2727 Ecclesiam,
607 2700 639 2721 ea
662 2692 764 2720 scilicet
786 2691 953 2724 conditione,
981 2697 1010 2719 ut

252 2772 310 2809 (25)
321 2772 455 2809 L’abbayc
468 2774 501 2802 de
513 2772 701 2802 Saint-Martin
712 2774 745 2802 de
753 2772 879 2808 Tournay
888 2771 1011 2809 avaitété

217 2806 314 2848 fundée
329 2816 363 2835 en
378 2806 499 2848 §5§>par
511 2810 585 2848 sirint
598 2810 677 2848 Elei._
685 2810 732 2848 qui
751 2817 767 2844 y
790 2806 869 2848 placa
881 2811 928 2848 des
950 2807 1010 2848 re_|i—

236 2843 296 2879 ieux
309 2844 405 2871 sousla
420 2844 492 2879 regie
503 2845 537 2872 de
547 2845 619 2872 saint
631 2843 790 2872 Coloinban.
799 2843 1011 2879 L‘invasiondes

242 2879 371 2917 orntands
383 2887 415 2906 au
431 2878 471 2907 ιίε
486 2880 568 2908 siécle
584 2880 680 2907 cli-assa
698 2879 735 2907 les
751 2879 878 2914 religicux
905 2883 931 2905 et
944 2878 1009 2905 l‘ab-

1076 246 1168 282 regula
1180 248 1266 276 sancti
1282 248 1425 285 Augustini
1442 256 1571 287 tanquam
1590 255 1726 290 regulares
1743 263 1845 290 canonici

1075 291 1314 323 Deodeservirent.
1323 296 1402 325 Anno
1415 304 1504 326 autem
1520 299 1607 329 altero
1622 302 1747 332 introitus
1758 313 1844 341 eorum,

1074 340 1170 376 majori
1185 341 1275 369 adhuc
1287 342 1419 372 divinitus
1432 344 1558 381 inspirati
1572 353 1638 376 sunt
1658 349 1791 384 desiderio,
1811 340 1844 381 ut.

1073 391 1136 421 pote
1146 387 1192 422 qui
1204 387 1261 423 jam
1277 386 1411 417 bonorum
1426 390 1614 422 allaborabant
1634 394 1762 424 interesse
1780 399 1845 428 colle-

1074 431 1127 467 gio.
1144 432 1179 460 Ut
1190 432 1262 460 enim
1276 433 1332 461 Deo
1342 434 1524 470 deservirem,
1538 439 1611 474 quod
1627 441 1729 469 arctius
1747 444 1844 472 aestima-

1073 476 1138 504 bant
1151 482 1247 513 sponte
1259 478 1410 515 elegerunt,
1422 486 1450 509 et
1463 481 1563 511 divinas
1583 491 1613 512 se
1627 486 1722 521 gratiae
1730 487 1844 517 devoren-

1074 529 1114 551 tes
1126 523 1247 552 habitum
1259 525 1345 553 sancti
1360 525 1500 557 Benedicti
1507 536 1671 566 compuncte
1679 540 1842 570 suscepean

1073 570 1202 607 Perccpta
1228 572 1321 609 itaque
1347 575 1510 612 infatigabili
1531 583 1626 605 eorum
1653 582 1842 615 perseverantia,

1072 617 1099 645 in
1113 618 1208 647 eodem
1217 627 1299 652 anno.
1314 621 1370 650 Deo
1384 626 1534 656 annuente,
1549 623 1735 660 indigenarum
1748 626 1843 656 eleetno-

1071 664 1146 700 synis
1162 666 1231 694 adeo
1252 666 1296 695 illa
1310 669 1446 698 succrevit
1460 670 1592 704 Ecclesia,
1609 676 1639 698 ut
1655 671 1692 699 ibi
1714 674 1842 707 septemde

1072 711 1124 738 cim
1145 711 1197 739 sub
1217 712 1319 742 ditione
1342 715 1466 749 praedicti
1492 716 1594 745 Odonis
1612 716 1721 746 abbatis
1737 720 1840 747 monachi

1072 758 1310 792 substituerentur,
1336 765 1365 789 et
1386 761 1421 790 ad
1446 762 1621 791 serviendum
1634 763 1701 797 δι)θο
1718 768 1746 792 et
1767 771 1842 793 sancta

1071 801 1187 831 Martino
1206 805 1355 834 secundum
1368 806 1459 835 sancti
1477 806 1617 837 Benedicti
1640 808 1767 844 Regulam
1786 811 1843 838 cnti-

1071 853 1214 878 narentur.
1228 849 1359 879 Videntes
1382 859 1448 888 ergo
1473 852 1723 883 circummanenles
1743 854 1843 890 aliquan-

1071 894 1154 922 tulum
1171 895 1285 925 fratrum
1298 897 1625 933 devotionem,terrarum
1633 907 1701 935 quas
1713 901 1843 936 antiquius

1070 939 1177 968 abbatia
1198 940 1243 968 illa
1259 946 1385 970 tenuerat
1401 943 1480 972 nobis
1499 943 1589 973 fecere
1605 945 1777 979 mentionem,
1789 955 1841 983 qna-

1071 990 1149 1014 tcnus
1162 994 1209 1015 eas
1221 988 1455 1024 recolligeremus.
1479 994 1507 1018 et
1529 991 1625 1019 usibus
1641 990 1754 1020 fratrum
1763 993 1842 1028 quibus

1069 1031 1203 1067 deputata:
1216 1032 1324 1061 fuerant
1335 1042 1384 1071 pro
1397 1036 1558 1065 remissione
1571 1041 1744 1073 peccatorum
1756 1042 1841 1066 nostro-

1070 1085 1129 1105 rum
1154 1079 1341 1108 redderemus.
1367 1080 1489 1115 Quorum
1513 1082 1654 1111 benevolis
1679 1083 1841 1119 petitionibus,

1068 1123 1132 1153 licet
1151 1124 1337 1155 diiIicillimum
1360 1128 1518 1163 videretur,
1541 1129 1674 1159 benevole
1700 1131 1841 1159 condescen-

1068 1170 1175 1202 dcntes.
1188 1172 1350 1200 advocatum
1362 1173 1517 1208 Radulfum,
1529 1183 1611 1211 quem
1621 1183 1670 1204 eas
1683 1180 1745 1204 tunc
1757 1181 1842 1211 tempo-

1069 1215 1107 1243 ris
1123 1216 1149 1243 in
1166 1216 1300 1246 beneficio
1316 1223 1410 1246 tenere
1431 1219 1589 1254 didicimus,
1610 1220 1726 1257 benigne
1737 1222 1843 1249 conveni-

1069 1268 1139 1294 mus,
1159 1266 1186 1290 et
1198 1270 1248 1298 pro
1260 1263 1448 1292 consolatione
1468 1265 1567 1294 animae
1589 1273 1655 1299 suae,
1670 1266 1734 1302 quid
1746 1267 1843 1302 eisuper

1068 1305 1120 1334 hoc
1138 1305 1292 1336 faciendum
1306 1308 1376 1336 foret
1386 1316 1420 1336 ex
1431 1308 1521 1338 oliieio
1534 1314 1631 1339 nostro
1642 1311 1745 1340 intente
1755 1318 1844 1346 suggesa

1067 1352 1165 1387 simus,
1179 1358 1207 1381 et
1217 1355 1400 1384 omnedicibili
1416 1355 1535 1392 Spiritus
1547 1357 1635 1385 sancti
1650 1357 1737 1394 gratia
1757 1358 1844 1385 iniim-

1067 1403 1173 1427 matum
1192 1399 1263 1428 illico
1278 1408 1327 1428 cor
1338 1401 1455 1430 hominis
1470 1402 1586 1438 benigne
1598 1403 1633 1431 ad
1646 1403 1737 1431 omnia
1749 1411 1843 1439 respon<

1068 1442 1128 1471 dit:
1147 1444 1245 1473 Terras
1262 1445 1321 1473 illas
1336 1445 1429 1475 Sancti
1444 1446 1552 1475 Martini
1572 1455 1642 1483 quas
1665 1448 1693 1476 in
1715 1456 1762 1476 suo
1774 1449 1843 1484 possis

1068 1489 1149 1518 debat
1163 1490 1296 1524 dominio,
1312 1491 1398 1520 libere
1409 1497 1437 1520 ut
1452 1500 1499 1521 eas
1512 1492 1692 1522 Ecclesiasilli
1703 1494 1843 1522 restituere-

1068 1544 1129 1564 mus
1143 1536 1271 1571 reddidit,
1282 1536 1404 1574 aliasque
1413 1545 1509 1567 omnes
1525 1539 1647 1574 ejusdem
1666 1538 1779 1572 ditionis,
1789 1546 1844 1574 quas

1068 1582 1094 1610 in
1115 1583 1271 1611 vadimonio
1296 1591 1345 1612 seu
1365 1584 1500 1613 beneﬂcio
1522 1584 1569 1613 alii
1588 1585 1623 1613 de
1652 1584 1699 1613 illo
1728 1585 1846 1613 habebant

1066 1629 1324 1665 quomodocunque,
1350 1637 1400 1659 seu
1423 1638 1473 1666 per
1496 1630 1723 1667 redemptionem,
1745 1639 1788 1659 seu
1806 1638 1845 1667 per

1065 1683 1160 1704 eorum
1174 1676 1220 1712 qui
1232 1684 1279 1704 eas
1300 1677 1429 1705 tenebant
1452 1676 1696 1714 eleemosynariam
1713 1678 1845 1706 manumis-

1065 1724 1182 1757 sionem,
1189 1723 1222 1751 ad
1229 1722 1379 1751 Ecclesiam
1391 1723 1519 1752 devenire
1528 1728 1652 1760 possent,
1664 1724 1762 1752 literas
1769 1724 1845 1752 votive

1065 1769 1213 1797 concessit.
1239 1769 1352 1798 Noverit
1374 1777 1440 1805 ergo
1462 1773 1530 1798 tetas
1550 1774 1579 1798 et
1593 1777 1678 1799 sexus
1691 1771 1776 1799 omnis
1787 1778 1844 1805 quos

1064 1815 1208 1851 contigerit
1226 1815 1332 1849 audire,
1350 1821 1438 1844 terras
1449 1823 1544 1844 omnes
1556 1816 1617 1845 illas
1630 1824 1700 1853 quas
1713 1817 1844 1851 antiquitus

1064 1861 1187 1890 Ecclesia
1202 1862 1299 1896 tenuit,
1314 1861 1474 1897 praedictum
1491 1861 1639 1890 Radulfum
1651 1870 1705 1890 una
1719 1862 1842 1890 nobiscum

1065 1907 1186 1935 ecclesiae
1209 1907 1303 1935 Sancti
1328 1907 1437 1935 Martini
1460 1915 1625 1944 quacunque
1649 1908 1845 1943 bora,quoquo-

1065 1954 1146 1982 modo
1175 1953 1210 1981 ab
1236 1954 1290 1982 illis
1313 1954 1360 1989 qui
1385 1961 1432 1982 eas
1454 1954 1588 1983 hactenus
1616 1954 1735 1983 habuere
1748 1949 1842 1983 liberari

1064 2006 1203 2037 poterunt,
1217 2000 1318 2029 Sancto
1334 2000 1451 2028 Martino
1473 2000 1557 2029 libere
1575 2000 1754 2035 concessisse,
1774 2004 1798 2028 et
1820 2000 1841 2027 in

1063 2054 1115 2075 usu
1128 2047 1241 2074 fratrum
1254 2047 1323 2076 inibi
1335 2047 1490 2082 degentium
1508 2047 1606 2075 amodo
1621 2051 1650 2075 et
1660 2047 1687 2074 in
1700 2051 1841 2082 perpetuum

1065 2092 1204 2121 habendas
1219 2093 1302 2121 libere
1317 2093 1476 2121 reddidisse.
1497 2093 1532 2121 Ut
1555 2100 1623 2121 vero
1638 2093 1697 2121 haec
1707 2098 1790 2120 nostra
1806 2100 1841 2119 re-

1064 2140 1185 2175 cognitio
1197 2139 1355 2168 inconvuisa
1368 2144 1477 2167 maneat
1491 2140 1518 2167 in
1534 2139 1676 2172 saeculum,
1687 2139 1781 2166 charte
1789 2138 1840 2166 huic

1065 2185 1208 2220 parvitatis
1226 2191 1327 2213 nostra:
1343 2185 1530 2221 impressimus
1553 2184 1684 2220 sigillum,
1708 2184 1770 2212 utsi
1789 2183 1840 2218 quis

1066 2239 1125 2260 eam
1144 2232 1263 2260 scienter
1281 2232 1379 2259 amodo
1391 2231 1543 2265 violaverit,
1557 2231 1611 2259 nisi
1636 2231 1672 2258 ad
1690 2229 1838 2258 emendatio-

1065 2285 1126 2306 nem
1142 2278 1264 2310 redierit,
1282 2277 1328 2305 Dei
1343 2282 1370 2305 et
1383 2282 1540 2305 sanctorum
1556 2277 1679 2304 omnium
1693 2281 1720 2304 et
1738 2280 1838 2311 postulo-

1063 2324 1127 2351 dutn
1139 2322 1430 2352 excommunicationis
1441 2322 1720 2351 nostrainenodabile
1733 2322 1837 2349 incurrat

1063 2370 1210 2398 vinculum.

1098 2415 1211 2450 Signum
1228 2415 1327 2443 domini
1342 2415 1463 2443 Radbodi
1476 2415 1606 2451 episcopi.

1098 2461 1154 2497 Sig.
1169 2461 1284 2489 Baldriei
1298 2461 1494 2489 archidiaconi.

1097 2508 1154 2544 Sig.
1166 2508 1238 2536 Petri
1249 2508 1379 2536 cantoris.

1098 2554 1157 2589 Sig.
1168 2553 1272 2582 Oruulil
1288 2553 1452 2590 presbyteri.

1097 2600 1153 2636 Sig.
1171 2599 1307 2628 Roscelini
1318 2598 1481 2635 presbyteri.

1098 2645 1156 2681 Sig.
1172 2644 1286 2673 Maurini
1299 2644 1463 2681 presbyteri.

1096 2691 1154 2726 Sig.
1171 2691 1283 2727 Segardi
1295 2690 1413 2719 diac0ni.

1062 2771 1132 2803 bayc
1146 2769 1276 2796 demeura
1297 2768 1405 2796 désertc
1418 2766 1544 2802 jusqu‘en
1557 2767 1642 2797 1092:
1661 2767 1734 2794 alens
1746 2763 1840 2803 Radbnd

1062 2813 1079 2842 y
1094 2802 1251 2842 etablitdcs
1261 2802 1569 2842 citaneines‘régul‘iers,
1579 2803 1706 2842 quideux
1719 2810 1767 2842 ans
1776 2802 1841 2840 annis

1062 2837 1265 2869 embraSsércnt
1280 2840 1304 2866 ia
1318 2839 1389 2874 regie
1405 2838 1439 2866 de
1460 2837 1533 2874 saint
1548 2837 1654 2874 Beuoit,
1669 2843 1696 2864 et
1719 2837 1842 2870 re’cupéte-

1064 2880 1123 2904 rent
1139 2875 1179 2903 lcs
1194 2875 1271 2903 biens
1287 2875 1332 2909 qui
1349 2872 1458 2901 avaient
1473 2872 1516 2900 e'té
1530 2873 1654 2900 curaliis.
