3902 6316
225 358 351 414 1531

288 471 396 541 Sig.
424 468 658 526 Gerelini
681 471 890 526 diaconi

290 563 397 630 Sig.
428 561 605 616 Aloldi
636 561 869 617 diaconi.

289 654 398 724 Sig.
429 652 687 724 Stephani
717 655 1054 711 subdiaconi.

288 745 396 814 Sig.
425 743 680 800 Landriei
721 746 978 818 acolythi.

288 834 398 904 Sig.
425 834 628 890 Odonis
654 835 913 908 acolythi.

287 927 398 996 Sig.
434 926 742 998 Hagenonis
767 927 1000 1000 acolythi

285 1017 396 1088 Sig.
425 1015 670 1086 llugonis
705 1017 1005 1073 castellani.

283 1110 396 1180 Sig.
428 1109 672 1180 Hugonis
696 1109 1082 1166 Calmacensis.

285 1203 395 1274 Sig.
429 1201 714 1258 i‘lelinandi
752 1205 958 1259 militis.

285 1296 400 1365 Sig.
435 1295 764 1364 Sagnatonis
791 1296 1000 1352 militis.

282 1389 395 1460 Sig.
423 1389 673 1444 Gosberti
705 1389 913 1446 militis.

283 1480 392 1552 Sig.
415 1480 658 1537 Gualteri
689 1481 1052 1539 Tornacensis
1082 1480 1468 1538 archidiaconi.

280 1572 389 1640 Sig.
424 1571 572 1626 Petri
599 1572 815 1627 decani.

281 1663 391 1732 Sig.
429 1660 745 1715 llerimanni
771 1660 1068 1732 prmpositi.

279 1754 391 1824 Sig.
423 1754 632 1809 Olberti
658 1755 922 1810 cantoris.

279 1846 392 1917 Sig.
423 1845 693 1916 Stephani
717 1847 1038 1919 presbyteri.

279 1937 392 2008 Sig.
419 1936 612 1993 llellini
638 1939 962 2010 presbyteri.

277 2027 390 2097 Sig.
421 2027 654 2084 Joannis
682 2029 1009 2100 presbyteri.

281 2121 392 2192 Sig.
430 2120 689 2176 Ledberti
715 2123 951 2178 diaconi.

279 2212 391 2282 Sig.
422 2212 684 2268 Bernuini
710 2213 1049 2270 subdiaconi.

277 2304 387 2375 Sig.
420 2305 746 2377 lngebrandi
786 2307 1045 2377 acolythi.

277 2395 388 2467 Sig.
422 2396 658 2452 Werriei
689 2397 944 2469 aeolythi.

276 2494 386 2564 Sig.
415 2493 661 2550 Onvardi
691 2493 991 2550 castellani.

280 2586 393 2656 Sig.
426 2587 649 2642 ltodulti
679 2587 950 2643 advocati.

279 2675 393 2746 Sig.
427 2676 661 2731 Gonteri
691 2677 899 2732 militis.

278 2765 390 2835 Sig.
418 2763 634 2820 Rodulfi
669 2766 874 2822 militis.

277 2856 387 2926 Sig.
411 2855 658 2910 Lidberti
688 2857 892 2911 militis.

273 2946 466 3002 Actum
524 2945 804 3011 Noviomi,
860 2945 1252 3001 lncarnationis
1308 2944 1604 3000 Dominicze
1657 2959 1801 2999 anno

211 3041 360 3104 1094,
377 3039 683 3098 indictione
707 3055 741 3100 ι,
762 3049 1020 3109 regnante
1035 3053 1158 3109 rege
1182 3037 1429 3109 Philippo
1454 3052 1596 3091 anno
1613 3051 1798 3103 xxxvr,

209 3132 402 3185 ιιοιιιιιο
427 3130 697 3184 Radbodo
718 3132 1064 3199 episcopante
1085 3145 1230 3186 anno
1259 3145 1407 3184 xxvi.

279 3224 390 3294 Ego
419 3223 627 3289 Guido,
653 3203 1031 3288 cancellarius,
1061 3222 1162 3293 legi
1184 3233 1238 3278 et
1261 3223 1448 3278 subter
1469 3221 1702 3276 firmavi.

982 3332 1071 3389 lll.

207 3424 403 3480 Charta
452 3425 762 3479 donationis
807 3424 1034 3481 ecclesia:
1079 3422 1140 3478 S.
1191 3422 1380 3478 Maria:
1437 3421 1724 3491 Brugensis
1768 3439 1800 3474 a

277 3495 543 3550 Radbodo
603 3495 843 3565 episcopo
901 3494 1242 3550 Noviomensi
1305 3493 1800 3548 sanctimonialibus

278 3566 450 3621 factm.

805 3635 985 3706 (Auno
1025 3635 1206 3706 1094.)

458 3727 632 3799 (Call.
669 3727 866 3783 Christ.
896 3743 1046 3793 uov.,
1081 3739 1120 3782 ι.
1160 3727 1220 3794 ν,
1253 3728 1357 3783 col.
1401 3727 1550 3799 554.)

279 3816 332 3872 lu
361 3820 588 3875 nomine
613 3818 814 3883 Patris.
845 3829 897 3874 et
919 3819 1065 3884 Filii,
1106 3829 1161 3875 et
1191 3819 1426 3890 Spiritus
1475 3821 1670 3887 sancti,
1701 3834 1801 3890 ego

209 3911 504 3966 “ADBODUS
535 3912 792 3967 minimus
828 3912 1204 3983 episcoporum
1237 3911 1679 3969 Noviomensium
1702 3929 1799 3968 seu

209 4004 670 4061 'l‘ornacensium.

281 4096 483 4152 Notum
534 4111 656 4153 esse
708 4098 832 4155 volo
875 4100 1210 4170 generationi
1260 4101 1503 4157 omnium
1561 4100 1801 4158 fidelium

213 4197 320 4243 tam
385 4189 745 4260 prmseiitibus
798 4207 962 4262 quam
993 4191 1073 4246 eis
1129 4193 1220 4262 qui
1269 4194 1558 4249 succedent
1592 4193 1645 4248 in
1699 4209 1798 4264 po-

211 4293 446 4347 sterum,
487 4283 733 4338 ecclesia:
761 4283 826 4339 S.
853 4284 1036 4340 Mariae
1060 4301 1180 4355 quae
1203 4285 1395 4357 Brugis
1427 4298 1509 4342 est
1536 4288 1800 4343 libertatis

211 4389 298 4429 me
335 4373 648 4446 hujusmodi
699 4389 1035 4432 concessisse
1084 4377 1471 4450 privilegium:
1527 4378 1800 4436 Bernerus

1690 351 2027 409 CIIARTE.

1812 473 1866 529 Α
1897 468 2166 535 siquidem
2201 466 2428 523 clericus
2452 478 2505 524 et
2530 460 2884 537 Gummarus,
2914 468 3005 540 qui
3038 469 3205 525 altare
3234 470 3362 524 illud
3403 472 3492 524 diu

3361 357 3382 410 Ι
3398 355 3494 410 ῧ8

1911 561 2004 614 sub
2049 569 2340 630 personatu
2369 561 2706 626 habuerant,
2737 562 2933 616 divina:
2983 561 3271 617 admodum
3305 564 3494 634 gratim

1905 661 2153 719 respectu
2186 653 2516 722 compuneti,
2562 668 2660 723 per
2689 652 3028 708 Gualterium
3062 661 3188 708 tunc
3232 655 3506 724 temporis.

1907 741 2355 799 archidiaconum
2388 753 2728 814 ceterosque
2757 745 2992 801 clericos
3032 723 3355 815 infatigabili
3405 723 3506 802 mef

1904 849 2124 906 precum
2171 834 2428 891 instantia
2487 834 2934 904 interpellarunt,
2989 843 3258 905 qualenns
3319 837 3492 890 altare

1906 926 2035 980 illud
2090 925 2158 983 de
2219 927 2472 982 manibus
2528 942 2714 982 eorum
2788 928 3082 997 reciperem
3142 928 3310 983 libere
3347 969 3362 994 ,
3421 931 3490 982 ab

1905 1018 2056 1072 omni
2115 1021 2402 1074 exactione
2466 1018 2713 1073 steculari
2782 1017 2951 1072 libere
2999 1019 3338 1076 absolverem
3373 1062 3387 1085 ,
3436 1030 3492 1075 et

1904 1110 1970 1165 de
1994 1111 2290 1167 redditibus
2318 1111 2557 1180 ejusdem
2591 1111 2780 1165 altaris
2811 1120 2866 1165 et
2891 1111 3012 1165 aliis
3038 1127 3158 1181 qua:
3199 1114 3268 1168 ob
3297 1114 3490 1168 remis-

1901 1202 2112 1258 sionem
2168 1211 2515 1272 peccatorum
2564 1219 2786 1258 suorum
2843 1212 3146 1268 voverant,
3195 1207 3492 1259 sanctimo-

1905 1295 2078 1350 niales
2139 1297 2207 1351 ad
2263 1297 2608 1351 serviendum
2665 1295 2796 1350 inihi
2855 1295 3192 1350 ordinarem.
3249 1297 3488 1364 Quorum

1905 1384 2179 1440 benevolae
2213 1385 2461 1455 petitioni
2482 1400 2664 1439 aurem
2703 1383 3019 1440 benevolam
3049 1387 3488 1452 accommodans,

1903 1479 2219 1549 praedictum
2274 1479 2330 1532 S.
2368 1477 2550 1532 Marire
2588 1477 2778 1539 altare,
2813 1478 2954 1533 sicut
3000 1478 3290 1548 petierant,
3326 1478 3494 1533 libere

1904 1571 2104 1640 recepi,
2139 1568 2648 1624 sanctimonialibus
2707 1570 2836 1623 inibi
2888 1570 3285 1624 constituendis
3329 1585 3492 1625 cano-

1906 1664 2029 1717 uice
2054 1661 2389 1717 abbatissam
2419 1677 2573 1716 suam
2607 1660 2843 1730 eligendi
2875 1669 3195 1730 potestatem
3224 1662 3491 1727 concessi,

1904 1754 1989 1807 cui
2043 1755 2333 1822 episcopus
2382 1768 2569 1808 curam
2619 1753 2988 1806 committeret
3031 1751 3394 1821 spiritualem,
3438 1763 3495 1808 et

1831 1828 1877 1892 Β
1909 1845 2304 1916 providentiam
2353 1845 2671 1899 substantia:
2724 1845 3059 1914 temporalis.
3110 1845 3227 1915 Ipsa
3279 1861 3493 1916 quoque

1900 1937 2178 1993 abbatissa
2204 1937 2270 1992 ab
2303 1936 2557 2007 episcopo
2611 1944 2897 2004 utramque
2949 1936 3251 2006 suscipiens
3300 1937 3494 2006 przela-

1904 2031 2126 2094 tionem,
2155 2029 2207 2084 in
2227 2038 2456 2099 utraque
2475 2028 2793 2083 canonicam
2842 2037 2895 2083 et
2945 2029 3186 2083 debitam
3236 2031 3494 2100 episeopo

1901 2123 2185 2177 exhiberet
2229 2121 2651 2191 subjectionem,
2713 2129 2876 2189 atque
2928 2136 2957 2173 a
2990 2122 3495 2176 sanctimonialibus

1899 2214 2096 2277 electa,
2129 2213 2498 2283 canoniceque
2545 2213 2613 2266 ab
2642 2212 2901 2283 episcopo
2958 2214 3273 2278 substituta,
3323 2231 3493 2270 cano-

1902 2306 2026 2360 nice
2072 2305 2393 2373 praebendas
2445 2303 2767 2374 disponendi
2800 2302 3113 2359 facultatem
3150 2305 3373 2360 haberet
3401 2323 3414 2369 ;
3440 2314 3498 2361 et

1902 2412 2227 2467 unoquoque
2251 2412 2394 2451 anno
2425 2397 2478 2452 in
2515 2396 2807 2452 festivitate
2855 2406 3175 2452 sanctorum
3215 2398 3491 2467 apostolo-

1903 2505 2023 2544 rum
2063 2489 2303 2544 Simonis
2322 2498 2376 2544 ct
2397 2488 2548 2544 Juda:
2575 2504 2607 2542 v
2630 2489 2833 2544 solidos
2888 2489 3146 2558 episeom
3173 2505 3271 2559 pro
3303 2504 3490 2558 respe-

1903 2590 1990 2636 ctu
2028 2580 2272 2637 eeclesize
2291 2579 2543 2636 solveret.
2580 2579 2715 2646 Quia
2760 2595 2890 2634 vero
2921 2580 2972 2633 in
2994 2579 3233 2634 dominio
3254 2580 3492 2650 episcopi

1901 2675 2160 2744 praedicta
2208 2683 2392 2729 manet
2441 2673 2672 2728 ecclesia
2715 2713 2730 2737 ,
2781 2671 3119 2727 confratruin
3177 2683 3490 2727 nosuornm

1903 2766 2135 2822 concilio
2159 2765 2320 2821 altius
2367 2765 2624 2836 quiddam
2671 2764 2720 2819 ei
2761 2764 3078 2835 subscripsi,
3113 2762 3495 2818 malefactores

1903 2859 2113 2914 scilicet
2139 2857 2390 2914 ecclesia:
2416 2857 2561 2911 illius
2587 2863 2641 2912 et
2677 2854 2942 2909 canonice
2985 2854 3492 2909 exconnnunicandi

1903 2951 2096 3021 eisque
2157 2947 2474 3006 absolvendi
2513 2954 2838 3018 potestatem
2898 2945 3170 3009 concessi,
3214 2959 3278 2999 ea
3314 2954 3494 2998 tamen

1902 3044 2218 3100 conditione
2275 3051 2335 3096 ut
2385 3042 2431 3096 si
2471 3055 2567 3112 per
2605 3040 2885 3095 ministros
2918 3037 3156 3108 episcopi
3188 3052 3497 3091 excommu-

1905 3138 2106 3194 nicatio
2151 3136 2473 3193 confirmata
2525 3133 2740 3198 fuerit,
2807 3131 3060 3201 episcopo
3113 3138 3168 3185 et
3223 3129 3495 3183 ministris

1906 3231 2025 3302 ejus
2082 3230 2398 3286 emendatio
2469 3227 2713 3282 solvatur
2766 3222 3367 3280 excommunicationis.
3423 3220 3498 3276 Ut

1905 3333 2091 3378 autem
2146 3324 2251 3378 hoc
2310 3321 2469 3390 hujus
2499 3319 2865 3376 concessionis
2907 3315 3248 3387 privilegium
3303 3315 3497 3370 amodo

1909 3429 2018 3468 non
2074 3413 2248 3482 possit
2301 3410 2544 3477 dissolvi,
2586 3417 2791 3464 cartam
2848 3408 2987 3462 hanc
3035 3408 3134 3461 sub
3188 3406 3498 3460 testimonio

1907 3505 2254 3562 sacerdotum
2284 3513 2340 3558 et
2397 3503 2720 3558 clericorum
2770 3500 2948 3570 sigillo
2994 3509 3180 3554 nostro
3202 3497 3338 3566 jussi
3365 3514 3496 3552 con-

1907 3598 2112 3653 firmari
2165 3597 2225 3652 S.
2282 3597 2464 3652 domni
2529 3594 2770 3649 Radbodi
2822 3592 3104 3664 episcopi,
3162 3591 3218 3645 S.
3271 3589 3493 3644 Galterii

1907 3689 2328 3753 archidiaconi,
2377 3686 2437 3743 S.
2496 3687 2641 3743 Petri
2684 3685 2897 3750 decani,
2958 3684 3017 3740 S.
3069 3683 3335 3737 llerimari
3393 3682 3496 3735 No-

1905 3782 2204 3838 viomensis
2253 3777 2442 3835 decani
2472 3819 2489 3846 ,
2553 3779 2613 3834 S.
2670 3777 2989 3833 llerimanni
3061 3775 3380 3846 praepositi,
3428 3773 3488 3828 S.

1906 3877 2082 3948 Sigeri
2109 3875 2372 3942 cantoris,
2430 3875 2491 3932 S.
2555 3873 2780 3941 Elberti,
2823 3872 2882 3928 S.
2931 3871 3195 3934 'l‘etberti,
3247 3869 3306 3924 S.
3337 3867 3496 3927 Latu-

1905 3969 2070 4027 berti.

1975 4086 2174 4140 Actum
2207 4081 2439 4138 Tornaci
2462 4096 2605 4137 anno
2635 4080 2933 4136 Dominica:
2962 4079 3135 4136 lnear.
3167 4077 3327 4141 1091,
3357 4075 3498 4132 indi-

1904 4180 2084 4236 ctione
2110 4194 2173 4245 ll,
2197 4187 2457 4249 regnante
2488 4192 2612 4248 rege
2639 4176 2888 4246 Philippo
2937 4190 3079 4229 anno
3101 4187 3264 4237 xxxv,
3295 4169 3497 4225 domno

1903 4269 1972 4328 Β.
2001 4270 2348 4340 episeopante
2373 4285 2523 4323 xxvi.

1976 4383 2092 4455 Ego
2111 4381 2279 4440 Wido
2306 4382 2664 4440 cancellarius
2690 4380 2876 4437 subter
2903 4375 3132 4433 ﬁrmavi.
