3902 6316
462 286 601 343 1515

1327 281 1677 339 ΑΕΑΝΟΝΙΞ
1714 280 2206 340 AUGUSTODUN.
2246 281 2460 339 EPISC.
2500 280 2853 338 EPISTOLA.

3577 291 3686 350 i5“

462 402 694 459 salutem
723 400 1031 457 nullatenus
1077 399 1325 455 suﬁlcere
1372 400 1669 462 valeamus,
1720 411 1909 451 eorum
1938 398 2052 451 suf—
2082 411 2129 466 Α
2157 395 2395 467 llugonis
2417 396 2793 468 Lugdunensis
2820 396 3075 453 Ecclesia:
3104 396 3500 468 archiprtesulis
3520 412 3582 458 et.
3595 422 3691 476 apo-

463 495 695 564 lragium
724 492 1033 548 necessario
1066 492 1220 545 nobis
1250 500 1333 544 est
1364 490 1783 559 implorandum,
1815 490 1905 560 qui
1942 504 2046 544 non

462 590 638 641 solum
682 584 885 639 laboris
911 583 995 638 sui
1028 582 1260 636 fructu-in
1311 586 1592 651 percipere
1620 622 1633 644 ,
1669 580 1763 635 sed
1814 589 1869 634 et
1894 580 2048 635 nobis

461 674 833 744 peccaminum
884 681 1198 727 nostrorum
1224 670 1439 725 veniam
1474 670 1616 740 apud
1660 670 1895 724 divinam
1949 670 2052 723 nii-

460 765 811 821 sericordiam
833 764 980 834 juste
997 774 1051 818 et
1075 765 1162 835 pie
1183 764 1414 817 vivendo
1436 763 1684 817 obtinere
1710 770 2045 816 meruerunt.

462 858 704 923 Quorum
738 856 1176 927 propitiationem
1207 864 1265 910 ut
1288 855 1445 910 nobis
1472 868 1870 923 comparemus,
1896 866 2051 905 sacra

464 945 576 999 Deo
606 944 720 1001 loca
778 946 831 999 in
861 945 1059 1015 quibus
1084 960 1269 999 eorum
1303 943 1563 999 memoria
1600 943 1757 1013 digne
1787 954 1840 997 et
1867 943 2053 996 lauda-

458 1036 642 1096 biliter
697 1036 1014 1100 excolatur,
1071 1044 1180 1090 tota
1238 1036 1525 1091 devotione
1587 1046 1905 1090 construere
1931 1043 2049 1089 sat-

461 1148 710 1203 agamus,
767 1144 825 1186 ut
866 1133 933 1188 de
975 1133 1078 1188 hac
1130 1133 1265 1186 valle
1318 1132 1678 1203 lacrymarum
1736 1147 2052 1201 corumopc

461 1223 615 1277 educi
640 1230 693 1278 et
721 1224 789 1278 ad
815 1225 1147 1277 consortium
1174 1223 1384 1277 illorum
1415 1226 1809 1294 pertingentcs,
1834 1226 2051 1279 tandem

465 1314 635 1369 Deum
667 1330 856 1371 eorum
890 1317 941 1369 in
993 1316 1122 1371 Sion
1152 1316 1335 1370 videre
1388 1333 1713 1372 mereamur.
1747 1318 1882 1385 Quia
1924 1334 2054 1389 ergo

462 1406 526 1460 B.
558 1406 888 1462 Germanum
921 1408 975 1461 in
1009 1423 1238 1463 numero
1289 1424 1477 1463 eorum
1522 1413 1615 1478 qui
1668 1410 1720 1463 in
1764 1410 1867 1465 hoc
1898 1408 2053 1464 nobis

368 1487 379 1495 ’
463 1498 791 1567 patrocinari
839 1506 1103 1568 possunt,
1155 1514 1261 1551 nou
1321 1498 1564 1553 intimum
1621 1513 1777 1563 esse,
1837 1499 2052 1554 sincera

464 1604 637 1643 sacra:
683 1590 893 1659 pagina:
951 1590 1213 1644 relatione
1262 1599 1320 1645 et
1371 1590 2051 1647 miraculorumevidentia

464 1679 774 1745 didicimus,
806 1695 908 1751 ego
955 1682 1144 1753 Agaue
1173 1682 1297 1738 licet
1350 1683 1623 1754 indignus,
1654 1683 1949 1740 Eduensis
1976 1695 2054 1740 ta-

2152 488 2357 544 stolicm
2378 489 2524 543 sedis
2546 488 2704 559 legati
2735 496 2791 543 ct
2824 497 3030 556 nostra,
3056 499 3116 544 ut
3135 490 3445 561 quicunque
3475 492 3690 553 Iaicorum

2151 592 2218 631 ex
2255 593 2582 649 quacunque
2606 578 2885 649 parochia,
2908 576 3224 646 IEduensis,
3258 581 3344 635 vel
3370 581 3578 638 alterius
3605 591 3673 657 cpi

2155 679 2430 738 scopatus,
2488 670 2556 725 ad
2600 669 2880 736 ecclesias,
2914 670 3067 726 vicos
3098 681 3155 727 et
3196 671 3477 727 cimcten'a
3514 674 3565 727 Β.
3592 676 3676 731 Ger

2156 759 2300 813 mani
2352 759 2666 832 confugium
2720 759 2986 827 fecerint,
3034 770 3090 816 et
3137 762 3271 817 inibi
3339 776 3554 832 peracm
3595 784 3678 821 ann

2154 854 2351 922 spatio,
2397 854 2633 909 statione
2677 854 2761 907 vel
2817 853 3037 924 hospitii
3086 855 3418 911 necessitate
3468 858 3691 917 immorali

2155 942 2378 1008 fuerint,
2418 944 2485 997 ad
2533 943 2821 997 ecclesiam
2861 942 3072 998 scilicet
3114 944 3178 999 Β.
3231 943 3458 1000 Joannis
3499 947 3677 1019 Evangc

2163 1035 2327 1102 listze,
2359 1053 2478 1104 quin
2504 1038 2645 1102 apud
2696 1035 2925 1090 Barrum
2974 1037 3076 1091 sita
3117 1045 3221 1103 est,
3263 1048 3320 1092 et
3367 1038 3625 1093 ecclesiam
3650 1042 3693 1096 S.

2156 1130 2437 1186 Saturnini
2491 1130 2560 1184 de
2608 1128 2861 1184 Planesia
2904 1138 2960 1183 et
2998 1128 3283 1185 ecclesiam
3315 1131 3377 1185 S.
3436 1130 3697 1189 Martiuidc

2156 1222 2544 1287 Dronventico,
2600 1222 2761 1277 liccat
2822 1222 3206 1291 prmdicrarum
3254 1222 3591 1277 ecclesiarum
3615 1226 3696 1283 cle-

2155 1316 2307 1382 ricis,
2338 1314 2581 1385 quandiu
2601 1312 2964 1369 communiter
2990 1324 3042 1368 et
3070 1314 3188 1370 sine
3236 1316 3457 1385 proprio
3484 1315 3696 1385 vixerint,

2158 1406 2279 1459 illos
2301 1416 2360 1459 ut
2393 1405 2643 1477 proprios
2674 1406 3039 1475 parochiauos
3092 1406 3314 1471 habere,
3364 1414 3419 1460 et
3447 1405 3700 1462 oblationes

2156 1514 2365 1565 eorum,
2397 1514 2533 1570 quas
2566 1498 2797 1554 vivendo
2851 1513 2945 1553 seu
2980 1498 3265 1554 moriendo
3293 1514 3393 1569 pro
3422 1515 3480 1554 se
3531 1500 3698 1556 obtule-

2159 1590 2291 1654 rint,
2324 1590 2624 1659 suscipere,
2650 1598 2703 1644 et
2738 1588 2944 1659 absque
2994 1588 3156 1644 ullius
3185 1604 3435 1659 persona:
3468 1590 3701 1660 inquietu-

2155 1684 2284 1739 dine
2309 1684 2565 1739 rctiuere.
2598 1681 2702 1750 Qui
2737 1698 2865 1738 vero
2891 1698 2951 1739 se
2979 1683 3060 1740 eis
3091 1684 3244 1754 prius
3290 1691 3354 1737 ut
3383 1685 3702 1754 parochianus

463 1786 587 1825 men
617 1771 898 1837 Ecclesiae,
923 1774 1131 1829 utinam
1183 1790 1289 1829 non
1331 1776 1399 1830 ad
1431 1777 1813 1832 detrimentum
1844 1794 2047 1845 meum,
2088 1760 2131 1821 Β
2159 1790 2264 1830 non
2295 1775 2558 1846 iunxerit,
2608 1775 2653 1829 si
2697 1783 2879 1829 tamen
2933 1775 2988 1829 in
3032 1775 3137 1829 alia
3195 1773 3456 1843 parochia
3506 1775 3703 1830 moriens

462 1864 641 1920 dictus
673 1865 982 1935 episcopus,
1035 1867 1223 1923 videns
1276 1868 1405 1923 olim
1466 1868 1644 1925 locum
1689 1871 1741 1926 in
1771 1887 1881 1942 quo
1909 1889 2051 1929 nunc

462 1955 706 2026 przedicti
732 1957 1069 2013 confessoris
1117 1958 1360 2016 Ecclesia
1391 1961 1576 2018 divino
1620 1973 1753 2017 nutu
1802 1965 1903 2019 sita
1940 1973 2045 2031 est,

466 2047 717 2119 religioni
772 2049 897 2105 fore,
918 2065 1235 2122 congruum,
1269 2063 1327 2108 ιιι
1356 2066 1483 2123 pote
1527 2057 1596 2110 ab
1621 2058 1765 2110 omni
1822 2059 2051 2127 strepitu

467 2137 716 2209 pupillari
748 2150 1018 2195 remotum
1067 2144 1427 2212 quorumdam
1478 2145 1645 2199 etiam
1702 2146 1960 2203 relatione
1998 2156 2053 2202 et

468 2229 886 2298 sepulchrorum
944 2248 1067 2301 qua:
1123 2233 1197 2288 ibi
1250 2233 1649 2291 cﬂudiebantur
1706 2236 2054 2292 attestatiune

465 2323 811 2393 corripericns
839 2325 949 2380 Deo
975 2326 1249 2395 quondam
1302 2342 1423 2383 esse
1469 2328 1728 2397 dicatum,
1762 2331 2051 2399 quemdam

458 2417 616 2470 bona:
648 2416 773 2472 vita:
807 2418 1182 2489 presbyterum
1213 2420 1545 2475 Bernardum
1584 2422 1804 2477 nomine
1855 2423 1924 2477 de
1958 2438 2046 2478 rc‘

461 2503 660 2574 ligioue
690 2508 943 2574 conveni,
990 2517 1045 2563 et
1085 2518 1143 2564 ut
1170 2509 1295 2565 'sub
1320 2511 1597 2567 cauouicze
1621 2511 1744 2566 vita:
1787 2512 2052 2568 institutis

463 2595 538 2650 ibi
575 2595 685 2651 Deo
705 2606 761 2649 et
792 2608 1207 2667 pranncmorato
1233 2600 1546 2657 confessori
1588 2602 1889 2659 deserviret
1911 2619 2052 2674 saepe

462 2700 587 2741 eum
619 2702 866 2754 monens,
904 2695 961 2743 ut
986 2690 1196 2746 tandem
1224 2693 1444 2749 monitis
1474 2694 1609 2748 meis
1674 2695 2052 2766 acquiesceret

460 2774 694 2844 obtinui,
728 2791 790 2832 ea
837 2780 1146 2837 conditione
1169 2774 1507 2854 interposita,
1542 2793 1600 2839 ut
1644 2788 1883 2855 quandiu
1916 2785 2052 2841 mihi

462 2870 575 2925 vita
644 2885 829 2927 comes
903 2883 1102 2941 esset,
1167 2884 1224 2931 et
1289 2890 1352 2931 ex
1422 2876 1600 2932 divina
1677 2878 2051 2936 misericordia

461 2971 791 3030 oportunum
823 2962 997 3031 fieret,
1043 2964 1284 3034 ejusdem
1314 2968 1415 3023 loci
1456 2969 1932 3025 commoditatibus
1964 2973 2051 3026 in-

459 3055 746 3109 servirem.
803 3053 959 3112 Unde
1008 3068 1196 3128 postea
1254 3060 1596 3131 comperiens
1649 3078 1678 3116 a
1724 3064 2047 3133 quibusdam

469 3145 828 3217 presbyteris,
862 3150 1146 3218 ingruente
1180 3153 1429 3220 avaritia,
1478 3155 1746 3225 praedictae
1795 3157 2051 3217 Ecclesiae

460 3238 747 3294 commoda
785 3241 1056 3311 impediri,
1080 3252 1135 3298 et
1189 3259 1288 3315 pro
1313 3247 1600 3303 exactione
1638 3247 1877 3316 illorum,
1906 3265 2050 3321 qum,

461 3326 540 3382 illi
565 3342 701 3398 quos
734 3331 1039 3405 presbyteri
1079 3335 1442 3403 parochianos
1490 3353 1616 3395 suos
1640 3340 1907 3406 dicebant,
1940 3342 2052 3398 Deo

462 3428 518 3473 et
548 3420 708 3475 beato
730 3421 1002 3478 Germano
1032 3440 1131 3495 pro
1168 3426 1406 3483 remedio
1429 3429 1624 3484 animm
1673 3446 1783 3485 sua:
1830 3432 2049 3489 dimise-

462 3518 612 3577 rant,
664 3513 951 3585 religiosos
1006 3519 1151 3572 viros
1176 3520 1491 3590 inquietari,
1521 3524 1686 3577 statui
1725 3527 2049 3581 auctoritate

461 3601 641 3661 Patris
685 3616 740 3662 et
784 3607 904 3662 Filii
952 3619 1006 3665 et
1066 3609 1301 3681 Spiritus
1357 3615 1554 3680 sancti,
1609 3622 1664 3670 et
1710 3617 1851 3671 beati
1895 3617 2043 3673 Petri

460 3708 564 3768 apo
597 3697 826 3752 telorum
850 3700 1131 3772 principis,
1172 3703 1317 3758 beati
1348 3719 1566 3775 quoque
1613 3705 1828 3761 Nazarii
1856 3718 2042 3778 patro-

458 3788 520 3845 ni
576 3805 791 3866 necnon
845 3794 1027 3849 domui
1082 3794 1327 3868 Gregorii
1374 3814 1549 3870 papae,
1602 3802 1786 3855 domui
1829 3817 2044 3873 quoque

2156 1867 2357 1938 aliquid
2393 1866 2461 1923 de
2484 1867 2640 1923 bouis
2661 1868 2794 1931 suis,
2825 1866 2907 1922 eis
2938 1865 3024 1920 vel
3047 1880 3238 1921 eorum
3280 1864 3527 1928 ecclesiis
3550 1865 3701 1919 dimit-

2157 1971 2273 2017 tere
2306 1958 2394 2015 vel
2417 1962 2561 2031 apud
2587 1958 2887 2030 quamlibet
2931 1974 3121 2015 eorum
3173 1957 3465 2014 ecclesiam
3504 1958 3705 2029 sepultu-

2155 2069 2273 2110 ram
2300 2054 2503 2110 habere
2537 2052 2791 2120 voluerit,
2831 2052 2877 2108 si
2938 2052 3259 2123 presbytero
3314 2064 3416 2105 suo
3455 2053 3587 2119 quod
3609 2050 3701 2120 pla-

2152 2148 2332 2203 cuerit
2362 2146 2443 2202 vel
2494 2156 2807 2217 competens
2853 2144 3176 2215 obsequium
3221 2142 3558 2215 persolverit,
3600 2158 3707 2213 pra:-

2156 2241 2326 2296 missa
2346 2240 2673 2295 auctoritate
2702 2239 3004 2305 firmamus,
3059 2247 3119 2292 ut
3148 2238 3254 2293 hoc
3274 2251 3493 2307 quoque
3538 2236 3709 2292 nullius

2156 2333 2433 2388 calumnia
2462 2330 2546 2387 vel
2578 2330 3012 2387 contradictione
3051 2330 3399 2401 impediatur.
3429 2329 3709 2397 Quicunque

2155 2426 2321 2495 igitur
2348 2423 2626 2480 stecularis
2655 2423 2736 2479 vel
2776 2423 3014 2479 clericus
3050 2423 3435 2495 praedictarum
3482 2421 3706 2478 ecclesia-

2155 2533 2275 2573 rum
2306 2517 2605 2573 cimeteriis
2631 2531 2862 2588 corpora
2919 2532 3017 2571 sua
3048 2515 3270 2586 sepeliri
3320 2515 3391 2570 ad
3437 2524 3706 2570 sustentau-

2154 2609 2276 2664 dam
2301 2624 2605 2681 pauperum
2658 2608 2861 2664 Christi
2914 2607 3229 2679 pauperiem
3272 2606 3648 2667 concesserint,
3674 2607 3709 2659 si

2154 2707 2353 2763 viatico
2376 2705 2622 2777 corporis
2655 2714 2709 2761 et
2738 2704 3019 2775 sanguinis
3038 2701 3167 2758 Jesn
3194 2700 3402 2756 Christi
3438 2699 3707 2771 pramuniti

2153 2808 2502 2870 peccatorqu
2553 2796 2955 2856 confessionem
2989 2794 3301 2859 habuerint,
3363 2807 3521 2861 quam
3549 2806 3710 2861 possu-

2154 2908 2276 2948 mus
2321 2902 2379 2947 et
2438 2891 2702 2946 debemus
2753 2888 3150 2945 absolutionem
3211 2884 3535 2940 auctoritate
3581 2882 3712 2938 nubis

2153 2983 2445 3039 commissa
2475 2984 2755 3054 suscipere
2786 2991 3117 3036 mereantur.

2219 3066 2290 3133 IS.
2319 3076 2599 3146 Aganonis
2625 3074 2866 3146 episcopi
2892 3072 3204 3129 IEdueasis.

2229 3168 2289 3224 S.
2333 3168 2578 3224 Widonis
2606 3166 2998 3223 archidiaconi.

2226 3258 2285 3314 S.
2330 3258 2571 3329 llugonis
2606 3256 2902 3314 archidiae.

2226 3351 2284 3409 S.
2322 3351 2504 3407 Sevini
2537 3350 2833 3407 archidiac.
2894 3356 2951 3404 et
2978 3347 3286 3421 prxpositi.

2228 3446 2287 3501 S.
2325 3444 2607 3517 Norgaudi
2647 3443 2861 3499 archid.
2894 3450 2949 3497 et
2986 3441 3249 3497 cantoris.

2224 3536 2283 3592 ὃ.
2324 3535 2564 3591 Ramerii
2593 3532 3048 3605 archipresbyteri
3071 3530 3389 3587 cardinalis.

2224 3628 2284 3684 S.
2326 3627 2572 3683 llotberti
2604 3624 3064 3697 archipresbyteri
3093 3640 3109 3691 ;

2225 3722 2284 3777 S.
2319 3720 2556 3777 Durandi
2579 3718 2870 3789 capellani.

460 3950 3711 3997 Μ

1151 4108 2126 4224 ΔαΔΝθΝιε
2186 4108 3013 4226 EPISGOPI

1074 4322 1161 4379 ET
1198 4322 1515 4382 ALIORUM
1568 4322 2060 4383 LUGDUNENSIS
2137 4322 2556 4397 PROVINCIIE.
2595 4321 3083 4383 EPISCOPORUM

1825 4497 2412 4593 EPISTOLA

1318 4695 1459 4775 PRO
1493 4692 1823 4752 RADULFO
1863 4691 2262 4750 TURONENSI
2297 4689 2865 4750 ARGIllEPlSCOPO.

1619 4852 1869 4926 (MABILL.
1912 4852 2107 4919 Annal,
2147 4848 2433 4915 Bened,V.
2468 4849 2620 4920 176.)

537 5149 613 5218 (1)
654 5150 718 5203 Α.
755 5146 991 5221 [Agaue]
1053 5143 1556 5217 Augustodunensis
1600 5144 1890 5217 episcopus
1915 5185 1930 5209 ,
1984 5144 2050 5199 Β.

468 5240 815 5314 [Rainaldus]
877 5239 1259 5310 Lingoueusis.
1309 5236 1372 5293 G.
1410 5236 1777 5310 [Gualterius]
1835 5236 2052 5292 Cahilo-

467 5330 682 5397 nensis,
726 5331 789 5387 ι..
842 5328 1191 5404 [Landricus]
1250 5328 1593 5386 Matisceusis
1637 5329 1756 5384 vice
1800 5328 2053 5399 primatis

538 5477 615 5548 (l)
650 5478 708 5532 In
735 5479 973 5534 Ecclesia
1018 5478 1321 5534 'l‘uronensi
1374 5488 1499 5534 tunc
1553 5478 1796 5545 ingentes
1844 5487 2049 5532 exortae

466 5559 591 5602 sunt
629 5551 818 5603 turbae.
848 5550 1047 5604 Earum
1090 5550 1308 5606 occasio
1336 5560 1389 5604 et
1415 5564 1574 5604 causa
1601 5564 1665 5603 ex
1697 5564 1761 5603 eo
1788 5557 1909 5601 nata
1941 5559 2045 5609 est,

466 5621 609 5691 quod
667 5619 927 5676 lladulfus
988 5621 1437 5691 archiepiscopus
1484 5619 1688 5673 faveret
1738 5622 1934 5691 Amata
1976 5630 2050 5691 et

466 5688 707 5761 llugonif
739 5691 923 5745 Dicusi
968 5688 1244 5761 episeopo,
1287 5688 1431 5745 sedis
1473 5690 1793 5761 apostolicm
1827 5688 2044 5758 legatis,

467 5764 558 5828 qui
598 5759 842 5829 Philippo
881 5763 992 5832 regi
1019 5759 1362 5831 episcbpatus
1399 5762 1545 5829 regni
1590 5762 1672 5815 sui
1704 5760 1916 5815 auferre
1947 5776 2034 5815 vo-

2157 5159 2344 5201 curam
2371 5158 2564 5215 gerens
2594 5142 2851 5200 Ecclesia:
2877 5139 3255 5212 Lugdunensis
3286 5154 3412 5196 cum
3439 5149 3545 5194 toto
3587 5136 3703 5205 Lug-

2156 5237 2417 5292 dunensis
2462 5236 2722 5292 Ecclesia:
2764 5243 3033 5290 conventu
3066 5274 3079 5296 ,
3140 5234 3398 5288 omnibus
3454 5228 3704 5303 provincia:

2159 5328 2495 5383 Turonensis
2519 5328 2808 5397 episcOpis,
2826 5326 3138 5388 abbatibus,
3158 5324 3380 5379 clericis
3394 5332 3446 5379 et
3463 5318 3702 5377 monachis

2156 5478 2357 5532 lebant.
2392 5476 2527 5531 llinc
2566 5491 2661 5530 rex
2708 5474 2927 5529 Fulconi
2976 5474 3217 5527 Rechino
3247 5474 3435 5527 comiti
3491 5471 3701 5538 Amlega-

2156 5563 2345 5603 verum
2391 5548 2621 5616 iujunxit
2651 5556 2712 5599 ut
2740 5546 3212 5616 archiepiscopum
3243 5545 3374 5616 sede
3405 5560 3499 5601 sua
3540 5542 3699 5608 dejice-

2158 5631 2241 5673 rct
2271 5634 2285 5682 ;
2316 5634 2425 5687 quo
2445 5613 2599 5671 ’l’acto
2628 5613 2942 5687 praedictus
2962 5613 3226 5670 Rodntfus
3277 5614 3590 5687 Gregorium
3631 5624 3703 5677 pa.

2161 5705 2280 5759 pain
2313 5686 2407 5758 per
2437 5690 2663 5759 ιιιιῆιὶοξ
2681 5686 3150 5759 ἱιιιιξινῃρΙ-Ιεινίιιιιι
3172 5700 3361 5759 comes
3388 5686 3703 5759 Andegavcu-

2147 5749 2221 5815 sis
2251 5749 2583 5816 ct'canonici
2633 5749 2844 5814 Saneti'
2878 5756 3110 5821 Martini,
3141 5755 3234 5821 qui
3262 5755 3382 5825 ejus
3431 5749 3619 5824 legatos
3656 5749 3701 5799 in
