3902 6316
127 364 245 426 1545

959 352 1279 410 ODALBICI
1317 352 1707 414 Ριιίενῡειτι
1750 357 1915 414 neu.
1954 330 2504 418 resraucuruu.

3211 371 3351 426 1548

126 494 266 551 atque
293 472 435 529 laicis
457 468 829 526 obedientibus
854 466 920 522 Β.
952 462 1673 541 venerabili'arcbiepisCOpo
1701 470 1746 528 Α
1774 484 1937 540 quam
1990 473 2302 542 episcopum
2360 476 2802 545 Andegavensem
2852 489 2904 533 et
2954 482 3251 538 monachos
3281 483 3349 537 ad

123 565 410 631 Turonensi,
441 560 675 617 divinam
708 560 941 630 gratiam
966 568 1022 613 et
1046 570 1218 614 suam.

182 654 336 726 Quam
364 648 495 708 mira
537 649 855 704 crudelitate
884 647 1050 702 Fulco
1096 655 1277 702 eomes
1312 649 1666 720 Andegaven.

117 754 182 809 sis
211 746 387 804 matris
426 740 681 797 Ecclesia:
727 740 1062 795 Turonensis
1096 740 1396 796 visceribus
1428 741 1665 812 gladium

117 858 213 900 suae
258 832 642 909 persecationis
669 829 1021 896 immerserit,
1078 844 1241 899 quam
1271 830 1499 899 superba
1527 842 1666 901 prae-

113 930 399 1000 sumptidne
465 925 731 980 adversus
785 923 1032 978 eamdem
1085 931 1315 977 matrem
1378 921 1667 978 ecclesiam

112 1019 338 1082 monachi
387 1012 942 1087 MaiorisMouasterli
999 1015 1413 1079 insurrexerint,
1459 1015 1667 1069 nullum

110 1128 328 1173 vestrum
358 1110 626 1167 credimus
651 1110 923 1181 ignorare.
962 1108 1071 1163 Nec
1094 1122 1190 1163 vos
1236 1108 1368 1163 latet
1400 1104 1667 1163 Gaul'rido

107 1202 459 1279 Andegavensi
508 1202 763 1273 episcopo
801 1212 907 1256 non
962 1201 1150 1256 deesse
1193 1207 1523 1270 potestatein
1569 1213 1665 1256 θος¹

106 1299 246 1373 gandi
276 1296 560 1351 Fulconem
615 1295 682 1349 ad
713 1294 847 1348 tanti
899 1291 1161 1349 facinoris
1205 1294 1663 1359 emendationem,

104 1393 143 1448 si
168 1388 352 1445 divinis
382 1400 542 1458 quam
574 1385 871 1452 tyranuicis
891 1386 1174 1455 praeceptis
1202 1384 1424 1440 obedire
1459 1386 1668 1457 p’raeeli-

103 1489 280 1555 geret,
357 1486 413 1533 et
477 1476 617 1547 apud
686 1490 809 1531 eum
867 1475 1223 1533 districtionis
1286 1477 1667 1533 ecclesiasticae

100 1569 477 1644 quantumlibet
497 1568 735 1625 studium
779 1567 1009 1637 vigeret.
1042 1568 1163 1639 Ipse
1179 1582 1308 1624 vero
1328 1570 1667 1639 propositum

99 1681 198 1722 sua:
224 1661 575 1734 professionis
602 1662 833 1727 violatis,
868 1676 969 1717 nec
1012 1661 1211 1716 divinis
1242 1658 1532 1725 mandatis,
1566 1668 1669 1716 nec

97 1753 473 1824 archiepiscopi
502 1752 585 1807 sui
608 1752 824 1808 monitis
874 1752 1134 1807 obediens
1159 1762 1287 1807 cum
1308 1750 1567 1807 Fratribus
1610 1753 1663 1806 in

1770 570 1975 617 sanetae
2007 556 2155 618 sedis
2180 562 2554 633 Lugdunensis
2596 578 2849 632 examen,
2875 568 3141 638 justitiam
3184 572 3350 627 factu-

1768 662 1859 708 ros
1882 660 1937 709 et
1960 662 2279 725 accepturos
2306 655 2615 713 invitemus.
2648 650 2853 726 Quibus
2882 660 2953 714 ad
2992 658 3134 717 diem
3177 670 3349 717 stam.

1769 752 1905 812 tum,
1953 746 2214 817 judicium
2256 756 2352 818 per
2401 747 2704 803 absentiam
2757 749 3086 821 l'ttgieutibus
3120 793 3135 815 .
3180 763 3236 808 et
3290 754 3349 807 in

1766 835 2124 903 perversitate
2184 849 2281 890 sua
2327 831 2715 904 manentibus,
2762 838 3077 911 episcopum
3126 842 3355 911 quidem

1765 926 2214 996 Andegavensem
2252 926 2323 981 ab
2350 927 2649 997 episcopali
2699 938 2755 984 et
2790 932 3114 987 sacerdotali
3149 932 3343 997 σακία,

1768 1019 1913 1089 quod
1952 1027 2009 1074 et
2051 1033 2184 1075 suus
2230 1018 2676 1091 archiepiscopus
2722 1020 2772 1075 ei
2825 1022 3191 1088 interdixerat,
3228 1040 3351 1080 sus-

1768 1116 2060 1184 pendinms
2092 1115 2424 1171 :Fulconem
2466 1124 2599 1171 vero
2634 1128 2765 1171 cum
2797 1117 3079 1173 monachis
3104 1116 3351 1186 Maioris-

1767 1202 2081 1259 Monasterli
2126 1219 2194 1261 ex
2242 1204 2569 1261 auctoritate
2610 1206 2675 1261 Β.
2725 1205 2872 1262 Petri
2935 1212 3100 1278 atque
3143 1209 3347 1263 domini

1768 1296 2011 1368 llugouis
2039 1297 2290 1367 primatis
2335 1306 2389 1353 et
2434 1297 2693 1353 Romana:
2735 1294 2997 1353 Ecclesiae
3049 1298 3211 1369 legati
3249 1312 3346 1353 ex-

1768 1387 2276 1443 communicationis
2321 1388 2502 1459 gladio
2546 1389 2934 1458 percussimus.
2976 1389 3180 1459 Omnes
3213 1402 3353 1458 quoa

1768 1490 1874 1547 que
1902 1458 2370 1547 fautoreseorum,
2410 1493 2509 1534 seu
2555 1495 2679 1535 cum
2720 1480 2854 1550 ipsis
2880 1458 3357 1543 communicantes

1769 1572 1871 1626 sub
1900 1570 2093 1625 eadem
2126 1572 2690 1628 excomnmnicatione
2741 1571 3131 1627 conclusimus.
3179 1570 3352 1627 Obse-

1766 1671 1993 1719 crautes
2019 1672 2205 1719 autem
2230 1663 2628 1720 fraternitatem
2686 1672 2927 1720 vestram
2983 1664 3267 1719 hortamur
3292 1672 3357 1719 ut

1770 1754 1965 1809 matris
1992 1763 2185 1809 vestra!
2211 1754 2513 1821 doloribus,
2553 1755 2703 1810 sicut
2729 1754 2875 1825 patri
2921 1754 3015 1809 lilii
3059 1752 3353 1809 eondolen—

98 1845 451 1903 delensiouetn
499 1843 727 1913 iustitia:
772 1843 1165 1899 desudantibus
1190 1883 1208 1907 ,
1254 1850 1355 1895 cor
1397 1852 1554 1896 suum
1604 1840 1665 1895 in
1694 1838 1738 1898 Β
1769 1856 1871 1913 (es,
1901 1849 2001 1920 ipsi
2032 1856 2144 1904 tota
2200 1848 2400 1903 virtute
2435 1848 2678 1903 solatiari
2722 1847 2987 1904 studentis
3021 1854 3077 1901 et
3121 1843 3357 1901 ﬂauum;

93 1940 193 1994 otio
218 1945 271 1991 et
293 1934 777 1991 deliciismttrieus
815 1932 948 1989 fovit
976 1934 1148 2004 magis
1182 1948 1343 2003 quam
1376 1932 1659 2003 impugna-

92 2034 159 2086 vit
185 2024 478 2099 supradicti
532 2028 784 2083 Fulconis
829 2026 1115 2081 malitiam.
1163 2024 1297 2079 Cum
1338 2032 1468 2095 ergo
1493 2034 1665 2095 snper'

91 2125 166 2179 bis
193 2120 446 2177 omnibus
498 2119 707 2175 clamor
757 2118 1088 2173 Turonensis
1123 2117 1378 2172 Ecclesiae
1417 2122 1661 2172 nodtram’

89 2216 345 2287 pulsasset
407 2213 857 2276 sollicitudinem,
904 2220 1011 2266 tarn
1063 2204 1354 2266 Fulconem
1408 2210 1665 2266 comitem

87 2371 422 2441 processionc
476 2370 724 2440 recipere
769 2369 1123 2441 noluerant,_
1166 2384 1288 2423 cum
1340 2376 1457 2423 toto
1518 2382 1656 2437 pago

87 2439 707 2507 excommuniearentur.
760 2439 1013 2495 Fulconis
1054 2439 1218 2494 etiam
1265 2446 1447 2507 partes
1485 2447 1656 2492 secta-

85 2506 267 2565 bantur
316 2509 880 2579 Majoris—llluuasterii
918 2510 1186 2573 monachi,
1238 2506 1313 2562 uti
1344 2522 1441 2563 nos
1466 2510 1658 2563 docent

86 2582 263 2636 litterae
283 2578 569 2651 Aganonis
595 2589 651 2636 et
678 2581 907 2636 aliorum
949 2580 1324 2649 episcoporum
1367 2578 1663 2648 provinciae

1766 1932 1885 2009 eius
1912 1938 2342 2011 archiepiscopo,
2367 1938 2507 1995 sicut
2538 1940 2683 2009 patri
2717 1948 2898 1994 vestro
2957 1936 3201 1993 totaliter
3222 1935 3351 1991 obe-

1769 2033 1949 2100 diatis,
1980 2048 2080 2088 nec
2111 2044 2237 2087 cum
2293 2032 2625 2103 supradictis
2669 2030 3159 2088 escommtmicatis
3202 2042 3352 2083 com-

1770 2124 2088 2191 municetis,
2146 2136 2216 2180 ne
2270 2123 2483 2180 animas
2526 2132 2733 2178 vestras
2779 2122 2971 2177 alienis
3020 2116 3353 2177 facinoribus

1769 2218 2095 2291 aggravetls.
2130 2212 2338 2272 Valete.

1769 2372 2167 2441 Lugdunensis,
2211 2380 2442 2441 vacante
2482 2380 2614 2426 tunc
2667 2378 2788 2441 post
2836 2378 3065 2441 mortem
3116 2363 3349 2424 Gebuini

1767 2433 2163 2513 arcbiepiscopi
2208 2433 2567 2513 ,Lttgdunensi
2628 2433 2858 2513 ecclesia
2889 2481 2904 2504 ,
2958 2438 3113 2513 cujus
3163 2444 3355 2491 curam

1768 2527 1892 2570 tunc
1930 2508 2165 2585 gessisse
2184 2508 2384 2567 dicitur
2415 2513 2709 2582 episcOpns
2734 2508 3169 2566 Matiscoueusis.

80 2750 3335 2808 εΞΞΞΞεΞΞΞΞΞΞΞεεΞεΞΞΞΕΞεεεΞεΞΞωξΞεεΞΞεΞΞξεεεεεΞεεεξεεξεξξεεεεεεξεεεξεὲ

1284 2929 1477 2973 INTRA
1525 2927 1743 2970 ANNUM
1790 2928 2144 2970 υιιχν-Με

134 3106 1053 3271 ODALRICI
1159 3101 2235 3262 PRAEPOSITI
2340 2988 3297 3258 REMENSIS

1145 3394 2349 3530 TESTAMENTUM

197 3644 419 3719 (Gallia
442 3644 781 3712 Christiana,
809 3658 939 3699 nov.
972 3640 1101 3698 edit.
1134 3650 1172 3697 t.
1200 3638 1270 3707 Χ,
1300 3638 1571 3710 Append.,
1602 3652 1655 3707 p.
1682 3637 1773 3700 27,
1815 3654 1883 3692 ex.
1926 3650 2027 3692 ms.
2068 3637 2187 3692 cod.
2219 3629 2563 3723 bibliotheca:
2593 3633 2922 3692 catliedralis
2944 3634 3211 3704 ecclesiae)

1492 3796 1688 3814 ...ι-

1701 3794 1932 3811 κισ-...ηιμ-

129 3952 183 4009 in
222 3946 469 4009 nomine
522 3958 727 4004 sancta!
766 3955 821 4002 et
866 3944 1157 4000 individua
1202 3942 1511 4009 Trinitatis,
1565 3957 1667 4012 ego
1697 3918 1744 3980 ο
1774 3938 2064 4008 quotannis
2089 3952 2143 3995 tn
2173 3936 2345 4008 prima
2380 3930 2679 4007 ,Domiuica
2703 3936 2993 3999 Adventus
3025 3937 3241 3997 Domini
3283 3945 3354 4000 ad

56 4040 372 4102 Othmcns
433 4051 645 4098 sanctae
694 4036 978 4093 Remensis
1014 4030 1270 4090 Ecclesia
1320 4033 1666 4104 praepositus,

57 4137 131 4192 ita
161 4144 585 4193 testamentum
616 4146 797 4186 meum
833 4130 886 4184 in
912 4129 1022 4183 vita
1045 4124 1210 4182 statui
1251 4126 1531 4190 ordinare,
1565 4125 1670 4180 sieo

51 4240 153 4299 que
210 4229 346 4283 lites
393 4226 494 4281 vel
556 4222 969 4279 controversias
1020 4228 1142 4288 quae
1182 4225 1407 4288 possent
1463 4214 1666 4272 exoriri

51 4318 301 4377 deﬁnire.

116 4412 331 4469 Notum
360 4411 509 4467 volo
534 4407 657 4465 ﬁeri
710 4416 820 4462 tam
864 4405 1225 4476 praesentibus
1259 4418 1421 4473 quam
1472 4400 1669 4457 l‘nturis

45 4506 191 4576 quod
219 4502 488 4559 alodinm
548 4496 980 4565 deOlcbiniaco,
1014 4497 1157 4567 quod
1214 4510 1313 4567 ego
1362 4493 1608 4550 tenebam
1637 4507 1666 4547 a

39 4594 335 4651 canenlcis
362 4590 605 4649 Sanctae
651 4587 834 4643 Mariae
861 4589 929 4643 ad
978 4596 1291 4642 trecensum
1332 4583 1540 4640 scilicet
1568 4595 1667 4651 pro

41 4685 236 4743 solidis
286 4696 378 4751 vr,
430 4679 796 4751 ,augmentavi
832 4692 996 4748 quam
1045 4677 1243 4732 melius
1275 4673 1455 4746 potui,
1482 4671 1669 4742 acqui-

38 4778 213 4835 rendo
268 4778 351 4833 ad
438 4777 845 4830 incrementum
890 4769 1034 4825 illius
1077 4778 1253 4823 terras
1305 4767 1553 4822 videlicet
1602 4765 1670 4821 de

36 4884 241 4938 campo
272 4867 381 4937 qui
414 4871 664 4919 vocatur
686 4861 892 4927 Limaz,
918 4875 1039 4915 cum
1081 4857 1294 4914 caeteris
1320 4857 1462 4920 aliis,
1490 4855 1669 4910 multi-

29 4957 305 5026 plicando
366 4967 617 5010 censum
670 4966 881 5006 necnon
938 4948 1198 5011 vinatica,
1244 4947 1297 5001 in
1344 4961 1450 5015 quo
1502 4945 1667 4999 etiam

30 5048 340 5103 construxi
402 5043 682 5099 vicariam
715 5056 925 5105 meam;
954 5038 1095 5108 quod
1128 5038 1201 5092 ita
1242 5046 1458 5091 auctum
1510 5044 1670 5103 atque

27 5140 308 5195 vestitum
342 5136 621 5204 relinquo
646 5149 768 5189 cum
796 5134 955 5187 vinea
979 5131 1362 5187 iudominicata
1392 5128 1668 5184 canonicis

29 5231 265 5286 Sanctae
310 5228 530 5283 Maria:
552 5225 839 5280 Bernensis
873 5224 1136 5286 ecclesiar,
1186 5232 1349 5292 atque
1390 5231 1449 5276 ut
1490 5222 1561 5276 sit
1613 5221 1665 5274 in

25 5320 294 5376 custodia
326 5318 500 5373 illius
524 5315 615 5383 qui
636 5314 741 5369 erit
777 5314 1096 5383 praepositus
1120 5312 1185 5366 de
1227 5310 1374 5365 nulle
1403 5310 1538 5381 fagis
1562 5311 1670 5365 dis-

21 5428 199 5482 pono,
226 5411 335 5482 qui
379 5407 677 5479 persolvet
696 5404 976 5460 canonicis
1019 5403 1305 5471 quotannis
1353 5402 1669 5469 praedictum

23 5512 374 5557 trecensum
408 5539 428 5565 ,
489 5494 705 5549 scilicet
756 5492 957 5547 solidos
1011 5506 1129 5553 sex,
1176 5500 1231 5543 et
1271 5488 1421 5543 dabit
1453 5488 1670 5542 vacario

17 5591 370 5647 mercedem
425 5598 597 5641 suam
648 5584 714 5638 de
758 5598 923 5637 censu
969 5591 1026 5635 et
1065 5580 1320 5634 vinaticis
1367 5593 1488 5647 quae
1538 5579 1669 5631 inibi

17 5679 345 5743 debentur,
378 5684 454 5730 et
485 5672 631 5740 quod
659 5672 935 5727 residuum
962 5671 1143 5735 fuerit,
1176 5669 1413 5724 servabit
1441 5668 1507 5723 ad
1531 5668 1666 5722 deti-

12 5774 281 5828 nendum
338 5764 647 5823 vacariam
688 5770 712 5827 ‘;
763 5765 828 5818 de
863 5764 1036 5819 caseis
1059 5778 1183 5818 vero
1211 5764 1359 5820 dabit
1388 5766 1669 5820 canonicis

482 5882 764 5942 Parant.
802 5879 900 5942 CL

1770 4030 2117 4086 dividendum
2161 4029 2307 4085 inter
2331 4044 2390 4083 se
2447 4043 2618 4091 uxn,
2665 4029 2817 4084 dabit
2844 4029 3005 4085 etiam
3038 4030 3090 4086 in
3113 4034 3353 4089 secunda

1767 4122 1907 4179 feria
1931 4131 1988 4181 et
2014 4120 2244 4191 septima
2286 4120 2456 4175 totius
2481 4118 2761 4176 Adventus
2804 4116 3083 4177 canonicis
3110 4122 3164 4177 in
3215 4122 3355 4179 rele-

1769 4215 1949 4271 ctorlo
1974 4228 2168 4270 caseos
2196 4229 2211 4278 ;
2244 4213 2387 4282 quod
2418 4211 2464 4266 si
2493 4211 2788 4267 incurrerit
2809 4210 3078 4269 festivitas
3103 4214 3185 4269 vel
3209 4213 3354 4283 jeju—

1769 4308 1942 4371 nium,
1968 4316 2078 4365 non
2113 4304 2266 4362 dabit
2290 4318 2389 4361 nec
2415 4304 2778 4373 restaurabit;
2805 4319 2873 4379 ex
2899 4305 3153 4362 omnibus
3174 4317 3354 4364 autem
3386 4371 3398 4381 α

1768 4414 1905 4472 quos
1929 4399 2148 4455 habebit
2176 4411 2273 4468 per
2296 4404 2467 4452 totum
2513 4410 2712 4451 annum
2745 4396 2810 4451 de
2840 4397 3057 4453 vacaria
3088 4398 3358 4469 persolvet

1770 4490 2035 4549 decimam
2067 4486 2270 4543 Sancto
2292 4485 2572 4557 Dionysio,
2601 4485 2748 4541 sicut
2788 4494 2844 4541 et
2872 4502 2975 4558 ego
3009 4487 3113 4544 l'eci
3142 4489 3205 4544 in
3238 4490 3351 4545 vita

1770 4596 1938 4643 mea;
1972 4579 2251 4635 residuum
2310 4592 2444 4634 vero
2474 4578 2520 4633 si
2566 4575 2710 4647 quod
2770 4576 2961 4646 fuerit,
3006 4580 3246 4636 servabit
3286 4581 3354 4636 ad

1767 4673 2119 4731 detinendam
2154 4671 2449 4725 vacariatn.
2507 4669 2658 4726 Unde
2707 4686 2805 4728 oro
2832 4672 2973 4728 banc
3012 4688 3046 4727 a
3077 4675 3355 4730 canonicis

1770 4766 2209 4829 retributionem,
2242 4772 2305 4818 ut
2332 4764 2388 4818 in
2418 4764 2668 4834 sequenti
2709 4763 2848 4819 feria
2899 4774 3020 4830 post
3068 4776 3352 4835 acceptam

1770 4858 2087 4929 praedictam
2106 4856 2541 4913 benedictionem
2570 4856 2766 4911 animae
2796 4871 2930 4912 mea:
2976 4852 3182 4911 faciant
3207 4871 3355 4911 com-

1770 4950 2191 5005 mendationem.
2225 4948 2380 5015 Quod
2409 4949 2479 5013 si,
2501 4948 2843 5019 exigentibus
2888 4948 3145 5017 peccatis.
3176 4962 3355 5019 vacca:

1771 5039 1876 5094 illae
1896 5053 2087 5094 omnes
2112 5049 2336 5093 mortua:
2358 5037 2439 5091 vel
2454 5037 2773 5106 deprtedatre
2798 5037 3022 5102 fuerint,
3037 5038 3180 5105 quod
3211 5050 3362 5105 saepe

1770 5132 2056 5202 contingit,
2082 5146 2177 5186 oro
2205 5132 2493 5185 canonicos
2546 5140 2653 5184 tam
2681 5139 2977 5200 praesentes
3020 5143 3183 5198 quam
3213 5127 3353 5183 futu-

1772 5238 1882 5285 ros,
1916 5237 2013 5292 pro
2046 5223 2155 5276 Deo
2174 5230 2231 5276 et
2264 5236 2360 5290 pro
2390 5221 2711 5275 remissione
2729 5228 3074 5290 peccatorum
3104 5234 3353 5282 suorum,

1776 5321 1834 5366 ut
1862 5329 1963 5365 non
1993 5311 2276 5365 annullarc
2313 5312 2634 5381 permittant
2665 5312 2767 5366 hoc
2798 5324 3084 5366 commune
3109 5323 3354 5364 commo-

1776 5406 1902 5459 dum
1928 5388 2160 5467 illorum,
2183 5405 2325 5471 quod
2357 5403 2441 5470 pia
2466 5402 2751 5458 devotione
2770 5403 3014 5456 ordinavi
3040 5418 3055 5466 ;
3084 5402 3177 5455 sed
3208 5400 3351 5470 quod

1778 5495 1868 5549 ille
1900 5494 2147 5549 minister
2170 5494 2236 5546 de
2268 5491 2565 5545 redditibus
2602 5491 2748 5547 illius
2783 5492 2941 5547 alodii
2984 5492 3352 5561 redintegrare

1780 5600 1887 5638 non
1939 5584 2156 5655 poterit,
2217 5582 2519 5636 concedant
2576 5580 2693 5635 ﬁeri
2744 5585 2811 5637 de
2865 5582 3157 5636 communi.
3220 5579 3351 5633 Volo

1738 5679 1942 5733 oetiam
2002 5687 2057 5731 et
2108 5677 2334 5743 dispono
2386 5683 2443 5726 ut
2479 5675 2733 5728 canonici
2794 5675 2976 5729 Sancti
3012 5673 3248 5743 Dionysii
3300 5672 3351 5725 in

1776 5766 2024 5822 custodia
2070 5765 2303 5822 habeant
2352 5773 2407 5820 et
2434 5762 2688 5820 excolunt
2736 5765 2970 5821 alodium
3004 5766 3069 5821 de
3096 5764 3350 5820 mutatio-

2728 5878 2808 5939 59
