3902 6316
580 334 716 389 tsn
1488 319 1802 389 ODALRICI
1843 332 2229 393 PREI’OSI'I‘I
2265 335 2427 392 nuit.
2472 332 3015 391 rssrsusnruu.
3690 349 3786 408 ,διε

578 452 738 506 nibus
783 452 928 519 quod
963 464 1064 520 ego
1105 450 1213 505 emi
1264 448 1470 503 auxilio
1525 448 1620 504 Dei
1671 458 1835 521 atque
1894 451 2156 521 piissima:
2188 454 2233 514 Α
2262 452 2384 522 gula
2412 452 2754 523 prmcipiebat
2779 462 2835 507 et
2865 455 3162 511 necessitas
3190 458 3502 528 expetebat.
3540 459 3661 515 Nam
3699 483 3785 525 cum

574 539 873 609 genitricis,
893 556 991 611 pro
1004 540 1296 610 quotannis
1321 539 1632 609 persolvant
1654 542 1929 597 canonicis
1952 541 2163 597 Sanctae
2270 546 2370 597 hoc
2398 543 2450 596 in
2480 551 2663 598 nostra
2696 543 2876 613 regula
2910 545 3191 613 habeatur,
3214 556 3274 601 ut
3296 551 3656 621 unusquisque
3669 570 3784 615 eam.

574 630 758 686 Mariae
807 630 1007 686 solidos
1065 646 1199 685 xvm
1256 630 1309 684 in
1346 629 1720 685 anniversario
1762 646 1903 696 meo,
1951 645 2159 686 necnon
2266 635 2636 691 nicushabeat
2663 647 2897 707 quatuor
2931 639 3098 694 libras
3126 640 3279 710 panis
3321 654 3377 695 et
3406 646 3576 698 nostri
3606 663 3694 702 non
3720 652 3785 706 tu.

574 739 737 795 super
754 723 1086 793 sepulturam
1106 737 1281 779 meam
1299 723 1624 779 distribuant
1644 724 1973 793 pauperibus
1993 739 2162 795 panes
2262 727 2453 784 herent
2481 731 2580 785 nisi
2603 740 2809 786 tantum
2843 733 2977 787 duas
3002 743 3057 787 et
3084 734 3367 789 dimidiam
3387 776 3402 800 ,
3431 738 3571 807 ccepi
3596 739 3786 801 laborare

572 818 641 873 de
665 818 919 874 sextariis
945 816 1158 873 duobus
1210 814 1279 871 de
1332 815 1528 887 sigillo,
1559 824 1615 871 et
1662 816 1729 871 de
1758 815 1883 870 vino
1917 816 2156 872 modium
2264 819 2524 873 attentius
2546 822 2833 876 utnostris
2871 823 3205 892 temporibus
3234 824 3364 880 illud
3401 837 3605 883 certum
3631 836 3786 900 pondus

571 926 761 965 unum.
792 910 1046 965 Alodium
1105 923 1238 963 vero
1275 908 1418 977 quod
1450 922 1552 978 ego
1585 908 1786 963 redemi
1821 922 1851 962 a
1898 907 2159 965 fratribus
2260 911 2418 979 panis
2462 914 2602 981 quod
2650 914 2894 985 praecipit
2937 916 3118 986 regula
3164 918 3550 988 compleretur,
3605 927 3786 992 quodut

572 1011 630 1056 et
668 1002 960 1071 nepotibus
990 1002 1151 1066 meis,
1202 1000 1412 1056 scilicet
1449 1001 1517 1055 de
1564 998 1802 1055 Roureio
1851 1011 1908 1074 et
1959 1002 2156 1072 st0gia,

568 1094 821 1150 similiter
857 1094 1095 1151 habeant
1122 1103 1179 1149 et
1221 1092 1497 1157 excolam,
1544 1100 1708 1163 atque
1743 1102 1842 1163 pro
1884 1107 1952 1149 eo
1991 1102 2153 1163 quot-

568 1187 727 1241 annis
758 1187 810 1241 in
862 1187 1039 1256 primo
1094 1187 1182 1242 die
1231 1185 1397 1241 Luna:
1451 1184 1891 1256 Quadragesima:
1942 1185 2071 1240 dent
2102 1185 2154 1241 in

568 1277 859 1337 refectorio
888 1277 1105 1333 Sancta:
1129 1276 1313 1332 Mariae
1335 1274 1596 1332 scutellas
1625 1289 1794 1331 novas
1817 1291 1869 1341 c,
1904 1275 2155 1332 cultellos

568 1385 619 1432 x,
657 1370 926 1425 valentem
954 1384 1400 1439 unumquemque
1424 1369 1674 1424 denarios
1699 1370 1833 1423 duos
1869 1368 2153 1425 Remensis

564 1473 819 1520 monetae.
858 1464 1008 1519 Unde
1028 1464 1348 1535 suppliciter
1369 1479 1469 1519 oro
1508 1464 1804 1519 canonicos
1834 1474 1894 1518 ut
1923 1464 2041 1534 ipso
2067 1466 2153 1521 die

566 1564 695 1624 post
721 1570 938 1611 versum
996 1556 1049 1610 in
1100 1556 1394 1611 refectorio
1447 1566 1503 1611 et
1546 1565 1670 1626 post
1720 1555 2149 1613 benedictionem

563 1648 775 1716 prandii
806 1648 987 1704 dicant
1017 1663 1115 1719 pro
1140 1649 1320 1703 anima
1372 1663 1517 1713 mea,
1556 1647 1746 1703 Levavi
1777 1648 1955 1702 oculos
1983 1666 2147 1715 meos,

562 1754 735 1809 usque
760 1741 812 1794 in
839 1738 998 1794 finem
1038 1739 1250 1809 psalmi,
1276 1755 1386 1809 quo
1415 1738 1569 1793 finito
1616 1738 1764 1793 dicat
1792 1739 2034 1794 decanus
2062 1739 2146 1794 vel

2261 1012 2443 1071 posset
2468 1002 2608 1069 fieri,
2642 1005 2695 1059 in
2720 1007 2872 1060 curia
2897 1016 2951 1060 et
2973 1007 3026 1061 in
3079 1008 3223 1063 villis
3248 1009 3307 1063 S.
3341 1009 3523 1066 Mariae
3558 1016 3786 1072 nonnullas

2257 1096 2507 1151 ordinavi
2533 1111 2811 1165 carrucas,
2831 1113 2897 1153 ex
2922 1115 3154 1169 quarum
3184 1112 3455 1171 proventu
3481 1106 3678 1160 tandem
3700 1123 3781 1177 per-

2258 1183 2360 1239 feci
2400 1194 2458 1239 ut
2500 1186 2766 1241 haberent
2810 1189 3059 1244 canonici
3111 1204 3236 1245 cum
3286 1189 3380 1244 illo
3418 1206 3555 1260 pane
3604 1198 3685 1265 qui
3726 1209 3784 1252 est

2254 1279 2511 1347 ponderis
2541 1279 2834 1335 solidorum
2866 1291 2989 1345 t.,et
3007 1282 3171 1337 alium
3190 1285 3459 1339 minorem
3489 1301 3669 1355 panem
3684 1304 3780 1357 pon-

2254 1369 2401 1425 deris
2435 1369 2730 1426 solidorum
2753 1388 2860 1426 xxx
2886 1390 2900 1437 ;
2934 1383 2990 1426 et
3019 1388 3084 1428 ne
3105 1384 3229 1444 post
3277 1375 3557 1431 decessum
3584 1388 3782 1435 nostrum

2254 1461 2369 1516 haec
2396 1471 2579 1517 nostra
2606 1463 2882 1518 institutio
2906 1465 2971 1518 ad
3004 1465 3235 1521 nihilum
3262 1466 3558 1533 laberetur,
3583 1469 3678 1524 feci
3696 1487 3783 1527 meo

2256 1565 2472 1625 sumptu
2498 1557 2727 1611 consilio
2755 1567 2811 1612 et
2840 1558 3042 1614 auxilio
3083 1560 3267 1614 domui
3301 1561 3545 1616 Gervasii
3600 1578 3781 1619 venera-

2250 1648 2374 1703 bilis
2402 1648 2796 1720 archiepiscopi
2850 1651 2917 1704 ad
2953 1660 3173 1720 pontem
3221 1651 3408 1707 Sancti
3453 1654 3667 1723 Remigii
3685 1656 3783 1711 duos

2254 1737 2600 1793 molendinos
2630 1754 2768 1808 quos
2794 1739 2974 1803 Beata:
3015 1740 3199 1796 Mariae
3233 1743 3492 1805 concedo,
3526 1752 3578 1798 et
3604 1745 3665 1798 ad
3687 1761 3786 1814 opus

558 1831 1021 1887 hebdomadarius
1071 1829 1376 1901 Requiescat
1425 1832 1482 1884 in
1532 1846 1680 1897 pace,
1714 1846 1839 1884 Clllll
1872 1830 2100 1886 collecta
2127 1848 2143 1893 ;
2175 1817 2225 1879 Β
2254 1830 2481 1885 minoris
2508 1831 2664 1901 panis
2690 1847 2850 1902 quem
2879 1836 3088 1888 accrevi
3131 1835 3386 1905 dispono,
3415 1850 3551 1904 quos
3600 1838 3704 1891 dedi
3734 1840 3783 1892 ad

558 1923 634 1977 illi
658 1924 823 1978 etiam
845 1922 1051 1978 clerico
1098 1923 1189 1993 qui
1214 1921 1567 1992 praesentabit
1592 1920 1848 1976 scutellas
1869 1932 1923 1975 et
1955 1920 2146 1975 cultel-

556 2017 662 2081 los,
699 2016 825 2070 dent
850 2014 967 2084 ipso
996 2014 1082 2068 die
1102 2013 1446 2084 praabendam
1475 2027 1639 2069 unam
1678 2028 1692 2076 ;
1729 2013 1829 2066 hoc
1858 2027 1990 2066 vero
2017 2011 2141 2066 ideo

554 2108 630 2162 ita
652 2106 899 2162 ordinavi
925 2115 984 2161 ut
1001 2107 1104 2160 hoc
1131 2114 1341 2160 tantum
1366 2104 1525 2159 modo
1540 2101 1853 2173 persolvant
1876 2102 1942 2157 de
1970 2103 2143 2172 stogia

552 2206 611 2252 et
637 2197 705 2252 de
735 2196 971 2251 Roureio
992 2205 1261 2265 quatenus
1284 2195 1332 2250 si
1350 2194 1479 2264 quid
1512 2192 1898 2249 demutationis
1911 2191 2144 2247 defuerit

553 2291 622 2345 ad
665 2289 1081 2359 persolvendum
1103 2287 1251 2358 quod
1276 2286 1559 2357 proposui,
1578 2284 1769 2361 saltem
1795 2285 1863 2338 ab
1892 2284 1996 2338 isto
2019 2299 2143 2352 sup.

548 2382 701 2452 plere
719 2382 953 2452 possint,
968 2380 1113 2450 quod
1128 2380 1170 2435 si
1188 2393 1350 2450 super
1361 2376 1741 2442 abundaverit,
1759 2376 1861 2445 ipsi
1882 2375 2139 2431 habeant.

549 2471 687 2529 Volo
723 2474 890 2528 etiam
942 2468 1071 2527 huic
1115 2470 1435 2541 prascripto
1475 2469 1626 2540 operi
1684 2469 1831 2523 aliud
1870 2464 2161 2539 apponere”

547 2579 647 2633 per
678 2566 822 2635 quod
849 2564 1052 2635 possim
1096 2563 1358 2660 opuscgla
1410 2571 1600 2618 nostra
1638 2561 1909 2616 mentibus
1956 2566 2138 2629 poste-

544 2673 734 2714 rorum
763 2659 1038 2714 memoria:
1064 2652 1341 2712 revocare.
1370 2656 1596 2711 Constat
1620 2654 1762 2724 quod
1791 2652 2135 2709 salutiferum

546 2749 699 2805 sidus
728 2749 937 2805 scilicet
962 2764 1098 2820 papa
1137 2746 1248 2819 Leo
1272 2748 1339 2802 ad
1365 2746 1775 2802 llluminandam
1810 2754 1977 2800 totam
2004 2742 2134 2799 Gal-

544 2842 676 2899 liam
704 2845 979 2914 quoudam
1016 2836 1257 2899 visitavit
1299 2841 1620 2898 Remensem
1650 2839 2008 2912 provinciam,
2045 2839 2138 2908 qui

542 2947 666 3006 post
699 2935 1096 2992 dedicationem
1134 2934 1382 2991 ecclesia:
1404 2943 1457 2990 et
1483 2933 1706 3005 pretiosi
1725 2931 1973 3001 corporis
1996 2930 2137 2985 beati

544 3028 777 3100 Remigii
812 3028 1174 3085 elevationem
1216 3028 1270 3081 in
1297 3026 1588 3095 prmsentia
1636 3021 1876 3092 ejusdem
1903 3020 2136 3093 piissimi

542 3120 877 3177 confessoris
898 3120 1167 3192 synodum
1198 3117 1583 3182 celebravit,iu
1604 3130 1711 3185 qua
1738 3114 1975 3170 divinam
2001 3112 2130 3168 reli-

542 3214 758 3285 gionem
793 3212 1020 3267 nimium
1060 3209 1381 3281 tepefactam
1438 3208 1679 3265 studiose
1733 3205 2032 3278 reparavit,
2075 3205 2129 3259 in

544 3321 651 3377 qua
684 3306 849 3360 etiam
886 3305 953 3359 de
983 3302 1294 3359 Simoniaca
1331 3300 1521 3356 hazresi
1549 3309 1604 3355 et
1631 3305 1698 3355 de
1746 3297 2134 3354 ecclesiasticis

544 3396 863 3452 ministeriis
919 3403 1181 3450 astantes.
1205 3410 1233 3447 ,ο
1259 3431 1274 3446 .
1307 3429 1323 3447 .
1353 3431 1369 3447 .
1407 3430 1422 3446 .
1455 3389 1738 3446 admonuit
1796 3397 1852 3444 et
1903 3387 2134 3443 viriliter

541 3470 871 3555 perterruit:
903 3494 1031 3542 tunc
1053 3500 1153 3557 ego
1180 3498 1305 3540 cum
1334 3481 1741 3555 quibusdam‘ex
1755 3479 1955 3535 nostris
1983 3487 2131 3533 tanta

540 3578 969 3634 comminatione
1026 3576 1218 3647 iudicii
1280 3564 1610 3647 perterriti,
1661 3573 1861 3629 domno
1915 3571 2132 3628 Widoni

540 3669 957 3740 archiepiscopo
978 3669 1280 3724 ministeria
1311 3675 1494 3723 nostra
1524 3662 1879 3730 reddidimus,
1904 3679 1971 3720 ne
1995 3665 2135 3720 diviv

542 3774 670 3814 nam
701 3758 965 3814 ultionem
1015 3773 1178 3830 quam
1228 3758 1461 3813 domnus
1490 3771 1628 3828 papa
1674 3754 2130 3822 comminabatur,

540 3855 982 3911 lncurreremus:
1016 3855 1110 3911 sed
1142 3857 1371 3911 domnus
1394 3868 1531 3925 papa
1557 3854 1648 3925 qui
1684 3854 1829 3910 circa
1864 3853 1970 3909 hoc
2015 3852 2131 3908 olli-

541 3948 687 4003 cium
745 3962 834 4005 me
878 3948 1092 4005 fidelem
1142 3955 1522 4019 cognoverat,
1579 3944 1788 4017 rogavit
1835 3943 2127 4001 Widonem

540 4041 1017 4112 archiepiScopum
1070 4048 1131 4096 ut
1176 4041 1310 4097 mihi
1368 4039 1499 4095 illud
1551 4038 1694 4094 idem
1738 4035 1976 4094 cilicium
2029 4036 2129 4093 sub

538 4130 760 4184 nomine
794 4128 1119 4186 obcdientize
1163 4128 1489 4199 iujungeret,
1517 4127 1662 4199 quod
1692 4128 2131 4200 archiepiscopus

538 4221 769 4278 libenter
797 4221 1061 4293 implevit,
1098 4236 1198 4277 nec
1230 4222 1408 4276 minus
1433 4220 1664 4276 domnus
1689 4235 1828 4291 papa
1858 4220 1959 4276 hoc
1986 4219 2128 4275 idem

536 4313 671 4369 mihi
702 4329 915 4370 summa
945 4313 1254 4371 obedientia
1310 4312 1566 4384 iujuuxit,
1623 4314 1714 4384 qui
1764 4313 1811 4369 si
1847 4316 1993 4369 circa
2039 4327 2128 4368 res

536 4402 767 4458 fratrum
798 4404 950 4475 prius
970 4402 1046 4459 fui
1076 4402 1251 4460 fidelis
1281 4419 1296 4469 ;
1327 4404 1585 4474 deinceps
1630 4403 1887 4460 attentius
1916 4402 2128 4459 fidelior

2251 1929 2559 1977 trecensum
2584 1962 2599 1977 .
2639 1963 2655 1983 .
2690 1962 2705 1978 .
2746 1964 2760 1978 .
2799 1964 2814 1978 .
2860 1964 2874 1979 .
2911 1965 2924 1979 .
2973 1962 2989 1978 .
3024 1941 3145 1979 cum
3193 1926 3367 1981 asinis
3424 1938 3481 1982 et
3524 1944 3709 1989 vanno,
3744 1940 3784 1982 et

2247 2024 2434 2084 ponte,
2472 2016 2561 2070 tali
2591 2026 2748 2087 pacto
2787 2027 2844 2072 ut
2866 2027 2921 2072 et
2943 2030 3162 2087 pontem
3194 2021 3458 2083 detineat,
3486 2032 3538 2075 et
3560 2022 3611 2075 in
3634 2021 3783 2075 horreo

2249 2107 2463 2163 Sanctae
2492 2107 2677 2163 Maria:
2711 2111 2778 2165 de
2826 2109 3103 2167 frumento
3136 2113 3348 2167 modios
3393 2122 3515 2168 octo
3543 2114 3785 2183 quounnis

2245 2197 2539 2265 persolvat.
2586 2199 2641 2253 In
2669 2201 2903 2269 hospitio
2950 2218 3080 2258 vero
3124 2218 3223 2273 pro
3277 2204 3489 2258 decimo
3541 2206 3609 2258 de
3650 2204 3782 2274 sigillo

2245 2294 2516 2348 sextarios
2554 2309 2671 2360 sex,
2702 2298 2768 2350 de
2798 2297 3053 2352 tremisse
3072 2297 3344 2352 sextarios
3366 2312 3487 2353 sex.
3514 2298 3638 2352 Dedi
3656 2300 3782 2352 etiam

2245 2385 2313 2437 ad
2352 2398 2487 2453 opus
2529 2385 2758 2440 minoris
2792 2388 2952 2455 panis
3007 2387 3379 2443 molendinum
3418 2376 3557 2459 quod
3601 2402 3660 2441 ex
3695 2403 3785 2444 meo

2245 2477 2525 2531 construxi
2560 2477 2611 2531 in
2646 2476 2845 2542 lancia,
2882 2488 2936 2534 et
2974 2479 3116 2549 quod
3147 2479 3271 2534 dedi
3303 2479 3373 2533 ad
3401 2489 3687 2534 trecensum
3711 2494 3783 2550 pro

2244 2567 2442 2622 modiis
2477 2568 2686 2624 duobus
2712 2569 2778 2623 de
2806 2569 3081 2633 frumento
3129 2570 3450 2640 quotannis.
3475 2570 3608 2625 lllud
3648 2572 3776 2625 etiam

2243 2674 2591 2730 summopere
2624 2662 2806 2716 studui
2852 2662 2919 2715 ad
2950 2677 3222 2716 summum
3252 2662 3573 2731 perducere,
3602 2662 3780 2714 utsicut

2242 2767 2309 2807 ex
2361 2767 2484 2811 meo
2537 2752 2873 2823 perfeceram
2937 2753 3209 2809 lectosfin
3255 2752 3598 2817 dormitorio,
3642 2754 3701 2805 ita
3744 2764 3784 2805 et

2242 2844 2467 2901 culcitra
2500 2861 2623 2900 cum
2653 2846 2917 2916 pulvinari
2952 2846 3004 2900 in
3030 2859 3360 2916 unoquoque
3405 2854 3779 2916 supponeretur.

2241 2952 2310 2992 ex
2357 2951 2478 2991 meo
2530 2937 2822 3005 disponens
2854 2976 2869 2998 ,
2914 2945 2973 2990 ut
3024 2937 3464 3006 quotiescunque
3520 2934 3697 3004 aliquis
3734 2950 3783 2987 ex

2240 3026 2444 3083 nostris
2466 3027 2732 3081 morietur
2762 3026 3046 3089 fratribus,
3077 3040 3146 3080 ex
3182 3034 3458 3095 praecepto
3489 3025 3667 3079 deeani
3701 3025 3783 3077 cui.

2240 3117 2379 3173 citra
2416 3133 2542 3174 cum
2586 3117 2860 3188 pulvinari
2908 3117 2975 3171 ad
3032 3116 3331 3187 hospitium
3381 3115 3597 3170 Sanctae
3639 3113 3784 3167 Maria

2236 3210 2555 3280 deportatur
2586 3224 2602 3274 ;
2641 3209 2745 3262 alia
2797 3222 2928 3263 vero
2957 3223 3082 3264 cum
3126 3206 3401 3277 pulvinari
3429 3222 3494 3261 ex
3544 3205 3707 3259 alodio
3734 3205 3783 3257 de

2234 3310 2387 3356 corte
2413 3301 2630 3357 Salonis
2657 3301 2799 3372 quod
2831 3301 2953 3356 dedi
3000 3301 3182 3356 Beata!
3208 3299 3418 3365 Mariae,
3467 3307 3781 3360 restauretur,

2234 3392 2382 3462 quod
2413 3403 2474 3446 ut
2512 3401 2698 3462 posset
2745 3391 2864 3447 fieri
2903 3392 3088 3446 taliter
3131 3391 3382 3447 ordinavi
3414 3389 3580 3445 libras
3614 3397 3781 3457 septem

2232 3499 2370 3555 quas
2411 3484 2593 3555 accepi
2649 3485 2716 3539 de
2748 3484 2907 3539 domo
2963 3499 3105 3548 mea,
3136 3497 3263 3538 cum
3348 3480 3474 3536 vino
3517 3481 3583 3535 de
3608 3477 3784 3532 Risseio

2232 3576 2375 3645 quod
2405 3574 2665 3629 librarum
2696 3589 2749 3629 tv
2785 3573 2946 3643 pretii
2975 3587 3096 3628 esse
3130 3572 3366 3636 aestimo,
3390 3569 3545 3641 posui
3574 3569 3623 3623 in
3650 3581 3781 3622 manu

2234 3666 2421 3722 domui
2477 3665 2820 3731 Herimanni,
2867 3678 3078 3735 magna:
3130 3663 3254 3719 fidei
3303 3672 3361 3718 et
3404 3661 3646 3717 utilitatis
3680 3658 3780 3722 viri,

2232 3768 2400 3829 atque
2420 3761 2524 3813 hoc
2545 3755 2784 3813 oﬂicium
2806 3772 2872 3812 ex
2908 3756 3013 3811 hiis
3050 3756 3293 3810 nummis
3317 3754 3605 3825 pmdictis,
3635 3752 3778 3815 lectis,

2230 3850 2476 3906 culcitris
2523 3859 2580 3905 et
2628 3848 3010 3919 pulvinaribus
3066 3848 3536 3919 superinduantur
3577 3843 3780 3917 probeo

2236 3953 2292 3999 et
2345 3943 2586 3998 remedio
2636 3943 2832 3997 animae
2879 3957 2992 3997 suae
3050 3940 3258 4009 injunxi
3309 3940 3453 4011 quod
3501 3938 3776 4009 praedictum

2228 4036 2469 4091 alodium
2502 4033 2626 4090 volo
2656 4043 2716 4089 ut
2739 4033 2811 4089 sit
2845 4033 2900 4088 in
2951 4032 3199 4088 custodia
3236 4031 3378 4087 illius
3410 4030 3500 4101 qui
3526 4031 3628 4084 erit
3668 4040 3775 4096 pra-

2227 4127 2438 4200 positus
2462 4127 2529 4182 de
2553 4123 2864 4181 hominibus
2904 4121 3090 4179 Sancti
3122 4121 3366 4177 Martini.
3418 4121 3619 4176 Idcirco
3661 4115 3775 4186 quod

2227 4220 2274 4275 si
2302 4220 2409 4274 duo
2435 4216 2687 4274 canonici
2710 4214 2795 4270 vel
2822 4222 2935 4270 tres
2959 4212 3044 4268 vel
3073 4228 3139 4269 eo
3161 4211 3398 4282 amplius
3427 4212 3478 4266 in
3526 4224 3631 4264 uno
3657 4220 3771 4261 anno

2227 4312 2550 4380 moriantur,
2575 4311 2722 4383 quod
2758 4327 2826 4367 ex
2865 4310 3046 4365 alodio
3094 4323 3203 4363 non
3231 4308 3474 4377 (poterit,
3533 4320 3599 4360 ex
3644 4301 3773 4358 mini-
3846 4330 3847 4339 ι

2225 4403 2394 4459 sterio
2425 4416 2525 4458 suo
2550 4401 2817 4473 suppleat,
2851 4408 2908 4457 et
2943 4398 3087 4470 quod
3140 4397 3213 4453 ibi
3241 4396 3396 4452 dabit
3436 4409 3555 4451 cum
3605 4388 3770 4448 exala-

536 4510 656 4551 esse
676 4496 877 4552 studui.
909 4495 1016 4552 Sed
1048 4510 1171 4552 cum
1201 4496 1416 4551 animus
1442 4496 1589 4552 circa
1619 4496 1787 4551 multa
1815 4495 2042 4552 honesta
2066 4503 2123 4552 et
2148 4525 2200 4587 υ
2224 4496 2316 4554 dio
2334 4497 2551 4565 exierit,
2602 4482 2853 4566 recipiat.
2899 4493 3055 4550 Unde
3091 4492 3195 4547 hoc
3250 4497 3458 4545 tantum
3497 4502 3595 4587 oro
3634 4500 3664 4587 Ξ
3842 4514 3843 4555 ᾗ

537 4585 688 4641 utilia
710 4585 762 4641 in
780 4586 940 4642 rebus
960 4585 1190 4642 fratrum
1215 4585 1534 4659 infatigabili
1552 4586 1820 4643 desiderio
1842 4595 2116 4651 aestuaret,
2151 4585 2163 4653 ί

2224 4588 2400 4644 tribus
2431 4597 2493 4642 ut
2519 4586 2735 4656 quoties
2769 4580 3308 4641 commendationem
3334 4578 3528 4632 anima
3562 4567 3767 4645 defuncti

476 4662 489 4673 ’
535 4678 783 4750 reparavi
830 4679 1077 4749 quaedam
1106 4688 1378 4735 vetustate
1430 4680 1613 4735 attrita
1662 4689 1718 4736 et
1764 4680 1906 4736 inter
1930 4679 2037 4735 alia
2068 4680 2122 4735 in
2221 4678 2475 4737 canonici
2527 4677 2751 4743 facient,
2794 4688 2881 4730 me
2934 4674 2987 4728 in
3050 4670 3148 4726 illa
3190 4663 3655 4726 commendatione
3694 4673 3766 4728 ap-

537 4771 831 4826 claustrum
860 4772 1110 4841 quredam
1166 4771 1396 4828 necdum
1452 4771 1702 4828 inchoata
1733 4769 1883 4827 erexi
1920 4786 1949 4824 a
2002 4769 2123 4824 fun-

2222 4779 2452 4843 ponaut,
2477 4767 2689 4825 scilicet
2735 4765 2880 4837 quod
2924 4763 3170 4821 dicerent
3220 4756 3588 4831 singulariter,
3618 4750 3764 4807 diam

535 4864 813 4933 damento,
834 4872 891 4920 et
914 4863 1060 4919 inter
1080 4862 1189 4919 alia
1220 4862 1455 4919 hiemale
1477 4863 1845 4920 relectorinm.
1861 4861 2121 4919 Ordinavi
2219 4861 2526 4933 pluraliter.

534 4953 699 5009 etiam
727 4955 780 5012 in
800 4953 1093 5030 przebpnda
1132 4954 1522 5011 canonicorum
1558 4968 1725 5009 unum
1768 4952 1912 5022 quod
1951 4961 2006 5008 et
2036 4966 2121 5006 re-
