3902 6316
99 347 3130 388 W

1344 514 1510 556 ANNO
1564 512 1792 558 DOMINI
1852 512 2102 555 ιικονιιι

1122 706 2263 951 BERNARDUS

743 1024 1594 1157 EPISCOPUS
1693 1022 2689 1155 LUTEVENSIS

1476 1309 1799 1325 ﬂ

1428 1494 1937 1587 NOTITIA

73 1739 95 1767 π
136 1736 189 1791 is
222 1734 409 1791 dictus
431 1742 515 1789 est
534 1731 843 1788 Bernardus
873 1732 938 1788 de
966 1730 1408 1802 Provenqueriis,
1440 1730 1660 1802 quipro
1685 1728 2422 1802 jurium__ecclcsiasticorum
2463 1729 2690 1802 tuitione
2730 1729 3034 1802 immensos
3084 1727 3344 1802 sustinuit

75 1808 303 1862 labores.
334 1804 582 1860 Concilio
607 1803 1029 1859 Claroutontano
1059 1797 1306 1858 interfuit
1331 1797 1475 1856 anno
1498 1797 1659 1866 1095,
1682 1797 1864 1870 ibique
1889 1797 2097 1854 Urbani
2124 1800 2346 1855 secundi
2368 1800 2595 1856 classico
2623 1800 2914 1865 excitatus,
2945 1811 3115 1870 sacra:
3140 1797 3341 1870 militire

73 1890 261 1932 nomen
302 1875 459 1930 dedit
489 1890 504 1939 ;
538 1883 595 1930 et
620 1875 854 1928 triennio
882 1884 1004 1943 post
1058 1882 1272 1943 captam
1298 1871 1578 1943 civitatem
1617 1867 1861 1943 sanctam
1908 1870 2183 1943 hominem
2213 1871 2383 1943 exuit.
2419 1870 2587 1928 Porro
2612 1885 2680 1925 ex
2704 1871 2807 1926 hac
2843 1870 3032 1926 charta
3060 1867 3347 1927 lnnotcscit

75 1946 189 2014 eius
227 1946 406 2002 frater
442 1946 787 2014 Austorgius,
811 1939 967 1999 uti'et
1008 1939 1311 1999 Will‘elmus
1334 1942 1401 1998 de
1428 1941 1871 2011 Provenqueriis,
1900 1939 2017 2010 ejus
2038 1942 2489 2010 consanguineus.

67 2301 578 2462 MN’A’I‘IO
708 2300 929 2459 PRO
1036 2299 1589 2461 EGCDESIA
1694 2303 1793 2460 8.
1910 2300 2455 2459 llllllllllﬂll
2564 2302 3331 2458 RUTHENENSI.

1443 2616 1654 2695 (Anno
1700 2618 1877 2680 1095.

360 2832 475 2903 [Ex
501 2832 739 2889 archivis
767 2830 827 2888 S.
848 2832 1084 2889 Victoris
1109 2835 1253 2891 eruit
1281 2835 1345 2889 D.
1378 2832 1692 2888 Furnerius.
1723 2861 1793 2870 -
1819 2830 2000 2887 Edidit
2027 2832 2088 2887 Ι).
2116 2831 2401 2899 Μλιιτεκε,
2434 2834 2607 2904 Ampi.
2639 2831 2857 2887 Collect.
2883 2832 2921 2897 l,
2956 2830 3108 2902 552.]

123 3207 187 3262 in
218 3206 324 3263 Dei
352 3206 582 3261 nomine
622 3220 722 3278 ego
766 3204 1115 3269 Bsamnnus,
1173 3204 1348 3274 gratia
1377 3202 1472 3259 Dei
1505 3202 1672 3259 Lute-
1701 3189 1748 3245 Α
1779 3204 1964 3267 deant.
1991 3214 2045 3258 et
2073 3203 2335 3275 quidquid
2367 3206 2493 3260 inde
2540 3206 2802 3263 voluerint
2832 3205 2900 3260 ad
2932 3205 3024 3261 Dei
3078 3206 3362 3261 servitium

55 3302 249 3357 vensis
323 3300 646 3370 episcopus,
695 3307 885 3355 notum
943 3307 1106 3368 atque
1156 3294 1507 3361 manifestum
1553 3311 1675 3352 esse

54 3395 178 3451 volo
212 3394 457 3451 cunctis
483 3392 792 3448 hominibus
820 3392 963 3462 quod
979 3405 1143 3447 censu
1169 3399 1224 3444 et
1274 3387 1491 3459 ingenio
1518 3397 1681 3457 atque

51 3484 255 3540 labore
275 3496 424 3539 meo
471 3481 675 3537 redemi
706 3480 997 3536 ecclesiam
1029 3477 1089 3534 S.
1121 3477 1397 3547 Gregorii,
1444 3491 1565 3547 quae
1594 3486 1682 3531 est

51 3578 109 3633 in
149 3576 504 3647 episcopatu
540 3572 907 3637 Ruthenensi,‘
936 3570 990 3624 in
1025 3569 1305 3625 territorio
1332 3567 1582 3633 Valleoli,
1614 3567 1680 3622 de

59 3684 239 3723 manu
306 3667 593 3722 laicorum
646 3664 1174 3734 consanguineorum
1229 3677 1498 3726 meorum,
1548 3660 1682 3715 Wil-

50 3759 207 3815 lelmi
236 3758 475 3815 scilicet
503 3757 569 3812 de
605 3755 1023 3821 Prerencheires,
1073 3754 1164 3824 qui
1218 3755 1437 3810 tertiam
1467 3763 1680 3824 partem

48 3850 106 3903 in
132 3848 411 3907 ecclesia
451 3848 566 3918 ipsa
620 3847 819 3923 injuste
856 3855 910 3900 et
943 3860 1041 3915 per
1069 3844 1409 3900 invasionem
1440 3844 1680 3910 tenebat,

48 3951 108 3994 et
132 3940 277 3995 dedi
322 3953 441 4009 pro
471 3939 582 4007 ipsa
637 3936 794 3990 tertia
844 3945 1119 4005 parte....
1175 3934 1341 3990 millia
1385 3935 1682 3992 solidorum

42 4031 474 4093 Podiensium.
505 4044 570 4085 ca
605 4029 903 4084 intentione
930 4040 991 4083 ut
1029 4027 1255 4100 prmfata
1283 4029 1517 4086 ecclesia
1565 4046 1685 4101 qua:

46 4122 206 4177 male
252 4131 322 4178 ct
358 4120 657 4175 inhoneste
680 4120 929 4174 ordinata
954 4127 1096 4193 erat,
1132 4134 1234 4191 ego
1274 4120 1416 4175 bene
1438 4128 1494 4175 et
1518 4119 1687 4175 libere

44 4217 118 4269 ad
157 4228 449 4269 amorem
506 4211 601 4267 Dei
650 4221 706 4265 et
738 4211 856 4281 ejus
902 4211 1183 4267 servitium
1231 4213 1421 4268 ordine
1451 4212 1685 4283 regulari

42 4304 495 4374 perpetualiter
545 4300 876 4355 ordinat-em.
911 4299 1065 4355 Hanc
1113 4300 1300 4370 igitur'
1331 4302 1684 4357 intentionem

38 4411 245 4450 meam
291 4391 591 4459 complere
621 4388 865 4459 cupiens,
921 4391 1148 4447 consilio
1196 4400 1250 4447 ct
1300 4391 1458 4447 laude
1505 4392 1689 4448 fratris

60 4491 160 4543 uei
195 4486 513 4556 Austorgii
544 4486 707 4549 dono,
739 4485 978 4540 concedo
999 4483 1169 4553 ipsam
1217 4484 1285 4539 ad
1304 4498 1546 4554 praesens
1574 4494 1685 4538 ter-

35 4578 188 4632 tiam
226 4584 480 4647 partem
529 4574 858 4643 praescripta:
895 4572 1159 4637 ecclesia},
1192 4588 1375 4643 quam,
1414 4583 1473 4629 ut
1502 4573 1685 4642 praeli-

36 4671 258 4723 batum
289 4675 425 4731 est,
450 4665 630 4720 studio
658 4674 715 4719 et
742 4663 1049 4719 substantia
1075 4679 1195 4719 mea
1244 4663 1473 4730 redemi,
1526 4677 1687 4719 vene-

32 4761 224 4816 rabili
299 4758 508 4813 abbati
554 4756 873 4813 Massilieusi
906 4756 1203 4821 Richardo,
1243 4764 1301 4810 et
1348 4769 1444 4826 per
1471 4771 1594 4812 eum
1619 4757 1687 4812 do

30 4853 101 4906 Β.
134 4849 377 4905 Maria:
414 4857 574 4916 atque
592 4846 652 4901 S.
686 4846 897 4902 Victori
928 4847 1152 4916 martyri
1193 4844 1539 4912 Massiliensi,
1566 4862 1693 4901 nec-

26 4960 159 5000 non
188 4951 261 4999 et
299 4940 736 4997 successoribus
788 4949 844 4995 ct
869 4940 1151 4994 monachis
1178 4938 1423 5007 praedicti
1460 4939 1692 5002 abbatis,

30 5048 166 5092 tam
206 5033 616 5093 oraescntihus
669 5047 802 5088 ’uam
855 5032 1028 5087 uturis
1084 5041 1142 5087 ut
1168 5031 1401 5087 habeant
1427 5039 1481 5086 et
1517 5030 1697 5101 possi-

1780 3294 2004 3351 faciant.
2031 3295 2241 3352 Debent
2263 3306 2443 3352 autem
2482 3297 2743 3368 praefatus
2797 3298 2966 3354 abbas
3012 3307 3069 3353 ct
3113 3300 3365 3355 monachi

1780 3388 1900 3459 ejus
1928 3403 2147 3459 semper
2183 3391 2325 3445 scire
2360 3389 2501 3460 quod
2556 3405 2654 3460 per
2690 3390 2897 3445 nullum
2925 3391 3091 3445 alium
3134 3391 3237 3446 nisi
3269 3404 3369 3460 per

1782 3491 1890 3545 me,
1921 3486 1976 3533 et
2002 3488 2258 3548 parentes
2283 3493 2435 3534 meos
2462 3478 2662 3534 donum
2722 3478 2881 3549 hujus
2925 3480 3195 3553 ecclesite,
3222 3481 3370 3551 quod

1782 3580 1885 3639 ego
1910 3583 2010 3638 pro
2037 3568 2278 3624 remedio
2314 3578 2663 3639 peccatorum
2717 3583 2961 3625 meorum
2985 3578 3045 3625 et
3084 3567 3371 3625 animabus

1783 3647 2070 3732 parentum
2137 3676 2382 3717 meorum
2429 3661 2538 3717 illis
2588 3661 2751 3727 facio,
2806 3662 2987 3731 adepti
3017 3670 3162 3717 sunt.
3217 3661 3371 3718 Unde

1786 3754 2002 3810 solliciti
2051 3754 2163 3811 sint
2198 3754 2331 3810 mihi
2375 3762 2429 3810 et
2477 3754 2795 3825 parentibus
2846 3755 2983 3811 meis
3013 3754 3117 3813 hoc
3168 3757 3371 3812 donum

1788 3860 2004 3917 semper
2031 3860 2444 3917 recognoscere,
2498 3854 2557 3900 et
2610 3860 2708 3914 pro
2734 3855 2920 3903 nostra
2968 3846 3143 3901 salute
3171 3848 3238 3903 ad
3267 3848 3373 3903 Do-

1791 3938 1997 3993 minum
2023 3953 2271 3995 exorare.
2304 3939 2451 3994 Sane
2510 3940 2555 3995 si
2585 3939 2708 4008 quis
2766 3948 2957 3994 contra
2986 3940 3093 3996 hoc
3122 3949 3369 3995 nostrum

1789 4027 1990 4083 donum
2027 4028 2247 4083 veniens
2270 4026 2570 4099 infringere
2604 4026 2734 4082 illud
2778 4027 2864 4082 vel
2898 4027 3201 4097 inquietare
3246 4036 3373 4083 ten-

1792 4116 2026 4183 taverit,
2081 4117 2452 4188 cujuscunque
2504 4116 2579 4172 sit
2634 4115 2893 4186 generis,
2944 4117 3273 4171 conditionis
3322 4128 3377 4171 et

1789 4208 2019 4273 ordinis,
2055 4223 2163 4263 non
2193 4207 2368 4264 valeat
2413 4207 2712 4274 vindicare,
2736 4207 2828 4262 sed
2866 4207 3003 4262 iram
3053 4207 3147 4263 Dei
3197 4210 3375 4262 omni-

1791 4299 2028 4370 potentis
2085 4301 2331 4355 incurrat
2378 4317 2393 4365 ;
2446 4308 2501 4355 ct
2550 4309 2811 4369 praeterea
2861 4299 2977 4356 haec
3026 4309 3230 4357 nostra:
3280 4303 3375 4355 do-

1793 4392 2030 4447 nationis
2061 4393 2248 4448 charta
2278 4394 2433 4447 lirma
2488 4394 2541 4448 in
2569 4403 2830 4449 aeternum
2888 4394 3208 4465 stabilisque
3250 4412 3375 4466 per-

1794 4492 2031 4538 maneat.

1866 4596 2063 4650 Actum
2086 4603 2169 4650 est
2196 4595 2299 4649 hoc
2326 4609 2377 4648 γι
2426 4592 2609 4650 Nonas
2649 4592 2921 4661 Octobris,
2961 4609 3107 4652 anno
3163 4597 3376 4651 Domini

1795 4685 1952 4743 1095.

1870 4800 2096 4871 Signum
2115 4799 2378 4856 Bernardi
2427 4802 2521 4873 qui
2556 4801 2662 4859 hoc
2714 4802 2919 4861 donum
2946 4802 3075 4860 fecit
3108 4809 3163 4859 et
3188 4801 3374 4857 firma-

1801 4891 1899 4957 vit,
1938 4900 1993 4946 et
2017 4900 2183 4947 testes
2205 4890 2424 4949 ﬁrmare
2452 4893 2682 4966 rogavit.

1875 4982 2099 5053 Signum
2117 4983 2412 5055 Austorgii.
