3902 6316
127 299 256 357 i537
1136 294 1565 352 EPITAPIIIUM
1595 295 1850 353 OTGERI
1880 295 1966 349 ΕΤ
2004 293 2374 351 BENEDICTI.
3263 287 3402 344 1558

123 409 217 461 Cui
247 420 450 460 nomen
475 404 654 471 Cellae,
678 405 878 459 Cellam
910 404 1094 459 dixere
1125 405 1325 460 coloni.
1470 467 1477 476 _
1747 414 1795 470 Α
1830 405 2138 459 Partusium
2169 407 2320 476 (quid
2352 420 2455 475 ago
2484 405 2527 473 ?)
2569 401 2775 472 profert
2823 401 2954 459 urbs
2988 399 3212 458 Meldica
3239 417 3399 474 pago,

125 499 392 553 Invitante
421 499 561 564 loco,
593 507 782 570 captus
805 499 1047 568 regione,
1072 499 1274 553 resedi.
1824 495 1922 551 llic
1953 505 2067 551 tres
2098 496 2363 567 germani,
2394 495 2562 565 gestis
2588 505 2643 550 et
2669 496 2922 565 dogmate
2951 496 3089 558 sani,

128 633 138 643 .
220 627 235 642 .
316 627 332 642 .
420 631 433 643 .
515 629 527 643 .
610 627 627 642 .
705 629 719 642 .
803 629 815 642 .
898 628 912 641 .
992 628 1006 643 .
1087 628 1101 642 .
1179 597 1432 656 parentes
1815 587 1988 654 Quem
2021 587 2334 642 dilexerunt
2368 586 2672 652 Christum,
2709 587 2813 642 sibi
2846 585 3261 641 substituerent.

123 678 318 734 Nescio
351 677 606 733 Camales
631 679 922 748 prommtio
958 678 1266 747 spirituales
1815 681 1913 736 Hic
1941 682 2112 748 Addo,
2146 681 2321 746 Rado,
2341 680 2527 750 proles
2552 681 2848 745 clarissima
2877 681 3048 744 Dado,
3165 755 3168 758 ν

125 771 578 838 ltaimerieusque
601 779 755 839 pater
783 770 885 824 fuit
915 786 932 835 ;
961 779 1016 824 et
1048 770 1212 840 Syon,
1241 770 1440 842 inclyta
1470 783 1645 827 mater
1817 772 2040 843 Optima
2075 773 2367 829 fundantes
2392 771 2531 836 loca,
2576 773 2667 842 qui
2698 788 2818 839 sua,
2845 787 3010 843 seque
3031 772 3295 836 dicantes.

127 901 137 913 .
217 899 232 914 .
313 899 330 914 .
413 899 430 914 .
511 900 525 914 .
611 900 626 914 .
705 899 720 915 .
799 899 814 915 .
893 899 908 914 .
986 898 1004 915 .
1081 897 1099 914 .
1179 900 1193 914 .
1274 901 1287 914 .
1817 863 2743 931 Radoliuni,Jotrum,Resbascum
2775 865 3190 920 constituerunt.

122 954 249 1015 (Zur,
280 964 506 1020 precor,
537 961 623 1007 est
646 952 821 1020 ulcus,
848 952 991 1022 quod
1013 951 1074 1006 lit
1107 952 1209 1008 sub
1236 963 1392 1024 patre
1423 953 1714 1010 subulcus?
1820 957 1915 1013 llic
1947 956 2293 1013 Hildevertus
2322 965 2530 1028 pastor,
2556 971 2638 1020 re.
2667 957 2908 1022 nomine,
2939 971 3117 1012 verus.

119 1079 135 1097 .
212 1079 232 1097 .
312 1081 327 1096 .
412 1080 431 1098 .
510 1077 527 1095 .
605 1082 622 1097 .
699 1083 714 1099 .
793 1083 808 1098 .
888 1083 904 1099 .
983 1085 999 1100 .
1079 1082 1095 1098 .
1172 1083 1189 1099 .
1263 1085 1282 1102 .
1819 1048 1922 1104 Hie
1950 1048 2050 1103 fuit
2079 1049 2312 1105 antistes
2351 1049 2546 1105 solitus
2575 1048 2833 1104 collidere
2865 1049 3090 1113 tristes;

123 1138 358 1190 sanctus
388 1135 684 1191 ruricolam
706 1152 812 1193 non
839 1138 1044 1207 sprevit
1063 1139 1263 1196 ducere
1298 1140 1467 1195 vitam
1815 1140 2110 1195 Conservis
2135 1141 2317 1196 alacer
2342 1141 2566 1196 tumidis
2592 1139 2927 1211 Ebregisilus
2951 1155 3098 1194 acer.

125 1265 137 1279 .
219 1266 232 1279 .
317 1266 330 1280 .
416 1265 434 1280 .
513 1266 529 1282 .
610 1269 623 1282 .
704 1269 718 1283 .
799 1269 812 1283 .
894 1270 907 1285 .
989 1271 1005 1286 .
1084 1271 1098 1287 .
1179 1272 1193 1286 .
1274 1273 1289 1286 .
1371 1271 1387 1288 .
1817 1229 1954 1285 Hinc
1980 1231 2192 1287 nitetin
2242 1231 2398 1288 caelis
2427 1239 2637 1302 pastor,
2668 1245 2962 1300 servusque
2995 1228 3188 1296 ﬁdelis,

123 1317 403 1374 llmredem
435 1318 710 1378 Christum
737 1322 888 1391 facit,
932 1325 1112 1382 haeres
1140 1335 1198 1381 ut
1221 1334 1376 1396 pater
1404 1327 1567 1383 istum
1818 1323 1914 1377 Vir
1941 1321 2298 1388 Gislebertus,
2333 1338 2479 1379 nunc
2510 1323 2627 1394 spei
2663 1339 2890 1379 munere
2916 1329 3120 1384 cerllIS.

129 1451 136 1459 .
218 1448 232 1462 .
319 1445 337 1462 .
421 1447 436 1461 .
519 1450 532 1465 .
608 1450 624 1467 .
703 1452 720 1469 .
893 1455 907 1470 .
987 1456 1003 1470 .
1082 1456 1099 1472 .
1177 1457 1194 1473 .
1275 1457 1290 1472 .
1369 1457 1384 1472 .
1818 1415 1972 1484 Quod
1994 1417 2246 1486 perhibet
2270 1417 2443 1487 signis
2474 1418 2615 1473 Deus
2648 1427 2780 1488 opto
2806 1413 3036 1486 prmsule
3069 1411 3266 1483 dignis,
3297 1421 3404 1466 etc.

125 1497 349 1552 Ponitur
373 1499 430 1553 in
457 1501 663 1557 feretro
692 1503 874 1574 digne,
916 1504 1065 1563 locus
1089 1517 1171 1563 est
1199 1507 1288 1563 ubi
1311 1508 1477 1564 Petro
2605 1506 2667 1562 11.

315 1630 330 1645 .
415 1631 433 1647 .
512 1631 528 1648 .
607 1631 628 1649 .
704 1633 720 1650 .
800 1635 816 1650 .
893 1637 907 1651 .
987 1638 1002 1653 .
1081 1639 1098 1654 .
1175 1640 1190 1653 .
1268 1639 1284 1655 .
1820 1598 1898 1653 De
1926 1598 2148 1653 Dudone
2173 1598 2382 1663 abbate,
2428 1600 2517 1669 qui
2546 1600 2845 1668 principatu
2896 1593 3406 1665 Philippilﬂoruit.

121 1682 326 1748 Meldis,
362 1694 680 1741 sanctorum
718 1697 892 1744 mater
920 1689 1148 1746 fecunda
1172 1692 1437 1758 virorum,
1823 1733 1836 1746 .
1917 1731 1932 1746 .
2014 1731 2028 1746 .
2111 1733 2123 1747 .
2203 1733 2218 1747 .
2298 1731 2312 1746 .
2396 1729 2411 1744 .
2494 1731 2509 1746 .
2583 1732 2597 1745 .
2677 1731 2692 1745 .

122 1773 390 1829 Walberti
417 1776 574 1844 justi,
606 1778 746 1832 sacri
782 1795 879 1834 nec
912 1796 1016 1834 non
1047 1782 1327 1847 Canoaldi,
1742 1775 1787 1834 B
1816 1783 1983 1852 Cujus
2006 1783 2260 1840 nobilitas
2279 1784 2438 1838 sedes
2462 1782 2706 1854 possedit
2735 1781 2928 1842 avitas,

122 1867 366 1929 Faronis,
391 1867 548 1924 Fara:
574 1885 694 1939 qua:
721 1869 997 1925 Christum
1028 1874 1176 1926 novit
1207 1888 1411 1936 amare,
1820 1876 2053 1946 Imperio
2080 1875 2242 1943 digna
2275 1874 2456 1944 specie
2484 1888 2580 1943 per
2605 1871 2797 1926 idonea
2837 1870 2992 1941 signa

122 1957 223 2011 Pro
241 1973 351 2028 quo
380 1967 657 2014 terrenum
689 1976 944 2030 sponsum
975 1964 1102 2018 facit
1129 1966 1242 2018 haec
1276 1964 1532 2020 alienum.
1822 1966 2044 2021 Exstitit
2085 1965 2334 2031 illustris,
2369 1979 2475 2018 non
2508 1971 2566 2017 ut
2606 1961 2872 2032 plerique.
2893 1999 2907 2013 .
2928 1998 2940 2013 .

125 2049 306 2104 Meldis
327 2049 602 2106 Celiniam
630 2053 740 2107 vita
764 2069 884 2110 cum
917 2055 1112 2110 cmlibe
1143 2057 1309 2122 diam,
1819 2055 2003 2124 Longe
2030 2065 2289 2119 tentatus,
2309 2069 2407 2124 per
2436 2059 2765 2108 tentamenta
2795 2050 3052 2120 probatus

124 2139 379 2194 llostibus
403 2150 689 2196 austerum
714 2143 903 2200 Meldis
943 2146 1065 2200 tulit
1085 2155 1135 2200 et
1157 2146 1523 2217 Rigomerum.
1815 2147 1998 2202 Abbas
2037 2147 2187 2201 Dudo
2215 2147 2406 2206 bonus.
2490 2184 2505 2198 .
2589 2183 2601 2196 .
2682 2181 2696 2195 .
2779 2181 2792 2194 .

125 2339 2954 2380 Ἥ

2687 2341 3402 2374 m

670 2527 1429 2619 EPITAPHIUM
1503 2526 1951 2620 OTGERI
2029 2531 2177 2618 ET
2248 2526 2890 2618 BENEDICT'

1670 2747 1960 2806 MILITUM

207 2918 331 2992 Qui
372 2925 667 2999 tempore
703 2923 914 2988 Caroli
950 2925 1162 3003 Magni
1197 2925 1263 2986 in
1302 2924 1598 2988 coanobio
1643 2927 1706 2988 S.
1747 2925 2018 2988 Faronis
2052 2922 2498 2988 monachalem
2538 2926 2968 3001 susceperunt
3005 2921 3326 2995 habitum,

1137 3131 1391 3236 AUC
1408 3121 1750 3235 TORE
1827 3131 2410 3236 FULCOIO.

953 3360 1207 3429 (ΜΑΒιιι.
1237 3360 1369 3415 Acta
1395 3358 1499 3416 SS.
1535 3360 1648 3414 0rd.
1686 3358 1747 3415 S.
1781 3359 1978 3415 Bened.
2011 3360 2148 3416 Stec.
2183 3362 2272 3427 IV,
2304 3379 2356 3432 p.
2380 3360 2529 3419 657.}

140 3757 306 3825 Quam
335 3755 482 3812 male
518 3755 782 3811 discernit
807 3756 949 3825 quod
989 3764 1160 3822 amat,
1208 3757 1294 3810 vel
1337 3753 1521 3825 qualia
1570 3767 1720 3822 sper-
1750 3737 1794 3798 (ἶ
1826 3755 2029 3810 Evocat
2064 3754 2326 3809 invictum
2349 3766 2530 3808 rerum
2551 3752 2808 3809 comitem
2833 3750 3229 3810 Benedictum:

1499 3843 1603 3915 [nit
1631 3860 1645 3896 :
1900 3844 1970 3901 Ut
1996 3859 2094 3914 par
2118 3842 2343 3909 militiae,
2372 3841 2662 3913 participet
2692 3843 2888 3898 venite.

204 3938 297 3992 Cui
326 3940 510 4008 placet
534 3956 662 3994 aura
689 3940 811 4005 soli,
839 3940 1089 4011 displicet
1113 3955 1246 3995 aura
1277 3940 1409 4011 poli.
1824 3939 1970 3994 Crux
1997 3936 2156 3992 simul
2184 3935 2470 4004 accipitur,
2493 3935 2672 3990 crucis
2696 3943 2751 3990 et
2780 3935 2930 3990 locus
2960 3933 3064 3990 isto
3087 3931 3335 3991 subitur:

140 4030 294 4084 Exsul
320 4033 372 4086 in
395 4042 622 4088 externa
657 4033 845 4102 procul
885 4049 914 4086 a
946 4035 1165 4105 regione
1206 4049 1464 4104 superna,
1894 4026 2077 4082 Caesar
2111 4032 2167 4078 et
2194 4023 2433 4088 exuitur,
2464 4023 2647 4078 Cmsar
2673 4031 2729 4077 et
2751 4022 3017 4078 induitur.

203 4123 404 4191 Captus
424 4139 615 4178 amore
639 4125 760 4186 vim,
789 4140 895 4179 non
922 4126 1168 4180 meminit
1189 4126 1400 4194 patriae.
1824 4121 1898 4175 Ite
1931 4134 2089 4189 pares
2118 4118 2313 4171 animae
2343 4130 2441 4185 per
2482 4113 2738 4184 quazlibet
2766 4113 2982 4184 agmina
3012 4111 3222 4183 prima),

141 4211 316 4269 Militis
337 4213 546 4285 Otgerii
576 4217 862 4271 conversio
893 4217 1054 4286 digna
1088 4219 1258 4272 videri
1894 4209 2085 4264 Fortes
2110 4206 2342 4263 Caesarei
2367 4205 2532 4261 fortia
2560 4205 2800 4259 membra
2832 4203 2949 4260 Dei-

208 4303 415 4359 Suﬂicit
448 4306 518 4360 ad
548 4305 848 4375 speculum,
880 4324 986 4376 quo
1019 4317 1227 4364 statuas
1260 4308 1500 4364 oculum.
1828 4302 2020 4358 Fortes
2049 4300 2285 4365 athletae,
2306 4313 2404 4370 per
2423 4296 2620 4354 saecula
2642 4304 2836 4353 cuncta
2864 4295 3060 4362 valete,

140 4392 291 4465 Legis
311 4406 432 4452 erat
467 4398 694 4467 pondus,
725 4399 987 4469 locuples,
1012 4415 1042 4454 a
1086 4401 1228 4471 Rege
1251 4401 1523 4456 secundus
1556 4418 1569 4468 ;

1686 4465 1692 4472 ε
1901 4393 2008 4447 Par
2037 4391 2216 4447 crucis
2237 4399 2317 4446 est
2346 4388 2577 4460 species,
2604 4404 2703 4458 par
2721 4387 2829 4444 erit
2848 4395 2904 4442 et
2926 4385 3159 4456 requies.

209 4486 412 4545 Nobilis
439 4500 498 4545 et
529 4491 767 4568 sapiens,
791 4503 1042 4548 strenuus
1075 4504 1127 4548 et
1151 4495 1388 4564 patiens.
1595 4534 1600 4538 .
1843 4487 1888 4542 0
1913 4501 2074 4557 quam
2103 4500 2203 4555 Par
2247 4482 2528 4553 ρυιειπυιιι
2559 4483 2571 4536 ε
2607 4497 2710 4552 βπ
2754 4482 2962 4548 Vivere:
3005 4492 3208 4550 υιιτιιυθ
3234 4477 3410 4548 εθοουί*

144 4577 381 4637 Floribus
412 4583 500 4638 nis
519 4592 718 4654 saeptus
747 4586 1056 4655 prmstabile
1085 4587 1300 4641 culmen
1325 4586 1570 4658 adeptus,
3119 4572 3293 4645 [σταίη
3324 4589 3338 4626 ε

209 4668 400 4726 Omnia
428 4673 764 4742 posthabuit,
791 4690 956 4746 seque
981 4677 1088 4731 Deo
1117 4676 1322 4732 tribuit.
1902 4669 2013 4725 Par
2039 4668 2142 4725 fuit
2160 4678 2216 4726 et
2248 4667 2504 4735 tumulus,
2523 4683 2619 4739 par
2641 4667 2744 4724 erit
2774 4675 2828 4723 et
2854 4666 3057 4723 titulus.
