3902 6316
537 345 2616 390 m

2619 351 3698 414 ᾗ

1827 511 2132 555 ειωιψη
2174 511 2429 557 δεουιο

667 704 2324 902 CONSTANTINUS
2454 709 3621 928 AFRICANUS

1396 1039 2170 1162 CASINENSIS
2229 1049 2944 1167 MONACHUS
3279 1061 3282 1066 ’
3583 1075 3586 1077 ’

752 1477 1416 1627 ΝΟΤΙΤΙΑ
1451 1497 2093 1628 HISTOBI

2209 1403 2548 1621 AET
2583 1493 3548 1630 LITTERARIA

1199 1805 1202 1808 Α
1303 1753 1518 1826 (fuam,
1544 1753 1834 1812 Comment.
1863 1755 1927 1813 de
1952 1751 2292 1814 scribtoribus
2319 1766 2363 1808 ct
2397 1757 2577 1825 script.
2621 1757 2830 1825 coclea,
2863 1757 2927 1826 ll,
2956 1759 3105 1828 694.)

593 2087 985 2143 Constantinus
1041 2085 1334 2141 Africanus
1365 2127 1378 2148 ,
1433 2084 1742 2140 Casinensis
1805 2084 2105 2146 monachus
2138 2093 2182 2122 η
2221 2097 2327 2139 .ere
2353 2100 2422 2140 ao
2449 2087 2564 2154 ipso
2593 2103 2658 2141 ex
2683 2088 2914 2142 Arabica
2945 2088 3124 2162 lingua
3151 2090 3206 2148 in
3259 2089 3500 2146 Latinam
3524 2096 3717 2152 translata

521 2188 767 2249 tempore
819 2178 1051 2248 Alphani
1107 2175 1438 2234 Salernitani
1497 2175 1946 2246 archiepiscopi,
2007 2177 2102 2246 qui

520 2284 667 2332 anno
719 2267 853 2328 1057
883 2268 1186 2330 Ecclesium
1239 2265 1639 2321 Salernitanam
1684 2267 1986 2343 suscipiens
2019 2281 2105 2321 re-

519 2358 772 2430 gendam,
801 2373 892 2413 an.
928 2357 1090 2425 1086,
1116 2356 1463 2428 episcopatus
1485 2356 1566 2411 sui
1601 2354 1693 2420 29,
1727 2366 1973 2422 mortuus
1999 2365 2101 2422 est,

518 2450 720 2506 tloruit.
752 2449 890 2505 lluic
933 2448 1130 2510 librum
1185 2463 1344 2509 suum
1373 2447 1453 2502 De
1492 2447 1747 2501 stomachi
1775 2447 2104 2501 naturalibus

519 2553 568 2595 ct
603 2557 708 2596 non
761 2539 1094 2595 naturalibus
1152 2537 1518 2608 «lectionibus
1561 2537 1919 2608 nuncupavit.
1967 2537 2102 2598 Orw

518 2631 990 2704 Carthaginensis,
1053 2631 1300 2687 medicus
1348 2639 1404 2686 et
1455 2631 1810 2702 philosophus
1845 2641 2101 2702 praestau-

519 2723 781 2788 tissimus,
808 2723 955 2778 varia
986 2721 1226 2780 Orientis
1244 2722 1362 2778 loca
1391 2723 1722 2794 peragravit,
1751 2731 1808 2779 et
1826 2723 2102 2794 Babylone

515 2815 816 2884 praeertim
833 2823 1227 2878 commoratus,
1251 2812 1398 2868 omni
1415 2812 1816 2878 Chaldaeorum,
1832 2815 1873 2868 A
1885 2814 2098 2878 rabum,

515 2904 830 2970 Persarum,
881 2904 1286 2961 Saracenorum
1313 2903 1596 2974 disciplina
1625 2904 1903 2974 ingenium
1921 2917 2098 2966 exco-

514 2997 634 3053 luit.
671 2997 970 3070 Babylonia
992 2998 1276 3054 discedens
1297 2997 1502 3052 Indiam
1535 2997 1688 3062 adiit,
1715 2997 1842 3052 hinc
1877 2996 2098 3052 Ethio-

515 3091 663 3161 piam
701 3091 880 3163 petiit,
917 3106 982 3146 ac
1026 3089 1324 3162 Egyptum
1374 3089 1612 3154 tandem,
1659 3086 1902 3157 cujusvis
1925 3089 2100 3160 gentis

516 3182 691 3254 spolia
737 3192 793 3240 et
835 3184 1126 3238 thesauros
1169 3197 1357 3238 secum
1411 3179 1676 3236 referens.
1723 3178 1943 3234 Exactis
1989 3179 2100 3234 hoc

515 3273 681 3330 modo
715 3273 772 3330 in
802 3273 1076 3330 variarum
1126 3273 1366 3344 gentium
1413 3271 1607 3328 studiis
1640 3270 1944 3341 linguisque
1977 3269 2097 3326 edi-

513 3363 738 3422 scendis
783 3364 1144 3435 quadraginta
1204 3361 1594 3434 propesnnls,
1645 3361 1863 3417 domum
1913 3359 2092 3421 rediit,

511 3455 606 3512 ubi
662 3455 876 3512 insidiis
905 3469 1049 3526 agre
1076 3453 1316 3524 elapsus,
1359 3453 1427 3508 ad
1458 3451 1756 3508 Casinense
1784 3449 2094 3507 coenobium

512 3561 573 3604 se
608 3548 835 3618 recepit,
864 3545 1047 3618 ibique
1090 3544 1418 3602 monachum
1458 3543 1656 3607 induit,
1695 3551 1751 3596 et
1773 3541 2099 3613 grandaevus

512 3637 568 3693 in
597 3635 828 3693 Domino
869 3635 1219 3692 obdormivit.
1273 3633 1510 3689 Plurima
1559 3631 1660 3687 sub
1709 3625 1827 3700 ejus
1879 3630 2098 3684 nomine

512 3729 658 3785 edita
683 3735 832 3794 sunt,
860 3741 985 3798 quae
1021 3736 1208 3784 tamen
1245 3724 1365 3784 fere
1387 3723 1576 3786 omnia
1625 3737 1696 3786 es
1724 3721 1960 3783 Arabica
1990 3720 2094 3776 lia.

512 3833 618 3889 gua
644 3817 698 3873 in
749 3816 1022 3882 Latinam,
1049 3831 1124 3874 ex
1171 3816 1523 3886 antiquorum
1569 3813 1909 3878 medicorum
1945 3811 2097 3872 libris

513 3907 777 3964 translata
840 3905 1236 3966 sumusausi
1291 3906 1600 3968 institutum
1655 3911 1906 3966 nostrum
1959 3898 2095 3962 nihil

511 4007 785 4070 spectant,
813 3999 908 4055 sed
931 3997 1069 4069 quia
1089 3997 1397 4054 machus
1426 3995 1654 4063 exstitit,
1690 3993 1759 4054 ad
1788 3994 2096 4064 Scriptores

508 4073 673 4147 etiam
691 4090 1102 4154 ecclesiasticos
1129 4099 1408 4160 utcunqne
1438 4089 1714 4160 pertinere
1763 4095 1961 4158 potest.
2000 4099 2095 4146 cu-

501 4181 594 4254 jus
623 4183 890 4254 Operibus
917 4183 1264 4241 recensendis
1283 4181 1713 4242 immorabimur.

585 4274 816 4331 Exstant
837 4276 939 4332 sub
976 4273 1344 4345 ejusmomine
1391 4274 1651 4344 opuscula
1699 4272 1911 4334 medica
1939 4271 2092 4334 varis

507 4366 562 4424 in
583 4365 845 4440 Catalogo
882 4367 1149 4438 impresso
1170 4367 1434 4426 librorum
1469 4365 1775 4426 Bodleianae
1796 4365 2092 4426 bibliOthe-

505 4475 608 4528 ec,
627 4455 857 4520 Omnia
890 4459 1060 4526 1674,
1103 4457 1351 4525 iii-folio,
1396 4475 1429 4516 a
1455 4458 1664 4522 Thema
1695 4458 1878 4525 Hidio,
1906 4458 2088 4520 littora

509 4547 567 4620 ﬁ,
594 4565 720 4622 pag.
751 4550 876 4619 l'7l,
907 4550 1011 4606 col.
1038 4551 1093 4618 1,
1119 4550 1375 4605 nimirum
1408 4567 1423 4604 :

573 4641 750 4712 Opera
776 4640 1001 4699 Basilem
1023 4641 1190 4708 4559,
1217 4641 1355 4707 ca,
1388 4640 1443 4700 9.
1469 4639 1611 4710 Med.

2178 2185 2352 2240 -sunt,
2381 2175 2509 2232 licet
2539 2176 2800 2232 audacter
2847 2178 2899 2231 in
2937 2177 3064 2232 lolio
3089 2179 3192 2234 sub
3235 2179 3358 2250 ejus
3386 2182 3580 2236 nomine
3616 2184 3720 2238 [basi-

2209 2265 2306 2321 leae
2337 2267 2495 2322 anuis
2525 2267 2664 2322 1556
2701 2277 2756 2323 et
2809 2268 2948 2325 l559
2997 2269 3138 2338 apud
3170 2269 3463 2326 llenricum
3507 2269 3625 2328 Petri
3649 2275 3721 2330 hoc

2207 2357 2397 2412 ordine
2423 2358 2568 2412 edita
2596 2359 2726 2414 sint.

2291 2445 2551 2501 Viaticum
2613 2448 2677 2502 de
2733 2448 3034 2503 morborum
3081 2449 3384 2521 cognitione
3433 2461 3476 2505 ct
3517 2453 3722 2506 curatione

2201 2535 2358 2596 libris
2378 2553 2472 2592 vn.

2280 2627 2361 2683 De
2382 2628 2730 2682 remediorum
2754 2638 2801 2681 et
2834 2629 3210 2698 a'gritudinum
3236 2629 3524 2699 cognitione
3546 2629 3622 2687 lib.
3643 2648 3672 2686 ι.

2277 2718 2353 2774 De
2381 2719 2548 2774 urinis
2589 2719 2682 2773 lib.
2711 2734 2750 2772 ι.

2274 2806 2422 2878 Opus
2443 2808 2791 2865 Constantini
2825 2810 3101 2879 proprium
3142 2810 3223 2864 De
3272 2810 3518 2864 stomachi
3549 2811 3724 2880 allectis-

2205 2900 2356 2960 nt'bus
2373 2900 2706 2960 naturalibus
2727 2910 2774 2955 et
2807 2917 2910 2956 non
2931 2901 3273 2958 naturalibus
3305 2902 3399 2962 lib.
3427 2919 3462 2958 ι.

2272 2990 2352 3046 De
2404 2991 2567 3046 victus
2594 2992 2796 3045 ratione
2834 2991 3101 3046 variorum
3148 2993 3454 3048 morborum
3495 2993 3581 3048 lib.
3609 3009 3640 3049 t.
3674 2993 3724 3048 Dc

2195 3082 2550 3144 melancholia
2569 3082 2668 3144 lib.
2701 3097 2760 3142 tt.

2267 3173 2514 3230 Dccoitu
2543 3176 2638 3232 lib.
2665 3192 2714 3231 ιι.
2744 3175 2822 3230 De
2875 3173 3070 3230 anima!
3119 3186 3168 3231 et
3218 3176 3440 3247 spiritus
3485 3177 3726 3235 discriminc

2198 3267 2292 3323 lih.
2318 3284 2357 3323 ι.

2271 3357 2349 3414 De
2373 3361 2732 3414 inmutatione
2755 3369 2806 3415 et
2833 3358 3196 3430 adjurationc,
3247 3359 3472 3430 collique
3490 3357 3726 3413 susoctnio-

2204 3470 2286 3519 ne,
2314 3453 2540 3523 epistola
2570 3454 2637 3508 ad
2671 3453 2860 3508 ﬁlium.

2272 3541 2351 3597 De
2373 3541 2656 3597 mulierum
2686 3543 2881 3597 morbis
2905 3541 2997 3598 lib.
3049 3558 3091 3598 ι.
3119 3540 3201 3596 Dc
3226 3541 3496 3611 chirurgia
3523 3539 3602 3594 lib.
3619 3553 3651 3592 ί.
3674 3535 3728 3591 Dc

2197 3635 2451 3705 gradibus
2480 3635 2794 3704 simplicium
2816 3635 2910 3689 lib.
2943 3651 2982 3689 ι.

2269 3727 2349 3790 Ex
2379 3742 2512 3784 mss.
2546 3725 2826 3784 codicibus
2854 3725 3160 3786 Bodleiauae
3215 3723 3551 3786 bibliotheca:
3571 3719 3729 3776 etalis-

2199 3835 2318 3880 rum
2347 3819 2802 3890 bibliothecarum
2838 3818 2997 3873 facile
3047 3817 3330 3874 constabit
3378 3816 3550 3871 omnia
3589 3813 3677 3866 fere
3707 3826 3728 3862 a

2197 3909 2560 3968 Constantino
2596 3926 2704 3970 non
2753 3910 3082 3983 composita,
3129 3910 3229 3970 sed
3266 3907 3528 3970 translata
3562 3917 3728 3961 csseex

2195 4002 2400 4059 Graccis
2428 4001 2511 4062 vel
2539 4000 2794 4064 Arabicis
2820 3985 3247 4072 antiquioribus.
3281 4000 3517 4062 Etenim.

2269 4093 2415 4147 Inter
2437 4108 2568 4152 mss.
2619 4093 2843 4156 codices
2873 4091 3185 4154 Bodleianac
3227 4093 3570 4153 bibliotheca:
3590 4088 3731 4146 codice

2195 4183 2321 4250 708,
2359 4185 2412 4238 in
2461 4199 2592 4240 mss.
2645 4184 2926 4244 codicibus
2968 4182 3244 4244 Guillelmi
3291 4182 3465 4244 Laudi
3512 4180 3726 4244 litterati.

2195 4274 2380 4330 codice
2423 4273 2515 4340 56.,
2566 4289 2718 4335 num,
2769 4273 2829 4346 2,
2886 4272 3222 4335 Constantini
3279 4274 3476 4334 medici
3524 4270 3727 4326 l’icticum

2193 4365 2349 4423 liblis
2371 4381 2485 4432 VII;
2519 4363 2600 4426 De
2629 4366 2802 4426 ditatis
2841 4365 3226 4422 universalibus
3262 4377 3312 4426 et
3354 4362 3727 4434 particularibus,

2191 4457 2378 4515 Graece
2402 4456 2581 4512 in-fol.
2605 4456 2807 4516 ibidem
2835 4457 3022 4518 codice
3069 4456 3232 4524 1252,
3266 4457 3321 4511 in
3353 4471 3484 4512 mss.
3513 4451 3726 4510 Guillelmi

2191 4551 2360 4606 Laudi
2383 4549 2563 4608 littera
2585 4549 2650 4612 G,
2685 4548 2872 4606 codice
2891 4549 2984 4613 87,
3015 4564 3167 4610 num.
3217 4548 3273 4614 6,
3305 4547 3625 4603 Constantini
3645 4559 3727 4596 aw-

2193 4644 2346 4698 nachi
2385 4641 2642 4698 Viaticum
2692 4641 2851 4698 libris
2897 4657 2993 4697 νη.
3038 4640 3116 4698 Dc
3165 4641 3406 4712 febribus
3455 4639 3566 4704 libri
3607 4634 3727 4688 v.0:

575 4734 919 4804 Breyiarium
973 4735 1178 4791 dictum
1223 4732 1482 4788 Viaticum
1510 4733 1578 4788 de
1608 4731 1813 4788 morbis
1843 4730 2086 4802 corporis
2112 4755 2160 4818 ε
2194 4735 2383 4798 urinis,
2413 4733 2595 4787 omnia
2626 4749 2694 4788 ex
2748 4733 3006 4788 Arabico.
3058 4731 3265 4788 Ibidem
3293 4731 3488 4788 codice
3533 4727 3665 4792 1507,
3687 4726 3725 4778 iu

501 4825 725 4881 humani
753 4825 924 4898 Lugd.
954 4825 1118 4892 1570,
1143 4823 1224 4890 8ο,
1252 4827 1317 4877 Α.
1342 4825 1398 4887 4,
1430 4821 1570 4879 Med.

572 4915 810 4972 Libellus
865 4915 943 4970 De
971 4914 1286 4970 animalium
1311 4915 1490 4968 usuin
1526 4912 1808 4978 medicina,
1863 4910 2086 4966 Basiletn

502 5005 664 5073 1560,
696 5006 779 5073 8°,
809 5005 871 5062 C.
901 5005 992 5061 54.
1017 5005 1159 5061 Med.

569 5099 736 5157 Liber
783 5100 862 5155 De
894 5099 1124 5156 febribus
1147 5113 1269 5170 pag.
1326 5096 1453 5152 9.09..
1480 5095 1720 5150 V’enetiis
1749 5093 1900 5150 1576.
1925 5094 1990 5150 F.
2029 5096 2080 5151 1.

499 5191 1084 5350 9.1.):edprincipalibus
1135 5277 1376 5332 membris
1405 5279 1638 5348 corporis
1675 5279 1910 5342 humani,
1953 5293 2075 5350 pag.

497 5372 626 5435 513,
650 5371 702 5426 in
729 5371 908 5426 medio
929 5369 1072 5424 libri.
1101 5367 1329 5424 Basilete
1356 5368 1515 5423 1541.
1541 5369 1605 5423 Α.
1637 5368 1691 5423 2.
1717 5369 1772 5424 5.
1803 5369 1942 5424 Med.

567 5459 776 5515 Przcter
805 5459 1000 5514 librum
1027 5457 1103 5514 De
1121 5458 1378 5513 stomachi
1407 5460 1732 5514 naturalibus
1763 5469 1811 5513 et
1844 5475 1947 5512 non
1985 5475 2083 5512 ua-

499 5552 761 5606 turalibus
803 5550 1192 5620 affectionibus,
1244 5565 1406 5621 quem
1436 5549 1685 5620 Alphano
1719 5550 2076 5606 Salernitantc

501 5641 754 5698 Ecclesiae
801 5642 1206 5712 archiepiscopo
1258 5643 1608 5711 nuncupavit,
1663 5650 1863 5698 caetera
1894 5643 2073 5698 omnia

2190 4840 2321 4880 mss.
2353 4823 2626 4880 Guillelmi
2660 4822 2828 4878 Laudi
2860 4823 3042 4878 littera
3070 4822 3137 4888 ll,
3168 4822 3365 4879 codice
3393 4823 3482 4888 8|,
3520 4820 3726 4875 Constan-

2189 4915 2286 4970 tini
2310 4915 2549 4986 Africani
2585 4914 2780 4970 Montis
2827 4914 3128 4968 Casincnsis
3166 4913 3420 4968 monachi
3457 4907 3726 4967 Brcriaristn

2191 5007 2388 5061 dictum
2425 5003 2688 5060 Viaticum
2717 5006 2782 5060 de
2812 5005 3007 5060 morbis
3047 5006 3281 5075 corporis
3304 5003 3540 5058 humani.
3570 4999 3723 5055 Ibidem

2179 5097 2374 5154 codice
2396 5095 2560 5161 2069,
2600 5097 2651 5150 in
2681 5111 2812 5151 mss.
2840 5095 3062 5150 Thomas
3107 5095 3312 5151 Bodleii
3357 5093 3535 5148 littera
3579 5087 3634 5152 C,
3661 5097 3725 5139 co-

2191 5189 2309 5244 dice
2341 5189 2391 5252 l‘,
2427 5185 2762 5242 Constantini
2788 5187 3030 5258 Africani
3078 5185 3346 5240 Viaticum
3376 5183 3610 5255 praeﬁca:
3643 5192 3723 5229 atc-

2187 5281 2378 5334 dicintc
2407 5280 2496 5334 lib.
2527 5295 2621 5334 vn.
2652 5279 2878 5346 Ibidem,
2916 5279 3104 5335 codice
3118 5277 3285 5344 2414,
3317 5277 3373 5332 in
3402 5288 3528 5330 mss.
3549 5270 3722 5327 Thom

2187 5369 2392 5428 Bodleii
2428 5368 2604 5424 littera
2632 5368 2696 5434 F,
2743 5369 2799 5433 8,
2833 5369 3020 5423 codice
3043 5367 3102 5432 4,
3156 5381 3309 5422 num.
3340 5366 3399 5430 4,
3427 5361 3591 5418 Isa'uci
3616 5357 3722 5411 Dia-

2183 5461 2378 5513 tarium
2403 5459 2510 5513 sive
2531 5457 2610 5513 De
2638 5459 2809 5513 diaetis
2837 5457 3243 5512 universalibus.
3281 5455 3450 5512 Num.
3479 5452 3513 5507 5
3537 5448 3720 5520 cjusdm

2181 5552 2311 5605 liber
2339 5551 2612 5605 urinaru'm
2654 5562 2699 5606 et
2732 5551 2862 5605 liber
2903 5549 2951 5603 Ε
2953 5551 3152 5604 ebrium
3203 5568 3236 5604 a
3271 5547 3609 5602 Constantino
3639 5551 3721 5591 Iw-

2186 5644 2350 5697 nacho
2380 5643 2640 5698 translati.
2671 5642 2870 5700 Ibidem
2893 5642 3080 5698 codice
3113 5643 3274 5698 2755.
3305 5641 3363 5695 in
3388 5654 3517 5695 mss.
3547 5633 3720 5692 Thom

3838 1383 3839 1440 ι

3838 1655 3839 1716 ι

3838 1727 3839 1804 1

3837 1811 3839 1900 (

3838 2207 3839 2288 ι
