3902 6316
188 301 309 361 156⁸

768 289 1297 348 CONSTANTINUS
1333 291 1555 349 CASIN.
1592 288 1896 348 MONACII.
1946 319 2010 329 —
2048 286 2318 344 NOTITIA
2363 286 2538 342 HIST.
2577 284 2666 341 ET
2702 284 2876 339 LITT.

3302 286 3323 340 1
3336 284 3438 341 562

184 389 399 456 Bodleii,
428 399 588 458 supra
636 399 693 438 η.
737 384 798 449 2,
835 385 951 438 Art.
979 382 1166 439 codice
1196 384 1284 449 11,
1332 400 1484 439 nutu.
1513 384 1546 439 6
1572 383 1754 441 Dia’tte
1785 385 1830 442 Α
1861 379 2165 435 Casinensis
2216 378 2481 432 monachi.
2539 375 2741 432 Ibidem
2799 374 2985 431 codice
3040 373 3164 439 556,
3206 378 3261 430 in
3306 392 3436 432 mss.
3473 438 3479 444 ,

184 479 492 541 universales
515 490 560 533 ct
584 476 929 548 particulares
950 493 1042 546 per
1062 478 1374 547 magistrum
1393 476 1571 535 Isaac.
1592 475 1750 537 Num,

181 580 209 633 7
234 575 467 646 ejusdem
490 571 642 625 Liber
672 571 965 625 urinarum.
984 567 1140 623 Num.
1173 569 1226 632 8,
1256 568 1586 623 Constantini
1608 568 1754 637 Afri-

178 669 293 724 cani
336 666 465 721 iiber
500 663 576 718 De
614 664 903 717 stomacho.
948 660 1109 716 Num.
1153 660 1187 715 9
1210 660 1444 730 ejusdem
1471 661 1535 714 de
1569 675 1752 729 regen-

178 761 358 815 dorum
384 768 642 810 canonum
696 752 920 817 ratione,
977 751 1107 807 liber
1141 750 1493 821 imperfectus.
1549 751 1750 805 Ibidem

178 849 359 906 codice
386 845 555 911 6749,
597 846 652 899 in
678 858 810 899 mss.
861 842 1250 922 Asbmolianis,
1286 842 1620 896 Constantini
1655 840 1752 897 In-

184 940 535 995 troductiones
570 935 960 999 astronomiae,
1010 934 1064 989 iu
1094 933 1409 988 membrana
1435 932 1594 999 1471,
1623 947 1747 1003 pag.

176 1027 294 1085 183.
323 1024 743 1082 lbidem‘codice
776 1022 937 1088 752.9,
963 1022 1015 1077 in
1035 1037 1171 1080 mss.
1199 1016 1585 1085 Ashmolianis,
1610 1020 1750 1077 Con-

175 1119 386 1175 stantini
414 1117 544 1170 liber
588 1116 652 1169 de
675 1115 838 1180 coitu,
864 1114 916 1169 in
947 1115 1258 1169 membrana
1290 1112 1448 1177 1471,
1480 1128 1601 1183 pug.
1624 1113 1747 1167 175.

182 1211 234 1265 b.
264 1209 465 1264 Ibidem
497 1207 687 1262 codice
729 1206 891 1272 7781,
919 1204 1081 1273 7782,
1113 1206 1165 1260 in
1197 1221 1327 1260 mss.
1363 1204 1746 1268 Aslnnolianis,

175 1302 329 1357 Isaac
366 1300 500 1354 liber
524 1299 771 1367 febrium,
798 1312 952 1371 quem
996 1294 1371 1354 Constantinus
1399 1296 1461 1355 in
1503 1294 1748 1355 Latinum

174 1392 454 1448 transtulit.
491 1389 802 1446 Membrana
832 1389 1077 1456 inprobo,
1101 1389 1261 1444 1471).
1291 1388 1446 1447 Liber
1466 1389 1748 1459 ditctamnt

172 1482 586 1545 oarticularium,
614 1481 667 1535 in
704 1480 1016 1535 membrana
1043 1478 1241 1534 ibidem
1266 1479 1323 1532 2.

237 1573 378 1626 Inter
405 1585 537 1625 mss.
566 1569 780 1626 codices
822 1568 1203 1625 Universitatis
1246 1566 1596 1635 Oxoniensis,
1652 1581 1751 1621 co-

172 1662 283 1716 dice
316 1659 441 1723 686,
475 1660 528 1714 iu
581 1674 715 1714 mss.
750 1658 963 1729 collegii
1008 1657 1373 1713 lllertonensis
1403 1658 1591 1712 codice
1619 1656 1745 1722 219,

1854 468 2133 527 codicibus
2157 467 2374 541 collegii
2403 465 2928 534 CajovGonritensis.
2956 465 3016 520 in
3045 465 3197 523 libris
3234 464 3307 520 De
3332 485 3440 522 me—

1855 562 2030 615 dicina
2053 558 2244 613 Latiue
2264 558 2592 628 compositis
2622 560 2809 613 codice
2834 558 2887 627 6,
2930 574 3082 615 mnu.
3116 559 3168 624 1,
3208 556 3437 613 Viaticus

1855 655 1919 708 de
1944 653 2206 707 curandis
2235 649 2430 703 morbis
2472 665 2546 703 vn
2586 649 2740 704 libris
2763 649 2843 703 vel
2871 649 3120 719 partibus
3146 649 3440 704 concinna-

1856 756 1963 803 tus.
1994 745 2192 805 Ibidem
2242 742 2429 797 codice
2458 740 2660 804 962,in
2720 740 2914 797 iisdem
2951 756 3081 797 mss.
3133 741 3316 797 codice
3348 741 3435 806 12,

1854 852 2004 891 num.
2028 836 2089 901 .3,
2122 832 2502 891 Constantinus
2543 831 2614 885 de
2656 832 2945 885 stomacho.
3001 831 3199 886 Ibidem
3248 831 3438 887 codice

1852 927 1983 992 976,
2010 928 2063 983 in
2098 926 2293 981 iisdem
2326 937 2461 979 mss.
2493 921 2793 984 codicibus,
2843 922 3029 977 codice
3078 922 3172 983 26,
3202 939 3353 979 num.
3382 924 3435 977 1.

1852 1018 1931 1074 De
1976 1017 2171 1072 morbis
2212 1026 2259 1073 et
2315 1030 2496 1071 eorum
2522 1012 2885 1066 curationibus
2916 1012 3036 1067 libri
3074 1029 3168 1080 vn,
3202 1031 3350 1069 num.
3378 1015 3434 1070 2.

1852 1110 2225 1166 Constantinus
2259 1108 2543 1176 Africanus
2575 1103 2771 1158 Montis
2813 1100 3111 1159 Casinensis
3156 1107 3219 1159 de
3240 1108 3438 1162 melan-

1851 1202 2042 1269 cholia,
2067 1210 2218 1255 num.
2242 1200 2296 1254 5.
2329 1198 2583 1268 Ejusdem
2605 1195 2737 1250 liber
2766 1196 2835 1250 de
2868 1198 3166 1251 stomacho.
3193 1196 3352 1253 Num.
3372 1200 3434 1275 ,4,

1849 1294 2084 1365 ejusdem
2114 1293 2243 1346 liber
2286 1292 2352 1345 de
2392 1288 2666 1344 oblivione.
2717 1288 2880 1344 Num.
2930 1290 2984 1354 5,
3018 1288 3174 1344 Liber
3198 1293 3437 1361 magistri

1851 1384 2182 1443 Constantini
2208 1382 2447 1452 Africani
2466 1381 2531 1435 de
2557 1382 2719 1435 coitu.
2752 1379 2914 1435 Num.
2944 1380 2996 1435 6.
3031 1380 3183 1436 Alius
3212 1381 3350 1436 liber
3370 1383 3437 1436 de

1848 1476 2063 1543 eodem,
2089 1474 2388 1545 praesertim
2412 1474 2476 1527 de
2495 1471 2839 1527 delectatione
2867 1475 3178 1527 animalium
3203 1476 3255 1529 in
3274 1476 3431 1528 coitu.

1850 1567 2011 1622 Num.
2032 1567 2094 1631 7,
2127 1568 2257 1621 liber
2277 1567 2604 1635 elephantine.
2631 1563 2792 1618 Num.
2810 1565 2865 1629 8,
2896 1564 2967 1620 De
2998 1568 3151 1619 modo
3173 1566 3433 1620 medendi.

1853 1659 2011 1713 Num.
2039 1658 2097 1722 9,
2116 1656 2491 1712 Constantinus
2520 1654 2715 1708 Montis
2737 1652 3040 1710 Casinensis
3068 1657 3130 1711 de
3156 1655 3434 1710 Febribus.

171 1753 228 1807 P.
254 1751 345 1818 22,
376 1719 498 1807 in.
531 1766 686 1807 num.
714 1750 775 1816 5,
802 1719 1181 1806 Constantinus
1229 1748 1515 1819 Africanus
1542 1752 1607 1803 de
1635 1719 1748 1804 ειοὲ
1776 1719 1823 1781 Β
1850 1749 2056 1805 Ibidem
2085 1719 2301 1807 codice
2349 1748 2506 1811 1866,
2532 1748 2611 1820 ,s.
2656 1764 2772 1807 mss
2838 1748 3122 1804 codicibus
3152 1748 3348 1804 donius
3375 1746 3434 1802 s.

173 1844 375 1909 maclto,
406 1844 471 1897 de
508 1841 879 1908 melancholia,
909 1851 1016 1898 etc.
1041 1843 1246 1898 Ibidem
1269 1842 1457 1897 codice
1479 1842 1746 1908 (398,699,

174 1936 225 1989 in
248 1949 382 1989 mss.
421 1934 633 2005 collegii
681 1934 1043 1990 Merloneusis
1083 1935 1269 1989 codice
1308 1934 1437 1998 231,
1483 1933 1749 1991 Thcorica:

170 2022 422 2094 Pantegni
471 2024 801 2080 medicinalis
850 2023 1183 2079 Constantini
1214 2024 1458 2093 Africani
1505 2024 1660 2079 libris
1690 2040 1746 2078 x.

171 2116 225 2171 P.
256 2117 378 2172 214.
403 2117 523 2171 Art.
550 2118 759 2182 codice,
782 2118 908 2172 252.
940 2116 1270 2171 Constantini
1295 2116 1533 2185 Africani
1572 2115 1747 2169 Viati-

173 2224 426 2262 cumcum
483 2208 657 2277 glossa
686 2208 902 2263 Ceraldi
952 2207 1015 2261 Ρ.
1069 2207 1195 2263 215.
1250 2209 1486 2262 Artium.
1540 2206 1745 2261 Ibidem

168 2299 344 2354 codice
373 2297 501 2362 722,
522 2300 572 2353 in
601 2314 732 2354 mss.
757 2299 973 2371 collegii
1003 2299 1379 2365 Mertonensis,
1410 2300 1595 2355 codice
1614 2299 1744 2366 255,

168 2407 309 2445 num.
336 2389 389 2454 5,
419 2388 806 2445 Constantinus
837 2390 1122 2457 Africanus
1167 2392 1231 2445 de
1271 2390 1583 2460 (egritudine
1606 2400 1654 2444 et
1682 2391 1747 2445 de

169 2483 427 2536 anatomia
454 2483 735 2535 stomachi.
759 2482 821 2535 Ρ.
854 2482 907 2535 4.
935 2483 989 2535 6.
1018 2487 1135 2535 Art.
1171 2481 1369 2535 Ibidem
1402 2482 1593 2537 codice
1616 2481 1745 2546 937,

164 2572 216 2627 in
246 2588 373 2627 mss.
430 2572 643 2641 collegii
706 2569 1003 2627 Orielensis
1055 2572 1242 2626 codice
1284 2572 1368 2632 55,
1417 2571 1745 2626 Constantini

167 2664 417 2733 Africani,
453 2667 649 2719 montis
694 2663 995 2719 Casinensis
1020 2666 1284 2728 monachi,
1321 2664 1586 2718 Medicina
1617 2681 1744 2732 pra-

170 2757 319 2809 ctica.
344 2755 549 2810 Ibidem
579 2756 771 2810 codice
793 2755 919 2819 914,
946 2756 998 2809 in
1034 2772 1167 2810 mss.
1202 2757 1390 2811 iisdem
1438 2756 1627 2811 codice
1650 2755 1741 2820 62,

163 2847 492 2902 Constantini
522 2848 763 2918 Africani
784 2851 982 2902 montis
1005 2848 1306 2903 Casinensis
1336 2850 1580 2907 monachi
1622 2846 1745 2900 Via-

166 2938 333 2992 ticum.
392 2937 552 2992 isaae
604 2938 835 2993 medicus
878 2939 941 2992 de
982 2940 1175 2991 urinis.
1227 2936 1482 3006 Ejusdem
1522 2938 1656 2991 liber
1681 2938 1745 2991 de

1847 1840 2022 1907 Petri,
2050 1840 2236 1894 codice
2266 1840 2393 1904 204,
2444 1856 2596 1894 num.
2650 1839 2705 1905 1,
2760 1840 3061 1909 Aphorisnn'
3100 1838 3436 1909 Hippocratis

1849 1949 1967 1993 cum
1992 1935 2366 1986 commentario
2395 1931 2606 1997 Caleni,
2636 1949 2700 1986 ex
2723 1932 3152 2001 interpretatione
3174 1929 3436 1985 Constan—

1846 2025 1944 2078 tini
1975 2024 2234 2093 Africani,
2287 2023 2485 2077 Montis
2536 2022 2838 2078 Casinensis
2870 2023 3132 2087 monachi,
3162 2020 3435 2074 medicina:

1846 2114 2019 2184 periti.
2050 2114 2249 2167 Ibidem
2279 2114 2469 2169 codice
2504 2115 2663 2180 1880,
2700 2116 2751 2168 in
2790 2129 2919 2167 mss.
2976 2113 3214 2182 ejusdem
3244 2113 3435 2166 domus

1849 2206 1907 2259 S.
1940 2203 2084 2259 Petri
2116 2204 2306 2259 codice
2330 2205 2454 2269 218,
2508 2223 2656 2261 num.
2704 2208 2756 2275 1,
2799 2204 3059 2258 Viaticum
3104 2204 3434 2259 Constantini

1845 2309 1964 2347 cum
1986 2292 2230 2362 glossulis
2263 2290 2507 2348 Cerardi.

1917 2386 2063 2441 Inter
2089 2401 2220 2440 mss.
2245 2386 2463 2442 codices
2511 2387 2866 2442 ecclesiarum
2896 2388 3105 2457 Anglia:
3147 2389 3435 2444 cathedra-

1849 2478 1979 2531 lium
2010 2486 2068 2533 et
2088 2478 2318 2535 aliarum
2364 2478 2661 2534 celcbrium
2710 2478 3188 2544 bibliothecarum,
3246 2480 3435 2537 codice

1844 2568 1975 2634 255,
2008 2569 2063 2625 in
2091 2584 2223 2625 mss.
2262 2570 2554 2624 culicibus
2590 2572 2834 2627 ecclesia:
2870 2573 3203 2628 calbedrulis
3233 2572 3431 2627 Duuel-

1840 2660 2071 2725 snensis,
2102 2659 2282 2715 littera
2307 2658 2369 2725 C,
2398 2661 2589 2715 codice
2614 2660 2739 2724 170,
2766 2659 3100 2715 Constantini
3136 2660 3424 2715 Viaticum.

1852 2753 2132 2809 Tractatus
2155 2754 2218 2806 de
2247 2754 2388 2809 coitu
2434 2752 2748 2807 animalium
2795 2771 2827 2806 a
2855 2763 3049 2807 natura
3085 2754 3324 2808 instituto
3363 2754 3433 2805 ad

1840 2845 2293 2901 conservationem
2347 2846 2633 2915 specierum
2683 2846 2736 2899 in
2784 2845 3090 2912 individuis,
3148 2859 3275 2915 pug.
3306 2845 3429 2899 107.

1840 2936 1924 2993 De
1952 2939 2205 2995 memoria
2234 2946 2282 2993 et
2328 2953 2445 2990 eam
2465 2936 2770 3006 juvantibus
2818 2937 3117 3001 medicinis,
3148 2952 3269 3007 pag.
3301 2935 3429 2990 224.

167 3029 404 3097 febribus.
451 3029 715 3098 Ejusdem
746 3029 1060 3084 Dicetarium
1104 3031 1395 3084 universale
1418 3039 1468 3082 et
1508 3030 1742 3098 porticu-
1768 3071 1808 3098 ρ
1850 3026 1924 3081 Dc
1944 3028 2189 3096 passione
2210 3028 2372 3085 iliaca
2394 3039 2450 3085 et
2468 3029 2583 3096 ejus
2627 3030 2920 3094 curatione,
2945 3043 3068 3097 pag.
3090 3028 3220 3093 225,
3263 3028 3431 3082 iii-4°.

162 3120 288 3175 lare.
316 3121 528 3176 ibidem
553 3121 741 3176 codice
788 3120 951 3187 1151,
980 3122 1033 3175 in
1068 3136 1196 3175 mss.
1224 3119 1504 3175 codicibus
1530 3119 1739 3191 collegii
1772 3116 1809 3128 “
1836 3116 2065 3180 ibidem,
2099 3119 2289 3175 codice
2319 3118 2443 3186 745,
2503 3120 2553 3173 iu
2594 3134 2724 3173 mss.
2758 3119 3045 3174 codicibus
3073 3118 3316 3177 ecclesia:
3342 3135 3434 3174 ca-

166 3211 313 3276 Novi,
338 3214 531 3267 codice
554 3211 684 3276 167,
721 3228 872 3266 omn.
912 3213 966 3277 5,
1000 3210 1261 3267 I'iaticani
1325 3212 1656 3266 Constantini
1682 3212 1740 3265 in

167 3320 235 3358 vn
266 3303 408 3358 libris
436 3320 558 3357 cum
589 3301 1038 3356 adnotationibus.
1067 3300 1223 3354 Liber
1245 3300 1402 3354 Isaae
1422 3302 1486 3354 de
1513 3300 1741 3369 febribus

169 3411 197 3445 a
222 3392 573 3448 Constantino
594 3392 884 3446 translatus
907 3392 972 3445 ab
1004 3392 1227 3448 Arabica
1259 3393 1314 3445 in
1357 3390 1602 3444 Latinam
1638 3390 1743 3443 lin-

167 3502 333 3555 guam.
358 3485 567 3541 Ibidem
626 3484 909 3540 codicibus
941 3484 1101 3548 1741,
1133 3483 1295 3547 1742,
1348 3484 1400 3537 in
1430 3499 1561 3539 mss.
1593 3482 1745 3537 codi-

170 3574 314 3630 cibus
340 3575 555 3645 collegii
588 3574 647 3628 S.
673 3573 898 3629 Joannis
930 3574 1186 3643 Baptista:
1218 3574 1270 3627 in
1300 3574 1483 3628 Abaco
1507 3572 1743 3628 secundo

168 3664 229 3730 A,
264 3667 447 3723 codice
481 3667 534 3729 5,
561 3666 907 3721 Constantino
938 3666 1180 3735 Africani
1214 3666 1344 3720 liber
1368 3667 1629 3733 medicus,
1654 3667 1743 3719 di-

169 3766 272 3812 ctus
302 3757 627 3828 Pantegnus.
653 3759 851 3814 Codice
888 3759 923 3813 4
962 3759 1102 3815 idem
1136 3759 1188 3811 in
1236 3758 1370 3812 duas
1399 3769 1580 3826 partes
1610 3758 1746 3815 divi-

170 3860 271 3900 sus.
300 3845 504 3902 Ibidem
535 3847 723 3902 codice
742 3845 904 3912 2192,
958 3848 1013 3901 in
1041 3862 1175 3901 mss.
1202 3846 1409 3916 collegii
1451 3846 1508 3901 S.
1563 3846 1745 3901 Mariae

166 3933 493 4006 'ilagdalena:
511 3937 700 3992 codice
720 3936 810 4004 51,
838 3934 1212 3991 Constantinus
1241 3938 1548 4006 Africanus.
1586 3936 1745 3991 Liber

170 4038 391 4081 excusus
421 4026 649 4082 Basilea:
678 4026 814 4082 1559
842 4027 989 4083 hunc
1028 4027 1242 4081 titulum
1262 4028 1454 4091 liabet,
1483 4026 1556 4081 De
1596 4043 1745 4083 com-

174 4120 405 4173 munibus
436 4119 635 4173 medico
657 4120 866 4190 cognitu
900 4121 1206 4173 necessariis
1241 4119 1389 4173 locis.
1414 4120 1528 4173 Illic
1563 4121 1745 4174 conti-

172 4218 363 4262 nentur
400 4207 745 4263 Pautechnon
766 4209 881 4277 sive
921 4206 1196 4262 Theorica.
1240 4207 1585 4262 Enumeratio
1622 4225 1747 4278 par-

171 4300 295 4353 tium
334 4300 565 4370 corporis
594 4300 809 4353 Itumani
862 4299 1485 4369 etymologicovpractica,
1514 4301 1632 4355 sive
1671 4301 1747 4355 De

175 4390 415 4458 regimine
462 4390 728 4457 sanitatis,
756 4407 863 4444 una
892 4406 1010 4444 cum
1035 4389 1167 4444 libro
1193 4389 1273 4445 De
1314 4390 1572 4447 diuisione
1602 4408 1745 4446 cura:

175 4481 558 4548 mgritudinum.
587 4480 795 4537 Ibidem
832 4483 1020 4539 codice
1044 4482 1207 4547 2198,
1257 4482 1309 4535 in
1339 4497 1471 4537 mss.
1500 4481 1740 4551 ejusdem

176 4568 374 4641 collegii
404 4573 595 4629 codice
643 4572 735 4639 57,
764 4590 914 4628 num.
940 4575 1000 4640 5,
1030 4573 1410 4629 Constantinus
1438 4574 1742 4644 'Africanus

176 4661 620 4719 dentelancliolia.
658 4664 862 4719 Ibidem
912 4666 1103 4721 codice
1128 4666 1297 4731 2514,
1334 4667 1389 4721 in
1422 4683 1555 4722 mss.
1598 4669 1744 4739 ejus-

178 4751 293 4807 dem
320 4754 532 4825 eollegii
578 4755 770 4810 codice
810 4756 931 4822 175,
958 4766 1214 4811 tractatus
1256 4758 1324 4811 de
1350 4759 1543 4823 urinis,
1566 4758 1633 4811 de
1671 4760 1748 4827 [e-

177 4842 366 4912 bribus,
392 4843 767 4901 Constantinus
799 4846 864 4901 de
892 4847 1081 4915 oculis,
1116 4849 1183 4909 de
1222 4849 1595 4919 melaueltolia.
1642 4851 1762 4906 Ibi-'

180 4935 293 4989 dem
318 4938 598 4994 codicibus
620 4937 786 5006 2315,
818 4939 984 5003 2516,
1020 4940 1073 4994 in
1096 4955 1233 4996 mss.
1264 4939 1509 5009 ejusdem
1534 4942 1747 5012 collegii

182 5025 237 5081 S.
264 5028 445 5086 Marias
471 5031 805 5104 Magdalenen
844 5033 1031 5089 codice
1068 5032 1174 5087 174
1213 5033 1399 5088 Ωἱωιω
1429 5035 1747 5091 universales

178 5129 223 5169 et
245 5122 583 5188 partleulares
606 5122 805 5179 Isaaci.
840 5123 1043 5180 Codice
1088 5125 1210 5191 175,
1242 5124 1498 5196 Ejusdem
1526 5126 1659 5181 liber
1682 5120 1749 5181 de

176 5206 403 5295 febribus
452 5231 486 5268 a
534 5214 877 5271 Constantino
925 5216 1236 5272 translatus.
1299 5216 1380 5272 De
1440 5218 1639 5283 urinis,
1686 5218 1750 5272 de

181 5296 460 5358 elementis.

254 5393 396 5451 Inter
424 5415 554 5455 mss.
584 5401 803 5456 codices
854 5399 1239 5456 Universitatls
1263 5399 1746 5471 Cautabrigiensis,

186 5485 515 5556 διῄρε-592,
568 5493 622 5548 in
654 5509 784 5548 mss.
817 5492 1093 5549 codicibus
1135 5491 1347 5562 collegii
1378 5493 1436 5547 8.
1464 5493 1751 5551 Trinitatis

188 5572 241 5627 in
269 5587 418 5646 parte
442 5581 790 5638 bibliotheca:
837 5584 1083 5649 australi,
1129 5582 1322 5639 classis
1342 5583 1439 5649 23,
1468 5587 1612 5640 serie
1664 5584 1748 5638 in-

192 5664 334 5735 lima,
366 5673 547 5731 codice
580 5674 633 5741 5,
660 5691 807 5731 num.
838 5675 891 5743 ι,
928 5676 1080 5731 Liber
1119 5674 1396 5731 Cratinum
1421 5662 1749 5732 Conslautini

1840 3209 2111 3264 tliedralis
2136 3210 2559 3281 Wigorniensis,
2610 3211 2796 3266 codice
2845 3210 2936 3275 70,
2970 3209 3257 3275 Theoricw,
3297 3210 3436 3265 Con-

1841 3301 2060 3355 stantini
2086 3300 2280 3354 llontis
2302 3301 2482 3355 Casini
2522 3301 2641 3357 libri
2674 3317 2727 3355 χ.
2753 3300 2954 3359 Ibidem
2986 3301 3174 3359 codice
3209 3301 3333 3366 760,
3362 3301 3418 3357 in

1838 3405 1979 3451 mss.
2010 3391 2289 3446 codicibus
2310 3392 2552 3460 ejusdem
2598 3390 2844 3446 ecclesiae
2870 3390 3201 3446 catliedralis
3220 3389 3435 3460 Wigor-

1836 3486 2071 3554 niuosis,
2123 3487 2310 3545 codice
2350 3487 2444 3551 85,
2498 3503 2646 3539 nunt.
2697 3487 2786 3549 10,
2832 3487 2963 3541 liber
2998 3486 3332 3541 Constantini
3369 3487 3435 3541 de

1836 3576 2096 3645 «febribus.
2130 3575 2290 3629 Num.
2324 3577 2412 3642 11,
2445 3576 2578 3630 liber
2634 3578 2913 3630 urinarum
2940 3576 3103 3631 Isaac
3131 3578 3197 3633 ab
3250 3579 3434 3633 eodem

1844 3668 2155 3722 translatus.
2178 3668 2403 3732 Ibidem,
2426 3669 2622 3724 codice
2640 3669 2770 3732 .885,
2798 3669 2849 3725 in
2876 3685 3006 3725 mss.
3032 3670 3311 3725 codicibus
3340 3669 3429 3723 in-

1843 3758 1903 3818 4ο
1933 3758 2045 3816 illic
2071 3759 2455 3822 existentibus,
2484 3760 2672 3814 codice
2699 3760 2788 3823 59,
2822 3759 3075 3812 Theorica
3104 3759 3434 3813 Constantini

1844 3846 2041 3901 Montis
2066 3848 2388 3902 Casinensis.
2418 3849 2640 3916 Ibidem,
2667 3850 2854 3904 codice
2880 3849 3005 3915 885,
3040 3850 3091 3903 in
3127 3866 3255 3903 mss.
3281 3850 3433 3904 codi-

1843 3942 1998 3996 cibus
2023 3941 2160 3995 ἰη-4ο
2180 3943 2425 4012 ejusdem
2456 3943 2698 3999 ecclesiae
2724 3943 3057 3998 cautem-alis
3089 3942 3435 4014 Wigornicn-

1844 4036 1941 4098 sis,
1979 4035 2168 4090 codice
2212 4035 2302 4100 41,
2365 4034 2622 4089 Viaticnm
2671 4033 3009 4091 Constantini
3052 4037 3117 4089 de
3156 4035 3348 4089 morbis
3383 4044 3434 4089 et

1846 4127 2120 4179 curatione
2155 4142 2337 4179 eorum
2375 4125 2529 4179 libris
2566 4142 2660 4179 vu.
2721 4125 2876 4178 Liber
2909 4127 3202 4177 urinarum.
3252 4123 3434 4179 bima:

1844 4216 2112 4284 generales
2145 4214 2328 4269 Isaac.
2376 4215 2603 4278 Ibidem,
2655 4216 2842 4270 codice
2878 4215 3041 4277 5088,
3091 4216 3143 4269 iu
3179 4231 3308 4271 mss.
3351 4231 3436 4269 co-

1844 4303 2060 4359 dicibus
2094 4303 2453 4359 Norfalciantc
2503 4303 2869 4367 bibliothecae,
2903 4305 3088 4359 codice
3112 4304 3242 4367 189,
3278 4319 3431 4359 num.

1775 4420 1823 4479 ι)
1847 4399 1903 4462 5,
1928 4396 2086 4451 Isaac
2127 4396 2208 4450 De
2233 4396 2400 4450 urinis
2448 4412 2483 4449 α
2517 4394 2863 4451 Constantino
2900 4395 3189 4453 translatus
3240 4395 3296 4449 in
3339 4395 3437 4449 litt-

1850 4505 2009 4559 guain
2034 4486 2322 4558 vulgarem.
2364 4487 2593 4550 Ibidem,
2622 4486 2811 4545 codice
2834 4486 2995 4549 5258,
3031 4487 3082 4540 iu
3124 4502 3257 4545 mss.
3286 4487 3437 4541 codi-

1847 4579 2003 4634 cibus
2028 4577 2272 4647 ejusdem
2315 4577 2657 4635 bibliothecae
2707 4575 2894 4631 codice
2934 4576 3060 4642 559,
3102 4574 3437 4631 Constantini

1847 4671 2040 4726 πιεάὲίὶ
2083 4668 2363 4729 Viaticunt.
2396 4667 2753 4738 Principium.
2781 4666 3016 4737 Capillus
3042 4685 3106 4727 ea:
3132 4668 3305 4737 fumo,
3323 4680 3430 4724 etc.

1852 4762 2081 4827 Ibidem,
2111 4761 2298 4819 codice
2344 4760 2511 4825 5655,
2567 4760 2622 4817 in
2648 4775 2781 4819 mss.
2824 4759 3104 4819 codicibus
3155 4758 3435 4813 Francisci

1854 4851 2144 4917 Bernardi,
2176 4854 2365 4913 codice
2387 4852 2474 4919 64,
2522 4870 2672 4913 num.
2701 4853 2789 4919 12,
2821 4851 3155 4907 Constantini
3188 4848 3435 4904 Practiea

1852 4946 1917 5001 de
1952 4944 2145 5003 morbis
2172 4945 2422 5001 curandis
2473 4947 2761 5003 secundum
2789 4946 3017 4999 diversos
3040 4944 3301 4999 doctores.
3334 4943 3437 4998 lbi-

1851 5036 1998 5100 dem,
2030 5035 2221 5092 codice
2250 5035 2412 5103 otto,
2444 5037 2495 5091 in
2525 5053 2657 5091 mss.
2682 5022 2966 5090 codicibus
2989 5034 3167 5090 Caroli
3201 5034 3426 5104 Tlteycn

1853 5128 2048 5182 codice
2077 5126 2169 5191 40,
2208 5126 2443 5183 Viaticus
2485 5126 2840 5191 Constantini,
2866 5136 2915 5180 et
2954 5125 3110 5179 Isaac
3140 5126 3217 5180 De
3239 5126 3432 5185 urinis.

1850 5218 2281 5284 undemmodice
2306 5221 2437 5276 6441
2454 5262 2467 5286 ,
2483 5222 2536 5275 in
2563 5234 2691 5279 mss.
2710 5219 3179 5279 codicibusCaroli
3199 5218 3434 5284 Theyet'i

1846 5308 2096 5377 eiusdem
2127 5312 2315 5369 codice
2338 5313 2426 5376 71,
2474 5312 2866 5371 Antidotorimn
2921 5310 3276 5368 Constantini.
3328 5310 3435 5365 Ibi-

1857 5405 2000 5470 dem,
2026 5406 2215 5460 codice
2236 5404 2397 5468 6605,
2434 5405 2485 5461 in
2510 5419 2640 5463 mss.
2671 5404 2950 5461 codicibus
2982 5403 3224 5471 eJ'USdcm
3252 5400 3435 5459 Caroli

1854 5494 2114 5566 ‘Tbcyeri,
2132 5496 2323 5552 codice
2336 5494 2459 5555 255.
2485 5511 2634 5551 num.
2656 5496 2682 5550 1
2696 5535 2710 5559 ,
2729 5493 3056 5565 Pantegnum
3077 5491 3431 5551 Constantini.

1856 5589 2086 5653 Ibidem,
2128 5588 2525 5657 codice.7671,
2590 5590 2643 5645 in
2695 5602 2827 5642 mss.
2875 5586 3153 5647 codicibus
3206 5584 3432 5642 Bobcrti

1863 5677 2227 5746 Burscough.,
2286 5680 2471 5737 codice
2526 5679 2613 5743 52,
2668 5693 2813 5737 num.
2863 5677 2914 5747 8,
2959 5674 3115 5733 Liber
3156 5675 3430 5731 urinarum
