3902 6316
498 303 638 359 ιὸϐὅ

1054 300 1517 359 CONSTANTINI
1551 303 1775 360 CASIN.
1818 302 2125 361 MONACII.
2160 304 2528 364 PROLOGUS
2569 308 2656 363 DE
2683 308 2868 363 ARTE
2907 285 3182 364 MEDICA.

3612 312 3713 369 1568

500 421 657 475 Isaac
687 420 786 490 ﬁlii
808 420 1126 487 Salomonis,
1150 439 1242 492 per
1262 421 1661 475 Constantinum
1689 421 1997 490 Africanum
2024 440 2090 477 ea:
2116 427 2163 483 A
2194 426 2355 478 nachi
2394 424 2677 480 Viaticunt.
2710 424 2823 479 lloc
2861 432 3043 478 autem
3095 423 3418 492 impressum
3464 438 3587 493 opus
3609 444 3718 485 anno

498 513 677 581 lingua
710 513 933 568 Arabica
972 515 1025 568 in
1056 512 1301 567 Latinam
1332 530 1527 567 versus.
1564 513 1722 568 Num.
1750 514 1803 577 9,
1835 513 1989 568 Liber
2015 515 2081 568 de

498 607 670 660 diwtis
700 606 1104 661 universalibus.
1132 605 1291 660 Num.
1324 604 1411 670 10,
1445 605 1600 659 Liber
1618 607 1683 660 de
1701 606 1873 661 dicetis
1906 607 2077 675 parti-

496 698 789 752 cular-ibus.
844 697 1005 753 Num.
1053 699 1142 762 Η,
1195 696 1351 751 Liber
1394 695 1555 751 Isaac
1603 698 1668 751 de
1712 697 1940 767 febribus
1988 713 2080 766 per

494 788 903 843 Constantinum
950 790 1262 859 Africanum
1311 807 1512 844 uersus.
1580 789 1739 843 Num.
1786 787 1875 852 12,
1925 786 2081 842 Liber

506 880 695 935 Viatici
730 899 822 950 per
860 881 1263 936 Constantinum
1288 883 1342 936 in
1374 882 1617 936 Latinam
1645 881 1879 951 linguam
1900 890 2083 934 trans-

494 973 657 1027 latus.
684 973 912 1039 Ibidem,
940 975 1127 1029 codice
1177 973 1337 1038 8475,
1387 974 1438 1028 ἰιι
1490 989 1619 1027 mss.
1676 972 1954 1027 codicibus
1994 971 2083 1027 Ja-

497 1064 694 1119 cobtete
753 1064 1117 1132 bibliothecae,
1171 1065 1359 1121 codice
1410 1064 1534 1129 75l,
1591 1064 1922 1119 Constantini
1966 1080 2082 1119 mo-

531 1229 719 1241 ——_

2188 517 2325 573 1475
2371 518 2473 573 sub
2518 517 2681 573 titulo
2710 517 2991 575 Tractatus
3031 516 3097 577 de
3135 514 3437 569 morborum
3478 520 3719 587 cognitione

2184 616 2232 659 et
2262 608 2552 662 curatione.

2257 697 2683 769 Meminit-hujus
2708 699 2998 770 scriptoris
3034 699 3229 755 Petrus
3254 699 3512 754 diaconus
3533 698 3602 753 De
3625 701 3719 755 ritis

2185 786 2480 841 illustribus
2509 788 2910 854 Casinensibus,
2948 805 3072 860 cap.
3125 789 3218 854 25,
3273 787 3451 843 Josias
3503 786 3719 845 Simlerus

2185 879 2237 933 in
2272 879 2514 950 Epitome
2541 880 2891 938 Bibliotheca:
2917 868 3353 947 Gesneri,verbo
3371 881 3720 949 Constantinus,

2186 986 2308 1042 pag.
2336 970 2437 1025 146
2469 988 2483 1036 ;
2516 971 2837 1028 Guillelmus
2865 973 3042 1028 Cavus
3092 973 3144 1027 in
3179 971 3421 1027 Historia
3460 972 3531 1027 rei
3553 972 3720 1027 littera-

2188 1065 2280 1119 ria:
2303 1063 2513 1121 Sreculo
2540 1081 2617 1133 xu,
2646 1067 2712 1120 ad
2743 1081 2941 1122 annum
2974 1065 3137 1129 l072,
3172 1081 3296 1137 pag.
3328 1065 3455 1121 618.

2524 1231 2929 1242 _——

531 1228 3712 1263 ————.——————————_—ﬁ

1029 1370 2299 1487 CONSTANTINI
2360 1374 3275 1491 APRIGANI

1676 1598 2225 1677 PROLOGUS
2303 1598 2579 1676 LIBRI

654 1789 789 1918 DE
873 1785 1524 1918 CllMMllNlBllS
1604 1787 1981 1920 MEDICO
2074 1824 2076 1881 η

2176 1790 2509 1918 lGNl'I‘ll
2591 1789 3248 1921 NECESSARIIS
3331 1788 3640 1923 LOCIS.

1371 2019 1646 2085 QUALES
1690 2017 2044 2073 MEDICINA}
2080 2017 2417 2074 DISCIPULI
2459 2018 2631 2073 ESSE
2666 2018 3004 2074 DEBEAN'I'.

1961 2206 2374 2221 ﬂ.

567 2322 796 2394 Oportet
842 2338 966 2378 eum
992 2323 1085 2394 qui
1144 2324 1427 2381 medicina:
1478 2325 1591 2379 vult
1630 2325 1879 2380 obtinere
1926 2325 2079 2379 habi-
2111 2328 2156 2387 B
2186 2324 2348 2380 ritate
2379 2339 2476 2379 sua
2511 2325 2705 2381 mortis
2728 2325 2957 2380 misceat
3007 2324 3306 2394 potionem.
3344 2322 3529 2391 Neque
3574 2322 3733 2378 doceat

492 2429 628 2485 tum,
661 2428 721 2475 nt
750 2420 1011 2492 magister
1046 2421 1114 2477 ab
1144 2437 1209 2478 eo
1231 2423 1548 2483 honoretur,
1577 2422 1846 2489 laudetur,
1871 2422 2081 2492 sibique

491 2514 632 2570 sicut
654 2513 967 2583 parentibus
1016 2514 1305 2569 serviatur.
1338 2514 1661 2569 Parentibus
1689 2513 1832 2568 enim
1865 2524 1950 2569 est
1986 2515 2082 2569 ho-

491 2620 594 2659 nor
620 2604 978 2670 exhibendas,
1001 2614 1060 2659 ut
1090 2605 1176 2659 his
1235 2620 1264 2659 a
1292 2606 1489 2675 quibus
1538 2620 1659 2661 esse
1688 2605 1941 2660 sumitur.
1968 2605 2081 2660 Ma-

490 2697 661 2764 gister
688 2695 1062 2761 honorandus,
1116 2707 1234 2751 uta
1268 2712 1374 2767 quo
1400 2712 1520 2751 esse
1570 2698 1703 2752 rude
1747 2707 1803 2753 et
1851 2699 2081 2755 informe

492 2786 839 2841 informatur.
872 2788 1260 2858 Quemcunque
1284 2805 1414 2843 vero
1447 2789 1704 2859 magister
1723 2790 2079 2845 erudiendum

490 2877 818 2948 susceperit,
870 2879 1049 2933 videat
1104 2893 1162 2933 ut
1216 2879 1511 2950 discipulus
1556 2881 1855 2935 secundum
1909 2895 1968 2934 se
2010 2881 2081 2934 sit

494 2968 711 3037 dignus.
739 2968 938 3039 Dignos
962 2984 1178 3038 quoque
1225 2970 1570 3040 postmodum
1598 2977 1654 3023 et
1708 2970 1821 3038 ipse
1865 2970 2075 3034 doceat,

494 3064 549 3110 et
577 3055 691 3112 hare
719 3057 836 3111 sine
863 3061 1111 3126 pecunia,
1144 3068 1200 3113 et
1251 3060 1369 3113 sine
1419 3069 1628 3124 tenore,
1659 3058 1840 3129 aliquo
1884 3059 2081 3114 futuri-

490 3164 598 3217 que
621 3149 797 3203 meriti
827 3150 1217 3214 emolumento,
1246 3160 1303 3205 et
1333 3152 1584 3222 indignos
1612 3151 1681 3206 ab
1705 3153 1810 3208 hac
1851 3155 2078 3209 scientia

495 3232 762 3293 repellere
789 3242 1023 3305 satagat.
1071 3235 1305 3289 Laboret
1332 3245 1514 3290 autem
1561 3236 1706 3291 circa
1762 3236 1962 3292 inﬁrmi
1991 3255 2079 3295 re-

491 3325 855 3394 cuperandam
914 3327 1227 3389 sanitatem,
1281 3341 1460 3397 neque
1501 3327 1605 3384 hoc
1649 3327 1815 3384 faciat
1859 3339 2080 3399 propter

490 3428 642 3484 spem
665 3415 926 3483 pecunim,
983 3431 1160 3486 neque
1189 3417 1385 3471 divites
1417 3416 1539 3487 plus
1581 3418 1894 3474 consideret
1915 3435 2078 3490 quam

488 3521 776 3577 pauperes,
815 3524 992 3578 neque
1020 3510 1230 3565 nobiles
1275 3510 1397 3581 plus
1440 3526 1605 3581 quam
1652 3512 1938 3582 ignobiles.
1970 3512 2078 3568 Po-

490 3600 692 3654 tionem
743 3601 990 3655 nocivam
1021 3618 1199 3672 neque
1246 3603 1361 3672 ipse
1393 3604 1605 3669 doceat,
1648 3620 1827 3674 neque
1872 3606 2075 3661 docen-

491 3691 634 3748 tibus
672 3693 1027 3764 acquiescat:
1076 3710 1143 3749 ne
1177 3695 1299 3765 quis
1329 3696 1493 3752 idiota
1542 3697 1769 3752 audiens
1796 3712 1863 3753 ex
1889 3706 2079 3753 aucto-

2184 2419 2457 2485 quomodo
2479 2416 2757 2471 abortivus
2804 2416 2920 2471 ﬁat.
2948 2416 3082 2472 Cum
3128 2415 3605 2471 auteminﬁrmum
3628 2416 3737 2470 visi-

2187 2508 2403 2572 taverit,
2434 2523 2537 2563 non
2569 2524 2666 2564 cor
2709 2524 2867 2564 suum
2925 2508 3039 2576 ejus
3088 2515 3331 2577 apponat
3380 2505 3554 2571 uxori,
3582 2505 3739 2575 ejusve

2184 2598 2436 2654 ancillam
2477 2599 2790 2655 consideret
2812 2600 2893 2653 vel
2937 2598 3121 2653 ﬁliam.
3155 2598 3281 2652 llaec
3301 2596 3448 2652 enim
3479 2612 3568 2652 cor
3590 2597 3739 2651 humi-

2182 2692 2268 2747 nis
2306 2702 2605 2748 excaacant.
2636 2691 2976 2748 lnﬁrmitatis
3005 2702 3186 2747 autem
3209 2691 3311 2747 sibi
3342 2690 3561 2746 creditae
3608 2688 3737 2744 solus

2182 2784 2344 2840 debet
2371 2787 2622 2842 conscius
2648 2802 2792 2843 esse.
2844 2786 3149 2855 Aliquando
3178 2784 3326 2839 enim
3377 2782 3614 2837 inﬁrmus
3641 2796 3737 2834 me-

2185 2875 2312 2930 dico
2342 2875 2602 2946 patefacit
2628 2877 2771 2946 quod
2817 2876 3135 2947 parentibus
3177 2874 3427 2929 conﬁteri
3471 2872 3737 2927 erubescit.

2186 2965 2483 3023 Luxuriam
2521 2967 2713 3038 fugiat,
2744 2968 3133 3024 delectationes
3185 2965 3372 3022 seculi
3417 2979 3540 3019 cum
3587 2962 3720 3017 ebrie

2184 3066 2294 3113 tate
2336 3067 2549 3114 caveat.
2597 3057 2691 3115 Ha:
2719 3060 2864 3113 enim
2912 3067 3151 3114 mentem
3197 3056 3532 3119 disturbant,
3574 3067 3742 3122 corpo-

2181 3153 2367 3219 risque
2402 3151 2532 3204 vitia
2554 3150 2887 3205 confortant.
2914 3148 3302 3204 Assiduitatem
3330 3156 3478 3201 amet
3513 3144 3666 3200 studii
3697 3143 3740 3196 in

2182 3242 2426 3298 curanda
2464 3243 2707 3298 sanitate
2748 3242 3019 3313 corporis,
3070 3256 3247 3311 neque
3295 3240 3541 3296 lectionis
3566 3246 3743 3293 conta}-

2182 3333 2334 3401 deat,
2367 3344 2427 3388 ut
2457 3336 2501 3390 si
2559 3335 2784 3404 quando
2838 3336 3006 3390 libros
3052 3335 3289 3401 amittat,
3328 3334 3503 3403 ipsum
3549 3328 3745 3397 adjuvet

2180 3426 2465 3480 memoria.
2526 3425 2711 3497 Neque
2755 3427 3031 3497 quoslibet
3076 3427 3400 3496 dedignetur
3432 3423 3646 3477 visitare
3671 3420 3743 3474 in-

2180 3516 2390 3583 ﬁrmos,
2418 3530 2476 3572 ut
2504 3535 2723 3589 semper
2752 3521 2804 3574 in
2836 3520 3235 3590 experimentis
3280 3520 3352 3572 sit
3378 3514 3653 3572 valentior.
3675 3512 3747 3567 Sit

2179 3608 2324 3676 pius,
2356 3609 2594 3674 humilis,
2635 3620 2978 3677 mansuetus,
3013 3609 3282 3675 amabilis,
3307 3608 3493 3665 divino
3510 3617 3748 3676 expetens

2186 3700 2388 3757 auxilio
2418 3700 2680 3770 adjuvari.

570 3952 1134 4016 Reverendissimo
1156 3957 1333 4025 Patri,
1355 3957 1622 4017 domino
1654 3958 2003 4019 Dasrosnro
2035 3961 2250 4023 abbati
2287 3962 2649 4036 Casinensi,
2684 3966 2883 4027 totius
2913 3965 3165 4029 ordinis
3198 3960 3611 4031 ecclesiastici
3644 3968 3742 4030 de-

398 4128 401 4131 _
487 4053 620 4114 cori
649 4054 1002 4134 praecipuo,
1037 4056 1524 4118 Cousuurruus
1572 4055 1916 4119 Africanus
1948 4059 2171 4121 omnia
2208 4061 2493 4123 secunda
2523 4069 2801 4142 exoptat.

557 4239 732 4307 Multi,
759 4240 1211 4296 reverendissime
1260 4241 1444 4305 Pater,
1490 4242 1775 4309 dubitant,
1805 4245 2074 4300 medicina
2101 4226 2151 4290 C
2184 4254 2336 4301 turus
2383 4255 2438 4301 et
2463 4247 2888 4304 constitutiones
2918 4263 3098 4305 vanas
3120 4250 3358 4316 discere,
3385 4259 3443 4307 et
3469 4253 3744 4321 corruptio-

483 4332 789 4387 scientiane
836 4333 907 4388 sit
952 4348 1144 4397 necne,
1189 4332 1429 4403 dumque
1487 4334 1660 4405 ipsam
1693 4336 1762 4390 ab
1788 4336 1997 4391 artibus
2020 4344 2077 4390 et

485 4422 731 4478 scientiis
757 4424 1076 4490 excludunt,
1119 4423 1482 4480 excluduntur
1532 4426 1631 4496 ipsi
1677 4442 1706 4479 a
1740 4428 2076 4497 prtestantis-

485 4516 626 4570 sima
656 4516 854 4570 artium
905 4517 1223 4584 medicina;
1262 4519 1391 4574 dum
1440 4519 1583 4574 enim
1629 4528 1840 4589 tempus
1870 4517 2076 4574 inutili-

484 4607 589 4662 bus
617 4608 1005 4677 quaestionibus
1030 4610 1343 4681 sophisticis
1375 4621 1557 4666 terunt
1614 4611 1897 4678 inutiliter,
1923 4611 1985 4666 ﬁt
2017 4621 2074 4666 ut

487 4713 764 4767 nunquam
796 4702 864 4755 ad
912 4716 1095 4755 veram
1128 4703 1425 4773 utilemque
1458 4703 1906 4773 speculationem
1939 4704 2074 4759 artis

486 4792 827 4860 perveniant.
859 4792 1018 4849 Acuti
1050 4795 1300 4852 homines
1322 4796 1622 4867 disputant,
1646 4797 1790 4852 illam
1820 4813 1925 4854 non
1952 4813 2073 4853 esse

2179 4353 2308 4391 num
2340 4354 2557 4404 causas,
2586 4340 2960 4395 membrorum
2991 4342 3238 4396 ordinem
3274 4351 3329 4396 et
3358 4342 3743 4413 dispositionem

2187 4437 2243 4483 et
2278 4428 2583 4499 huiusmodi
2612 4428 2843 4499 reliqua.
2896 4429 3051 4485 Unde
3090 4446 3209 4501 ego,
3256 4432 3492 4487 evolutis
3520 4431 3744 4486 omnibus

2158 4520 2344 4575 bonis
2389 4519 2733 4576 medicorum
2783 4520 3116 4589 auctoribus,
3142 4522 3422 4578 veteribus
3455 4533 3514 4578 et
3559 4523 3745 4577 moder-

2180 4611 2287 4675 nis,
2333 4611 2541 4667 Graecis
2569 4621 2624 4666 et
2664 4610 2893 4675 Latinis,
2922 4613 3158 4667 maxime
3186 4612 3418 4675 Cra-cis.
3457 4613 3551 4683 qui
3594 4613 3745 4668 adhuc

2181 4703 2234 4757 in
2262 4704 2363 4758 hac
2410 4703 2697 4771 facultate,
2734 4713 2797 4758 ut
2845 4706 2900 4759 in
2947 4705 3071 4760 aliis
3124 4705 3332 4773 multis,
3388 4705 3597 4760 Latinis
3628 4720 3743 4774 pra:-

2148 4828 2151 4829 ν
2183 4803 2357 4861 stant,
2385 4796 2638 4850 contraxi
2674 4796 2727 4851 in
2759 4804 2969 4851 erctum
3002 4810 3124 4866 qua:
3151 4795 3382 4850 nimium
3407 4796 3526 4851 fuse
3557 4795 3642 4850 isti
3666 4794 3747 4848 ba-

488 4883 795 4952 scientiam,
852 4901 975 4955 qua:
1030 4888 1395 4959 magisquam
1441 4890 1547 4945 ulla
1596 4891 1700 4946 alia
1750 4891 1818 4945 de.
1866 4900 2076 4947 natura:
2122 4892 2153 4923 "
2181 4887 2336 4953 bent,
2362 4887 2691 4958 omniaquae
2729 4896 2959 4957 possunt
3006 4886 3307 4957 perfectum
3355 4883 3744 4942 medieumeﬁi—

491 4975 747 5043 operibus
798 4986 998 5032 tractat
1040 4995 1055 5039 ;
1113 4980 1391 5049 coluerent
1442 4991 1624 5037 autem
1672 4983 1853 5038 omnia
1907 4998 2073 5052 opera

488 5078 697 5122 natura:
748 5070 1055 5127 certissimo
1085 5074 1294 5139 ordine,
1327 5083 1381 5129 et
1422 5089 1609 5129 eorum
1653 5074 1917 5144 principia
1948 5082 2075 5130 sunt

486 5159 721 5213 certiora
754 5161 897 5228 aliis,
948 5178 1047 5218 nec
1098 5163 1258 5218 facile
1320 5164 1603 5218 inveniunt
1632 5173 1805 5218 artem
1845 5179 1964 5233 quae
1997 5166 2070 5219 ita

489 5248 682 5304 ordine
721 5252 1008 5335 procedat,
1057 5263 1112 5308 et
1163 5254 1237 5307 ita
1269 5253 1415 5308 aliud
1464 5270 1531 5307 cx
1579 5254 1687 5309 alio
1714 5255 2068 5329 intelligatur.

486 5341 808 5397 Absolutum
847 5358 1010 5399 nemo
1060 5343 1383 5423 proﬁteatur
1418 5359 1477 5400 se
1525 5344 1930 5416 philosophum,
1965 5347 2068 5401 nisi

491 5439 676 5486 teneat
702 5434 838 5500 lucc,
875 5435 979 5509 alia
1004 5435 1149 5490 enim
1171 5436 1354 5491 omnia
1410 5437 1557 5502 huic,
1610 5440 1867 5491 utomnls
1895 5438 2070 5508 philo-

487 5524 692 5593 sophiae
724 5532 958 5596 (sacram
996 5529 1298 5599 excipimus
1328 5529 1750 5601 philosophiam)
1802 5530 1918 5593 ﬁni,
1968 5529 2067 5585 de-

488 5620 756 5674 serviunt.
809 5620 946 5688 Quid
1009 5624 1153 5678 cnim
1203 5623 1592 5678 elementorum
1664 5622 2067 5678 commistioncs

486 5717 639 5775 juvat
687 5710 852 5775 scire,
882 5728 1002 5767 eum
1034 5714 1122 5779 qui
1164 5730 1270 5768 non
1322 5712 1493 5781 pergit
1525 5712 1759 5781 partium
1801 5720 2065 5781 tempera-

2183 4992 2330 5032 cere.
2372 4977 2645 5044 Quoniam
2687 4977 2856 5032 multa
2881 4977 3167 5048 prolixius,
3201 4978 3372 5032 multa
3400 4978 3616 5033 brevius
3636 4973 3744 5030 mihi

2183 5067 2509 5123 videbantur
2530 5069 2600 5124 ab
2640 5067 2752 5125 illis
2795 5070 3018 5140 scripta.
3057 5069 3127 5125 Et
3162 5084 3270 5126 non
3300 5084 3495 5126 omnes
3545 5076 3745 5140 possunt

2177 5160 2420 5215 omnium
2453 5161 2623 5216 libros
2649 5175 2853 5217 emere.
2910 5161 2977 5216 Et
3001 5161 3047 5217 si
3077 5162 3211 5217 ιιίιιίι
3263 5161 3413 5218 aliud
3451 5162 3651 5233 profeci
3674 5159 3743 5216 bis

2137 5255 2317 5310 'meis
2376 5254 2677 5319 laboribus,
2730 5263 2787 5311 et
2829 5254 2964 5309 nihil
3006 5254 3207 5321 addidi,
3260 5263 3394 5324 puto
3449 5263 3631 5310 autem
3673 5266 3743 5306 me

2178 5343 2347 5399 multa
2397 5344 2563 5399 etiam
2614 5344 2886 5399 invenisse
2929 5355 2985 5398 et
3025 5343 3317 5407 addidisse,
3379 5352 3540 5399 erant
3588 5352 3740 5397 tamen

2177 5435 2552 5491 commentarii
2579 5435 2757 5490 idonei
2815 5436 3134 5504 interpretes
3162 5433 3504 5504 Hippocratis
3524 5444 3579 5490 et
3604 5433 3738 5490 Gate.

2132 5570 2133 5573 η
2182 5527 2257 5593 ni,
2287 5540 2499 5583 necnon
2524 5525 2760 5581 aliorum
2788 5526 3137 5595 scriptorum.
3161 5525 3393 5593 Quidam
3425 5526 3571 5580 enim
3600 5522 3738 5579 nimi:

2136 5656 2139 5657 ν
2182 5618 2469 5673 verborum
2493 5616 2803 5686 proxilitate
2853 5616 3107 5672 lectorem
3139 5630 3171 5670 a
3213 5632 3273 5672 se
3329 5616 3616 5687 repellunt,
3641 5614 3735 5683 qui.

2180 5711 2302 5767 dam
2323 5710 2550 5767 nimium
2578 5711 2805 5768 obscura
2832 5710 3130 5767 brevitate:
3158 5724 3261 5766 nos
3286 5709 3508 5768 trodum
3530 5710 3738 5768 tenuisse
