1917 3231
239 122 307 150 1567

834 121 874 148 CA
881 119 1039 148 RDINALIS
1059 119 1123 146 DEU
1130 118 1251 147 SDEDIT

1766 125 1803 150 liti-1

237 178 405 206 Athanasius
419 178 562 214 episcopus
577 175 776 205 Alexandrinus
787 177 881 205 scribit
897 177 926 203 B.
945 177 1027 204 Felici
1043 179 1065 207 Α
1082 175 1178 207 locavi,
1200 175 1261 210 quia
1277 182 1346 210 pcue
1360 182 1454 202 onmes
1478 174 1536 202 alia:
1549 175 1624 208 bina,
1639 175 1691 203 alia
1702 177 1757 212 plura
1766 181 1806 208 it;-
1853 167 1854 170 Ἰ

239 223 326 260 papzr)
346 231 398 253 non
423 224 522 251 debere
544 223 646 260 absquo
672 223 790 251 Romani
807 224 943 260 pontiﬁcis
969 231 1028 250 scn-

242 269 325 297 tentia
340 269 452 296 concilia
465 269 610 302 celebrari,
627 277 677 297 nec
691 270 833 304 episcopos
855 269 987 303 damnari,
1003 274 1030 296 et

238 314 328 341 omnia
343 315 444 350 majora
459 316 565 350 negotia
594 315 626 342 ad
643 315 762 350 ejusdem
784 315 917 351 judicium
931 315 1030 342 debere

238 360 348 387 deferri.
360 360 419 391 _,Sed
433 365 460 388 et
474 361 636 390 Sardieense
651 361 804 393 concilium,
828 362 898 397 quod
912 361 964 388 500
974 361 1030 397 cpi-

237 414 333 443 scopus
344 407 438 434 habuit
450 412 518 435 teste
527 408 672 435 universali
683 416 711 444 sy
717 408 796 440 uodo,
805 416 863 445 quae
870 415 883 433 a
894 408 952 435 suis
963 415 1028 434 cnu-

238 452 371 480 ditoribus
395 459 490 481 octava
511 454 623 487 dicitur,
646 454 762 489 capitulo
774 453 841 485 3,et
863 453 889 486 4,
911 458 939 480 et
954 452 1027 488 (Cor.

239 506 275 524 v:I
288 503 311 525 et
324 498 352 533 ι)
373 499 399 531 6,
416 503 444 526 et
459 499 486 533 9,
505 499 599 527 eadem
617 500 724 531 statuit,
736 505 763 527 et
787 500 822 526 ita
840 500 914 526 inter
930 504 1028 526 czetera

239 544 268 572 Β.
281 545 432 580 papmlulio
441 546 564 580 scripsit:
580 546 712 580 Optimum
725 551 748 573 et
763 546 837 573 valde
848 546 1029 580 congruentis-

238 592 335 618 simum
348 600 403 618 esse
416 592 555 624 videbitur.
569 593 590 619 si
606 593 640 619 ad
652 597 740 626 caput,
760 593 786 618 id
800 598 836 619 est
855 593 888 619 ad
911 592 942 618 Β.
956 592 1030 619 Petri

238 636 351 671 apostoli
363 637 448 664 sedem
461 638 493 664 de
507 638 615 672 singulis
626 639 769 673 quibusque
778 639 915 673 provinciis
924 638 1029 665 Domini

237 682 353 716 referant
363 684 520 710 sacerdotes.
538 684 604 711 Huic
616 685 697 711 etiam
713 690 777 711 ante
801 684 873 710 illam
896 684 1028 719 synodum

240 731 343 754 tantum
361 729 518 755 reverentim
532 729 565 756 ab
588 729 706 763 antiquis
721 729 847 757 l’atribus
868 729 965 764 legitur
979 729 1028 755 im-

239 779 348 805 pensem
377 772 472 805 fuisse.
491 778 519 800 ιιι
547 774 591 801 ille
615 775 727 807 insignis
745 780 848 809 martyr
865 774 1027 810 Cyprianus,

239 816 374 844 Africame
390 819 537 853 provinciae
554 820 665 853 pritnas,
683 820 786 854 legatur
800 820 826 846 in
838 820 893 847 suis
905 820 1027 854 epistolis

1081 221 1188 256 negotia
1208 220 1368 253 continent;
1384 226 1412 248 et
1433 221 1455 248 si
1471 221 1620 249 secundum
1636 231 1751 251 numerum
1760 234 1807 261 reg-:-

1082 267 1182 293 tiorum
1202 266 1235 293 de
1249 267 1348 301 quibus
1359 273 1443 302 agunt
1469 268 1625 303 acciperent
1636 270 1808 301 sectionemimlr

1079 312 1199 339 laborem
1223 312 1380 348 plurimum,
1393 318 1421 340 ct
1437 314 1594 341 auctoritati
1618 314 1810 352 aﬂ'errentdcrugi.

1081 359 1197 386 tionem:
1215 359 1330 394 ideoque
1342 367 1440 387 moneo
1454 360 1625 394 scriptorem,
1641 368 1672 387 ne
1685 361 1811 396 lcetorgmr

1080 409 1121 432 ter
1135 404 1298 439 oll‘endatur,
1308 411 1335 432 ut
1348 414 1400 433 non
1410 406 1496 433 solum
1512 407 1537 434 in
1556 408 1732 442 emendatione
1742 411 1813 438 cutim,

1079 459 1171 479 verum
1187 451 1269 478 etiam
1290 452 1316 478 in
1335 453 1458 487 utrisque
1481 453 1604 479 numeris
1619 458 1687 480 recte
1698 454 1813 481 selubcmiu

1079 500 1106 524 et
1125 497 1286 524 cautissime
1299 498 1480 525 emendandis
1492 497 1661 533 diligentiam
1674 499 1813 529 adhibuim-

1081 541 1143 569 licet
1163 542 1234 570 ineo
1251 543 1296 577 qui
1313 543 1467 578 suppositus
1483 548 1526 570 est
1537 544 1688 578 quibusque
1700 545 1816 579 capitulim

1081 588 1145 614 item
1162 588 1187 615 in
1203 597 1236 615 eo
1254 589 1299 623 qui
1317 594 1459 623 pertotum
1467 589 1590 616 codicem
1601 590 1743 624 prmpositus
1751 590 1815 615 esile
1862 609 1863 615 η

1079 634 1148 668 gulis
1164 634 1393 661 deﬁoratiouihus.

1115 680 1201 708 Porro
1217 681 1239 708 si
1254 689 1305 715 qua
1320 681 1363 708 hic
1377 681 1491 714 inserta,
1515 681 1588 716 quod
1613 681 1691 707 etiam
1704 681 1727 707 in
1744 689 1817 714 evang»

1079 726 1149 753 listis
1163 734 1234 761 smpe
1258 727 1400 762 contingit,
1417 727 1469 754 sibi
1499 727 1618 754 invicem
1637 727 1754 753 COftlt'Jt'ia
1775 728 1817 753 uik-
1863 760 1864 767 γ

1079 773 1199 806 buntur;
1231 773 1396 800 discretione
1423 773 1543 800 adhibita
1567 772 1648 799 facile
1667 772 1759 806 patebit,
1777 774 1818 805 qaut

1079 827 1167 853 neque
1181 819 1245 851 sibi.
1261 827 1312 847 nec
1323 824 1399 846 extra
1414 819 1509 853 positis
1525 818 1670 853 scripturis
1687 818 1818 844 adversentur.

239 864 459 899 presbyterorum
476 869 502 891 et
523 865 697 891 diaconormn
714 865 862 891 Romanam
879 864 1026 892 Ecclesium
1043 854 1064 883 Β
1080 864 1155 896 Quod
1170 865 1191 892 si
1207 869 1331 899 patenter
1343 864 1481 897 adversari
1493 863 1819 897 contigerit,inferiorum

238 912 299 942 post
312 909 470 943 martyrium
479 909 587 936 Fabiani
600 910 809 944 gubernantium
822 911 929 936 statutis
941 910 1029 936 immi-

235 954 299 981 iiter
310 955 443 988 paruisse,
459 959 485 982 et
501 963 593 982 corum
608 963 667 990 qua:
685 956 755 990 apud
770 964 846 982 suam
863 956 1029 991 provinciam

237 999 409 1032 gerebantur,
418 999 529 1026 directis
543 1000 576 1027 ad
589 1007 635 1027 eos
649 1000 781 1034 epistulis.
792 1001 928 1035 rationem
939 1000 1027 1027 reddi-

238 1045 319 1072 disse.
334 1044 403 1078 Quin
415 1046 493 1072 etiam
513 1046 583 1073 idem
599 1045 687 1073 clerus
708 1045 804 1080 legitur
819 1046 844 1072 in
861 1045 982 1080 epistolis
996 1045 1029 1072 ad

237 1091 361 1118 emndctu
377 1091 541 1126 Cyprianum
559 1091 660 1122 missis,
676 1096 702 1117 cl
717 1091 749 1117 ad
762 1091 929 1123 Siciliaru,et
942 1090 975 1117 ad
989 1090 1030 1117 di-

237 1143 331 1162 versas
345 1140 437 1169 partes
453 1135 583 1170 cpistoias
601 1135 744 1168 direxisse,
761 1140 788 1162 ct
804 1136 920 1162 nondum
933 1135 1028 1170 prtesi-

238 1181 319 1208 dente
332 1181 457 1208 Cornelio
472 1190 521 1216 pro
531 1182 735 1210 imminentibus
745 1187 807 1209 ttmc
820 1182 935 1216 negotiis
946 1182 1028 1209 etiam

238 1227 271 1253 ad
290 1227 477 1254 celebrandam
501 1227 592 1254 Roma:
616 1228 747 1262 synodum
773 1227 914 1262 episcopos
931 1234 1029 1254 conro-

237 1279 324 1300 061888.

273 1318 339 1350 Qum
353 1325 414 1345 cum
430 1319 466 1346 ita
492 1319 557 1351 sint,
570 1319 638 1346 satis
666 1318 779 1353 impium
805 1318 911 1345 videtur
935 1326 1030 1352 quern-

236 1363 302 1390 libet
321 1364 369 1400 .qui
388 1364 545 1392 Christiano
570 1365 679 1392 nomine
697 1365 838 1400 glorietur,
863 1364 1029 1391 Chrisiianis

239 1413 405 1449 temporibus
424 1413 553 1441 Romam:
576 1413 704 1442 Ecclesiae
721 1413 833 1441 monitis
849 1420 901 1439 non
917 1412 1029 1447 acquie—

237 1465 324 1490 scere,
343 1466 405 1485 cum
427 1459 477 1486 sub
501 1459 697 1494 persecutionis
713 1458 871 1486 crudelitate
885 1458 940 1486 Deo
956 1458 1028 1493 digni

237 1505 378 1538 pontifices
393 1509 448 1531 tam
462 1505 558 1532 devote
572 1506 721 1540 paruerint,
737 1506 818 1532 etiam
835 1505 897 1532 dum
922 1507 1034 1532 careret:

238 1550 375 1584 pontifice.
392 1550 525 1577 Arbitrati
552 1551 651 1586 quippe
665 1555 727 1579 sunt
746 1551 842 1578 Patres
867 1551 964 1586 spiritu
983 1551 1028 1578 Dei

237 1594 322 1630 pleni,
333 1596 432 1625 beatos
443 1596 696 1631 aposwlosi’ctrum
712 1602 740 1627 et
757 1597 869 1626 Paulum
884 1598 910 1625 in
922 1605 953 1625 ea
970 1605 1029 1624 ma.-

238 1641 347 1675 guilicis
375 1642 480 1669 meritis
495 1642 584 1671 vivere
603 1648 630 1671 et
643 1651 766 1678 praeesse,
782 1645 926 1679 ﬁdemque,
948 1652 1028 1679 quam

238 1687 272 1714 ab
287 1688 387 1715 eisdem
404 1689 534 1724 suscepit,
550 1697 609 1724 qute
628 1690 654 1717 in
670 1695 725 1718 toto
754 1691 865 1724 mundo,
887 1691 983 1718 eodem
998 1691 1028 1718 Β.

238 1732 321 1761 Paulo
338 1736 663 1768 attestaute,annuntiata
679 1742 721 1764 est
735 1737 923 1770 etlaudata,in
934 1737 1028 1764 eadem

239 1787 324 1814 usque
339 1780 364 1807 in
379 1781 476 1808 smeula
493 1790 545 1809 non
557 1782 691 1815 deficere;
708 1783 754 1810 sed
770 1788 798 1809 ut
811 1783 897 1811 eidem
911 1782 1030 1810 B.Petro

240 1825 401 1860 imperatum
424 1827 523 1860 fuerat,
545 1836 738 1864 usquequaque
770 1830 871 1864 positos
891 1830 988 1857 fratres
1002 1830 1028 1857 in

239 1871 335 1898 eadem
349 1872 400 1899 ﬁde
415 1873 589 1901 conﬁrmare.
612 1874 675 1902 llmc
689 1875 741 1903 ctsi
759 1875 893 1903 interdum
908 1876 1030 1904 adversis

240 1916 332 1943 mundi
345 1916 452 1944 ﬂatibus
464 1918 637 1952 opprimitur,
655 1920 763 1946 meritis
775 1925 863 1947 tatnen
879 1921 1028 1955 principum

236 1962 433 1996 apostolonun,
456 1964 501 1998 qui
526 1964 552 1991 in
565 1972 597 1993 ea
617 1969 645 1992 et
656 1965 748 1993 vivunt
761 1969 789 1993 et
805 1966 959 2001 praesident,
976 1974 1028 1994 non

239 2008 372 2036 obruitur.
389 2009 522 2043 Quoniam
542 2011 592 2038 etsi
605 2011 752 2046 aliquando
777 2012 811 2039 ad
838 2013 1028 2047 probationem

239 2058 323 2088 portae
335 2052 414 2082 inferi
433 2055 564 2084 adversus
591 2064 651 2084 eam
674 2057 773 2090 valent,
789 2061 879 2085 tamen
899 2057 962 2086 Jesu
979 2059 1031 2086 Do.

242 2099 315 2126 mino
340 2106 436 2128 orante
452 2109 501 2137 pro
522 2102 574 2129 ﬁde
591 2102 665 2129 Petri
684 2111 719 2130 ne
743 2103 862 2137 deﬁciat,
878 2104 1031 2133 nullatenus

239 2145 395 2179 praevalent.
403 2146 495 2181 Itaque
504 2155 554 2184 ego
569 2149 740 2178 auctoritatis
753 2149 840 2186 ipsius
847 2140 1028 2189 privilegium,

1081 910 1147 937 ritas
1160 911 1257 945 potiori
1273 912 1370 938 cedere
1384 903 1609 945 debebit.llaque
1623 910 1730 945 primum
1739 909 1819 937 deﬂom.

1079 965 1192 991 qumque
1205 957 1304 991 optima
1319 958 1351 984 de
1365 956 1731 991 quilmsdamuniversalibus
1743 956 1819 990 symdis,

1080 1003 1159 1029 idest
1175 1002 1293 1034 Nica‘na,
1309 1003 1441 1037 Ephesina
1459 1002 1766 1037 prima,Chalcedoueusi
1777 1007 1819 1028 ειη.

1079 1052 1106 1074 et
1121 1055 1169 1079 γη,
1182 1051 1209 1074 et
1220 1055 1278 1079 VIII,
1295 1056 1355 1082 qua:
1371 1048 1469 1081 partim
1482 1056 1497 1073 a
1509 1052 1641 1081 quatuor,
1656 1048 1710 1074 sive
1722 1056 1733 1072 ξι
1743 1049 1820 1080 quinqu

1080 1094 1254 1128 patriarchis,
1270 1094 1304 1120 ab
1325 1102 1420 1120 eorum
1442 1094 1540 1128 partim
1556 1094 1670 1121 vicariis
1689 1093 1734 1119 sub
1749 1093 1820 1119 durus:
1865 1093 1866 1121 ξ

1080 1141 1248 1176 temporibus
1261 1141 1452 1167 universaliter
1465 1140 1608 1167 celebrata
1626 1139 1705 1166 fuisse
1714 1144 1820 1165 noscuntur.

1082 1187 1118 1214 De
1137 1194 1254 1222 quarum
1267 1187 1440 1217 auctoritate.
1455 1187 1505 1213 nisi
1525 1187 1582 1221 qui'
1592 1186 1715 1218 insaniat,
1730 1185 1821 1211 ucmodr-

1081 1233 1161 1260 bilat.
1179 1233 1231 1260 Sed
1246 1237 1271 1259 et
1288 1232 1321 1260 de
1349 1232 1462 1267 reliquis
1477 1233 1606 1260 conciliis
1626 1231 1821 1260 Orientalibnsmn

1079 1279 1127 1307 abs
1143 1286 1172 1306 re
1185 1278 1277 1312 putavi
1292 1287 1351 1313 qua:
1363 1287 1481 1313 congrua
1491 1279 1548 1306 visa
1560 1284 1627 1307 sunt
1644 1283 1780 1309 ntutnare,a
1790 1277 1821 1310 qui
1866 1293 1867 1296 η

1081 1325 1130 1352 bus
1146 1326 1269 1352 videbam
1295 1324 1433 1352 ltontanos
1454 1326 1601 1359 pontifices
1626 1326 1653 1352 in
1673 1325 1725 1351 suis
1735 1323 1822 1350 constitu-

1082 1370 1212 1402 tionibus,
1225 1371 1295 1405 quod
1315 1375 1341 1397 ot
1358 1370 1481 1397 curiosus
1495 1370 1584 1397 lector
1613 1368 1789 1404 deprehendero
1797 1375 1823 1402 ju-

1081 1417 1154 1447 terit,
1168 1417 1360 1444 auctoritatem
1384 1416 1532 1450 accepisse.
1547 1416 1685 1444 Prmtcrea
1697 1415 1794 1449 qui;er
1801 1421 1823 1438 s-

1065 1463 1180 1497 .sumpsi
1198 1462 1232 1489 de
1260 1462 1466 1498 Cartlraginwsi
1491 1463 1608 1497 synodo,
1623 1471 1684 1497 qum
1696 1469 1710 1488 ι
1722 1461 1765 1487 Et!)
1780 1465 1797 1486 et
1808 1458 1823 1483 l7

1043 1531 1064 1558 C

1081 1507 1217 1543 episcopis
1228 1507 1278 1534 sub
1307 1514 1376 1542 papa
1388 1506 1496 1534 Zosimo
1513 1512 1574 1534 acta
1597 1513 1652 1539 est,
1664 1506 1822 1541 prasentilinscl

1080 1548 1167 1583 ipsius
1199 1549 1294 1584 legatis
1309 1549 1452 1577 'Faustino
1476 1550 1618 1585 episcopo,
1643 1555 1670 1576 ct
1691 1549 1794 1582 Philippo,
1811 1551 1822 1570 τι
1868 1548 1869 1570 l

1081 1594 1171 1621 Asello
1185 1595 1362 1630 presbyteris,
1388 1596 1413 1621 in
1428 1603 1480 1630 qua
1497 1595 1605 1622 eisdem
1627 1594 1781 1630 praesentibus
1789 1600 1823 1617 Mr

1083 1639 1188 1667 ﬁrmata
1197 1645 1259 1666 sunt
1273 1645 1301 1667 et
1315 1640 1415 1667 inserta
1430 1640 1516 1666 cidem
1538 1640 1657 1674 syuolo,
1674 1638 1823 1666 Africamcu—

1082 1685 1143 1713 ciiia
1157 1686 1274 1713 diversis
1302 1686 1447 1720 capitibus,
1476 1686 1509 1712 de
1533 1685 1637 1720 quibus
1659 1683 1825 1712 (ἰωιεδιὶιῖυδνει

1083 1731 1275 1767 Symmachus,
1291 1737 1318 1759 et
1334 1731 1487 1758 Hadrianus
1499 1731 1626 1765 qua‘dam
1643 1728 1826 1756 videnturinsn

1082 1778 1199 1805 decretis
1216 1777 1346 1804 inserere.
1367 1777 1398 1803 Et
1412 1777 1539 1811 quoniam
1557 1775 1737 1805 adversarius,
1747 1773 1790 1798 dum
1800 1778 1824 1795 n-

1084 1824 1148 1851 tioni
1165 1823 1526 1856 succumbit,auctoritatem
1542 1822 1670 1851 infamat,
1685 1819 1794 1847 sciendum
1802 1819 1826 1839 est

1083 1870 1211 1905 quoniam
1227 1869 1316 1896 omnia
1329 1869 1442 1896 concilia
1458 1869 1515 1895 sive
1536 1868 1584 1894 uni
1596 1867 1712 1898 tersalia,
1736 1864 1778 1892 sive
1792 1869 1825 1895 [IN

1083 1917 1220 1949 vincialia,
1234 1924 1294 1951 qua:
1310 1920 1373 1943 ante
1396 1915 1650 1942 Chalcedonensem
1673 1912 1782 1948 synodqu
1792 1912 1825 1932 at“

1084 1964 1201 1995 fuerant,
1214 1967 1307 1997 postea
1321 1961 1483 1989 conﬁrmata
1496 1965 1522 1987 et
1535 1959 1711 1988 corroborata
1726 1952 1824 1983 fuerunli!‘

1082 2009 1176 2037 eadem
1191 2016 1251 2042 cap.
1268 2008 1294 2041 t,
1310 2007 1382 2041 quod
1396 2007 1432 2034 ita
1444 2014 1473 2034 se
1490 2006 1586 2032 habet:
1605 2005 1714 2040 Regulos
1724 2006 1825 2029 sanctam

1084 2054 1194 2081 Patrum
1210 2062 1256 2087 per
1270 2052 1373 2087 singula
1387 2060 1456 2078 nunc
1483 2060 1565 2086 usque
1577 2051 1689 2078 Concilio
1711 2048 1825 2076 constitim-

1084 2100 1220 2134 proprium
1233 2100 1313 2126 robur
1325 2098 1441 2125 obtinere
1453 2097 1628 2124 decrevimus.
1649 2096 1712 2123 Nam
1724 2090 1825 2121 Cbakvdv-

1084 2153 1169 2173 nense
1198 2145 1343 2172 coneilimu
1370 2152 1385 2171 a
1409 2143 1461 2170 650
1476 2142 1605 2170 Patribus
1626 2143 1675 2170 sub
1695 2140 1769 2168 Leone
1787 2141 1825 2171 ιηια

240 2199 294 2225 quo
312 2192 384 2218 omni
401 2181 549 2222 christiado
560 2195 619 2224 orbi
643 2181 818 2229 praeminet.
842 2181 1030 2230 ἰᾷιιοτυῖιὼυέ
1046 2206 1070 2236 ο
1083 2198 1200 2228 gestum,
1215 2197 1256 2218 est
1269 2191 1327 2226 ejus
1341 2190 1511 2218 auctoritatis
1524 2197 1559 2217 ac
1573 2181 1820 2236 ﬁrniittittinis,utquis

240 2237 393 2271 patefacere
410 2240 530 2273 cupiens,
549 2241 663 2268 Domino
689 2241 754 2268 mihi
766 2249 844 2276 opem
869 2242 982 2274 ferente,
999 2250 1032 2269 ex

242 2283 324 2310 variis
334 2289 490 2313 sanetonuu
498 2285 607 2315 Patrum
618 2287 869 2317 etChristianorum
881 2288 1032 2323 principqu

239 2325 460 2363 auctoritatibus,
470 2332 620 2366 potioribus
632 2334 784 2368 quibusque
799 2335 825 2361 in
838 2342 919 2361 unum
932 2342 1032 2369 conge-

240 2376 300 2409 stis,
310 2383 430 2410 prazsens
445 2376 572 2404 deﬂoravi
585 2378 743 2412 opusculum
752 2379 918 2414 quadrifaria
929 2380 1033 2414 disper-

243 2423 320 2449 titum
333 2423 489 2457 partitione.
505 2422 571 2450 Nam
587 2425 691 2459 primus
705 2425 772 2453 liber
788 2426 908 2453 continet
926 2426 1034 2461 privile-

237 2468 315 2504 gium
339 2470 510 2498 auctoritatis
530 2469 655 2504 eiusdem
681 2470 810 2499 Romanae
833 2471 973 2499 Ecclesiae.
1000 2471 1034 2499 Et

242 2514 370 2548 quoniam
392 2513 515 2543 Ecclesia
537 2515 599 2544 sine
620 2514 696 2543 clero
709 2523 760 2543 suo
781 2523 841 2544 esse
855 2524 908 2544 non
934 2520 1032 2551 potest,

243 2568 330 2595 neque
343 2560 432 2590 clerus
446 2562 550 2597 absque
563 2562 645 2590 rebus
657 2562 757 2598 quibus
773 2560 961 2599 temporaliter'
969 2563 1034 2591 sub-

242 2609 324 2636 sistat
339 2616 348 2639 ς
363 2608 428 2637 huic
443 2610 568 2644 snbjunxi
582 2612 732 2638 secundum
749 2616 777 2638 et
794 2611 903 2639 tertium
913 2611 949 2639 de
961 2611 1034 2638 clero

242 2659 271 2682 et
285 2655 365 2683 rebus
377 2655 497 2690 ejusdem
511 2656 648 2684 Ecclesiae.
656 2656 724 2689 Quia
738 2663 803 2684 vero
816 2656 906 2684 satculi
916 2661 1035 2690 potestas

245 2700 292 2728 Dei
311 2700 462 2729 Ecclesium
476 2702 527 2729 sibi
543 2702 688 2737 tubjugare
703 2702 811 2734 nititur,
824 2702 936 2730 libertas
950 2702 1036 2736 ipsith

244 2749 273 2773 et
286 2746 352 2773 clcri
367 2751 395 2774 et.
408 2755 497 2775 rerum
508 2747 575 2782 ejus,
590 2749 672 2776 tertio
684 2752 710 2775 et
724 2748 842 2776 maxime
857 2751 952 2782 quarto
967 2747 1035 2775 libro

246 2792 386 2821 evidenter
402 2794 565 2821 ostenditur.
578 2795 704 2830 Singulas
733 2799 824 2822 autem
843 2794 1035 2822 dettorationcs

246 2840 309 2869 huic
317 2841 391 2875 operi
402 2841 468 2869 inscr
477 2843 597 2876 tasjuxla
610 2843 729 2870 ordinem
740 2842 917 2877 capitulorum
926 2842 1034 2869 m’nintc

1083 2238 1143 2272 quis
1154 2236 1213 2271 ejus
1228 2236 1391 2263 soliditatem
1410 2243 1462 2262 non
1475 2239 1558 2267 tenet,
1571 2233 1712 2269 cujuslibet
1722 2231 1770 2258 vita:
1778 2233 1825 2276 ιιψξέ

1082 2286 1196 2314 actionis
1214 2285 1321 2316 existat,
1351 2289 1380 2311 ιιι
1401 2284 1430 2311 Β.
1461 2283 1613 2317 Gregorius
1626 2283 1674 2313 ait,
1686 2278 1774 2308 etiamsi
1786 2276 1826 2307 lat“?

1083 2341 1142 2361 esse
1159 2333 1294 2365 videatur,
1306 2337 1383 2360 extra
1399 2332 1447 2359 Dei
1462 2331 1608 2358 azdilicium
1619 2331 1716 2366 jaceat.
1731 2326 1772 2353 Sed
1783 2322 1826 2350 rid!“

1082 2381 1244 2408 auctoritate
1257 2387 1392 2407 canonum
1400 2377 1595 2413 apostolorum,
1604 2376 1650 2411 qui
1659 2372 1826 2409 ρετοιειιηλίιιεω

1084 2428 1235 2454 Romanum
1251 2425 1406 2460 pontiﬁcem
1420 2425 1452 2451 de
1465 2423 1560 2451 ὕπειξεο
1572 2422 1597 2449 in
1614 2421 1733 2448 Latinum
1746 2414 1826 2443 transl!“

1084 2474 1220 2506 dicuntur,
1232 2459 1347 2507 quorum
1371 2470 1457 2500 etiam
1478 2468 1646 2496 auctoritate
1659 2474 1695 2493 vn
1713 2459 1826 2507 unum-tl!s

1083 2518 1205 2551 synodus
1215 2503 1335 2546 'P-atrum
1352 2523 1420 2544 cccr.
1435 2520 1463 2542 ct.
1477 2515 1548 2542 idem
1564 2507 1708 2548 Gregorius
1717 2510 1740 2538 in
1749 2514 1786 2535 suo
1796 2503 1826 2530 lie

1083 2565 1168 2600 gistro
1181 2564 1219 2593 uti
1231 2564 1348 2595 videtur,
1361 2562 1395 2590 de
1409 2568 1534 2597 quarunt,
1561 2561 1681 2594 inquam.
1704 2562 1729 2585 et
1738 2559 1825 2600 quootli‘

1085 2598 1149 2639 iibet
1169 2611 1284 2638 aliorum
1298 2617 1433 2638 canonum
1459 2606 1624 2635 auctoritate
1644 2602 1783 2633 Anastasius
1792 2598 1824 2624 Κο-

1085 2665 1174 2686 mana)
1197 2656 1326 2685 Ecclesia:
1340 2654 1563 2683 bibliothecarius
1577 2654 1603 2681 in
1619 2652 1724 2687 prologo
1740 2646 1824 2694 eius“:

1085 2712 1122 2731 vn
1138 2703 1300 2731 universalis
1318 2701 1422 2736 synodi,
1437 2707 1516 2735 quam
1545 2699 1578 2725 de
1591 2697 1683 2726 Grmco
1696 2695 1719 2721 in
1739 2692 1824 2720 Latium

1087 2749 1236 2781 transtulit.
1245 2748 1342 2777 Joanni
1353 2747 1405 2775 Vlll
1414 2754 1490 2782 papae
1501 2746 1538 2773 ita
1556 2743 1664 2772 scribit:
1680 2739 1823 2768 Prwdmm"

1087 2801 1169 2824 vestro
1186 2794 1246 2822 PP.
1259 2795 1393 2828 Stephano
1412 2798 1435 2820 ct
1458 2791 1606 2827 apostol’utu
1628 2795 1706 2817 miro
1718 2782 1823 2811 dare!!!”

1090 2852 1138 2869 min
1152 2848 1251 2868 [uiuum
1267 2841 1343 2868 δοίης
1359 2839 1534 2874 apostolorum
1559 2835 1736 2872 quinquaginta
1749 2830 1822 2857 circa"

199 3056 1871 3231 .—.___I
