3834 6462
75 223 204 279 iam

562 212 991 271 FRAGMENTA
1032 212 1118 267 DE
1160 211 1562 267 PRIVILEGIIS
1599 212 1684 267 ET
1724 213 2214 272 AUCTORITATE
2255 217 2422 272 ROM.
2466 216 2745 274 ECCLES.

3113 200 3120 208 ’
3186 225 3324 281 1570

78 335 309 391 Ecclesia
339 331 536 397 recipit,
569 340 744 398 utpote
795 329 1038 380 tubarum
1066 327 1294 397 Spiritus
1323 330 1513 393 sancti,
1547 331 1635 382 sed
1671 339 1710 393 Λ
1743 338 1958 403 quidam
1983 336 2110 391 olim
2138 337 2188 390 in
2211 336 2302 391 Dei
2323 345 2700 393 etsanctorum
2717 337 3327 402 Patrumsanetionibus

72 432 218 484 etiam
244 425 474 478 omnium
509 423 721 475 omnino
741 421 1090 489 probabilium
1121 418 1363 485 Patrum,
1396 429 1442 473 et
1466 438 1644 474 sucro-

71 535 179 571 rum
201 514 538 568 couciliorunt
569 510 772 579 regulas
798 520 844 563 et
873 509 1224 564 institutiones
1248 511 1498 576 admittit,
1526 512 1645 563 illus

70 614 320 664 duntth
349 623 465 665 ante
491 622 580 658 nec
622 614 776 658 recta:
824 605 967 672 ﬁdei,
993 622 1084 657 nec
1127 605 1271 658 bonis
1300 607 1527 659 moribus
1558 607 1646 659 ob-

70 703 201 754 rimtt
224 743 237 764 ,
266 700 356 752 sed
381 715 470 752 nec
506 700 641 752 sedis
671 697 920 752 [imitante
944 698 1168 750 decretis
1205 699 1489 750 admodum
1521 699 1645 766 quid

73 791 484 861 resultant,quin
511 792 681 859 potius
702 790 1031 844 adversarios
1053 801 1287 859 patenter
1314 791 1641 861 impugmtnt.

69 882 330 948 Epistolas
357 888 538 933 autem
570 879 864 933 Clementis
894 879 960 932 ad
987 877 1272 942 lucebunt,
1292 890 1477 933 contra
1507 895 1644 948 quas

68 971 284 1036 quidam
315 968 524 1038 garrire
556 967 1186 1030 videntur,authenticas
1207 969 1495 1022 ostendunt
1520 985 1648 1023 suc-

67 1075 310 1114 cessares
360 1060 478 1128 ejus
525 1060 816 1114 Anaclctus
844 1070 899 1113 et
952 1059 1281 1125 Alexander,
1329 1071 1384 1114 et
1432 1063 1647 1130 quidam

69 1155 152 1206 alii
212 1153 524 1222 pontifices,
575 1163 627 1207 et
667 1170 694 1206 a
729 1152 835 1206 Deo
888 1152 1210 1207 Benedictus
1262 1153 1648 1206 monachorum

68 1255 237 1315 pater,
267 1247 357 1315 qui
384 1262 449 1300 ex
493 1246 600 1301 illis
646 1245 826 1315 plures
853 1244 1226 1299 sententiasin
1281 1245 1394 1298 Suis
1435 1243 1649 1314 scriptis

68 1341 386 1392 inseruerat.
441 1338 546 1392 Sed
577 1349 629 1392 et
660 1338 725 1392 de
761 1337 1074 1407 apustolicae
1126 1337 1271 1392 sedis
1322 1337 1648 1391 auctoritate

67 1431 150 1482 hic
182 1429 413 1498 plurima
449 1430 713 1499 congessi.
751 1429 1010 1496 Qua-dam
1063 1427 1227 1483 etiam
1279 1429 1344 1482 de
1373 1430 1650 1498 Opusculis

67 1523 120 1574 Β.
159 1520 491 1593 Hieronymi,
523 1521 678 1591 cujus
708 1522 1002 1592 eloquium,
1041 1533 1098 1576 ut
1131 1521 1468 1588 Augustinus
1493 1521 1558 1574 de
1585 1535 1650 1575 eo

66 1615 137 1666 ait
170 1622 360 1667 contra
390 1613 1008 1680 Juliantnn,ab0riente
1035 1614 1088 1668 in
1109 1613 1458 1670 Occidentem
1484 1613 1653 1666 instar

1749 437 2114 497 contemptum
2169 427 2239 481 ad
2265 429 2346 482 sui
2379 429 2802 485 ostentationem
2845 439 2898 484 et
2953 433 3324 489 ascribeudam

1751 519 1850 573 sibi
1886 527 2163 573 ventosam
2201 519 2740 589 aucto'rilatem,qme
2762 515 2922 575 rutilis
2942 522 3220 578 canonicis
3247 523 3325 580 le-

1749 609 1906 680 gibus
1940 617 2094 665 stare
2114 610 2661 680 pote3t,scripsernnt
2683 610 2786 665 sibi
2819 621 3012 666 novam
3035 612 3330 668 ordinatio-

1750 717 1872 757 nem
1903 700 2130 758 Romani
2158 699 2464 770 pontiﬁcis:
2501 699 2554 756 in
2585 711 2687 772 qua
2711 711 2872 776 quam
2900 702 3327 774 nefatrda,quam

1751 795 1864 848 Deo
1889 793 2102 846 inimica
2145 801 2472 857 statuerunt,
2531 794 2727 850 herreo
2782 794 3040 850 sen'bere.
3071 795 3174 862 Qui
3203 795 3331 868 legit

1753 886 2039 956 intelligat.
2083 883 2253 942 Porro
2280 885 2353 940 de
2402 885 2570 942 modo
2605 883 2839 941 docendi
2884 885 3130 943 subditos
3160 901 3329 960 pauca

1753 977 1841 1031 hic
1867 977 2066 1032 inserta
2095 987 2221 1032 sunt
2245 995 2258 1030 :
2290 978 2556 1046 quoniam
2581 988 2633 1032 et
2672 975 3005 1033 laboriosnm
3032 987 3085 1034 et
3109 979 3332 1034 alterius

1750 1068 1930 1136 operis
1957 1067 2254 1122 arbitratus
2285 1083 2402 1121 sum
2447 1067 2518 1120 ad
2535 1067 2638 1121 hoc
2661 1081 2878 1122 sacram
2893 1067 3156 1123 dcorare
3180 1069 3331 1123 Scri-

1751 1167 1988 1226 p'tnraut.
2035 1157 2326 1212 Potissima
2355 1169 2536 1214 autem
2583 1160 2651 1214 ad
2714 1160 2766 1214 id
2813 1160 2994 1231 operis
3039 1162 3175 1216 mihi
3217 1163 3340 1216 visa

1751 1259 1875 1302 sunt
1901 1246 2272 1316 Evangelium,
2305 1255 2360 1301 et
2391 1247 2756 1316 apostolorum
2809 1248 3088 1320 Epistolas,
3132 1262 3188 1304 et
3215 1249 3336 1305 Cic-

1753 1340 1970 1401 mentis,
2003 1348 2055 1394 et
2094 1340 2368 1410 pastorale
2399 1324 2672 1410 Gregorii,
2731 1348 2786 1394 et
2842 1355 3010 1412 super"
3046 1333 3336 1411 Evangelia

1756 1431 1995 1484 humilia!
2046 1429 2288 1499 ejusdem
2311 1430 2402 1496 40,
2435 1441 2488 1484 et
2513 1433 2565 1498 8,
2618 1441 2672 1487 et
2695 1431 2749 1496 9,
2791 1442 2845 1488 et
2895 1432 2980 1497 10,
3013 1447 3176 1504 super
3205 1433 3330 1490 Eze-

1754 1518 2007 1575 chielem.
2042 1519 2107 1574 Et
2135 1521 2389 1590 quoniam
2421 1520 2552 1574 dum
2590 1522 2846 1578 brevitati
2865 1524 3075 1588 studeo,
3107 1524 3336 1594 plurima

1755 1611 1908 1666 utilia
1937 1625 2026 1667 me
2079 1611 2364 1682 praeteri-re
2393 1612 2568 1679 doleo,
2626 1617 3128 1672 monnocuriosunr
3174 1617 3335 1672 lecto-

65 1707 194 1760 solis
224 1705 470 1776 refulget.
503 1707 760 1774 Quaedam
789 1705 854 1760 de
899 1705 1172 1776 opusculis
1227 1705 1510 1760 beatorum
1543 1705 1648 1776 Cy-
1689 1721 1732 1776 Β
1759 1719 1876 1760 rem
1901 1715 1958 1759 ut
1986 1717 2110 1760 cum
2135 1719 2316 1771 vacat,
2345 1707 2430 1762 his
2457 1722 2486 1761 a
2519 1709 2716 1778 quibus
2767 1709 2881 1764 haec
2934 1709 3190 1764 deﬂorata
3215 1720 3338 1765 sunt

66 1798 264 1864 priani,
293 1797 588 1865 Ambrosii,
622 1799 906 1868 Augustini
949 1809 1003 1853 et
1033 1798 1260 1852 aliorum
1312 1797 1557 1852 Patrum.
1588 1797 1651 1852 Et

68 1888 399 1943 ninnimodis
444 1905 668 1959 Operam
703 1889 940 1960 impendi
997 1897 1055 1943 ut
1102 1897 1284 1944 essent
1337 1889 1647 1960 plenissima

64 1983 386 2033 auctoritate
412 1998 531 2050 qua:
561 1982 647 2035 hic
675 1982 943 2050 congessi.
967 1981 1234 2048 Quoniam
1264 1981 1407 2035 sicut
1435 1981 1646 2051 aliquos

61 2069 259 2136 quibus
291 2071 405 2126 brec
453 2071 751 2140 placerent,
791 2074 862 2125 ita
913 2087 1016 2125 non
1071 2071 1350 2125 defuturos
1373 2073 1636 2140 quosdam

61 2162 151 2228 qui
189 2162 272 2216 his
300 2163 625 2228 inviderent,
650 2179 756 2218 non
781 2163 1328 2232 ignoravi.Pr:eterea
1358 2165 1643 2232 antiquum

67 2250 319 2306 ordinem
351 2254 632 2308 electiOnis
654 2270 747 2309 seu
773 2255 1207 2326 consecrationis
1245 2253 1472 2308 ﬂoniani
1517 2270 1650 2322 pou-

67 2343 231 2397 tifieis
265 2355 321 2399 et
350 2346 480 2400 Cleri
509 2346 624 2415 ejus
672 2349 796 2402 huic
824 2349 972 2418 Operi
1019 2348 1262 2402 inserere
1299 2345 1474 2401 libuit.
1514 2345 1644 2401 Nam

1757 1797 1996 1851 studium
2047 1795 2348 1863 adhibeat;
2397 1811 2504 1852 non
2557 1809 2617 1852 ut
2662 1798 2940 1856 deﬂoratis
2985 1799 3190 1871 aliquid
3242 1803 3337 1855 ad-

1749 1886 1962 1957 jungat,
1997 1891 2090 1944 sed
2123 1899 2180 1944 ut
2229 1905 2328 1944 suo
2352 1889 2624 1945 desiderio
2661 1891 2982 1946 satisfaciat.
3015 1891 3128 1948 lloc
3156 1894 3339 1960 itaque

1754 1986 1889 2048 opus
1916 1988 2110 2034 vestra:
2139 1980 2455 2049 paternitati
2509 1979 2776 2046 dedicari,
2811 1981 2954 2052 quod
3013 1993 3121 2037 nan
3166 1982 3340 2037 solum

1755 2081 1960 2124 sancta!
1983 2070 2288 2141 apostolicae
2316 2071 2454 2135 sedi,
2489 2073 2582 2127 sed
2617 2073 2764 2126 omni
2807 2072 3067 2127 Eccfesia!
3092 2082 3144 2126 et
3189 2072 3338 2125 omni

1757 2149 1903 2217 clero
1942 2162 2284 2231 profuturum
2335 2163 2538 2231 putavi.
2573 2162 2819 2218 Obsecro
2846 2171 3026 2216 autem
3074 2163 3336 2232 legentem

1757 2249 1812 2305 in
1856 2252 2101 2316 "diuino,
2150 2264 2207 2308 ut
2259 2267 2358 2324 pro
2410 2254 2545 2308 meis
2589 2254 2900 2309 excessibus
2946 2253 3013 2307 ad
3052 2251 3342 2307 Dominum-

1755 2343 2073 2397 ἰτιιεγεεδτιι.

1041 2667 1915 2783 FRAGMENTA
1998 2639 2379 2782 LIBRI

66 2892 156 2949 De
197 2884 560 2966 privilegiis
601 2891 661 2946 et
713 2884 1088 2966 auctoritate
1128 2881 1431 2966 Ecclesiae
1472 2884 1790 2966 Romanis
1828 2886 2164 2966 statusque
2204 2882 2645 2966 ecclesiastici,
2673 2887 2735 2942 et
2761 2878 3072 2966 adversus
3119 2897 3338 2942 rerum

188 2958 768 3028 ecclesiasticarum
799 2963 1152 3035 invasores,
1181 2960 1582 3043 Sliinoniacos
1613 2968 1675 3020 et
1707 2958 2174 3034 schismaticos,
2207 2961 2629 3022 Guibertinos
2660 2968 2726 3022 et
2759 2959 3211 3022 Henrteianos.

757 3129 982 3200 (Battus.
1015 3129 1206 3184 Annal.
1235 3129 1300 3183 ad
1327 3144 1414 3181 an.
1446 3126 1606 3190 1059,
1631 3145 1644 3180 ι

1756 3127 1770 3180 l
1804 3143 1818 3191 ;
1859 3125 2016 3194 {080,
2049 3145 2104 3184 ιι.
2131 3129 2220 3196 51;
2258 3129 2416 3196 1081,
2445 3145 2500 3184 n.
2539 3130 2658 3201 52.)

354 3509 430 3562 De
473 3507 679 3562 li'ieotai
710 3508 942 3577 jnnioris
963 3525 1114 3578 papa:
1141 3513 1368 3564 decreto.

135 3604 275 3656 Sunt
337 3611 520 3654 autem
563 3602 652 3669 qui
710 3600 991 3666 objiciunt,
1045 3601 1324 3677 Nicolaum
1373 3601 1682 3656 Juniorem'

67 3698 287 3749 decreto
355 3693 615 3763 synodico
664 3693 920 3744 statuisse
969 3701 1028 3745 ut
1073 3693 1308 3748 abeunte
1358 3694 1654 3763 apostolico

64 3785 355 3852 pontifice,
404 3797 687 3836 successor
725 3781 1034 3848 eligeretur,
1073 3794 1128 3838 et
1178 3784 1378 3838 electio
1397 3784 1514 3854 ejus
1544 3784 1650 3854 regi

69 3879 475 3932 notilicaretnr.
511 3874 675 3928 Facta
716 3885 842 3925 vero
863 3872 1145 3942 electione,
1171 3884 1244 3940 et,
1295 3884 1354 3928 ut
1387 3875 1537 3944 [irtus
1575 3876 1652 3929 di«

63 3978 206 4021 ctum
239 3977 356 4031 est,
391 3966 502 4035 regi
561 3965 855 4030 notifteata,
889 3967 959 4020 ita
1000 3967 1218 4022 demum
1257 3966 1498 4036 pontifex
1527 3983 1654 4021 con-

58 4071 400 4114 secraretur.
440 4057 592 4125 Quod
645 4058 688 4112 si
743 4059 1140 4113 admittendum
1196 4067 1300 4123 est,
1340 4069 1399 4112 ιιι
1448 4059 1653 4112 ratione

53 4151 254 4208 factum
319 4153 544 4207 dicatur
577 4195 591 4218 ,
650 4151 935 4220 objicimus
982 4153 1049 4206 ad
1103 4153 1208 4206 hoc
1243 4151 1648 4214 confutandum,

51 4249 350 4317 prwfatum
383 4260 584 4314 regem,
613 4255 666 4298 et
697 4245 988 4313 optimates
1034 4247 1152 4316 ejus
1199 4259 1258 4300 se
1287 4260 1349 4300 ea
1394 4246 1654 4299 constitu-

52 4343 196 4396 tione
223 4340 497 4409 imﬁignos
525 4337 720 4393 fecisse
748 4356 764 4393 :
811 4341 1068 4410 primum,
1095 4338 1238 4410 quod
1294 4346 1500 4408 postea,
1530 4353 1652 4393 cum

54 4433 315 4498 prmtatus
353 4429 606 4513 Nicolaus
631 4429 1008 4486 Coloniensem
1061 4431 1526 4500 archiepiscopum
1557 4445 1655 4499 pro

60 4523 174 4576 suis
195 4520 518 4578 excessibus
546 4521 922 4589 corripuisset,
951 4522 1396 4594 gravitertulere,
1423 4536 1654 4592 euntque

63 4612 221 4681 hujus
249 4613 327 4666 rei
380 4611 554 4680 gratia
588 4613 868 4681 (quantum
903 4613 954 4666 in
1001 4627 1059 4669 se
1097 4613 1238 4683 erat)
1271 4629 1301 4666 a
1339 4622 1538 4683 papatu
1565 4612 1656 4668 de-

59 4715 312 4766 posuere.
345 4717 654 4771 nomenque
692 4701 934 4770 ejusdem
971 4704 1024 4757 iu
1053 4718 1263 4758 canone
1287 4705 1652 4758 consecratio-

1679 3401 1720 3456 (ἶ
1756 3427 1860 3483 tur,
1901 3426 1956 3472 et
1990 3427 2172 3486 postea
2217 3417 2592 3471 notificaretur
2621 3416 2744 3485 ipsi,
2767 3415 3048 3483 praefuturi]
3079 3415 3342 3470 violantes

1758 3511 2055 3570 decrettnn,
2091 3507 2304 3577 elegere
2335 3508 2499 3576 (quod
2551 3508 2630 3562 eis
2676 3519 2784 3561 non
2820 3506 3042 3576 licebat)
3071 3507 3220 3574 prius
3241 3505 3343 3561 Ca-

1757 3600 1973 3655 daloum
2022 3597 2395 3662 Parmeusem,
2450 3606 2642 3666 postea
2692 3595 3015 3651 Guibert-um
3069 3595 3342 3649 Ravenna-

1759 3703 1886 3756 tem,
1911 3692 2201 3746 induentes
2236 3703 2334 3743 eos
2358 3688 2672 3759 apostolicis
2727 3686 3058 3756 insignibus,
3085 3695 3345 3760 voeaptes

1757 3785 2107 3855 apostolicos,
2143 3793 2420 3852 apostatas
2471 3791 2528 3836 et
2581 3779 2902 3834 Antichristi
2953 3775 3344 3847 praecursorem

1757 3877 2030 3932 Prretere'a
2085 3887 2265 3930 autem
2316 3873 2574 3944 praelii-tus
2638 3872 2957 3937 Guihertus,
3007 3878 3108 3924 aut
3144 3869 3250 3927 sui.
3285 3877 3345 3922 ut

1756 3983 1864 4023 sum
1894 3969 2036 4038 parti
2078 3968 2322 4022 favorem
2351 3965 2714 4030 ascriberent,
2741 3963 2990 4032 quaedam
3044 3961 3098 4015 in
3150 3961 3341 4014 eodem

1756 4063 1980 4116 decreto
2005 4061 2278 4123 addendo,
2300 4058 2546 4127 quaedam
2571 4057 2860 4120 mutando,-
2886 4055 2963 4109 ita
2998 4053 3128 4107 illud
3158 4051 3340 4106 reddi-

1756 4153 1952 4207 denmt
1979 4166 2007 4204 a
2038 4166 2098 4204 se
2134 4150 2428 4212 dissidens,
2452 4155 2514 4201 ut
2540 4156 2638 4201 aut
2655 4161 2852 4215 pauca,
2869 4143 3136 4202 aut;_nulla
3164 4157 3344 4198 excin-

1758 4244 1930 4314 plaria
1988 4242 2090 4296 sibi
2148 4240 2538 4295 concordantia
2592 4239 2814 4294 valeant
2866 4236 3124 4292 inveniri».
3173 4234 3342 4302 Quale

1756 4345 1937 4390 autem
1962 4336 2238 4389 decretum
2263 4342 2374 4398 est,
2401 4334 2544 4402 quod
2569 4347 2607 4386 ιιι
2647 4347 2706 4386 se
2747 4331 2824 4384 ita
2853 4329 3170 4398 discrepare
3195 4326 3342 4380 video

1757 4437 1862 4491 tur,
1899 4437 1960 4481 ιιι
1985 4427 2116 4496 quid
2141 4427 2194 4480 in
2221 4441 2285 4480 eo
2311 4426 2658 4496 potissimum
2680 4423 2827 4500 credi
2856 4421 3072 4484 debeat,
3119 4420 3334 4490 ignore-

1759 4527 1845 4573 tur
1871 4519 1925 4578 ?.
2077 4517 2589 4574 Excommunieatio
2639 4525 2819 4569 autem
2847 4526 2968 4584 qua:
3017 4511 3070 4565 in
3111 4507 3338 4580 praefato

1755 4612 1974 4666 decreto
2005 4610 2328 4666 terribiliter
2357 4607 2656 4680 profertur,
2681 4621 2716 4662 ιι
2736 4605 3023 4668 ϐιιὶὺεινιθ·,
3052 4611 3147 4656 aut
3173 4616 3203 4654 a
3225 4599 3339 4654 suis

1756 4703 2056 4758 fautoribus
2119 4703 2285 4757 indita
2338 4701 2678 4758 solummodo
2704 4699 2962 4760 creditur,
2993 4693 3248 4762 quoidam
3282 4693 3336 4744 in

61 4793 142 4845 nis
170 4792 449 4846 nominari
492 4800 708 4846 vetuere
742 4810 758 4858 ;
795 4793 1024 4863 ideoque
1074 4795 1352 4848 decretura
1402 4794 1644 4862 ejusdem
1677 4779 1725 4836 ι)
1752 4793 2150 4863 antiquioribus
2173 4791 2331 4860 hujus
2348 4791 2552 4848 decreti
2575 4787 2975 4859 exemplaribus
2999 4783 3155 4850 longe
3178 4779 3338 4834 aliter

50 4879 170 4944 jure
209 4884 430 4937 irritum
451 4896 569 4936 esse
596 4881 835 4949 debebit,
864 4885 976 4952 qui,
1002 4899 1123 4937 eum
1152 4900 1180 4938 a
1208 4894 1321 4939 toto
1349 4887 1482 4941 orbe
1507 4901 1641 4957 papa

59 4972 378 5036 haberetur,
399 4972 552 5041 juxta
575 4973 886 5028 corumdem
914 4975 1240 5030 sententiam
1266 4977 1470 5030 eisdem
1504 4992 1641 5046 papa

60 5078 161 5116 non
190 5064 310 5128 fuit,
340 5066 500 5135 quasi
553 5083 656 5121 non
696 5082 761 5120 ex
794 5065 909 5132 Dei,
959 5065 1053 5120 sed
1108 5082 1173 5119 ex
1217 5081 1403 5120 eorum
1435 5075 1642 5120 tantum

57 5157 324 5221 penderet
381 5158 680 5222 voluntate,
714 5157 1020 5227 qnempiam
1072 5157 1350 5227 quodlibet
1395 5173 1516 5213 esse
1556 5157 1640 5213 vel

60 5258 163 5297 ιιιιιι
203 5263 350 5302 esse.
384 5247 661 5303 Romanus
684 5249 826 5302 enim
859 5247 1122 5317 pontifex,
1151 5257 1208 5303 ut
1245 5249 1518 5320 sapientes
1543 5266 1643 5305 no-

59 5349 206 5402 runt,
245 5356 354 5394 non
387 5341 549 5395 modo
575 5339 768 5410 deponi
796 5354 902 5392 non
949 5347 1147 5408 potest,
1179 5341 1271 5394 sed
1294 5341 1457 5394 etiam
1487 5341 1643 5397 Chri-

59 5430 238 5486 stiano
288 5433 736 5502 jureaquolibet
774 5447 880 5487 non
916 5439 1094 5502 potest
1139 5430 1393 5498 judicari.
1441 5432 1643 5489 Deinde

60 5521 182 5587 quia
214 5539 338 5577 cum
366 5525 420 5578 in
452 5525 639 5579 eodem
666 5523 884 5578 decreto
913 5531 1129 5578 cautum
1178 5532 1341 5588 esset,
1365 5532 1425 5577 ut
1459 5522 1642 5578 Roma:

61 5613 332 5674 pontificis
371 5615 616 5670 electioa
662 5613 906 5669 Romano
950 5613 1098 5668 clero
1137 5622 1188 5668 et
1217 5615 1415 5683 papulo
1443 5629 1638 5683 agere-

1757 4885 2008 4939 habetur.
2075 4884 2142 4940 Et
2189 4885 2305 4940 tunc
2354 4884 2570 4954 quidem
2624 4895 2788 4950 super
2843 4891 2937 4931 eos
2983 4873 3203 4938 veniet,
3242 4871 3335 4940 qui

1754 4990 1874 5029 eam
1917 4975 1969 5029 in
1995 4976 2076 5030 sui
2111 4974 2354 5030 favorem
2417 4974 2617 5028 ibidem
2673 4967 2936 5031 indidere,
2977 4973 3032 5021 et
3059 4975 3336 5033 supereos

1753 5065 1845 5134 qui
1903 5080 2022 5119 eam
2069 5065 2365 5119 timendam
2420 5064 2602 5118 dicere
2652 5066 3005 5130 prarsumuut.
3055 5053 3231 5123 Super
3276 5051 3337 5104 il-

1753 5155 1835 5210 los
1863 5156 2103 5226 quidem,
2134 5165 2194 5211 ut
2251 5157 2494 5211 incidant
2552 5155 2605 5209 in
2668 5150 2876 5207 foveam
2913 5164 3076 5220 quam
3128 5146 3334 5208 fodere,

1754 5253 1809 5300 ct
1841 5256 1900 5298 ut
1954 5246 2325 5315 apprehendat
2373 5259 2470 5299 eos
2515 5243 2694 5312 captio
2745 5256 2907 5310 quam
2965 5237 3335 5298 occultavere,

1751 5347 1856 5392 CIC.

2228 5519 2303 5572 De
2324 5517 2578 5574 Guiberto
2600 5528 2870 5585 anttpnpa.

1823 5611 1942 5666 Post
1989 5609 2230 5680 praestita
2273 5610 2494 5667 domino
2553 5625 2652 5664 suo
2705 5609 2872 5661 beata:
2923 5602 3200 5661 memoriae
3242 5613 3329 5655 sc-
