3902 6316
501 345 634 401 1571

927 342 1338 400 CARDINALIS
1377 344 1766 401 DEUSDEDIT
1802 345 2064 402 FllAGM.
2108 346 2196 401 DE
2236 346 2411 403 PHIV.
2459 350 2544 404 ΕΤ
2585 349 2788 406 AUCT.
2833 349 2999 407 ηοω.
3039 349 3316 409 ECCLES.

3581 360 3683 424 im

496 461 671 534 ptimo
697 460 959 531 Gregorio
979 474 1133 529 papa:
1162 459 1439 516 fidelitatis
1484 471 1850 526 sacramenta,
1878 471 1932 516 et
1961 462 2087 516 obe-
2119 462 2165 517 Α
2196 469 2266 527 te,
2294 477 2432 516 crcsa
2467 472 2613 516 sunt.
2638 462 2738 530 Qui
2764 464 2929 518 etiam
2959 464 3129 533 pulsis
3184 465 3454 522 catholicis
3478 472 3681 546 episcopi.

500 551 762 606 dientiam
814 567 867 605 ιι
924 550 1071 622 [vm]
1124 552 1283 606 annis
1338 552 1675 619 exhibitam,
1726 553 2082 623 apostolicum

499 650 756 705 thronum
783 642 997 714 invasit,
1023 659 1349 720 cooperante
1368 653 1470 708 sibi
1503 651 1735 709 Henrico
1762 667 1907 723 rege,
1921 668 2082 723 quem

499 741 806 801 seducendo
837 741 892 794 in
924 740 1295 796 Simoniacam
1341 743 1620 807 haeresim,
1652 744 1705 797 in
1730 758 1890 811 quam
1942 741 2083 798 idem

499 831 766 887 Henricus
793 830 991 886 dudum
1022 831 1309 900 inciderat,
1363 833 1685 904 profundius
1748 833 1977 904 impulit,
2030 843 2085 889 et

497 922 696 976 avertit
725 923 793 977 ab
820 923 1199 979 observatione
1218 924 1515 993 juramenti
1544 923 1687 994 quod
1718 924 1861 993 apud
1901 924 2084 978 Canu-

497 1013 638 1067 sium
686 1011 899 1069 Tuscia:
953 1013 1211 1085 oppidum
1261 1016 1568 1085 praebuerat
1625 1012 1803 1068 eidem
1864 1013 2085 1070 domino

496 1123 650 1179 papa:
666 1109 733 1164 ad
762 1109 1140 1180 integrandam
1167 1123 1353 1178 pacem
1387 1117 1441 1163 et
1485 1108 1751 1177 justitiam
1785 1108 1842 1163 in
1892 1123 2081 1181 regno,

496 1203 643 1272 quod
680 1201 846 1257 multa
868 1201 1120 1271 superbia
1149 1209 1204 1256 et
1250 1200 1456 1254 malitia
1480 1200 1928 1270 perturbaverat:
1957 1215 2085 1270 pro-

496 1301 620 1361 pter
647 1307 769 1362 qua:
795 1292 977 1346 omnia
1027 1301 1149 1361 post
1201 1290 1428 1345 multam
1468 1291 1906 1360 deprecationem
1938 1292 2084 1364 ejus-

498 1381 621 1436 dem
675 1382 854 1437 domui
884 1396 1052 1451 papae,
1085 1391 1143 1436 ut
1195 1381 1559 1451 resipisceret,
1589 1390 1645 1436 et
1695 1397 1837 1452 sa-pe
1858 1397 2084 1439 numero

498 1472 863 1536 vocationem,
889 1482 946 1526 ut
967 1470 1328 1535 satisfaceret,
1357 1472 1572 1528 tandem
1598 1473 1835 1543 primum
1859 1489 2084 1530 excom-

499 1561 893 1626 municatione,
933 1560 1152 1627 deinde,
1205 1561 1312 1616 nisi
1340 1563 1736 1631 acquiesceret,
1782 1564 2084 1619 commina-

500 1651 650 1705 tione
678 1650 1036 1721 depositionis
1084 1666 1115 1706 a
1148 1665 1336 1723 regno,
1363 1652 1581 1720 iterum,
1624 1654 1690 1709 ad
1716 1654 2084 1725 juramentum

496 1739 884 1797 satisfaciendo
912 1741 1223 1812 compulsus
1279 1752 1383 1798 est.
1414 1742 1520 1799 Sed
1558 1754 1765 1816 postea,
1802 1754 1861 1800 ut
1881 1745 2085 1801 dictum

2190 560 2245 606 et
2271 551 2578 620 abbatibus,
2611 553 2909 609 sceleratos
2954 565 3010 609 et
3055 555 3250 609 idiotas
3277 557 3488 628 singulis
3507 562 3685 624 civitati.

2185 642 2308 707 bus,
2336 650 2391 697 et
2410 644 2785 710 xenodochiis,
2816 643 2900 699 vel
2933 643 3177 700 ecclesiis
3198 645 3446 716 singulos,
3476 650 3687 715 interdum

2186 744 2367 790 autem
2404 736 2581 797 binos,
2614 735 2696 791 vel
2727 750 2937 791 annuos
2961 735 3213 805 prmlatos
3236 735 3511 794 damnabili
3536 745 3689 811 prioris

2184 836 2241 881 et
2278 828 2523 898 magistri
2555 828 2636 883 sui
2679 827 2927 883 Guiberti
2979 826 3217 883 Simonis
3243 829 3569 889 mercimonio
3590 839 3687 893 sub-

2185 919 2440 985 stitueus,
2469 919 2961 989 depraedationibus
2988 928 3301 975 sanctorum
3329 918 3693 989 locorum,Chri-

2186 1010 2488 1065 stianorum
2542 1012 2646 1066 sibi
2697 1027 2807 1067 non
2854 1010 3175 1077 faventium,
3230 1013 3339 1069 imo
3364 1017 3517 1071 etiam
3556 1019 3695 1075 laven-

2188 1102 2345 1167 tium,
2376 1103 2501 1157 dum
2532 1117 2637 1157 non
2668 1112 2816 1159 esset
2869 1104 2963 1173 qui
3012 1114 3228 1160 armato
3274 1107 3554 1169 resisteret,
3579 1108 3697 1180 longe

2186 1192 2399 1265 lateque
2425 1194 2704 1249 voluntate
2731 1194 2947 1265 quidem
2992 1210 3099 1250 non
3160 1196 3340 1276 minus
3382 1211 3477 1252 suo
3517 1196 3697 1262 Nerone,

2185 1283 2281 1337 sed
2311 1284 2489 1339 minus
2523 1283 2888 1354 possibilitate
2947 1293 3227 1356 grassatus
3272 1294 3376 1340 est.
3427 1284 3522 1341 Sed
3548 1292 3700 1359 gratias

2186 1376 2318 1441 Deo,
2346 1377 2459 1445 qui,
2507 1385 2566 1431 ut
2609 1377 2687 1432 ait
2712 1378 3019 1448 Apostolus,
3049 1397 3068 1432 ι
3104 1393 3322 1450 semper
3345 1380 3703 1449 triumphatnos

2186 1467 2240 1521 in
2268 1465 2486 1523 Christo
2536 1466 2683 1535 Jesu,
2723 1489 2742 1522 ι
2779 1473 3036 1539 quoniam
3088 1470 3231 1525 idem
3279 1471 3579 1540 imperator,
3616 1472 3703 1541 ejus

2185 1555 2349 1620 Nero,
2378 1557 2446 1612 ab
2478 1573 2669 1624 uxore,
2694 1574 2855 1629 quam
2891 1560 3077 1615 multis
3119 1560 3230 1616 Deo
3273 1569 3418 1616 teste
3462 1561 3705 1629 prostituit,

2186 1657 2241 1702 et
2298 1648 2423 1704 ﬁliis
2471 1658 2693 1719 propter
2732 1665 2886 1705 suam
2924 1650 3300 1706 crudelitatem
3350 1650 3578 1714 relictus,
3622 1650 3706 1719 jam

2188 1742 2406 1798 tandem
2430 1756 2535 1797 non
2576 1742 2867 1812 cujuslibet
2920 1745 3081 1815 regis,
3134 1754 3191 1801 et
3236 1747 3418 1813 ducis,
3465 1745 3568 1801 slve
3608 1763 3712 1801 mar-

496 1839 600 1897 est,
645 1845 674 1884 a
702 1830 925 1901 prtel‘ato
949 1833 1235 1900 Guiberto,
1273 1849 1412 1890 uovo
1447 1834 1668 1892 Simone
1699 1836 1882 1909 Mago,
1913 1838 2083 1901 veluti
2115 1816 2160 1876 Β
2188 1834 2421 1900 chiouis,
2471 1836 2565 1889 sed
2611 1834 2769 1890 unius
2796 1834 3033 1901 feminae,
3063 1836 3272 1892 scilicet
3299 1835 3543 1905 gloriosa:
3567 1836 3711 1891 etDeo

495 1920 635 1976 alter
669 1921 813 1978 Nero
826 1924 1089 1997 seductus
1111 1936 1214 1993 est,
1251 1926 1460 1983 scilicet
1487 1928 1631 1998 quod
1660 1943 1768 1984 non
1794 1938 2079 1999 oporteret

495 2012 744 2070 eumdem
766 2015 931 2071 veluti
958 2026 1164 2072 tantum
1202 2034 1382 2090 regem
1413 2020 1726 2090 apostolicae
1770 2021 2079 2090 sedisjudi-

493 2105 580 2161 cio
600 2106 856 2177 cuiquam
912 2108 1259 2177 satisfacere,
1287 2127 1351 2166 ac
1400 2113 1445 2168 si
1476 2127 1581 2167 non
1610 2122 1756 2169 esset
1780 2113 1847 2169 de
1889 2114 2083 2170 ovibus

492 2196 560 2252 B.
585 2196 755 2265 Petri,
787 2208 843 2255 et
891 2211 1155 2271 exceptus
1182 2202 1251 2256 ab
1276 2217 1341 2257 ea
1365 2204 1718 2275 obligatione,
1760 2206 1827 2262 de
1863 2220 1969 2276 qua
2001 2206 2082 2261 ei-

496 2293 619 2348 dem
661 2308 693 2348 a
742 2295 855 2349 Deo
885 2295 1126 2351 dicitur:
1164 2316 1183 2349 ι
1223 2297 1594 2367 Quodcunque
1637 2298 1891 2370 ligaveris
1918 2313 2083 2368 super

494 2393 720 2452 terram,
742 2388 849 2443 erit
870 2388 1092 2460 ligatum
1118 2398 1173 2445 et
1195 2390 1247 2444 in
1267 2391 1428 2455 caelo,
1457 2411 1476 2444 ι
1495 2400 1603 2446 etc.
1620 2391 1875 2460 Ejusdem
1895 2390 2082 2460 itaque

496 2478 752 2533 suasione
800 2480 1025 2550 prazfata
1073 2482 1178 2536 duo
1216 2480 1526 2549 juramenta
1587 2482 2078 2553 transgrediendo;

500 2568 721 2634 iterum,
774 2585 1057 2641 quousque
1110 2573 1502 2643 resipisceret,
1557 2574 1803 2645 synodali
1866 2583 2084 2645 aposto-

499 2658 619 2715 licae
681 2662 829 2718 sedis
880 2664 1087 2734 judicio
1137 2665 1367 2721 vinculis
1417 2666 1781 2722 anatltematis
1815 2667 2085 2738 obligatus

495 2760 600 2806 εει.

1252 2847 1338 2902 lll.

922 2937 1001 2992 De
1051 2937 1100 2991 Il
1105 2955 1166 2994 en
1176 2939 1281 2994 rica
1307 2949 1655 3010 persecutore.

571 3027 817 3084 Tandem
880 3029 1141 3100 praefatus
1196 3041 1477 3103 tyrannus,
1534 3031 1799 3087 Henricus
1853 3032 2079 3099 scilicet,

496 3120 780 3175 induratus
803 3130 860 3175 ut
890 3121 1122 3188 Pharao,
1155 3123 1360 3177 relictis
1383 3123 1450 3177 ad
1476 3122 1832 3178 resistendum
1860 3123 1912 3176 in
1938 3123 2077 3177 Ger-

496 3211 678 3264 mania
701 3211 895 3281 copiis,
931 3222 1211 3282 assumpto
1254 3215 1450 3283 partim
1498 3229 1617 3280 suo,
1648 3214 1845 3285 partim
1876 3215 2079 3269 condu-

494 3301 652 3356 ctitio
679 3301 795 3356 sive
821 3303 1074 3373 gregario
1098 3306 1364 3372 exercitu,
1411 3306 1636 3363 Romam
1680 3316 1735 3362 et
1765 3307 2079 3362 suburbana

496 3389 616 3459 ejus
645 3392 1160 3461 depraedationibus,
1198 3411 1263 3451 ac
1291 3396 1547 3462 incendii,
1579 3408 1633 3452 et
1679 3398 1914 3454 aedibus
1960 3399 2082 3469 qui-

495 3478 597 3536 bus
626 3481 815 3548 valuit,
842 3484 1202 3552 quadriennio
1253 3486 1580 3551 devastavit,
1630 3495 1687 3541 et
1719 3488 1935 3543 tandem
1982 3504 2082 3544 suo

497 3572 719 3629 Simone
741 3576 913 3645 magis
938 3574 1116 3645 pretio
1128 3591 1290 3648 quam
1311 3577 1361 3633 vi
1389 3578 1777 3644 inthronizato,
1800 3581 1868 3634 ab
1889 3581 2079 3636 eodem

496 3663 834 3733 imperialem
882 3682 1141 3723 coronam
1189 3669 1421 3740 accepit.
1470 3670 1537 3726 Et
1588 3670 1749 3740 paulo
1790 3682 1913 3741 post
1957 3688 2080 3727 cum

495 3754 688 3807 eodem
736 3755 958 3811 militari
1016 3757 1514 3816 Northmannorum
1572 3776 1733 3815 manu
1775 3761 1928 3816 ducis
1976 3763 2084 3817 Ro-

496 3841 660 3908 berti,
704 3845 795 3913 qui
846 3845 902 3900 in
962 3846 1227 3901 auxilium
1272 3849 1477 3904 domini
1525 3860 1677 3920 papae
1727 3849 1975 3921 Gregorii
2026 3852 2081 3907 iu

495 3932 738 3988 Adriano
775 3936 1021 4007 degentis
1064 3939 1277 3994 concite
1324 3939 1521 4006 adfuit,
1575 3942 1888 4011 turpissime
1924 3942 2080 4013 fuga-

498 4029 586 4075 tus
619 4024 907 4081 abscessit.
951 4027 1019 4082 Et
1073 4038 1181 4082 tam
1234 4044 1342 4085 non
1402 4030 1732 4097 faventibus,
1779 4048 1941 4104 quam
1974 4047 2080 4089 non

498 4118 1035 4174 eommunicautibus
1084 4119 1189 4175 sibi
1236 4135 1302 4175 ac
1343 4122 1454 4178 suis
1484 4123 1859 4193 complicibus,
1889 4132 1945 4178 et
1974 4122 2083 4179 Ro-

494 4219 620 4272 mae,
653 4216 708 4262 et
732 4210 878 4265 omni
928 4226 1099 4283 regno
1127 4227 1228 4269 suo
1272 4215 1629 4272 saevissimam
1681 4228 1738 4273 et
1770 4218 2081 4275 diuturnam

494 4298 679 4355 intulit
705 4305 1164 4373 persecutionem,

568 4389 740 4463 Hujus
763 4396 840 4450 rei
869 4411 1035 4453 causa
1056 4407 1114 4453 et
1142 4398 1403 4456 Ecclesia:
1435 4415 1573 4471 pene
1599 4402 1770 4457 totius
1814 4402 1966 4473 regni
1995 4402 2080 4457 de-

2183 1923 2394 1979 dilecta:
2422 1925 2718 1981 comitissas
2764 1925 3059 1994 Mathildis,
3095 1928 3486 1999 congressione
3509 1927 3626 1981 adeo
3646 1929 3713 1982 de-

2182 2015 2425 2072 bilitatus
2452 2026 2555 2085 est,
2616 2025 2676 2071 ut
2723 2017 2814 2072 vix
2848 2018 3347 2089 quinquagenarius
3375 2032 3591 2087 magnus
3632 2016 3714 2071 llo-

2184 2124 2468 2165 manorum
2496 2110 2789 2180 imperator
2820 2111 3056 2176 incedat,
3076 2111 3225 2181 justo
3272 2108 3619 2178 districtoque
3638 2108 3713 2163 Dei

2175 2199 2403 2269 judicio,
2428 2203 2521 2258 Dei
2566 2202 3039 2272 frequentissimus
3093 2202 3347 2257 venditor
3378 2207 3441 2255 et
3493 2200 3719 2272 abjurator

2186 2294 2427 2351 femineo
2499 2304 2852 2366 Superaretur
2914 2295 3188 2366 triumpho
3220 2334 3235 2360 ,
3293 2293 3387 2363 qui
3460 2291 3552 2348 Dei
3593 2307 3722 2347 suave

2175 2387 2365 2458 jugum
2388 2404 2417 2443 a
2449 2403 2507 2444 se
2537 2387 2845 2459 projiciens,
2879 2389 3018 2443 sicut
3045 2395 3197 2457 pater
3220 2384 3337 2454 ejus
3359 2384 3552 2449 Belial,
3576 2394 3625 2439 et
3644 2384 3722 2437 im-

2184 2496 2395 2538 memor
2421 2481 2566 2537 illius
2588 2481 2759 2536 sancti
2783 2480 2924 2550 regis
2948 2477 3070 2544 Job,
3094 2478 3185 2548 qui
3217 2478 3295 2531 ait
3330 2493 3345 2530 :
3380 2494 3401 2526 ι
3451 2475 3505 2532 Si
3528 2486 3725 2531 contem-

2183 2578 2265 2648 psi
2301 2576 2562 2646 judicium
2618 2572 2802 2629 subire
2852 2586 2977 2627 cum
3029 2583 3188 2624 servo
3240 2582 3384 2633 meo,
3446 2586 3464 2619 ι
3493 2567 3556 2621 ad
3597 2567 3724 2620 satis-

2186 2668 2494 2723 faciendum
2525 2666 2610 2720 liis
2637 2678 2869 2736 quorum
2921 2660 3309 2717 infestissimus
3336 2657 3554 2713 exstitit
3578 2671 3728 2727 perse-

2189 2769 2367 2823 cutor,
2422 2757 2571 2829 beati
2627 2751 3027 2826 apostoli'Petri
3070 2750 3264 2821 subjici
3316 2750 3630 2820 dedignatus
3665 2755 3729 2802 est

2179 2848 2400 2922 judicio.
2790 2848 2791 2851 “

2256 2944 2399 2999 Idem
2448 2956 2578 2996 vero
2609 2939 2924 3004 Guibertus,
2957 2937 3049 3009 qui
3082 2935 3253 2992 multo
3278 2934 3489 2989 rectius
3516 2947 3639 3002 papa
3662 2932 3733 2985 de-

2184 3050 2337 3090 mens
2373 3048 2536 3103 quam
2558 3031 2806 3087 Clemens
2829 3030 2934 3085 dici
2958 3028 3143 3085 debuit
3158 3028 3263 3100 (l),
3291 3026 3348 3081 in
3369 3023 3618 3096 oppidulo
3638 3037 3731 3085 suo,

2184 3126 2327 3196 quod
2356 3125 2656 3195 Argentum
2703 3120 2927 3187 dicitur,
2969 3118 3127 3190 quasi
3179 3117 3247 3173 ad
3289 3117 3373 3173 sui
3417 3114 3734 3170 munitionem

2184 3218 2327 3273 celsa
2353 3216 2489 3271 turri
2517 3214 2783 3269 fabricata
2809 3211 3156 3285 praestolatur
3175 3208 3529 3265 Simoniacos
3549 3204 3737 3274 angelos

2183 3326 2306 3367 cum
2334 3309 2530 3378 quibus
2555 3306 2806 3373 volando,
2832 3305 2885 3359 in
2907 3302 3279 3376 puditissimas
3304 3299 3530 3371 Stygias
3552 3296 3739 3368 paludes

2183 3410 2405 3457 corruat
2431 3399 2622 3455 fractis
2644 3398 2917 3463 cruribus,
2947 3396 3155 3452 scilicet
3178 3394 3343 3449 rebus
3370 3392 3516 3457 suis,
3538 3389 3639 3445 Deo
3662 3400 3739 3440 no-

2186 3498 2271 3552 bis
2319 3478 2575 3567 propitio,
2633 3493 2746 3565 jam
2800 3490 3194 3562 propemodum
3237 3484 3563 3547 confractis,
3614 3489 3662 3535 et
3689 3478 3741 3532 ad

2185 3586 2411 3643 nihilum
2435 3586 2688 3641 redactis.
2716 3582 2815 3640 Cui
2847 3595 3009 3637 nemo
3034 3576 3385 3652 apostolicam
3411 3570 3741 3630 reverentiam

2185 3682 2301 3736 sive
2324 3678 2686 3735 obedientiam
2733 3675 2980 3731 exhibuit
3026 3678 3225 3743 praeter
3267 3682 3436 3723 suum
3484 3664 3741 3723 Neronem,

2184 3781 2239 3827 et
2260 3769 2554 3826 sceleratos
2576 3764 2869 3835 complices
2913 3761 3048 3831 ejus,
3079 3759 3167 3816 vel
3205 3758 3299 3829 qui
3354 3770 3418 3812 se
3450 3754 3530 3810 illi
3554 3757 3744 3820 propter

2186 3856 2492 3924 avaritiam,
2518 3876 2538 3911 ι
2572 3871 2694 3927 quae
2754 3862 2838 3910 est
2870 3852 3137 3908 idolorum
3180 3848 3445 3912 servitus,
3478 3864 3500 3898 ι
3536 3842 3615 3897 vel
3645 3853 3749 3911 pem

2184 3962 2371 4024 petuo,
2401 3949 2487 4005 vel
2519 3948 2587 4003 ad
2612 3957 2843 4018 tempus,
2869 3954 3032 4014 pacto
3057 3937 3418 4010 jurejurando
3449 3932 3743 3990 vendidere:

2185 4056 2417 4111 quorum
2467 4037 2709 4108 plurimi,
2766 4034 2965 4104 quibus
3015 4029 3245 4101 perfidia
3286 4027 3589 4089 claruerat,
3642 4024 3747 4076 dum

2184 4131 2518 4191 exsecranda
2576 4126 2849 4184 sacrificia
2875 4122 3133 4182 celebrat,
3192 4132 3263 4173 ne
3304 4118 3635 4171 interessent
3671 4125 3749 4163 au-

2184 4223 2479 4296 fugiebant,
2508 4219 2741 4275 scientes
2786 4213 3036 4272 eumdem
3095 4208 3228 4265 nulli
3258 4207 3632 4296 Romanorum
3649 4215 3750 4255 suc-

2185 4293 2415 4375 cessisse
2439 4312 2782 4386 pontilicum,
2809 4308 2903 4364 sed
2925 4304 3246 4378 praescripto
3290 4299 3455 4354 modo
3495 4293 3747 4386 per-jurum

2184 4420 2240 4465 et
2272 4383 2585 4464 invasorem
2635 4418 2702 4458 ac
2747 4396 3140 4461 Simoniacum,
3175 4391 3474 4447 Henricum
3524 4383 3751 4439 videlicet

496 4481 701 4547 solatae,
730 4496 787 4541 et
814 4487 1125 4545 Christiana
1155 4491 1345 4561 religio
1374 4470 1767 4563 propemodum
1790 4470 2075 4563 dissipata,
2102 4509 2157 4571 ι)
2184 4515 2364 4571 regem
2397 4541 2411 4566 ,
2461 4495 2682 4553 domino
2727 4488 2992 4562 Gregorio
3036 4498 3194 4558 papa:
3248 4481 3433 4592 fuisse.
3470 4470 3751 4548 Superindi°

497 4585 553 4628 et
589 4580 883 4650 nonaginta
932 4584 1099 4639 millia
1127 4585 1409 4641 hominum
1436 4596 1491 4642 et
1526 4602 1593 4643 eo
1620 4587 1853 4657 amplius
1905 4589 1958 4643 in
1986 4589 2068 4644 di-

496 4670 671 4726 versis
725 4673 1054 4743 regionibus,
1080 4676 1453 4752 lpseudOpapa
1484 4680 1748 4737 Guiberto
1772 4696 2071 4752 cooperan-

565 4904 645 4973 (l)
685 4903 880 4960 Eadem
914 4904 1020 4963 Leo
1050 4906 1314 4965 Ostiensis
1346 4910 1437 4965 lib.
1471 4927 1548 4974 ut,
1574 4926 1620 4965 c.
1655 4911 1721 4965 69

2184 4605 2355 4665 ctum,
2379 4603 2482 4650 etc.
