3902 6316
1514 598 1694 639 DESIN
1708 599 1871 639 ENTE
1918 596 2174 639 SJECULO

480 796 1645 961 WILLELMUS
1756 734 3079 955 PICTAVIENSlS

1288 1087 1747 1145 LUXOVIENSIS
1781 1087 2338 1143 ARCHIDIACONUS

650 1440 1154 1535 NOTI'I‘IA
1251 1437 1903 1531 HISTORICA
1995 1440 2119 1527 IN
2196 1438 2953 1533 WILLELMUM

1116 1676 1361 1735 (anc.
1393 1673 1646 1733 Biblioth.
1671 1673 1814 1730 med.
1840 1682 1885 1727 et
1902 1672 2001 1741 inf.
2030 1670 2177 1741 ιαμ,
2200 1671 2287 1739 111,
2318 1672 2443 1741 162)

1559 1833 2042 1850 ———ﬂ

224 1989 538 2051 Willelmus
561 1986 874 2043 Pictavinus
905 1985 1017 2040 sive
1040 1983 1423 2047 Pictaviensis,
1475 1979 1833 2035 Luxoviensis
1878 1981 1995 2037 sive
2044 1979 2391 2035 Lexoviensis
2423 1979 2837 2051 archidiaconus
2881 1977 3223 2048 consignavit
3246 1978 3426 2051 βαδι-

156 2049 298 2124 lelmi
326 2064 345 2117 1
390 2058 797 2130 Conquestoris,
820 2056 1020 2130 Anglia:
1039 2054 1367 2130 regis,cujus
1392 2051 1701 2130 capellauus
1745 2051 1868 2130 fuit,
1895 2052 2086 2130 Gesta,
2110 2052 2311 2130 scripta
2359 2060 2698 2130 postanninn
2731 2049 2892 2130 lubt},
2915 2060 2967 2130 et
2996 2064 3063 2130 es
3096 2065 3195 2102 ms.
3227 2049 3424 2130 _Cot_to-

157 2119 320 2193 triane
385 2119 540 2188 edita.
586 2132 639 2184 in
671 2119 999 2183 Andremwdu
1029 2119 1243 2181 Ch'esne
1273 2119 1718 2193 Northmannieis
1745 2121 1923 2193 Paris.
1953 2122 2112 2188 1619,
2138 2119 2235 2175 fol.
2262 2119 2385 2192 pag.
2420 2123 2539 2193 178,
2562 2119 2689 2193 215,
2712 2122 2804 2193 sed
2844 2123 2912 2172 ab
2946 2120 3099 2193 initio
3137 2130 3192 2172 et
3227 2121 3277 2173 in
3299 2120 3343 2193 Δ11
3358 2137 3426 2175 ne

157 2189 375 2263 mutila.
428 2202 673 2275 Laudant
731 2198 1052 2255 Guillelmus
1103 2194 1555 2251 Getumeticeusis
1608 2191 1729 2255 VII,
1780 2192 1874 2258 41,
1924 2202 2085 2263 atque
2134 2189 2427 2249 Ortlerieus
2478 2191 2670 2246 Vitalis
2731 2190 2825 2245 lib.
2879 2206 2938 2243 Ill
2998 2189 3137 2244 Hist.
3195 2190 3426 2257 eecles.,

154 2294 278 2350 pag.
301 2275 436 2332 505.

168 2438 3429 2487 ——________—_————-———————-—-—————--—--——

566 2640 1022 2754 GESTA
1101 2638 1844 2755 WILHELMI
1929 2619 3028 2769 CONQUESTORIS

1230 2883 1557 2941 AUCTORE
1593 2883 1966 2941 WILLELMO
2005 2879 2461 2937 PICTAVIENSI.

483 3062 645 3117 (Vide
688 3060 1007 3134 Palrologia:
1036 3072 1162 3117 tam.
1184 3061 1413 3126 CXLIX,
1440 3060 1544 3117 col.
1580 3060 1738 3127 1217,
1771 3060 1837 3116 ad
1869 3076 2071 3116 annum
2099 3061 2258 3127 1087,
2303 3062 2357 3115 in
2384 3058 2659 3116 Willelmo
2687 3059 3103 3132 Couquestore.)

3020 3251 3423 3264 ————_——

878 3416 1604 3537 WILLELMI
1686 3416 1910 3532 PIC
1928 3417 2689 3532 TAVIENSIS

976 3636 1285 3693 CARMINA
1321 3636 1695 3694 ADVERSUS
1721 3635 2130 3693 GUIBEBTUM
2155 3635 2579 3693 ANTIPAPAM.

149 3822 467 3897 (DSSERIUS,
493 3825 742 3893 Eptuola:
770 3820 1088 3890 Ilibermcw,
1120 3837 1210 3892 ep.
1237 3821 1333 3889 29,
1366 3829 1481 3946 uti}.
1586 3820 1710 3886 158,
1738 3837 1805 3876 ex
1857 3837 1957 3945 ms.
1992 3823 2113 3946 cod.
2138 3829 2413 3961 quondam
2440 3824 2507 3878 ad
2530 3820 2945 3881 "succentoriam
2967 3818 3268 3897 'l‘borue‘ya:
3291 3827 3425 3896 τινι-ιι

1466 3908 1494 3945 a
1522 3909 1535 3946 ι
1563 3907 1794 3948 axenses
1821 3908 1917 3949 uer
1947 3909 2067 3948 men
2096 3907 2143 3948 e.

1466 3907 1794 3948 amaxenses
1821 3907 2143 3949 pertinente.

220 4232 589 4298 WILLELIUS,
621 4229 1014 4287 canonicorum
1040 4227 1189 4284 beati
1221 4226 1412 4283 Hilarii
1460 4226 1739 4294 minimus,
1847 4226 2019 4293 Quam
2056 4225 2233 4283 factus
2263 4229 2443 4298 praedo
2472 4229 2686 4285 violasti
2715 4243 2944 4300 corpore
2972 4230 3138 4287 l'mdo.

151 4322 453 4379 Wiuenro.
1847 4319 1968 4374 Stat
2004 4319 2201 4373 merito
2242 4321 2454 4377 dentem
2481 4337 2677 4378 nomen
2708 4323 2802 4379 tibi
2849 4331 2977 4383 _stat
3006 4324 3145 4379 male
3168 4323 3421 4391 Clemens,

150 4415 230 4472 Ne
250 4426 437 4471 metra
457 4423 771 4468 contemnas
795 4411 887 4467 tibi
908 4414 1108 4479 scripta
1130 4411 1313 4465 videre
1336 4410 1620 4465 Ravennas
1650 4426 1664 4463 :
1846 4410 1892 4465 Ο
1915 4422 2078 4480 caput
2105 4413 2308 4467 erroris
2346 4428 2444 4480 per
2478 4414 2646 4469 multa
2681 4414 2881 4469 ﬂuente
2903 4415 3115 4470 cruoris
3150 4434 3166 4469 :

151 4508 464 4563 Consilium
495 4521 685 4561 sanum
714 4521 782 4559 ne
805 4504 967 4559 crede
989 4503 1082 4558 tibi
1114 4502 1233 4557 fore
1264 4517 1482 4557 vanum.
1847 4501 2397 4561 Nunc'manifestabit
2419 4522 2576 4561 error
2601 4516 2723 4562 tuus
2752 4516 2915 4576 atque
2943 4508 3214 4577 probabit,

150 4601 231 4655 Ad
254 4615 355 4656 cor
382 4612 546 4654 mane
569 4598 679 4654 cito
708 4597 917 4652 ratione
940 4595 1169 4651 fruendo
1189 4594 1384 4649 redito.
1844 4593 1993 4661 Quos
2016 4595 2161 4650 velut
2188 4606 2471 4667 argentum
2508 4597 2626 4652 fidei
2656 4600 2848 4669 probat
2875 4600 3304 4677 experimentum
3336 4618 3348 4653 :

150 4690 209 4748 Si
242 4705 343 4747 cor
369 4689 543 4745 babes
568 4689 847 4754 mundum,
871 4685 1195 4742 monstrabit
1226 4694 1276 4739 te
1295 4682 1663 4749 furibundum,
1847 4685 1992 4757 Ergo
2022 4701 2183 4756 quam
2210 4702 2437 4757 propere
2464 4698 2550 4743 tua
2581 4699 2761 4760 empta
2801 4700 2991 4746 caveto
3014 4701 3199 4746 tenere
3231 4709 3244 4744 :

150 4782 254 4850 Qui
277 4789 478 4837 contra
506 4779 699 4836 ccelum
728 4779 869 4849 jacis
900 4776 1313 4848 impenetrabile
1341 4775 1528 4831 telum.
1846 4779 1914 4834 Et
1944 4778 2089 4834 fastu
2116 4789 2301 4850 spreto
2320 4782 2448 4849 quid
2474 4782 2549 4836 sis
2575 4784 2836 4836 moriture
2864 4783 3069 4837 videto.

150 4869 229 4927 Te
263 4878 423 4943 patet
460 4870 755 4935 incautum,
788 4869 879 4940 qui
907 4884 1109 4924 cornua
1139 4868 1296 4939 ponis
1323 4867 1377 4922 in
1402 4868 1595 4932 altum,
1845 4870 2006 4940 Papae
2036 4880 2346 4941 prostratus
2376 4880 2678 4933 transactos
2704 4874 2806 4927 ede
2832 4882 3016 4926 reatus
3047 4888 3063 4935 ;

150 4961 367 5018 Eventu
394 4960 535 5016 tristi
554 4974 774 5030 regnum
800 4974 1029 5030 poscens
1059 4959 1154 5014 tibi
1187 4956 1408 5014 Christi.
1845 4961 1914 5016 Et
1932 4964 2144 5017 veniam
2176 4978 2379 5032 quaere,
2418 4963 2739 5034 culpamque
2767 4972 2910 5017 tuam
2938 4963 3195 5034 prolitere
3227 4980 3240 5016 :

148 5053 209 5108 In
230 5054 386 5110 sanis
410 5052 625 5124 penitus
651 5052 705 5107 in
733 5051 1024 5109 ludibrium
1050 5050 1326 5109 stabilitus
1358 5067 1374 5117 ;
1843 5055 1943 5111 Est
1968 5056 2121 5127 prius
2151 5054 2410 5123 indultor,
2448 5066 2629 5111 tamen
2655 5070 2807 5127 aeque
2831 5055 3073 5111 criminis
3103 5057 3262 5110 ultor.

150 5144 254 5213 Qui
281 5152 493 5204 sancta:
514 5144 658 5203 sedis
683 5159 875 5217 papam
905 5146 1022 5203 fore
1046 5153 1098 5201 te
1120 5143 1261 5202 male
1282 5142 1461 5201 credis
