3902 6316
532 322 672 380 1ῧ79

1819 312 2084 372 ιοΑΝΝιε

2264 311 2352 367 CA
2364 312 2541 368 ΜΛΝ
2553 313 2659 368 DIA
3618 318 3712 373 tam

530 446 624 499 Est
654 457 883 515 sarcago
917 440 1053 513 (22),
1108 437 1328 509 patella,
1361 435 1527 501 Iebes,
1572 432 1827 497 eacabus,
1862 430 1942 484 vel
1979 431 2111 485 ahe-
2143 429 2189 485 A
2220 427 2408 499 Urget,
2438 427 2753 500 compellit:
2792 429 2877 484 his
2906 442 3103 485 sensus
3132 428 3373 484 convenit
3396 429 3535 483 idem.

1873 524 2047 597 [num.

526 632 568 684 A
606 637 763 699 pateo
783 628 933 683 dicas
961 626 1168 695 patinas
1189 622 1326 693 (25).
1362 619 1628 690 couj‘unge
1659 616 1902 688 patellas.

528 722 637 775 Vas
664 722 787 775 dico
817 720 1076 789 patinam,
1109 716 1202 770 sed
1233 713 1378 783 quod
1417 714 1548 783 tegit
1573 724 1693 765 esse
1713 718 1955 778 patenum
1979 706 2112 777 (24).

524 813 603 867 De
626 828 813 869 sarcos
835 820 890 866 et
917 825 1037 881 ago,
1070 810 1148 864 sic
1176 817 1261 863 est
1288 820 1514 876 sarcago
1547 815 1739 859 vocata
1775 801 1887 871 (25)
1916 819 1928 853 ;

524 903 659 957 Nam
684 918 871 958 sarcos
899 916 1097 969 graece,
1128 915 1258 955 caro
1275 900 1360 953 dic
1392 910 1513 952 esse
1541 895 1724 950 latine.

522 995 752 1060 Allecto,
785 994 870 1050 vel
902 1011 1043 1057 unto,
1070 993 1250 1062 cupio,
1275 992 1548 1056 desidero,
1582 988 1749 1059 glisco
1782 985 1919 1058 (26),

522 1087 681 1155 Opto,
708 1085 793 1142 vel
817 1085 1079 1139 ammiror
1102 1083 1236 1153 (27),
1271 1096 1421 1143 aveo,
1452 1080 1535 1133 vel
1558 1080 1750 1151 gestio,
1783 1087 1968 1147 capto,

520 1181 742 1246 Ambio,
773 1180 919 1250 quod
948 1177 1081 1232 facit
1105 1175 1349 1237 ambitio,
1378 1172 1539 1227 simul
1574 1172 1898 1226 ambitiosus

520 1274 621 1329 Est
648 1282 828 1330 rector
858 1286 1070 1343 currus,
1101 1270 1310 1338 auriga,
1341 1266 1539 1320 vereda
1565 1272 1815 1319 vocatur.

521 1365 854 1429 Plaustrum,
892 1361 1232 1434 plaustellum
1267 1359 1411 1414 subit
1440 1358 1522 1412 eis
1551 1353 2042 1410 annnmerandum.

520 1459 601 1514 De
633 1473 731 1513 veo
760 1457 845 1512 dic
886 1456 1013 1510 reda
1044 1453 1244 1508 dictum
1272 1466 1397 1507 reor
1416 1464 1537 1505 esse
1563 1448 1804 1502 veredam
1838 1446 1975 1517 (28).

521 1552 829 1622 Aarigaque
850 1563 1005 1604 suum
1030 1546 1158 1602 dant
1184 1558 1343 1599 aures
1370 1552 1425 1597 et
1458 1557 1586 1613 rego
1609 1555 1827 1595 nomen.

524 1644 662 1698 Sunt
692 1656 851 1712 supra
879 1638 1037 1695 redas
1063 1646 1247 1708 partes
1272 1634 1528 1706 epyreide
1551 1632 1663 1703 (29)
1696 1630 1877 1686 dictae.

521 1732 749 1797 Porcus,
774 1746 920 1802 aper,
947 1742 1155 1795 verres,
1182 1742 1301 1782 mas
1329 1733 1448 1790 est;
1478 1739 1591 1790 sus,
1622 1734 1914 1792 parcaque,
1954 1733 2112 1773 scro-

1910 1811 2041 1884 [plta

518 1916 778 1980 Femina;
807 1914 900 1970 sed
929 1913 1139 1977 sucula,
1170 1909 1459 1981 porcellus,
1490 1904 1897 1963 diminutivum.

521 2008 650 2072 Sus,
677 2008 808 2063 suis.
830 2006 910 2061 Ex
943 2005 1032 2060 illa
1062 2019 1188 2059 caro
1228 2002 1390 2057 debet
1421 2014 1542 2054 esse
1577 1996 1756 2052 suilla.

521 2100 720 2156 Scrobs
750 2098 959 2155 scrobis
995 2106 1078 2152 est
1107 2095 1287 2150 fovea.
1321 2096 1446 2147 Haec
1472 2089 1629 2146 scobs
1657 2087 1836 2143 scobis
1870 2085 2013 2140 unde
2056 2083 2116 2139 fit

1902 2175 2014 2248 [illa

516 2284 563 2336 Α
592 2281 783 2336 scrobe
808 2280 895 2335 dic
941 2276 1212 2345 scropham
1239 2273 1350 2346 (30)
1382 2273 1468 2328 cui
1492 2281 1669 2327 rostro
1700 2279 1842 2325 terra
1867 2278 2112 2322 cavatur.

517 2377 586 2431 Et
617 2375 707 2445 qui
738 2373 908 2429 verrit
936 2373 1160 2427 hummn
1190 2385 1361 2423 verres
1384 2366 1451 2421 de
1481 2380 1641 2420 verro
1664 2360 1777 2435 (31)
1805 2370 2051 2416 vocatur.

518 2471 616 2524 Est
640 2483 859 2533 vervex,
891 2466 1050 2530 aries,
1076 2464 1161 2519 cui
1190 2462 1364 2516 virtus
1390 2468 1473 2515 est
1505 2456 1820 2528 generandi.

517 2560 611 2614 Fit
646 2560 773 2613 bino
801 2558 869 2614 de
904 2557 1064 2612 dente
1094 2555 1292 2611 bidens.
1320 2553 1417 2607 Dic
1446 2565 1567 2605 esse
1599 2547 1830 2603 bidental

516 2650 769 2715 Fulmen,
799 2647 941 2717 quod
970 2645 1166 2702 cecidit
1197 2644 1285 2699 ubi
1317 2642 1535 2697 victima
1562 2640 1702 2696 facta
1726 2639 1966 2695 bidente.

519 2742 628 2796 Sed
652 2758 773 2796 cum
804 2740 983 2796 balatu
1017 2738 1288 2793 balantem
1317 2736 1440 2790 halo
1472 2736 1689 2806 ﬁgurat.

520 2834 846 2890 Sacrificans
866 2826 1009 2888 ovat.
1055 2832 1135 2886 Ex
1172 2830 1361 2885 ovibus
1390 2831 1447 2883 fit
1476 2827 1681 2892 ovatio,
1709 2826 1953 2897 plausus.

519 2928 730 2981 Vervex
760 2928 811 2980 in
840 2926 1020 2997 capite
1042 2938 1284 2979 vermem
1317 2922 1475 2992 gerit.
1500 2919 1658 2974 Aries
1689 2918 1789 2974 ita.

517 3016 656 3072 IIinc
681 3016 980 3071 vervecinae
1007 3029 1204 3070 carnes
1224 3014 1481 3067 dicuntur
1507 3011 1705 3067 ovinae.

516 3109 793 3173 Adstruit,
824 3110 1069 3179 aﬁirmat,
1096 3114 1372 3161 asseverat
1397 3122 1411 3159 :
1444 3104 1546 3158 tria
1573 3113 1699 3158 sunt
1728 3103 1862 3156 haec.

517 3201 728 3259 Asserit
767 3212 851 3255 est
877 3209 1154 3269 quartum,
1187 3214 1307 3269 qua:
1334 3198 1547 3268 signant
1577 3204 1813 3266 quatuor
1843 3209 2030 3248 unum.

516 3286 732 3353 Annua,
764 3293 1022 3355 concedo,
1054 3291 1212 3346 simul
1243 3291 1579 3359 admittoqne
1617 3286 1825 3343 libido.

516 3380 765 3444 Abdicat,
800 3392 853 3435 et
871 3381 1217 3445 contradicit,
1251 3388 1431 3450 negat,
1465 3378 1668 3442 abnuit,
1700 3375 1994 3441 inficiatur,

516 3474 734 3536 Ohviat,
758 3485 811 3526 et
844 3474 1039 3536 renuit,
1072 3472 1155 3526 his
1189 3486 1355 3525 unum
1388 3468 1750 3537 significatur.

445 3627 456 3636 ,
519 3566 652 3618 Cum
683 3564 1033 3635 suffragatur,
1064 3564 1237 3634 juvat,
1264 3561 1503 3631 adjuvat,
1538 3559 1855 3623 auxiliatur,

520 3653 788 3708 Subvenit
818 3655 1070 3718 addatur,
1103 3653 1375 3707 succurrit
1402 3652 1749 3721 prepitiatur,

522 3746 579 3801 Si
616 3747 963 3816 permittatur
988 3763 1016 3800 a
1044 3746 1234 3800 metris
1257 3746 1573 3814 opitulatur.

521 3837 827 3905 Subtrahit,
848 3837 1067 3899 attollit,
1092 3836 1359 3897 subducit,
1396 3848 1451 3891 ct
1479 3837 1659 3906 eripit,
1690 3836 1884 3904 aufert,

522 3929 784 3998 Surripit,
825 3939 879 3982 et
902 3928 1118 3997 Spoliat,
1156 3936 1396 3996 asportet
1427 3944 1514 3983 res
1543 3929 1773 3995 alienas,

519 4019 726 4083 Privat,
758 4020 1049 4090 praedatur,
1079 4019 1363 4075 defraudat
1388 4020 1466 4075 eis
1498 4022 1754 4076 sociatur.

522 4111 810 4174 Convenit,
845 4109 1159 4179 alloquitur,
1185 4111 1393 4181 pariter
1420 4112 1698 4183 compellit
1725 4120 1779 4169 et
1811 4113 1950 4167 inter

520 4200 713 4265 Pellat,
737 4211 792 4254 et
816 4198 1010 4255 affatur
1039 4201 1311 4270 prardictis
1332 4205 1654 4258 associatur.

520 4293 716 4363 Auget,
742 4300 795 4347 et
834 4301 1170 4361 augmentat,
1199 4296 1512 4365 exaggerat,
1545 4305 1599 4350 et
1624 4306 1930 4362 coacervat,

520 4389 778 4456 Aggerat,
819 4384 1148 4450 accumulat,
1176 4395 1480 4456 cougestat,
1505 4388 1771 4457 congerit,
1797 4390 1965 4456 addit,

522 4477 775 4545 Ampliat,
800 4476 1112 4546 amplificat,
1145 4479 1389 4548 apponit,
1409 4489 1462 4533 et
1495 4478 1678 4549 adjicit
1706 4497 1834 4547 una,

522 4567 661 4621 Cum
691 4569 1015 4638 supradictis
1044 4572 1237 4635 assuit,
1274 4571 1535 4642 adjungit,
1562 4573 1789 4635 raduuit.

522 4663 708 4727 Arcet,
741 4664 1059 4733 compescit,
1090 4663 1321 4728 inhibet,
1353 4665 1694 4736 cohibetque,
1719 4676 1966 4734 coercet,

526 4751 806 4818 Refrenat,
831 4755 1102 4824 reprimit,
1130 4755 1423 4825 angustiat,
1463 4766 1623 4825 atque
1650 4767 1911 4822 coarctat,

523 4841 699 4913 Cogit.
735 4845 1079 4915 constringit,
1109 4844 1378 4915 augariat,
1410 4857 1607 4913 arctat,
1635 4856 1690 4901 et
1716 4847 1887 4917 angit,

596 5019 709 5087 (22)
751 5021 965 5087 Ignorat
988 5035 1173 5077 vocem
1199 5021 1459 5078 Lexicon.

596 5091 709 5166 (filii)
752 5091 866 5166 gon
887 5093 1196 5166 observavit
1222 5095 1651 5166 lexicographus.

596 5162 710 5231 (24)
750 5162 1032 5215 Omittitur
1057 5163 1107 5216 in
1137 5163 1354 5220 Lexico.

598 5233 711 5302 (25)
751 5232 915 5286 Forte
961 5233 1075 5307 ipsa
1108 5250 1208 5288 vox
1239 5247 1451 5305 sartago
1479 5252 1601 5306 quae
1646 5239 1786 5293 idem
1816 5236 2111 5307 significat,

527 5306 710 5375 minus
740 5313 887 5375 recte
915 5304 1190 5371 scribitur,
1220 5317 1314 5361 aut
1345 5304 1546 5375 scripta
1574 5309 1702 5362 olim
1753 5304 1903 5363 recte
1937 5309 2114 5363 minus

529 5373 913 5456 recte‘lsgitur,
944 5389 1069 5430 cum
1106 5388 1124 5429 t
1162 5386 1272 5431 etc
1321 5379 1372 5431 in
1406 5373 1682 5434 codicibus
1721 5394 1850 5434 mss.
1877 5380 2114 5450 antiquis

529 5446 619 5500 vix.
649 5443 919 5499 differant.

621 5515 713 5587 26)
752 5514 827 5587 βλ
859 5516 1254 5587 significatione
1281 5528 1432 5573 caret
1466 5518 1721 5575 Lexicon.

622 5585 713 5657 27)
751 5584 969 5657 [frustra
1000 5603 1213 5657 quaeras
1245 5589 1298 5642 in
1327 5589 1545 5645 Lexico.

530 5654 717 5781 ιἰὲ(28)
759 5654 1077 5713 Econtrario
1109 5657 1448 5717 Boxhornius
1476 5661 1762 5718 Arahicam
1791 5678 1978 5719 vocem
2012 5664 2111 5719 ha-

2135 3139 2184 3199 Ο

2219 523 2513 594 ludignaus
2538 538 2742 592 onager
2768 524 2974 578 servire
3009 537 3109 592 per
3135 538 3264 576 arva
3293 534 3515 587 vocatur,

2216 616 2288 669 At
2308 616 2531 686 supplex
2564 617 2751 670 asinus
2774 614 2954 670 servili
2987 614 3105 685 lege
3125 614 3342 685 ligatur,

2216 706 2403 762 Faatus
2425 707 2621 762 asellus
2641 709 2763 763 erit.
2795 707 3118 762 Similantur
3144 704 3379 760 moribus
3404 704 3470 759 illi

2218 801 2318 867 Qui
2347 818 2453 856 non
2488 801 2762 871 accipiunt
2796 800 3096 855 doctrinam
3119 808 3337 868 pectore
3364 800 3503 852 duro.

2219 891 2428 945 Dicitur
2456 894 2722 945 accusans
2750 890 2989 960 aequales
3017 899 3181 959 atque
3205 889 3466 951 minores;

2218 984 2426 1039 Dicitur
2452 984 2703 1037 incusans
2728 982 2960 1052 majores
2988 991 3042 1036 et
3076 980 3362 1045 meliores;

2218 1075 2322 1128 Sed
2356 1074 2531 1129 secius
2560 1088 2829 1128 excusans
2853 1073 3068 1133 minuit,
3096 1071 3381 1141 renuitque
3413 1084 3642 1125 recusans.

2215 1167 2368 1233 Quod
2398 1167 2491 1219 dat
2510 1164 2920 1236 judiciojudex,
2948 1165 3255 1233 adjudicat;
3286 1173 3339 1218 et
3373 1165 3508 1233 quod

2216 1259 2407 1313 Aufert
2431 1258 2637 1327 judicio
2658 1258 2847 1328 judex,
2880 1258 3155 1327 abjudicat
3178 1258 3344 1321 illud;

2216 1351 2284 1406 Et
2311 1351 2457 1406 litem
2486 1352 2746 1406 dirimens
2768 1363 2949 1421 partes
2976 1351 3235 1421 dijudicat
3274 1352 3445 1416 inter;
3508 1329 3530 1349 ’

2216 1439 2283 1494 Et
2313 1457 2448 1512 quos
2470 1442 2750 1513 suppliciis
2772 1441 2977 1512 affligit,
3001 1442 3211 1510 judicat
3236 1442 3373 1497 illos.

2214 1528 2404 1587 Judico
2429 1542 2503 1598 te,
2542 1534 2772 1600 damno;
2804 1534 2900 1587 tibi
2917 1532 3128 1602 judico,
3148 1532 3431 1586 commoda
3453 1546 3618 1600 quam.

2213 1631 2451 1686 Artificis
2481 1646 2677 1685 nomen
2721 1630 2897 1701 opifex
2939 1632 3192 1695 assumit,
3218 1640 3267 1685 et
3295 1643 3464 1686 actor.

2214 1721 2424 1777 Invenit
2447 1735 2635 1790 autor;
2674 1726 2787 1793 agit
2807 1733 2988 1790 actor;
3016 1739 3103 1777 res
3123 1723 3350 1792 ampliat
3369 1733 3561 1778 auctor.

2217 1816 2389 1871 Autor
2416 1815 2485 1870 ab
2511 1818 2774 1871 auteutim
2803 1818 2920 1872 sine
2947 1832 3006 1880 c;
3040 1817 3107 1871 de
3131 1831 3191 1871 se
3212 1809 3346 1869 dicit
3374 1826 3529 1880 actor,

2215 1910 2261 1964 A
2288 1910 2406 1964 sine
2433 1925 2463 1961 v
2488 1909 2554 1963 ab
2581 1925 2683 1978 ago
2717 1910 2900 1973 venit;
2930 1920 3121 1963 auctor
3143 1909 3211 1962 ah
3229 1923 3400 1977 augeo
3424 1924 3536 1963 cum
3564 1924 3611 1961 c.

2214 2002 2312 2057 Est
2342 2003 2553 2066 avidus,
2576 2004 2819 2072 cupidus,
2847 2012 2898 2057 et
2933 2019 3152 2068 avarus,
3178 2012 3233 2057 et
3267 2003 3606 2065 ambitiosus;

2217 2094 2442 2149 Divitias
2464 2095 2690 2162 cupidus
2713 2096 2876 2165 capit,
2908 2095 3229 2148 ambitiosus
3258 2095 3505 2148 honores.

2214 2184 2361 2239 Inter
2382 2199 2440 2239 se
2467 2185 2668 2239 distant
2706 2185 2945 2245 timidus.
2978 2185 3316 2250 temerarius,
3348 2187 3559 2240 audax:

2216 2277 2435 2345 Linquit
2460 2278 2780 2340 omittenda,
2826 2276 2955 2331 facit
2987 2277 3168 2331 audax
3196 2278 3579 2349 aggredienda;

2216 2368 2408 2424 Cessat
2430 2370 2497 2424 ah
2523 2371 2788 2425 audendis
2822 2371 3044 2425 timidus
3083 2370 3243 2426 simul
3275 2380 3328 2425 et
3357 2370 3625 2442 fugiendis;

2213 2462 2393 2515 Audet
2421 2462 2717 2517 omittenda
2750 2464 3076 2517 temerarius
3098 2473 3153 2517 et
3182 2463 3428 2518 facienda
3454 2464 3571 2533 (52).

2215 2552 2418 2618 Nutrit,
2445 2552 2727 2621 fomenlat,
2762 2555 2957 2619 reﬁcit,
2984 2554 3151 2620 fovet,
3183 2565 3238 2629 et
3276 2556 3546 2619 refocillat,

2214 2643 2418 2712 Pascit,
2448 2646 2542 2700 alit
2576 2665 2589 2701 :
2632 2662 2822 2701 sensus
2846 2647 2930 2700 his
2953 2648 3131 2701 verbis
3155 2649 3418 2703 convenit
3443 2664 3580 2702 unus.

2217 2740 2354 2795 Ilinc
2383 2741 2770 2801 nutrimentum
2797 2741 3103 2805 deducitur,
3129 2756 3194 2795 ac
3218 2740 3539 2800 alimentum.

2216 2831 2587 2901 Fomentoque
2618 2847 2803 2887 comes
2823 2832 2981 2886 simul
3006 2847 3069 2886 ac
3089 2833 3375 2896 alimonia,
3407 2814 3572 2886 fontes.

2212 2924 2360 2979 Inter
2385 2939 2442 2978 se
2467 2923 2669 2977 distant
2689 2923 2939 2987 albescit,
2962 2932 3015 2977 et
3040 2922 3209 2986 albet,
3235 2932 3293 2977 et.
3323 2923 3455 2976 albat

2212 3017 2449 3081 Albicat,
2473 3015 2732 3070 albificat.
2762 3014 3018 3069 Transire
3052 3016 3204 3069 sinas
3219 3015 3326 3069 duo
3348 3015 3525 3082 prima.

2212 3107 2435 3162 Inchoat
2460 3107 2720 3172 albescit;
2753 3107 2945 3161 minuit
2966 3106 3123 3161 simul
3152 3117 3320 3175 atque
3340 3106 3623 3174 frequentat

2210 3201 2445 3257 Albicat.
2485 3199 3056 3267 Istorumcelebratur
3084 3209 3375 3269 utrumque
3398 3198 3643 3254 solutum.

2211 3294 2454 3359 Candeo,
2482 3295 2751 3349 eaudesco
2780 3308 2888 3348 non
2924 3292 3143 3349 transit.
3175 3293 3407 3347 Candido
3436 3290 3641 3345 transit.

2213 3387 2422 3441 Dicitur
2452 3395 2811 3457 unguentum,
2836 3386 3300 3456 cataplasmaque,
3330 3386 3549 3447 nardus,
3577 3396 3759 3435 aroma.

2212 3479 2392 3534 Fmtet
2414 3480 2794 3544 aromaticum,
2827 3478 2999 3533 Sileni
3030 3480 3176 3549 quod
3202 3487 3420 3548 prastat
3440 3476 3671 3533 odorem.

2213 3573 2327 3626 Non
2364 3572 2592 3637 redolet,
2610 3574 2705 3627 sed
2732 3573 2862 3638 olet,
2886 3572 3028 3642 quod
3058 3572 3301 3628 redolere
3327 3570 3480 3626 solet.

2212 3666 2383 3721 Debet
2411 3664 2498 3720 fex
2520 3665 2622 3720 olei
2643 3665 2882 3720 sedimen
2908 3679 3132 3721 amurca
3162 3663 3341 3720 vocari
3372 3663 3507 3733 (55).

2213 3759 2310 3812 Est
2332 3772 2469 3811 auus
2505 3756 2704 3821 vetula,
2733 3756 2931 3810 minuit
2956 3756 3050 3811 sed
3070 3754 3278 3810 anicula
3300 3769 3507 3809 sensus.

2212 3847 2349 3901 Dum
2374 3862 2432 3902 se
2462 3854 2651 3901 curvat
2680 3862 2843 3908 anus.
2860 3847 3007 3902 velut
3030 3858 3243 3901 antrum
3269 3844 3449 3901 sibilat
3477 3858 3624 3898 anus.

2211 3941 2416 4009 Augur,
2442 3941 2730 4010 sortilegus
2761 3950 2866 4004 est,
2896 3941 3195 4005 divinator,
3221 3954 3472 4009 aruspex,

2211 4033 2445 4088 Additur
2465 4035 2689 4090 ariolus.
2726 4034 2939 4089 Dicitur
2966 4034 3095 4088 hinc
3121 4033 3358 4088 ariolari.

2212 4125 2390 4194 Atque
2411 4126 2828 4181 mathematicus
2852 4124 2957 4179 illis
2984 4126 3246 4190 sociatur,
3271 4133 3325 4178 et
3350 4135 3569 4191 auspex.

2217 4213 2393 4268 Unum
2421 4215 2693 4284 significat
2719 4215 2884 4271 arbor
2905 4223 2960 4268 et
2993 4214 3185 4270 robore
3216 4214 3399 4282 stipes.

2217 4303 2365 4375 Stips
2387 4307 2542 4376 stipis
2564 4317 2648 4362 est
2668 4306 2879 4376 opulus,
2905 4304 2998 4362 sed
3026 4307 3196 4375 stipes
3220 4304 3417 4374 stipitis
3444 4305 3623 4358 arbor.

2217 4397 2370 4469 Stipo
2392 4400 2658 4470 constipo,
2688 4399 2959 4470 stipendia
2995 4399 3226 4455 dicimus
3253 4398 3392 4453 inde.

2143 4486 2193 4545 D
2221 4493 2459 4548 Arbutus
2475 4494 2686 4548 arboris
2706 4504 2790 4548 est
2812 4493 3045 4563 species,
3078 4493 3218 4547 sicut
3250 4491 3437 4546 arbuta
3463 4490 3689 4545 fructus.

2217 4583 2367 4655 Stips
2395 4580 2553 4654 stipis
2579 4593 2665 4640 est
2687 4585 2919 4650 obulus;
2949 4582 3329 4640 indeclinabile
3354 4582 3581 4652 pondus.

2215 4675 2369 4730 Illinc
2396 4685 2480 4732 est
2509 4684 2669 4731 natus
2695 4676 3008 4746 dispondius
3034 4675 3148 4746 (54)
3170 4691 3231 4730 as
3259 4675 3575 4746 geminatus.

2216 4768 2409 4824 Astera
2435 4783 2562 4839 pars
2584 4768 2724 4825 assis
2753 4769 2920 4824 semis
2951 4768 3059 4824 duo
3086 4769 3243 4823 tertia
3277 4767 3422 4823 bisse

2216 4864 2421 4928 Cussis,
2448 4863 2754 4933 quincussis
2779 4862 3019 4918 occussis
3036 4876 3103 4918 ac
3126 4861 3248 4917 inde
3270 4859 3531 4924 decussis,

2288 5039 2399 5107 (29)
2438 5038 2602 5094 Forte
2627 5040 2898 5109 epiraedia
2919 5056 2937 5093 :
2967 5038 3109 5111 quod
3136 5054 3306 5109 genus
3332 5036 3566 5094 vehiculi
3586 5048 3669 5092 est
3694 5038 3787 5092 Le-

2218 5110 2359 5173 xico,
2388 5113 2482 5165 sed
2509 5112 2684 5164 mimis
2712 5121 2881 5165 recte.

2290 5181 2403 5250 (50)
2444 5181 2837 5251 Etymologiam
2872 5182 3083 5251 ignorat
3118 5179 3375 5234 Lexicon.

2290 5253 2417 5323 (51)
2444 5250 2557 5305 Neu
2589 5254 2655 5304 de
2680 5258 2873 5320 ‘verpcs,
2898 5250 2961 5306 ut
2989 5254 3150 5305 habet
3201 5251 3457 5323 Lexieon.
3480 5322 3486 5323 γ
3508 5250 3657 5323 Satis
3690 5251 3788 5303 lare

2220 5321 2316 5392 pro
2335 5322 2862 5393 animadversio:qu
2885 5323 3177 5393 speeimine
3201 5333 3378 5375 sunto.
3394 5321 3620 5391 Reliqua
3638 5322 3789 5374 leua:

2217 5394 2467 5447 curiosus
2494 5392 2760 5461 suppleat.

2289 5464 2402 5534 (52)
2442 5462 2664 5534 Curiosa
2688 5463 2906 5517 audacis
2926 5471 2981 5519 et
3005 5463 3266 5518 temerarii
3294 5462 3619 5528 dittereutia,
3644 5475 3790 5531 quam

2220 5535 2431 5599 ignorat
2461 5533 2716 5588 Lexicon.
2808 5533 2812 5543 ’
2948 5542 2951 5545 ‘

2290 5605 2402 5672 (55)
2444 5604 2558 5659 Non
2592 5619 2719 5672 ergo
2747 5604 2925 5659 differt
2955 5621 2985 5658 a
3013 5606 3159 5669 fa‘ce,
3190 5615 3247 5658 ut
3274 5604 3603 5658 vultFaber.

2291 5678 2402 5747 (54)
2442 5675 2553 5732 ltllO
2578 5677 2754 5746 potius
2785 5676 3152 5747 attasiduplex
3184 5678 3508 5742 pondustvel
3536 5676 3731 5745 pondo.
