3902 6316
179 352 305 415 1581

177 473 374 529 Dicitur
402 469 647 524 assiduus
673 467 850 522 studio
881 466 981 522 sibi
1012 464 1350 530 continuare,

177 562 378 619 Dicitur
406 561 653 615 assiduus
675 559 823 615 dives
857 558 924 613 ab
952 572 1074 613 asse
1103 558 1250 638 dato.

174 655 461 717 Calliditas,
495 653 712 716 astutia,
741 663 795 706 et
823 650 1056 717 cautela,
1084 651 1166 704 vel
1195 660 1367 713 astus,

172 746 263 800 llis
291 744 591 813 prudentia,
634 743 718 797 vel
742 742 965 806 astutia,
1003 740 1236 795 versutia
1268 739 1632 795 eonsocietur.

170 836 361 906 Exigit,
391 850 454 889 ac
478 835 705 905 peragit,
729 834 878 899 facit,
902 832 1084 899 efﬁcit,
1115 846 1180 887 ae
1213 842 1488 901 operatur,

167 928 522 996 Patrat,.agit,
553 925 806 995 complet,
832 932 1188 988 consummat,
1211 923 1442 994 perﬁcit,
1465 922 1668 991 implet.

166 1017 510 1086 Exscquitur,
544 1016 762 1075 claudit,
796 1016 1074 1071 concludit
1102 1015 1378 1082 terminat,
1404 1025 1566 1095 atque

164 1109 387 1175 Desidit,
421 1118 473 1163 et
510 1109 658 1172 sinit,
691 1109 895 1163 medios
934 1108 1155 1162 deducit
1202 1109 1252 1162 iu
1284 1117 1456 1163 actus.

161 1202 550 1270 Promptuaria,
576 1202 659 1255 vel
690 1201 925 1263 cellaria,
951 1201 1037 1255 dic
1064 1210 1334 1268 apntecas.

161 1298 235 1349 De
261 1296 436 1377 primo
466 1295 673 1362 primus
699 1294 788 1363 qui
818 1294 1187 1363 promptuaria
1218 1302 1420 1348 servat.

156 1387 251 1441 Est
277 1387 540 1455 apotheca
573 1386 785 1452 domus,
814 1385 904 1442 cui
933 1388 1108 1440 victus
1138 1386 1370 1440 traditur
1397 1385 1594 1440 oumis.

154 1478 249 1532 Est
272 1477 574 1547 liypotheca
600 1478 681 1532 rei
707 1491 814 1532 non
845 1477 1060 1531 mobilis
1084 1492 1182 1533 nec
1210 1478 1401 1533 domus
1436 1494 1643 1532 arvum.

153 1568 354 1622 Rerum
385 1567 658 1622 mobilium
698 1569 984 1623 traduntur
1007 1570 1228 1637 pignora
1256 1584 1453 1639 pugno.

150 1657 382 1727 Pignora
417 1666 666 1712 natorum
694 1659 967 1723 dicuntur,
997 1660 1219 1728 pignera
1248 1672 1449 1712 rerum.

150 1748 255 1802 Sed
275 1749 402 1818 quia
433 1748 515 1801 lex
542 1749 724 1803 docuit
749 1764 844 1818 pro
869 1750 1092 1818 pignore
1114 1749 1337 1818 pignora
1371 1748 1519 1817 poni,

149 1840 454 1909 ﬁuncupat,
491 1840 744 1909 appellat,
777 1841 1142 1911 cognominat,
1164 1850 1220 1894 et
1246 1849 1401 1895 vocat
1437 1840 1562 1894 ista.

148 1930 445 1993 Vociferat,
480 1940 693 1994 eensat,
733 1945 891 1985 sensu
923 1928 1223 2001 junguntur
1243 1931 1452 1985 eodem.

147 2021 402 2091 Applicat
431 2022 706 2092 appellens
736 2022 947 2091 appello
978 2022 1198 2076 nomine
1224 2023 1487 2089 quamvis.

146 2114 299 2169 Ostia
331 2128 451 2182 qua:
489 2122 717 2176 reserat,
748 2115 943 2183 aperit,
969 2115 1287 2182 panditque,
1317 2114 1569 2178 recludit,

149 2208 412 2275 Ejusdem
438 2222 633 2263 sensus
661 2208 971 2276 depessulat
1003 2208 1219 2263 additur
1238 2208 1374 2263 istis.

146 2298 274 2353 llaec
308 2299 407 2353 tria
432 2299 615 2369 jungis
642 2316 653 2351 :
682 2309 925 2367 usurpat,
955 2309 1009 2353 et
1035 2302 1332 2369 praesumit,
1362 2311 1416 2356 et
1444 2302 1625 2356 audet.

146 2392 352 2453 Sulcat,
380 2403 519 2454 arat,
561 2401 743 2445 versat
764 2392 970 2461 glebas,
998 2392 1143 2456 colit,
1175 2394 1375 2447 excolit
1398 2409 1578 2464 agros.

143 2484 325 2553 Alget,
352 2495 408 2537 et
434 2483 676 2553 algescit,
720 2483 902 2554 friget,
945 2484 1204 2555 frigescit,
1236 2496 1290 2540 et
1328 2487 1452 2541 inde

142 2574 393 2643 Algidus,
426 2590 493 2628 ac
526 2574 696 2641 algor,
727 2575 932 2643 pariter
962 2578 1130 2630 maris
1160 2577 1243 2631 ala
1276 2590 1519 2644 vocatur,

141 2664 224 2716 Ae
251 2662 541 2732 infrigatur
564 2665 835 2733 praedictis
858 2667 1176 2721 associatur.

140 2755 281 2817 Ara,
313 2755 397 2807 vel
434 2755 623 2818 altare,
650 2756 851 2810 domini
876 2757 960 2811 vel
993 2773 1176 2812 mensa
1208 2769 1449 2824 vocatur,

140 2850 323 2911 Atque
350 2845 518 2912 tripos
543 2845 650 2898 dici
688 2847 970 2901 consuevit
994 2847 1255 2917 Apollinis
1277 2864 1390 2901 ara.

140 2940 284 2992 Aras
315 2938 611 3007 inspiciens
639 2938 765 2993 hinc
793 2939 1100 2994 detineatur
1128 2956 1380 3011 aruspex.

144 3029 347 3091 Induit,
384 3045 448 3084 ac
476 3031 672 3099 aperit,
701 3031 911 3097 amicit,
936 3032 1116 3096 vestit,
1152 3034 1302 3103 tegit,
1327 3043 1489 3103 atque

137 3118 296 3173 Velat
325 3136 340 3172 :
376 3121 647 3189 praedictis
672 3134 889 3175 sensum
924 3122 1154 3191 largitur
1177 3125 1428 3179 eundem.

134 3208 235 3265 Est
283 3210 499 3282 globus,
549 3220 713 3281 atque
758 3224 957 3279 strues,
1014 3215 1101 3269 vel
1145 3230 1405 3282 acervus,
1458 3221 1727 3288 cumulus,

1454 3306 1655 3378 [agger-

138 3393 236 3448 Est
270 3394 510 3465 glomus,
550 3395 678 3449 hinc
707 3394 971 3465 glomero,
1014 3395 1193 3466 globo,
1241 3398 1505 3470 conglobo
1552 3401 1732 3455 nasci-

1380 3486 1491 3559 [tur
1519 3489 1661 3545 inde.

135 3572 232 3627 Dic
266 3572 641 3638 anaehoritas,
669 3572 928 3640 reclusos,
957 3590 1021 3629 ac
1048 3577 1324 3632 eremitas.

132 3662 213 3717 Ex
245 3677 439 3717 eremo
460 3667 609 3718 venit
636 3663 740 3718 hic.
774 3662 881 3719 Sed
916 3665 984 3719 ab
1017 3681 1117 3720 ana
1141 3668 1383 3722 nascitur
1409 3668 1552 3723 inde.

133 3752 276 3807 Hine
302 3753 639 3807 anachoritae
661 3754 816 3822 quasi
846 3756 1008 3810 corde
1034 3771 1262 3827 superna
1290 3758 1547 3816 colentes.

132 3846 400 3913 Ambulo,
420 3846 511 3915 vel
549 3848 791 3916 gradior,
821 3862 908 3913 eo,
950 3850 1108 3914 vado,
1157 3853 1496 3921 perambulo,
1542 3869 1728 3924 pergo,

131 3938 375 3991 Additur
404 3938 489 3993 his
522 3939 751 4007 spatior,
780 3938 865 3993 vel
894 3954 1111 4004 venero,
1143 3942 1226 3994 vel
1251 3942 1587 4010 proﬁciscor.

131 4031 278 4085 Dicit
308 4044 415 4085 ave
440 4030 686 4095 veniens,
712 4029 881 4097 salve,
912 4032 1140 4101 valeque
1170 4035 1445 4089 recedens.

130 4124 410 4186 Amussis,
444 4123 908 4193 perpendiculum,
938 4126 1082 4195 quod
1116 4125 1296 4195 regula
1318 4129 1515 4197 signat.

130 4214 273 4270 llinc
295 4230 367 4269 ex
397 4215 656 4269 amussim
683 4216 826 4283 quod
854 4216 1054 4271 dicitur
1081 4217 1470 4272 indubitanter.

128 4307 431 4363 leestem
458 4307 543 4361 dic
571 4323 669 4362 ave
702 4308 796 4363 tibi
826 4309 1135 4377 significare
1165 4310 1418 4374 salutem,

132 4395 319 4452 Unum
344 4410 592 4451 mussare
617 4397 818 4466 signat,
856 4408 913 4452 et
934 4398 1074 4452 idem
1103 4399 1368 4455 dubitare.

130 4490 395 4560 Obliquo,
430 4490 606 4554 sinuo,
636 4505 817 4551 curvo,
850 4489 1008 4545 simul
1038 4506 1226 4557 arcuo,
1258 4491 1473 4561 linquo:

129 4582 406 4635 Omnibus
431 4580 516 4634 his
544 4581 719 4635 verbis
748 4595 940 4637 sensus
971 4582 1117 4636 dedit
1147 4598 1273 4637 usus
1293 4585 1540 4639 eandem.

130 4673 420 4727 Balsamus
441 4683 523 4727 est
556 4673 747 4736 arbor;
786 4683 911 4725 sunt
938 4672 1173 4727 balsama
1209 4673 1352 4728 dicta
1377 4675 1647 4745 liquores;

129 4771 372 4825 Arboris
390 4780 648 4824 emanant
671 4770 1020 4838 opobalsama
1042 4772 1245 4828 cortice
1273 4789 1433 4830 caesa.

130 4858 206 4913 De
246 4860 394 4914 foliis
428 4858 617 4914 effecta
647 4860 788 4915 scias
815 4860 1148 4917 folibalsama
1174 4866 1364 4921 tristis.

128 4951 287 5004 Trita
314 4951 401 5004 vel
431 4952 603 5006 incisa
631 4950 837 5006 faciunt
863 4953 1226 5027 colobalsama
1258 4957 1419 5028 ligna.

128 5039 228 5093 Est
260 5041 393 5095 vitis
426 5041 668 5096 Bacchus
697 5051 862 5108 sator,
889 5042 1004 5098 fore
1032 5044 1200 5099 bacha
1240 5060 1479 5103 sacratos

127 5132 449 5199 Quemlibet
469 5134 715 5188 insanum
744 5137 991 5191 bacchari
1016 5138 1246 5195 dicimus
1275 5142 1414 5196 inde.
1487 5189 1495 5195 .

132 5225 340 5279 Vivunt
367 5227 552 5281 insane
574 5229 662 5297 qui
692 5230 1037 5285 bacchanalia
1069 5233 1275 5288 vivunt.

130 5317 665 5379 Sustentamcntum.
696 5323 961 5387 columen,
989 5325 1154 5390 basis,
1179 5336 1340 5397 atque
1376 5329 1543 5400 ﬁgura

128 5407 238 5462 Pes
267 5411 492 5477 pr0prie
511 5409 710 5465 fruitur
730 5423 1060 5481 sustentans,
1094 5427 1258 5485 atque
1293 5421 1542 5474 columna

129 5499 375 5555 Basilios
400 5516 594 5570 grzece,
621 5518 711 5558 rex
737 5506 935 5560 dicitur
955 5522 1071 5561 esse
1099 5508 1292 5565 latine.

133 5593 278 5647 Hinc
300 5593 419 5648 scio
440 5594 716 5649 basilicum
741 5598 910 5664 nasci,
940 5599 1096 5653 simul
1123 5609 1178 5654 et
1210 5602 1537 5658 basiliscum.

130 5683 277 5737 Baro
304 5685 526 5740 baronis
555 5688 733 5754 gravis
761 5704 825 5743 ac
851 5692 1152 5747 autenticus
1181 5703 1264 5748 est
1292 5696 1396 5748 vir.

132 5774 335 5846 Signat
360 5777 497 5833 idem
522 5779 730 5850 barrus,
752 5781 967 5853 elephas
996 5782 1174 5852 simul,
1200 5794 1253 5841 et
1281 5787 1620 5856 elephantus,

1393 347 1573 405 OPUS
1615 344 1893 404 SYNONY
1905 344 2170 402 MORUM.

1771 462 1820 517 A
1848 460 1983 514 Nam
2015 463 2207 516 barres
2241 477 2443 530 grazce,
2476 479 2638 532 grave
2661 465 2857 519 dicitttr
2886 478 3004 520 esse
3032 462 3213 518 latine.

3296 345 3433 402 1532

1849 553 2163 623 Lanigeras,
2195 554 2277 607 vel
2306 560 2454 620 oves,
2488 557 2754 622 halantes,
2786 568 2952 627 atque
2978 538 3222 611 bidentES

1851 644 2092 697 Dicimus
2135 662 2146 697 :
2184 644 2425 712 ejusdem
2461 656 2539 698 tot
2567 648 2784 701 nomina
2811 658 2935 701 sunt
2958 645 3223 700 animalis.

1823 733 2007 791 'Esset
2031 736 2081 788 in
2122 737 2204 789 bis
2233 737 2277 790 si
2317 753 2429 790 non
2457 738 2655 792 vitatet
2683 739 2889 793 ovicula
2918 754 3156 792 versum.

1849 825 2065 881 Balteus
2097 827 2331 897 insignes
2364 836 2641 882 matronas
2671 844 2866 883 aureus
2892 830 3097 882 ambit:

1850 916 2004 971 Hunc
2034 933 2166 972 auro
2187 919 2352 972 mixta
2394 928 2643 972 texerunt
2665 921 2837 975 serica
2862 921 2968 974 ﬁla.

1848 1011 2001 1073 Beta,
2031 1012 2361 1081 maguderim
2394 1013 2612 1068 caulem
2640 1014 2726 1068 dic
2753 1030 2875 1070 esse
2898 1015 3215 1081 secundum,

1850 1102 1983 1156 Hinc
2019 1104 2347 1172 adjectivum
2382 1119 2581 1158 nomen
2612 1104 2849 1159 betasius
2867 1114 3062 1159 exstat.

1850 1194 2127 1265 Signiﬁcat
2153 1196 2291 1250 idem
2324 1197 2446 1251 bilis
2482 1195 2704 1260 offensa,
2736 1211 2931 1251 rancor
2960 1206 3013 1250 et
3048 1197 3150 1250 ira.

1848 1285 1954 1341 Sed
1984 1288 2200 1357 proprie
2227 1290 2348 1343 bilis
2376 1302 2459 1345 est
2481 1290 2677 1343 humor
2710 1287 2847 1343 fellis
2879 1303 3118 1343 amarus.

1846 1381 1924 1434 Ex
1948 1381 2180 1450 geminis
2202 1382 2353 1437 libris
2380 1389 2591 1436 constat
2614 1395 2865 1439 mensura
2891 1378 3122 1434 bilibris.
3158 1448 3163 1451 Δ

1848 1472 2107 1527 Dicuntur
2132 1473 2331 1528 bifores
2352 1474 2579 1545 geminae
2599 1464 2769 1527 valva:
2795 1481 3073 1528 coeuntes.

1845 1564 2056 1628 lntono,
2080 1564 2165 1618 vel
2192 1580 2405 1630 resono,
2434 1565 2620 1628 reboo,
2654 1564 2856 1635 mugio,
2881 1564 3074 1618 clamo.

1843 1657 1888 1708 Α
1918 1656 2021 1711 boo
2043 1656 2280 1711 buccella
2312 1665 2457 1721 sunt,
2484 1657 2699 1722 bucula,
2725 1657 2915 1722 bucca,
2940 1656 3153 1712 boatus.

1845 1748 1920 1802 De
1950 1764 2108 1811 cano,
2144 1750 2209 1803 de
2235 1751 2427 1815 bucca,
2456 1765 2580 1804 eum
2608 1750 2879 1813 buccinia,
2909 1748 3103 1803 bucula
3136 1750 3282 1805 furii.

1773 1805 1815 1858 Β
1842 1837 1914 1892 Os
1938 1840 2051 1894 oris
2078 1840 2271 1901 bucca,
2308 1840 2502 1893 minuit
2530 1838 2622 1893 sed
2646 1838 2876 1893 buccula
2904 1852 3145 1893 sensum.

1839 1932 2105 1985 lufantum
2135 1931 2356 1997 buccas,
2381 1933 2550 1987 ocella
2576 1936 2656 1986 vel
2679 1931 2866 1986 oscula
2902 1932 3070 1985 dicas.

1842 2022 1935 2075 Est
1958 2021 2195 2076 buccella
2224 2023 2377 2076 cibus
2406 2032 2668 2091 quantum
2699 2022 2867 2076 semel
2903 2021 3105 2089 accipis
3130 2036 3246 2075 ore.

1838 2114 1983 2169 Inter
2007 2129 2067 2169 se
2098 2115 2280 2179 lituus,
2321 2116 2468 2178 tuba,
2501 2114 2653 2179 tibia,
2685 2115 2914 2170 buccina
2946 2114 3167 2179 distant.

1838 2209 1917 2263 Ex
1941 2210 2073 2263 lituo
2095 2207 2314 2278 gracilis
2336 2222 2501 2262 sonus
2523 2207 2656 2271 exit,
2699 2207 2939 2277 grossior
2968 2206 3073 2260 illis

1841 2302 1882 2355 Δ
1909 2300 2252 2369 componenti
2283 2299 2509 2354 sortitur
2539 2298 2764 2353 buccina
2794 2313 3011 2352 nomen.

1840 2391 2009 2455 Bubo,
2035 2391 2316 2451 bubastus,
2348 2392 2467 2451 bos,
2490 2390 2695 2454 bostar,
2721 2390 2907 2461 bucria
2926 2431 2941 2454 ,
2965 2389 3138 2450 buris,

1840 2482 2098 2544 Bubalus,
2125 2491 2181 2535 et
2208 2482 2419 2545 bulcus,
2448 2481 2708 2545 bucrilus,
2739 2481 3009 2552 buglossa,
3037 2480 3310 2535 bubulcus.

1840 2577 1915 2630 De
1936 2576 2039 2630 boo
2070 2585 2327 2645 przeterea
2358 2575 2417 2629 fit
2441 2575 2713 2639 bosforus,
2749 2584 2910 2645 atque
2941 2576 3148 2629 bootes.

1839 2666 1936 2720 Est
1963 2668 2144 2720 bostar
2171 2665 2334 2720 statio
2359 2666 2546 2731 bovis;
2579 2676 2664 2721 est
2687 2681 2979 2721 eurvamen
3011 2664 3175 2718 aratri

1840 2755 2031 2823 Buris;
2060 2756 2322 2812 bubastus
2355 2758 2573 2812 tumidis
2612 2767 2694 2812 est
2722 2773 2822 2810 uva
2850 2758 3081 2811 racemis
3106 2774 3122 2819 ;

1840 2846 1945 2901 Bos
1973 2863 2171 2916 parvus
2202 2847 2458 2910 baculus;
2486 2848 2581 2903 sed
2613 2848 2842 2903 bubalus
2865 2858 2947 2902 est
2974 2849 3110 2902 bove
3140 2862 3331 2915 ιιιιιμντ,

1841 2938 2049 2994 Formae
2076 2940 2373 2995 consimilis
2404 2950 2489 2995 est
2519 2940 2743 2996 alterius
2770 2940 2990 3008 speciei.

1844 3030 1982 3084 Sunt
2018 3032 2195 3100 pisces
2233 3030 2399 3096 httlbi,
2435 3040 2655 3086 sumant
2677 3040 2925 3086 armenta
2966 3029 3206 3086 bubulci.

1841 3124 2046 3195 Lingua
2073 3124 2265 3178 bovina
2298 3134 2476 3189 sonat,
2509 3140 2731 3196 gramen
2766 3125 3017 3196 bnglossa
3050 3134 3291 3177 vocatur.

1838 3217 1944 3271 Sed
1966 3226 2193 3271 cornuta
2217 3225 2371 3271 sonat
2400 3217 2653 3271 animalia
2676 3216 2853 3270 butria
2879 3232 3072 3285 θηρσί).

1838 3310 1945 3365 Sed
1968 3311 2052 3364 via
2087 3310 2338 3365 bosforus
2364 3319 2447 3365 est
2470 3310 2911 3380 bovisappellata
2939 3310 3190 3365 meantis.

1836 3410 2037 3462 Arctoo
2066 3406 2242 3462 delixa
2275 3407 2398 3475 polo
2427 3417 2535 3459 stat
2561 3406 2713 3460 stella
2747 3407 2954 3461 bootes.

1836 3499 1933 3554 Est
1958 3499 2103 3558 bufo.
2133 3514 2286 3562 rana,
2312 3499 2665 3560 ranunculus,
2693 3508 2853 3566 atque
2885 3499 3095 3552 rubeta.

1836 3589 1932 3643 Est
1956 3589 2182 3644 bombex
2210 3589 2430 3652 vermis,
2465 3589 2667 3659 egestio
2697 3590 2893 3658 digerit
2920 3590 3060 3658 ejus.

1838 3680 2049 3745 Serica,
2082 3680 2138 3734 fit
2170 3682 2326 3736 testis
2353 3681 2511 3750 hujus
2540 3681 2851 3736 bombieina
2884 3683 3068 3735 vestis.

1838 3771 2033 3840 Turpis
2061 3774 2176 3824 avis
2201 3770 2368 3835 bubo,
2398 3772 2706 3839 turpissima
2734 3770 2907 3825 bellua
2934 3772 3083 3827 bufo.

1836 3863 1944 3918 Res
1971 3865 2160 3918 eadem
2189 3863 2355 3927 blata,
2388 3863 2808 3932 vespertilioque
2833 3875 3020 3919 vocata
3049 3881 3063 3917 :

1835 3956 1971 4011 llinc
2002 3957 2308 4011 declamare
2329 3956 2537 4027 garritu
2565 3956 2638 4009 sit
2664 3940 2954 4011 blaterare.

1832 4049 2040 4103 Graecia
2069 4049 2349 4103 consuevit
2374 4048 2494 4102 beta
2532 4062 2663 4101 rana
2688 4049 2949 4113 vocitare,

1833 4141 1986 4196 Sicut
2029 4141 2081 4194 in
2110 4141 2312 4195 Isidoro
2335 4142 2599 4209 scriptum
2631 4142 2901 4210 reperitur
2926 4139 3104 4204 Ibero,

1832 4230 1900 4284 Et
1919 4231 2055 4285 bene
2080 4230 2126 4283 si
2155 4243 2410 4283 numeras
2443 4222 2694 4297 agredula
2716 4228 2962 4297 jungitur
2992 4229 3127 4284 istis.

1833 4322 2135 4377 Mercedem
2168 4335 2359 4375 cursus
2383 4320 2626 4374 bravium
2656 4322 2881 4375 victoria
2912 4323 3101 4386 donat,

1832 4415 1929 4468 Ast
1957 4414 2315 4467 imbrumatus
2338 4412 2517 4466 onmis
2540 4413 2630 4481 qui
2665 4413 2887 4484 negligit
2918 4428 3090 4468 escas.

1755 4530 1803 4594 ο
1836 4506 2081 4567 Bractea,
2110 4505 2405 4568 bracteola,
2428 4506 2742 4560 tenuissima
2769 4506 2968 4561 lamina
2996 4508 3186 4563 fertur.

1847 4599 2039 4663 Imber,
2068 4597 2258 4661 hiems,
2278 4599 2487 4660 bruma,
2522 4598 2694 4653 tribus
2717 4599 2802 4653 his
2829 4614 2915 4654 res
2946 4609 3303 4656 unavocatur
3327 4619 3342 4656 :

1834 4691 1940 4745 Sed
1969 4704 2161 4744 nomen
2187 4691 2373 4743 bruma
2410 4690 2578 4743 trahit
2604 4705 2632 4743 a
2655 4690 2921 4746 brevitate
2947 4693 3180 4747 dierum.

1833 4781 2076 4851 Namque
2099 4782 2330 4838 brachos
2350 4799 2543 4851 graace,
2575 4785 2736 4839 breve
2764 4786 2962 4839 dicitur
2989 4801 3109 4840 esse
3133 4786 3298 4840 latine
3325 4803 3339 4838 :

1835 4874 2030 4929 Fertur
2063 4890 2250 4945 ymera
2278 4875 2412 4929 dies.
2442 4874 2782 4946 Compununt
2803 4876 2918 4931 haec
2947 4877 3052 4931 duo
3072 4879 3338 4932 brumam.

1840 4965 2065 5029 Brueus,
2094 4965 2361 5028 acelaber,
2389 4981 2474 5020 res
2490 4982 2594 5020 una
2625 4966 2827 5040 locusta
2854 4977 3093 5021 vocatur.

1836 5059 1971 5112 llinc
2008 5069 2118 5113 tres
2154 5068 2342 5114 aetates
2373 5060 2474 5113 tria
2504 5060 2721 5113 nomina
2760 5060 2890 5113 dant
2927 5060 3145 5114 animali
3179 5079 3194 5115 :

1839 5150 1990 5206 Tunc
2015 5152 2194 5206 brevis
2219 5161 2300 5206 est
2336 5152 2598 5213 bruchus;
2631 5166 2753 5204 cum
2788 5152 2855 5205 de
2894 5152 3081 5207 tellure
3109 5154 3337 5218 levatur,

1837 5243 2042 5295 Dicitur
2080 5243 2356 5305 acalaber;
2390 5252 2672 5311 postquam
2698 5241 2756 5294 ﬁt
2781 5242 2983 5306 adulta,
3010 5244 3235 5299 locusta.

1834 5335 2062 5391 Nomine
2089 5335 2337 5388 concordi
2375 5334 2527 5402 quasi
2561 5333 2772 5403 longam
2807 5333 3036 5387 dicimus
3066 5335 3276 5390 hastam

1831 5425 2145 5488 Conflictus,
2176 5423 2394 5483 bellant,
2422 5438 2765 5491 congressus,
2790 5434 2845 5477 et
2873 5424 2978 5487 ala,
3004 5424 3262 5478 duellum.

1831 5515 2074 5579 Obsidio,
2116 5530 2275 5577 mars,
2304 5524 2467 5583 atque
2496 5514 2737 5577 rebellio,
2771 5515 2978 5584 praelia,
3008 5530 3213 5585 pugna,

1832 5600 1969 5662 Sunt
1996 5607 2155 5665 acies,
2190 5620 2382 5672 guerra
2410 5604 2681 5673 praedictis
2709 5607 3046 5661 associanda.

1831 5699 1925 5751 Est
1947 5697 2275 5760 fortunatus,
2310 5697 2455 5761 felix,
2486 5696 2821 5767 faustusque.
2846 5702 3051 5761 beatus,

1830 5789 2127 5845 Detrahens
2152 5795 2314 5855 atque
2339 5787 2508 5843 beans
2531 5789 2715 5846 trabea
2742 5791 2826 5846 dic
2855 5800 2909 5847 et
2935 5791 3226 5850 trabeatus.
