3834 6462
556 268 695 324 1583

556 382 663 436 ltes
683 380 871 445 eadem
899 377 1176 435 femoralia
1209 388 1352 445 sunt,
1377 379 1732 450 perizomata,
1762 380 1998 436 hrachae.

555 476 594 526 A
630 473 824 527 bracos
854 470 1071 526 bracale
1091 472 1259 537 venit,
1291 472 1636 541 lumbareque
1667 471 1883 525 lumbis.

551 564 734 629 Fiber,
759 563 899 617 idem
924 570 1232 632 caStorque,
1260 563 1432 626 biver,
1454 563 1689 617 castoria
1717 561 1870 631 cujus

552 654 712 708 Fiunt
739 652 967 709 testiculi
992 662 1257 709 castratos
1277 655 1507 710 dicimus
1535 664 1741 709 tamen.

556 746 729 800 Unum
756 745 1027 816 signiﬁcat
1052 746 1282 809 boletus,
1318 748 1527 812 tubera,
1568 745 1740 817 fungi,

548 839 692 903 Quos
722 838 927 894 fructus
960 850 1117 894 terra:
1150 840 1355 895 faciunt
1385 855 1683 894 concursus
1704 838 2027 909 pluviarum.

547 932 777 987 Additur
802 947 1118 1002 asparagus.
1147 931 1243 986 His
1263 948 1453 987 sensus
1473 933 1725 987 convenit
1751 948 1910 987 unus.

548 1024 802 1094 Dragma,
839 1025 920 1079 vel
949 1040 1166 1092 aureus,
1219 1040 1367 1088 uma,
1419 1025 1715 1091 besantius,
1750 1035 1916 1094 atque
1965 1024 2132 1080 talen-

1898 1117 2059 1190 [tum.

549 1204 657 1259 Sed
697 1207 977 1277 dragmam
1004 1207 1219 1276 proprie
1256 1208 1488 1277 speciem
1514 1207 1599 1261 dic
1623 1208 1881 1277 ponderis
1900 1222 2040 1263 esse.

548 1298 639 1351 Est
674 1309 923 1353 neutrunt
952 1300 1173 1371 dragma
1207 1300 1325 1368 tibi,
1353 1301 1651 1369 dragmatis
1680 1308 1763 1355 est
1789 1301 2077 1371 genitivus.

549 1388 787 1455 Qumstio
815 1390 1169 1446 dramaticum
1200 1393 1346 1447 dicas
1376 1408 1543 1463 genus
1573 1408 1692 1447 esse
1715 1392 1990 1462 loquendi.

550 1482 780 1553 Dragma
810 1481 978 1537 melos
1003 1483 1232 1553 pondus,
1260 1483 1340 1539 sic
1373 1485 1674 1554 dragmatis
1703 1492 1787 1539 est
1808 1484 2096 1555 genitivus.

550 1575 657 1627 Sed
684 1574 757 1628 sit
780 1574 1051 1644 genitivus
1072 1576 1331 1645 dragmae,
1365 1576 1574 1644 pondus
1614 1574 1709 1629 tibi
1742 1576 1963 1630 denotat
1988 1589 2131 1631 esse.

548 1663 801 1729 Pulcher,
830 1663 1120 1728 formosus,
1155 1679 1437 1735 procerus,
1465 1665 1550 1721 vel
1588 1667 1885 1735 speciosus,
1937 1718 1945 1725 .

547 1757 796 1824 Agnosce
835 1770 1115 1823 procerem
1146 1774 1158 1809 :
1194 1754 1511 1811 Iuvenalem
1534 1757 1752 1827 suscipe
1783 1766 1999 1812 testem.

548 1847 893 1917 Splendidus,
924 1849 1176 1917 egregius
1202 1848 1400 1914 forma,
1428 1850 1715 1920 specieque
1743 1860 2023 1916 venustus,

547 1935 869 2001 Prmclarus,
897 1938 1129 2004 nitidus,
1153 1936 1345 2000 bellus,
1372 1938 1686 2009 pariterque
1708 1939 1959 1995 decorus.

545 2030 877 2083 Cunctorum
902 2044 1189 2099 procerum
1220 2045 1420 2101 corpus
1456 2031 1541 2086 dic
1570 2046 1690 2087 esse
1719 2046 2027 2101 procerum.

549 2120 899 2191 Marsupium,
931 2125 1116 2189 bursa,
1144 2122 1368 2188 forulus,
1394 2124 1638 2194 loculusq
1652 2139 1741 2189 ue,
1773 2132 2027 2178 tutnetra.

547 2213 642 2268 Est
662 2215 834 2282 canis,
862 2225 945 2271 est
971 2217 1205 2283 catulus,
1234 2216 1559 2286 leporarius,
1586 2227 1749 2287 atque
1772 2218 2061 2284 molossus,

546 2300 626 2356 Ne
654 2314 826 2358 metra
856 2306 1162 2373 precarium
1186 2307 1320 2363 odor
1344 2308 1559 2363 insecus
1579 2316 1723 2364 esset
1744 2309 1797 2364 in
1828 2308 1958 2365 illis.

545 2392 762 2461 JEther,
786 2406 839 2451 et
866 2398 1091 2463 aethera,
1116 2398 1292 2469 polus,
1322 2399 1519 2455 caelum
1549 2400 1761 2455 dicatur
1793 2400 2059 2473 Olympus.

546 2488 642 2543 Est
664 2489 856 2544 Iatriua
886 2490 1035 2546 locus
1065 2492 1229 2556 idem,
1259 2493 1595 2558 cacabunda,
1629 2493 1812 2549 cloaca

547 2583 739 2650 Signat
764 2584 940 2652 idem;
966 2586 1119 2656 quasi
1153 2587 1306 2641 triste
1330 2586 1514 2656 legens
1545 2587 1765 2658 tristega
1793 2594 2035 2643 vocatur.

545 2673 781 2741 Chorda,
822 2674 963 2741 fidis,
993 2677 1177 2744 restis,
1207 2685 1261 2731 et
1284 2675 1448 2739 funis,
1480 2676 1879 2747 funiculusque,

544 2761 665 2829 Quo
702 2773 755 2819 tu
787 2766 1072 2833 suspendis
1110 2766 1256 2821 fures
1281 2767 1567 2835 torquinus
1591 2766 1845 2822 habetur.

543 2855 640 2908 Est
665 2864 941 2919 antemna,
967 2856 1188 2922 rudens,
1212 2867 1484 2912 amentum
1504 2859 1748 2929 jungitur
1777 2858 1916 2913 istis.

548 2946 644 3000 Dic
672 2961 701 2999 a
735 2949 868 3001 rudo
896 2950 1114 3003 rudens.
1149 2948 1369 3003 Fidicen
1401 2949 1520 3003 ﬁdis
1557 2958 1611 3003 et
1638 2964 1774 3003 cano
1804 2947 2021 3003 format.

542 3035 800 3087 Ambulat
829 3036 880 3088 in
905 3037 1055 3103 fune,
1081 3037 1426 3092 funambulos
1455 3038 1577 3093 inde
1601 3046 1844 3093 vocatur.

545 3124 870 3185 Cautharus,
894 3134 948 3178 et
972 3136 1182 3195 patera,
1208 3128 1425 3192 calices,
1452 3128 1535 3183 vel
1565 3127 1781 3198 pocula,
1810 3136 2013 3194 crater,

549 3215 818 3285 Scyphus,
844 3215 983 3285 apud
1019 3226 1229 3270 veteres
1262 3225 1568 3271 tractantur
1592 3232 1818 3283 cornua,
1863 3216 2089 3283 concha,

545 3305 777 3373 Cimbia,
806 3306 891 3361 vel
922 3306 1186 3372 calathos,
1211 3308 1481 3362 carthesia
1503 3308 1779 3379 jungimus
1810 3310 1948 3364 istis.

547 3396 730 3466 Deque
753 3405 905 3466 spata
937 3397 1128 3452 credas
1153 3399 1233 3453 sic
1264 3399 1439 3453 dictos
1466 3414 1587 3454 esse
1626 3400 1912 3469 spadones.

546 3489 643 3542 Est
664 3490 947 3560 cophinus,
969 3491 1199 3556 calatus,
1230 3508 1354 3548 cum
1387 3504 1569 3562 sporta
1609 3494 1876 3564 sportula,
1909 3495 2129 3561 corbus,

545 3581 717 3646 Quam
747 3580 828 3636 lus
862 3583 1161 3651 quaxillum
1189 3584 1350 3639 simul
1376 3584 1494 3639 istis
1524 3586 1927 3640 associandum.

540 3673 780 3741 Fiscina,
811 3674 1036 3743 fiscella,
1064 3693 1172 3747 quo
1202 3692 1393 3731 caseus
1422 3676 1685 3732 efﬁciatur

542 3766 650 3820 Vas
670 3776 775 3833 est,
812 3782 909 3823 vas
946 3769 1102 3823 lactis
1123 3769 1398 3836 multtum,
1421 3769 1781 3840 multraleque
1807 3772 1978 3835 dicas,

542 3855 698 3922 Quod
741 3856 808 3911 de
842 3857 1083 3926 mulgere
1112 3858 1214 3911 sibi
1246 3873 1442 3913 nomen
1475 3870 1690 3914 constat
1726 3860 1947 3913 habere.

542 3945 786 4011 Balteus,
809 3957 863 4001 et
885 3949 1207 4017 cropheum,
1230 3948 1516 4017 cinctoria,
1542 3951 1781 4022 cingula,
1813 3967 1970 4015 zona,

539 4034 682 4091 Sunt
717 4052 912 4104 ocreae,
945 4036 1152 4108 caligae,
1182 4040 1439 4110 quos.tibi
1465 4024 1640 4111 gestat
1663 4043 1913 4097 amictus.

537 4125 853 4191 Camisiam,
878 4128 1039 4183 simul
1073 4129 1361 4184 interulam
1391 4146 1503 4186 rem
1530 4133 1757 4187 dicimus
1781 4148 1963 4196 uuam,

540 4218 774 4272 Additur
803 4219 887 4275 his
932 4219 1069 4274 alias
1093 4220 1413 4285 subuncula,
1455 4224 1701 4277 subirara
1744 4225 1929 4279 vestis.

541 4310 776 4379 Crudus,
799 4312 1056 4377 crudelis,
1089 4322 1362 4379 austerus,
1392 4324 1448 4368 et
1485 4315 1782 4384 improbus,
1811 4326 1989 4389 atrox,

538 4401 636 4454 Est
659 4402 822 4465 ferus,
854 4412 1022 4470 atque
1049 4402 1221 4471 ferox,
1255 4403 1544 4468 violentus,
1570 4405 1821 4470 acerbus,
1853 4418 1909 4461 et
1940 4422 2091 4472 acer,

537 4494 763 4563 impius,
796 4494 1041 4557 immitis,
1071 4510 1267 4558 smvus,
1302 4496 1583 4561 molestus,
1613 4506 1669 4552 et
1695 4512 1875 4567 asper,

534 4587 710 4657 ASper
741 4586 1069 4641 inhumanus
1112 4597 1215 4655 est,
1271 4598 1533 4661 tyrannus
1585 4607 1726 4657 sum,
1778 4602 1942 4661 atque
1990 4608 2119 4662 pro-

1828 4684 2052 4757 [tervus,

534 4774 764 4837 'l‘orvus,
796 4775 1091 4830 indomitus
1119 4774 1203 4831 his
1231 4775 1499 4847 jungitur,
1531 4787 1697 4850 atque
1726 4795 1964 4835 severus.

536 4866 634 4921 Est
660 4869 885 4934 chorus,
908 4878 1072 4940 atque
1096 4870 1317 4931 cohors,
1336 4879 1659 4936 conventus,
1680 4874 1897 4938 concio,
1927 4881 2123 4939 coetus,

434 4998 447 5015 .
535 4960 633 5014 Dic
654 4963 944 5026 consortia,
983 4962 1362 5029 contubernia,
1388 4962 1581 5032 dieque
1602 4964 1885 5031 choream,

536 5049 762 5117 Turma,
805 5054 1061 5125 phalanx,
1091 5056 1262 5119 acies,
1285 5054 1524 5111 societur
1553 5061 1757 5111 cuneus
1789 5057 1929 5121 istis,

540 5149 640 5202 Est
662 5161 755 5201 sex
787 5156 1067 5202 centorum
1084 5149 1366 5218 sexaginta
1391 5148 1532 5220 legio
1554 5163 1673 5214 sex,

542 5238 613 5294 Lt
640 5254 921 5293 numerum
951 5253 1176 5308 peragas
1206 5254 1369 5309 super
1394 5240 1495 5295 hoc
1522 5254 1617 5294 sex
1644 5237 1808 5297 millia
1832 5240 2051 5311 jungas,

539 5334 647 5389 Sed
669 5334 1086 5404 quingentorum
1112 5342 1367 5388 caeterum
1402 5334 1490 5389 dic
1517 5349 1640 5389 esse
1666 5333 1968 5389 cohortem.

540 5424 875 5486 Couventus,
907 5424 1370 5489 conventiculum,
1404 5440 1596 5480 manus
1622 5425 1840 5480 additur
1866 5426 1985 5482 istis

540 5515 677 5574 Istis,
708 5514 1017 5579 consilium,
1042 5516 1200 5571 simul
1228 5527 1285 5571 et
1304 5517 1622 5572 constahula
1655 5516 1873 5591 iungas.

536 5603 814 5675 Cymbala,
846 5619 1133 5674 campana,
1152 5606 1293 5669 uola,
1320 5608 1676 5665 tintinnabula
1693 5610 1911 5682 jungas.

532 5700 795 5766 Campus,
824 5696 1050 5767 agellus,
1080 5714 1228 5768 ager,
1262 5714 1376 5765 rus,
1407 5701 1615 5769 hortus,
1653 5713 1709 5759 et
1735 5706 2002 5769 hortulus,
2040 5721 2126 5760 ar-

1878 5794 2047 5866 [vum,

2161 4456 2208 4512 D

1833 264 2111 323 JOANNIS
2147 266 2234 321 DE
2267 267 2662 324 GARLANDIA
3548 276 3596 328 lit

2161 384 2205 437 A
2233 380 2403 447 Quem
2424 382 2556 437 colit
2579 381 2797 438 assidue
2819 381 2967 437 venit
2998 382 3323 440 hortulanus
3352 387 3406 443 ab
3425 387 3535 455 bona,

2238 475 2388 539 Vela,
2406 474 2487 528 vel
2516 473 2707 538 aulzea,
2738 474 2963 529 cortinae
2983 482 3113 529 sunt
3140 474 3416 541 anabastra,

2234 566 2470 620 Cortinte
2490 566 2689 620 limbus
2709 574 2794 619 est
2816 565 3186 635 peripetasma
3215 576 3427 622 vocatus.

2237 658 2475 712 Dicimus
2496 658 2686 723 aulaea,
2725 658 2870 727 quod
2911 657 3299 712 distenduntur
3316 658 3363 711 in
3381 661 3485 715 aula.

2235 749 2369 804 Cum
2392 750 2463 803 sit
2492 763 2593 803 ana
2627 763 2843 803 sursum
2880 749 3157 818 bachique
3183 750 3368 820 gradus
3393 767 3470 804 ana

2234 841 2522 896 Certamen
2554 842 2694 907 lites,
2728 842 2895 906 rixas,
2923 842 3184 913 etjurgia
3207 842 3358 910 vites,

2236 933 2333 987 Est
2361 934 2660 999 contentio,
2689 934 2772 989 vel
2806 934 3064 989 distentio
3104 935 3441 1006 litigiumque,

2235 1025 2390 1079 Adsit
2412 1026 2605 1095 agonia
2632 1027 2849 1095 quando
2870 1026 3279 1097 coniungantur
3304 1031 3452 1096 agoni.

2236 1115 2331 1168 Est
2350 1129 2526 1179 coma,
2556 1115 2836 1181 caesaries,
2871 1114 3061 1177 crinis,
3096 1114 3265 1185 pilus,
3296 1125 3432 1185 atque
3449 1117 3592 1185 capillus.

2234 1206 2409 1260 Credo
2438 1207 2716 1260 caesariem
2763 1207 3008 1260 maribus
3031 1216 3225 1260 tamen
3261 1208 3574 1281 appropriatpa.

2234 1295 2323 1350 Fit
2345 1296 2411 1350 de
2441 1306 2655 1365 compta
2689 1311 2843 1351 coma
2870 1296 3199 1351 mulieribus
3218 1298 3516 1367 appropriate.

2233 1383 2369 1438 l’ars
2388 1385 2537 1454 prior
2559 1397 2642 1439 est
2671 1401 2866 1440 currus
2891 1386 3089 1455 capitis
3116 1386 3312 1441 derasa
3339 1387 3514 1456 pilorum

2233 1475 2485 1530 Anterior
2517 1476 2710 1544 capitis
2748 1492 2872 1546 pars
2900 1478 3070 1532 crinis
3102 1480 3273 1533 densa
3305 1479 3513 1548 pilorum,

2237 1565 2444 1621 Dicitur
2469 1567 2595 1621 hinc
2619 1582 2835 1630 currus,
2866 1568 2991 1637 quia
3020 1570 3405 1636 circumgestat
3422 1568 3562 1625 alamh.

2236 1657 2330 1712 Est
2350 1658 2478 1727 juba
2503 1658 2889 1728 quadrupedis,
2917 1674 3221 1729 porcorum
3246 1670 3354 1714 seta
3383 1671 3550 1719 vocatur,

2165 1736 2209 1791 Β
2234 1749 2634 1817 Ctesariemque
2655 1748 2783 1814 viri,
2810 1764 3020 1804 comam
3051 1751 3283 1821 proprie
3311 1750 3517 1804 mulieris.

2238 1841 2407 1912 Hujus
2434 1851 2489 1896 et
2512 1841 2651 1895 illius
2673 1841 2814 1896 bene
2835 1841 3034 1896 dicitur
3065 1856 3198 1896 esse
3220 1842 3440 1912 capillus.

2239 1935 2464 1995 Laurea,
2490 1947 2747 1998 cernane,
2773 1943 2976 1987 sertum
3012 1934 3295 1995 diadema,
3323 1948 3500 1993 corona,

2187 2023 2194 2028 ’
2234 2026 2422 2080 Addas
2455 2023 2761 2088 aureolam,
2791 2039 2899 2092 quo
2926 2025 3123 2093 pavois
3154 2025 3238 2079 sic
3260 2025 3373 2077 data
3396 2024 3550 2081 dicunt;

2235 2117 2305 2172 Et
2330 2118 2436 2172 duo
2461 2116 2603 2186 quod
2635 2117 2818 2171 demat
2846 2118 3013 2170 credo
3049 2118 3311 2171 diadema
3339 2125 3537 2175 vocatum,

2234 2208 2426 2264 Finem
2454 2208 2776 2279 principium
2805 2207 2946 2262 sicut
2985 2207 3124 2263 facit
3152 2225 3319 2264 omne
3344 2207 3555 2260 rotundam.

2241 2301 2452 2357 Utendo
2477 2300 2729 2370 generale
2753 2300 2840 2355 dic
2874 2316 3121 2362 currum,
3152 2300 3533 2361 curriculumque.

2238 2392 2313 2448 De
2334 2394 2470 2448 veho
2491 2393 2818 2457 vehiculum,
2844 2394 2986 2463 quod
3012 2395 3274 2448 versibus
3302 2401 3379 2447 est
3399 2391 3555 2445 alienun

2240 2485 2445 2541 Horum
2475 2487 2543 2542 do
2572 2487 2783 2556 species
2808 2488 2897 2541 hic
2917 2503 3039 2557 quae
3073 2487 3391 2555 subscripta
3412 2490 3591 2551 sequuti:

2238 2577 2453 2633 Reddas
2481 2580 2795 2649 quadrigas,
2822 2588 3109 2650 carpenta,
3144 2578 3233 2634 vel
3266 2577 3451 2638 esseda,
3478 2575 3557 2642 biga.

2239 2667 2364 2723 Istis
2394 2668 2677 2739 pilentum,
2713 2669 3003 2737 fartagum,
3032 2668 3215 2738 junge
3247 2667 3486 2722 libratnen.

2237 2758 2497 2824 Testudo,
2528 2759 2757 2821 cithara,
2784 2759 2990 2830 chelys,
3014 2768 3074 2814 et
3100 2759 3222 2830 lyra
3254 2758 3339 2811 dic
3360 2770 3487 2809 unus

2234 2854 2277 2907 A
2313 2854 2522 2909 cithara
2545 2853 2805 2921 cithariso
2834 2853 2999 2911 venit,
3035 2852 3204 2906 simul
3229 2861 3283 2905 et
3309 2845 3525 2905 cithara

2236 2946 2375 3002 Hinc
2416 2945 2642 3017 lyricum
2672 2960 2914 3010 carmen,
2947 2944 3186 3010 lvriccn,
3230 2944 3344 3015 lyra
3374 2955 3470 2995 cum
3492 2924 3602 3067 of“

3534 3026 3584 3067 rat

3534 3026 3584 3070 {at

3524 3076 3531 3090 Δ

2238 3132 2436 3189 Pollice
2459 3141 2618 3203 tango
2645 3131 2841 3201 lyram,
2878 3127 3020 3183 facio
3038 3144 3167 3183 cum
3187 3137 3404 3183 vomere
3420 3121 3539 3192 lyram

2237 3223 2444 3278 Deliros
2467 3222 2591 3277 inde
2621 3221 2796 3275 fatuos
2817 3233 3042 3276 censere
3062 3219 3327 3283 solemus,

2236 3316 2305 3370 Et
2338 3314 2571 3369 delirare
2597 3312 2879 3367 discordes
2901 3311 3026 3366 inde
3057 3311 3329 3367 feruntur.

2235 3404 2497 3474 Ambigit,
2532 3411 2588 3457 et
2613 3402 2847 3465 dubitat,
2869 3411 2925 3456 et
2946 3401 3203 3469 fluctuat,
3237 3398 3443 3456 haesitat,
3466 3391 3571 3445 hem»

2235 3498 2346 3552 Nec
2382 3497 2484 3551 nisi
2522 3494 2794 3566 praedictis
2820 3509 3007 3549 musso
3027 3493 3339 3565 suppeditat
3362 3487 3471 3541 istis.

2237 3591 2330 3645 Est
2368 3564 2583 3652 domuis,
2627 3595 2794 3656 atque
2821 3586 3005 3651 doma,
3047 3564 3310 3655 praesepe,
3343 3564 3629 3632 domum?
3688 3586 3689 3597 ι

3499 3660 3604 3730 [ειυς.

2233 3770 2421 3834 Ᾱεάθε,
2462 3768 2736 3833 :ediculas,
2768 3767 3102 3831 habitacula,
3137 3768 3225 3822 dic
3253 3761 3486 3818 stationes,

2234 3863 2330 3916 His
2356 3860 2733 3931 pastol'oriutn,
2764 3859 2995 3929 magalo,
3023 3860 3240 3932 tuguria
3258 3856 3445 3925 jungas.

2231 3956 2410 4025 Atque
2443 3952 2675 4023 mapale,
2709 3968 2860 4014 casa,
2890 3954 2970 4008 sic
2994 3953 3209 4024 ypepis,
3241 3943 3424 4003 mansio
3439 3939 3559 4007 juncta

2232 4046 2357 4109 Lar,
2383 4056 2437 4102 et
2462 4044 2819 4111 domicilium,
2841 4044 2983 4114 quod
3018 4045 3149 4100 tecti
3170 4056 3290 4114 pars
3318 4048 3408 4091 una
3434 4029 3588 4125 vocatu,

2233 4140 2328 4194 Est
2356 4140 2513 4203 hera,
2562 4137 2648 4192 vel
2676 4136 2923 4201 domina,
2957 4136 3173 4199 mulier,
3208 4138 3438 4203 matrona,
3464 4120 3586 4176 Vini“

2232 4232 2450 4296 Doctor,
2478 4198 2534 4284 et
2561 4230 2883 4293 instructor,
2911 4198 3179 4292 monitor,
3221 4198 3632 4293 pmdagogusetldt"

2234 4320 2551 4386 Corrector,
2574 4320 2733 4375 simul
2760 4319 2844 4375 his
2864 4318 3195 4380 didascalus,
3219 4322 3367 4381 atque
3389 4297 3579 4368 matis”-

2239 4415 2485 4475 Destruo,
2511 4411 2771 4474 dissolvo,
2804 4410 3055 4479 pupulor,
3080 4410 3435 4468 consumoque,
3456 4393 3568 4441 "‘w'

2236 4503 2425 4567 Diruo,
2449 4502 2725 4572 dispergo,
2750 4502 3031 4564 subverto,
3062 4496 3400 4570 dilapidoque.

2236 4593 2330 4646 Dic
2354 4593 2568 4656 dumos,
2594 4591 2834 4652 frutices.
2864 4602 2918 4647 et
2946 4594 3134 4655 rubos,
3169 4589 3386 4643 arbusta.
3408 4573 3563 4627 {WW'

2235 4684 2419 4754 Deque
2453 4686 2585 4738 rubo
2610 4686 2786 4739 dictas
2812 4684 3039 4740 bufones
3061 4684 3221 4740 crede
3253 4676 3452 4731 robeus.

2240 4777 2460 4837 Arboris
2498 4786 2553 4831 et
2576 4776 2789 4832 fruticis
2819 4777 2935 4832 loca
2963 4786 3090 4832 sunt
3110 4777 3333 4832 arbusta,
3355 4762 3523 4817 frucetl-

2233 4871 2363 4937 Qum
2392 4877 2645 4925 crescunt
2673 4869 2844 4939 instar
2864 4866 3076 4922 fruticis
3113 4863 3349 4921 fruticare
3369 4845 3555 4903 νίἀεηῑντ·

2235 4962 2463 5023 Divitiaa,
2492 4960 2580 5014 vel
2608 4975 2759 5031 opes,
2785 4975 2999 5022 census,
3040 4956 3282 5028 pecunia,
3311 4954 3445 5018 επεν

2229 5053 2328 5108 Est
2351 5051 2646 5121 opulentia,
2679 5053 2762 5107 vel
2785 5051 3074 5123 possessio,
3098 5044 3444 5131 peculiumqutt.

2231 5146 2338 5200 Res
2362 5154 2417 5199 et
2443 5145 2785 5214 proprietas:
2820 5145 2945 5198 hinc
2969 5134 3336 5213 proprietarius
3353 5127 3453 5180 exit.

2228 5239 2386 5301 Esca,
2419 5206 2607 5307 dapes,
2641 5237 2836 5308 epulae,
2867 5206 3044 5301 cibus,
3071 5206 3230 5303 atque
3250 5217 3436 5282 cibaria,
3450 5206 3577 5276 Ρ²⁵¹⁹⁵¹

2228 5328 2430 5384 Pabula
2454 5338 2580 5384 sunt
2612 5331 2802 5396 etiam,
2828 5330 3095 5393 convivia,
3126 5329 3301 5381 victus,
3327 5320 3372 5367 ει
3401 5310 3502 5356 θ⁵⁹³⁹ν

2228 5423 2511 5478 Jentamcn
2544 5438 2722 5487 mane,
2748 5422 2839 5491 jen
2850 5423 3024 5477 tacula
3048 5420 3267 5477 dicimus
3290 5405 3409 5462 ἰαύει

2231 5516 2337 5570 Sed
2366 5524 2554 5570 contra
2583 5526 2856 5585 sumptum
2878 5516 3098 5569 veniunt
3117 5504 3316 5567 obsonia
3340 5499 3461 5585 $18939

2228 5610 2404 5678 Atque
2439 5609 2527 5662 die
2559 5580 2732 5662 media
2756 5609 2849 5662 dat
2879 5608 3100 5678 prandia
3129 5600 3316 5658 debitus
3339 5580 3453 5678 ordo-

2230 5647 2403 5678 ...Ὶηυ
2439 5647 2527 5662 ων
2560 5647 2732 5662 ...ωηυ
2756 5647 2849 5662 υ...
2879 5647 3100 5678 ,...........
3130 5647 3284 5658 ..νωη

2230 5701 2324 5756 Est
2376 5700 2632 5769 sonipes,
2692 5699 2773 5755 vel
2830 5714 3002 5768 equus
3053 5696 3214 5760 ferus,
3254 5647 3605 5817 e‘ll'ifcm'slmj

2402 6132 3690 6332 ___4J
