1917 3231
77 115 92 142 Ι
100 115 173 144 585

74 171 160 199 [stis
173 171 374 207 quadrupedes,
385 171 466 200 simul
476 172 635 200 emissarius
648 172 744 206 addes,

74 216 144 243 Est
161 224 261 244 manus
276 224 390 252 magnus
405 217 507 245 dextrae
519 217 673 246 dextrarius
685 224 774 253 aptus.

73 260 196 289 Redde
210 266 344 295 vectores,
358 270 407 291 nos
418 263 532 292 dicimus
545 271 606 292 esse
618 264 739 292 veredes.

73 306 224 335 Dicimus
233 307 380 342 eunuchos,
391 313 534 343 castratos,
549 310 606 337 sive
618 310 761 344 spadones,

75 352 117 381 Si
130 353 214 388 quod
232 359 347 381 metrum
362 354 434 382 sinet
445 355 487 383 his
500 357 688 384 cuintitulatus
703 357 729 384 in
745 357 823 385 istro.

73 400 244 430 Castratos
260 406 358 430 natura
370 402 445 436 facit,
463 404 582 432 violenta
595 406 728 439 spadones

74 447 190 475 Efﬁcit
205 449 376 483 improbitas,
390 451 530 478 eunuchos
548 450 604 478 sola
620 451 753 478 voluntas.

73 493 220 522 Vocibus
234 495 276 522 his
286 502 382 524 sensus
393 496 547 524 verbalibus
559 497 660 525 accidit
678 504 747 524 unus
761 505 769 523 :

74 539 274 575 Conjecturo,
302 548 373 574 reor,
391 542 434 569 vel
445 542 570 577 coniicio.
588 542 630 569 vel
644 543 752 577 opinor,

74 585 230 619 Autumo,
246 585 380 621 conjecto,
389 587 431 615 vel
448 588 582 623 suspicor,
599 588 713 620 aestimo,
729 587 822 616 credo.

76 630 197 664 Fossa,
221 641 328 669 specus,
356 633 445 666 fovea,
467 633 603 669 spelunca,
629 641 759 667 caverna,
779 634 822 662 vel
844 642 893 662 an-

762 680 857 716 [lrum.

50 723 53 729 '
77 721 203 752 Scrobs
215 724 320 753 scrobis
333 728 375 753 est
394 724 489 757 fovea,
511 724 559 753 sed
579 725 659 753 scobs
690 726 781 754 scobis
811 726 895 753 utitur

789 771 857 808 [illa.

77 813 197 850 Traco,
208 816 356 849 anfractus,
368 824 453 845 cavus
467 817 509 845 his
519 817 633 845 addatur
646 818 771 853 abyssus,

78 860 176 889 Unde
190 861 276 889 fluunt
289 863 401 896 imbres,
416 863 477 891 celi
492 868 641 896 cataracta,
657 868 772 890 meatus.

76 906 273 942 Mancipium,
287 907 414 940 famulus,
428 912 456 936 et
466 908 564 941 cliens,
577 913 605 936 et
619 916 714 940 verna,
728 908 860 940 minister,

77 953 187 989 Atque
199 954 378 988 ministrator,
391 963 468 990 puer,
484 956 598 988 assecla,
613 956 735 988 vernula,
750 964 856 988 servus,

78 998 215 1034 Satrapa
229 1000 366 1034 praedictis
380 1000 562 1035 conjungitur,
575 1005 656 1035 atque
670 1001 787 1029 satelles.

77 1043 252 1078 Cancellus,
268 1053 362 1080 porus,
377 1045 462 1078 ferus,
473 1050 554 1081 atque
567 1046 695 1079 fenestra,
705 1046 836 1075 foramen.

77 1089 254 1118 Cancellum
268 1091 338 1118 muri
350 1091 511 1126 quadratum
526 1092 588 1119 dico
602 1091 737 1124 foramen,

76 1136 111 1163 In
128 1142 194 1170 quo
212 1140 275 1163 sunt
288 1136 373 1163 solitae
389 1136 440 1164 sibi
458 1136 597 1165 nidificare
610 1138 753 1166 columbae.

72 1181 238 1210 Cancellus
255 1181 348 1216 templi
361 1190 423 1217 pars
434 1182 529 1209 intima
543 1182 721 1211 dicituresse.

74 1227 133 1255 Est
150 1227 310 1255 cancellare
321 1228 393 1262 quod
406 1235 513 1263 semper
528 1229 681 1257 damnanda
693 1234 789 1258 notare
810 1240 816 1257 :

77 1273 210 1301 Nomina
222 1280 270 1308 per
285 1274 401 1301 medium
415 1275 486 1310 quod
497 1276 586 1311 signat
602 1277 671 1304 linea
688 1277 781 1310 ducta,

36 1350 39 1352 η
80 1318 170 1353 Quod
185 1319 257 1347 male
274 1319 374 1354 scripta
391 1319 460 1353 linit,
474 1321 539 1349 hinc
549 1322 727 1350 cancellarius
741 1323 807 1350 exit.

79 1363 114 1392 In
132 1371 223 1392 cruce
236 1364 369 1392 cancellat
381 1372 431 1400 pro
444 1367 523 1394 nobis
536 1367 649 1396 brachia
663 1369 799 1396 Christus.

79 1409 208 1444 Raptor,
223 1409 265 1436 vel
277 1410 380 1445 praedo,
394 1411 474 1445 latro,
489 1412 670 1447 latrunculus,
683 1418 711 1442 et
725 1414 780 1448 fur,

79 1455 160 1484 Sunt
171 1459 203 1483 et
216 1456 368 1489 stratilites,
381 1458 479 1493 abigei,
497 1459 674 1494 vespiliones.

79 1502 228 1536 Tempore
242 1506 374 1530 nocturno
385 1502 429 1530 fur
437 1503 536 1537 aufert,
545 1504 616 1533 latro
626 1505 725 1534 diurno
736 1514 744 1539 ;

80 1546 207 1583 Vispilio
222 1547 301 1582 quasi
313 1548 339 1575 vi
353 1548 473 1583 spolians
485 1550 518 1577 de
528 1550 589 1585 jure
599 1556 727 1586 vocatur;

81 1593 164 1627 Quos
179 1591 251 1619 clam
264 1593 411 1621 straliletes
424 1594 502 1629 quasi
516 1599 601 1623 strata
612 1596 673 1624 dico
685 1596 816 1631 latentes;

81 1639 139 1674 Qui
152 1646 240 1675 pecus
250 1643 278 1666 et
288 1639 406 1675 pecudes
421 1640 533 1675 abigunt
545 1645 609 1668 sunt
622 1642 726 1677 abigei;

80 1686 283 1721 Raptoresque
296 1685 381 1712 maris
395 1685 496 1721 pirates
511 1694 620 1722 quoque
635 1688 750 1715 dicimus
762 1695 832 1716 esse.

83 1731 233 1764 Gratulor,
248 1730 352 1764 exulto,
364 1730 505 1766 laetorque,
516 1732 679 1768 plaudoque,
690 1733 802 1766 resullo,

81 1777 202 1806 Gaudeo
220 1777 349 1812 tripudio,
361 1777 403 1805 vel
419 1785 480 1810 ovo,
493 1785 555 1805 cum
566 1777 663 1813 iubilo,
679 1779 775 1813 psallo,

81 1822 240 1855 Jucundor,
252 1822 332 1850 simul
342 1822 474 1855 exhilaro,
487 1824 523 1851 sit
537 1824 563 1851 in
579 1824 621 1852 his
634 1824 778 1852 hilaresco.

80 1869 201 1899 Gladius
213 1868 359 1904 rumphea,
372 1868 415 1896 vel
432 1868 546 1903 framea,
561 1869 604 1898 vel
621 1878 727 1904 mucro,
744 1870 786 1897 vel
801 1870 885 1904 ensis,

81 1915 203 1944 Additur
217 1914 262 1942 his
274 1914 342 1946 sica,
355 1914 469 1943 sicarius
479 1915 537 1943 exit
549 1916 584 1943 ab
598 1915 653 1943 illa.

81 1961 131 1990 Est
143 1961 240 1993 stilus,
252 1964 279 1988 et
288 1961 444 1997 graphium,
459 1962 580 1990 calamus
593 1963 773 1997 scriptoribus
793 1969 883 2000 aptus.

83 2006 177 2043 Atque
185 2005 332 2042 pugillaris
345 2006 434 2034 dictus
448 2007 572 2042 capiente
582 2008 695 2044 pugillo.

84 2052 193 2081 Gibbus
206 2051 250 2079 vel
267 2055 374 2079 struma
389 2053 499 2087 proprie
513 2060 577 2088 pars
589 2054 696 2089 turgida
709 2054 794 2083 dorsi.

85 2096 163 2125 lllinc
175 2096 318 2133 gibbosus,
333 2100 487 2124 strumosus
502 2097 619 2125 dicimus
630 2098 713 2126 illinc.

85 2142 204 2176 Horren,
217 2141 347 2175 formido,
359 2146 461 2175 metuo,
475 2142 619 2178 timeoque,
637 2149 780 2178 tremesco,

87 2189 122 2217 Et
135 2193 236 2221 tremo,
246 2195 309 2216 cum
322 2195 417 2223 paveo,
432 2189 546 2225 trepido,
562 2196 710 2225 paveoque,
721 2199 837 2226 pavesco

87 2234 170 2270 Ignis,
183 2238 212 2261 et
223 2234 356 2269 igniculus
367 2233 467 2262 format
479 2234 566 2269 focus,
583 2239 664 2270 atque
678 2237 810 2265 caminus.

88 2280 137 2309 Est
148 2288 241 2316 rogus,
257 2285 339 2316 atque
352 2281 422 2317 pira,
436 2281 572 2309 fornacula
581 2282 720 2318 jungimus
732 2283 793 2311 illis.

88 2326 218 2360 Insanus,
230 2327 388 2361 vehemens,
404 2335 510 2362 vecors,
523 2335 649 2360 vesanus,
660 2333 687 2355 et
700 2337 807 2362 excors,

90 2370 189 2399 Secors
203 2375 230 2399 et
243 2371 367 2404 demens,
379 2372 509 2405 bachans,
524 2377 552 2400 et
562 2373 662 2401 stultus
676 2378 703 2401 et
717 2381 811 2402 amens

90 2416 230 2448 Tartarus,
244 2414 377 2449 infernus,
390 2417 520 2449 acheron,
533 2419 596 2451 stix,
609 2425 700 2451 orcus,
712 2426 839 2453 avemus,

91 2462 138 2490 His
158 2462 280 2495 erebum,
306 2462 447 2491 baratrum
468 2463 653 2501 coniungunt,
679 2470 760 2500 atque
779 2466 880 2500 gehen-

754 2511 845 2547 [nant.

92 2553 139 2581 Est
148 2553 256 2588 juncus,
267 2553 384 2588 scirpus,
398 2555 509 2588 bibilus,
522 2556 642 2592 papirus,
660 2559 774 2592 arundo,

93 2598 158 2626 Cum
172 2607 270 2633 canna,
285 2599 406 2628 calamus
421 2601 557 2636 praedictis
575 2604 734 2631 associatur.

95 2645 184 2678 Sumo,
199 2646 315 2678 turiflco,
327 2646 471 2682 sullimigo,
487 2656 549 2675 cum
562 2650 661 2684 quibus
674 2651 743 2679 addo

96 2690 214 2724 lucenso,
225 2699 334 2719 sensum
348 2693 422 2720 dedit
433 2693 491 2721 istis
503 2702 567 2722 usus
577 2696 703 2723 eundem.

96 2736 176 2765 Sullio
190 2737 313 2765 dematur
326 2739 397 2772 quod
411 2739 450 2766 sic
463 2744 556 2767 autore
566 2741 707 2775 probatur,

97 2783 130 2811 Et
140 2783 224 2812 sutiire
237 2784 325 2812 locum
338 2789 444 2820 sumpta
455 2786 603 2821 propriavit
613 2794 717 2814 acerra.

97 2827 233 2861 loterimit,
243 2829 364 2863 perimit,
380 2830 519 2862 interficit.
530 2836 556 2860 ct
569 2837 657 2863 necat.
672 2839 759 2862 occat.

0 3133 1657 3231 -ει-

707 115 798 146 opus
818 94 1090 147 svnomvuonuu

1666 121 1736 150 l586

913 172 935 200 Α
950 172 1065 211 Qccidit,
1078 179 1188 209 mactat,
1202 176 1345 212 extinguit,
1359 177 1416 205 sive
1431 177 1559 210 trucidat,

949 217 1079 250 Sull‘ocat,
1090 218 1207 254 jugulat,
1222 221 1350 254 funestat,
1363 222 1419 249 sive
1432 222 1550 258 sugillat,

951 263 1106 297 Mortificat,
1121 271 1240 299 truncat,
1254 266 1426 299 determinat,
1441 268 1622 295 exanimatve.

951 308 1050 343 Janua,
1066 315 1153 346 porta,
1172 311 1253 343 fores,
1268 312 1367 340 bifores
1380 318 1442 340 sunt
1457 314 1537 347 ostia,
1554 314 1646 341 valvae.

948 355 1098 389 Veneficas,
1114 358 1233 393 magicas
1248 359 1333 391 dicas,
1345 360 1441 387 lamias
1455 369 1571 396 quoque,
1584 370 1672 398 sagas.

947 402 1008 430 Istis
1023 403 1147 438 signatur
1159 404 1265 437 eadem,
1278 405 1376 439 quibus
1388 407 1548 438 associatur.

948 447 1016 476 llinc
1030 449 1206 482 incautatrix,
1221 458 1332 486 sagana,
1347 452 1558 487 praestitigatrix.

947 493 1059 527 llistrio,
1070 494 1112 523 vel
1124 495 1213 530 palpo,
1234 496 1343 527 mimus,
1359 497 1401 524 vel
1414 498 1596 532 gesticulator,

947 538 995 565 Est
1008 539 1098 574 epulo,
1114 540 1224 573 nebulo,
1244 542 1390 575 parasitus,
1406 549 1510 575 scurra,
1526 542 1636 578 legatur,

947 583 993 612 Sic
1003 585 1197 619 pantomimus,
1212 587 1361 620 comoedus,
1375 587 1416 615 vel
1436 587 1579 621 joculator,

946 630 985 657 De
995 634 1120 666 serpente
1134 638 1202 666 nepa
1216 631 1295 659 dictis
1310 632 1351 659 his
1366 633 1434 660 adde
1446 638 1567 668 nepotes.
1587 642 1590 645 ν

945 675 1022 710 Calx,
1039 684 1164 712 scrupus,
1180 681 1207 705 et
1221 678 1374 713 scrupulus,
1402 679 1484 711 mola,
1507 679 1641 709 calculus.
1657 685 1737 715 atque

1360 715 1362 719 Α
1568 726 1572 761 |
1581 726 1700 758 molaris,

945 766 1067 795 Addatur
1079 769 1167 796 cautis
1179 776 1241 804 quae
1255 776 1326 804 saepe
1340 769 1369 796 fit
1379 770 1457 797 obvia
1477 772 1579 802 nautis,

944 812 1037 845 Petra,
1049 813 1128 848 lapis,
1139 821 1247 845 saxum,
1261 814 1386 850 populus,
1397 815 1555 850 silicesque.
1566 816 1681 851 lapillus.

946 859 993 887 Est
1005 859 1116 893 chorus,
1133 864 1161 889 et
1181 865 1308 894 stratum,
1336 861 1432 894 lectus,
1457 863 1615 896 choreuma,
1640 863 1738 897 graba-

1609 911 1681 947 [tum
1692 932 1700 943 ,

946 953 1106 987 Accubilus,
1119 955 1161 982 his
1174 955 1331 983 dormitoria
1345 956 1437 991 junge,
1452 957 1550 985 cubile.

944 996 1056 1028 Phoebe.
1076 997 1119 1024 vel
1133 997 1205 1029 luna,
1222 1000 1359 1034 cyntauia,
1372 1008 1461 1034 mena,

943 1042 981 1069 Ac
995 1041 1102 1069 novitas
1114 1042 1185 1070 luna:
1195 1044 1337 1071 ueumenia
1352 1045 1452 1072 dicitur
1468 1046 1540 1073 inde.

943 1086 1065 1120 Cartula,
1081 1088 1124 1115 vel
1141 1093 1226 1122 carta,
1241 1090 1337 1122 codex,
1353 1090 1431 1123 liber,
1446 1096 1525 1126 atque
1538 1092 1652 1120 libellus.

943 1131 971 1159 Si
987 1132 1068 1160 breve
1081 1132 1185 1167 longari
1197 1134 1259 1162 licet
1274 1139 1302 1162 et
1312 1135 1422 1172 longum
1435 1136 1563 1164 breviari.

943 1177 991 1205 His
1003 1178 1144 1207 codicillus
1157 1179 1341 1215 coniungitur,
1355 1188 1437 1217 atque
1447 1183 1572 1211 volumen
1585 1193 1592 1210 :

943 1223 1028 1251 Gustu
1044 1224 1175 1257 libellum.
1190 1226 1250 1254 visu
1264 1234 1397 1261 cognosce
1412 1228 1540 1257 libellum.

942 1268 1069 1304 Suhligar
1081 1274 1123 1297 est
1136 1270 1227 1306 ligula,
1241 1271 1341 1307 caligas
1355 1280 1415 1307 quae
1429 1273 1549 1309 subligat
1561 1274 1626 1305 alte,

941 1313 1027 1349 Junge
1038 1314 1105 1346 luto,
1116 1323 1235 1348 omnum,
1246 1318 1346 1352 quibus
1364 1319 1433 1346 adde
1444 1319 1596 1352 volutabra,
1610 1319 1714 1352 limum,

940 1359 1009 1386 Hinc
1026 1360 1204 1393 cmnolentus,
1220 1361 1320 1389 illimus
1333 1363 1432 1390 dicitur
1446 1364 1518 1391 inde.

941 1405 990 1433 Dic
1011 1413 1098 1440 mare,
1114 1407 1158 1434 die
1183 1408 1281 1440 salum,
1298 1408 1342 1437 dic
1359 1417 1479 1445 aquora,
1497 1410 1594 1445 dieque
1619 1409 1731 1445 profun—

1604 1456 1678 1494 [dum
1689 1476 1696 1488 ,

940 1497 990 1525 Hie
1004 1498 1124 1534 pelagus,
1140 1504 1264 1534 pontum,
1282 1501 1471 1537 freta,jungas
1489 1501 1694 1534 bicalerassum,

940 1544 987 1573 Dic
999 1545 1199 1580 amphitritem,
1212 1547 1275 1581 quia
1288 1547 1387 1575 circuit
1396 1552 1424 1575 et
1436 1548 1498 1575 terit
1508 1548 1611 1576 orbem.

937 1590 988 1618 Est
1011 1593 1156 1626 meretrix,
1181 1599 1321 1626 scortum,
1340 1594 1427 1627 tbais,
1454 1594 1533 1630 lupa,
1557 1603 1650 1630 capra,
1675 1595 1725 1622 cbi-

1597 1641 1694 1677 [Im-ru.

937 1682 1004 1710 Post
1013 1690 1123 1715 novam,
1134 1688 1271 1718 prostans,
1286 1685 1395 1713 novaria
1406 1685 1530 1721 jungitur
1545 1685 1606 1713 illis.

936 1728 1071 1762 Gausape,
1084 1729 1213 1761 mensale,
1228 1737 1351 1765 mappas,
1363 1732 1533 1766 manutergia
1545 1731 1632 1764 dicas,

935 1773 1027 1802 Addas
1040 1775 1157 1802 mancile
1171 1776 1295 1803 manibus
1307 1777 1379 1811 quod
1397 1777 1450 1804 tale
1463 1781 1584 1804 vocatur.

936 1820 1013 1848 Miles
1024 1828 1117 1856 eques,
1133 1826 1203 1857 lyro,
1219 1822 1388 1857 tyrunculus,
1404 1828 1485 1857 atque
1497 1823 1622 1858 quirites,

935 1866 1024 1901 Atque
1039 1867 1238 1902 neoptolomus,
1252 1875 1338 1895 novus
1352 1872 1395 1895 est
1406 1874 1534 1903 regnator
1548 1869 1574 1896 in
1592 1868 1656 1897 illis.

935 1911 1086 1945 Materiam,
1107 1914 1150 1940 vel
1165 1914 1319 1946 materiem,
1333 1914 1377 1942 dic
1390 1921 1451 1942 esse
1462 1914 1618 1947 domorum;

933 1958 956 1985 Α
976 1959 1093 1993 paritate
1106 1959 1180 1986 venit
1195 1960 1297 1994 paries,
1311 1967 1371 1995 qua:
1381 1960 1504 1995 jungitur
1516 1961 1585 1988 istis.

935 2003 988 2030 Sed
1003 2012 1096 2031 muros
1109 2005 1227 2040 proprie,
1242 2006 1284 2032 vel
1295 2006 1406 2038 muenia,
1424 2006 1540 2034 dicimus
1558 2006 1643 2034 urbis.

934 2043 1037 2075 Dicitur
1050 2057 1083 2076 ac
1097 2049 1206 2083 vallum,
1224 2050 1311 2085 palus,
1327 2058 1358 2078 ac
1374 2052 1473 2078 vimine
1487 2052 1588 2079 factum
1605 2061 1611 2078 :

935 2091 1004 2120 Hinc
1019 2094 1149 2122 iuvallare
1165 2103 1209 2123 res
1222 2101 1262 2123 est
1279 2097 1417 2124 includere
1431 2097 1510 2125 vallo.

933 2138 1061 2174 Sepibus,
1075 2145 1102 2167 et
1117 2140 1211 2176 septis,
1225 2141 1372 2169 includitur
1387 2143 1491 2175 hortus,
1506 2147 1534 2170 et
1549 2151 1652 2170 arvum.

894 2200 920 2230 υ
933 2184 1031 2220 indago
1043 2186 1136 2218 silvas,
1152 2187 1227 2214 silvis
1244 2192 1271 2215 et
1285 2188 1397 2216 latentia
1409 2189 1509 2217 claudit
1523 2198 1530 2217 :

935 2230 1066 2266 lndagare
1079 2232 1143 2259 hinc
1158 2240 1202 2259 res
1212 2233 1356 2268 explorare
1371 2234 1494 2263 latentes.

933 2276 1053 2310 lntimat,
1069 2277 1199 2311 insinuat,
1212 2279 1348 2312 enucleat,
1364 2283 1445 2316 atque
1457 2281 1569 2313 revelat,

935 2321 1066 2357 lnsignat,
1078 2323 1191 2358 retegit;
1208 2325 1346 2356 edisserit,
1357 2329 1438 2360 atque
1455 2327 1564 2357 retexit.

934 2367 1058 2402 Duplicat
1070 2373 1096 2396 et
1111 2369 1213 2403 pandit,
1231 2378 1288 2397 aevo
1299 2372 1355 2403 dat,
1372 2372 1482 2406 promit,
1497 2377 1524 2399 et
1539 2373 1606 2407 edit,

937 2414 1065 2447 Nunciat,
1076 2416 1197 2450 exponit,
1210 2417 1337 2450 elucidat,
1353 2422 1433 2452 atque
1447 2423 1565 2449 serenat,

935 2463 1070 2498 Explicat,
1082 2468 1200 2495 exercet,
1215 2464 1346 2495 declarat,
1361 2464 1401 2491 vel
1415 2464 1581 2498 manifestat,

937 2509 1080 2545 Exprimit,
1093 2515 1119 2537 et
1132 2516 1246 2544 reserat,
1259 2510 1389 2546 propalat,
1406 2511 1505 2538 indicat
1518 2516 1600 2546 atque

935 2555 1060 2583 Notillcat
1072 2565 1079 2583 :
1097 2557 1186 2584 verbis
1198 2556 1240 2584 his
1254 2564 1349 2584 sensus
1361 2557 1486 2584 convenit
1500 2557 1580 2585 idem.

941 2602 1066 2638 Expedit,
1080 2602 1189 2635 evolvit,
1202 2602 1299 2638 aperit,
1311 2603 1457 2637 nudatque,
1473 2602 1597 2630 recludit.

934 2648 1041 2681 Interit.
1059 2648 1205 2680 occumbit,
1221 2653 1334 2675 mortem
1346 2648 1434 2683 signat
1444 2648 1598 2681 violentam,

937 2694 1049 2727 interit;
1062 2694 1191 2729 exspirat,
1205 2693 1329 2726 moritur,
1341 2693 1506 2729 defungitur.
1519 2697 1611 2729 atque,

930 2740 1084 2772 Occumbit,
1095 2740 1136 2767 vel
1150 2740 1218 2772 obit,
1231 2739 1397 2772 dissolvitur,
1411 2743 1611 2777 exanimatque,

929 2787 970 2814 Ad
985 2785 1136 2813 naturalem
1152 2786 1319 2813 concordant
1329 2791 1426 2814 caztera
1441 2792 1565 2815 mortem.

929 2833 1046 2864 Excidit,
1062 2832 1181 2864 exhalat.
1194 2834 1300 2862 decedit
1310 2834 1350 2862 eis
1363 2834 1490 2862 sociatur.
