3834 6462
452 266 455 271 λ
501 307 637 363 I587
1790 306 2068 364 JOAN‘NIS
2094 306 2180 362 ne
2219 290 2611 361 GARLANDIA
3562 308 3617 359 re

500 421 566 474 Et
596 430 745 487 potes
775 421 900 475 illud
933 422 1070 476 idem
1097 424 1370 494 complexa
1406 424 1586 477 dicere
1613 435 1742 475 voce
1771 438 1782 471 :
2101 404 2148 458 Α
2174 419 2230 473 Id
2252 432 2466 488 quoque
2495 412 2758 471 cuniculis
2784 413 2911 466 dant
2935 412 3196 471 risimus,
3219 418 3275 462 ct
3303 407 3503 465 latrones.

500 514 729 568 Tollitur
756 530 787 569 e
815 513 1010 577 medio,
1038 525 1242 569 naturzc
1265 518 1443 571 debita
1478 514 1657 580 solvit,
2180 516 2370 569 Vestes
2398 524 2517 580 qua:
2548 507 2751 563 fuerint
2775 507 2841 560 de
2871 506 2997 561 solis
3026 504 3279 576 pellibus
3304 504 3406 557 haec
3428 518 3547 557 sunt:

497 598 713 661 Naturae
739 607 917 662 debita
943 616 1140 661 nostra:
1164 609 1411 675 generale
1438 609 1717 671 tributmn,
2178 608 2481 671 I‘ellicium,
2510 603 2898 672 reno,‘quibus
2936 596 3292 654 endromade
3318 597 3547 651 sociemur.

497 692 700 749 Clausit
724 704 1043 765 praesentem
1074 712 1324 765 supremo
1352 697 1541 753 funere
1573 698 1757 759 vitam,
2179 700 2442 754 Parvulus
2467 707 2521 753 et
2549 696 2723 768 pusio,
2748 710 2902 763 puer,
2931 690 3147 755 infans,
3191 698 3354 758 alque
3374 688 3562 757 pusillus,

498 785 729 840 Carcere
754 802 1009 855 corporeo
1041 787 1311 842 resolutus
1333 788 1559 857 spiritus
1583 789 1714 851 exit,
2180 790 2306 843 Inde
2331 789 2699 859 pusillanimes
2723 786 2887 840 animi
2922 784 3143 838 ratione
3180 779 3380 850 pusilli.

498 874 742 931 Mortuus
768 888 851 932 est
882 879 1079 933 mundo
1112 879 1354 933 victurus
1377 891 1560 949 postea
1592 879 1825 941 Christo,
2180 881 2539 951 Lethofagus,
2565 895 2778 951 cyrces,
2802 875 3385 932 suntracroceramina
3410 884 3559 941 syrtes,

426 1028 434 1047 ἆ
499 965 790 1022 Prmsentis
818 952 940 1021 vita:
963 984 1180 1023 cursum
1214 969 1443 1025 feliciter
1471 969 1799 1032 terminavit,
1874 1034 1891 1041 ῃ
2182 969 2401 1025 Sirenes
2424 979 2508 1025 est
2536 982 2768 1039 cumque
2803 966 3111 1029 ceramina,
3144 963 3325 1029 scilla,
3358 964 3558 1017 carihdis.

424 1049 430 1071 ⁷
498 1059 574 1111 De
606 1075 865 1128 corporeo
897 1062 1119 1130 spiritus
1153 1077 1210 1116 se
1241 1062 1503 1116 relaxavit
1534 1061 1826 1131 ergastulo.
2180 1060 2444 1116 Fluminis
2465 1070 2549 1117 est
2574 1071 2792 1123 vortex,
2820 1057 2971 1126 ponti
2999 1057 3091 1111 dic
3123 1069 3253 1110 esse
3292 1053 3530 1109 caribdim.

497 1149 706 1214 Funus,
729 1161 783 1204 et
815 1153 1063 1217 exitium,
1092 1154 1275 1216 letum,
1310 1169 1476 1215 mors,
1510 1153 1907 1221 excidiumque,
2182 1152 2363 1216 Pellis,
2395 1150 2666 1221 pellicula,
2691 1151 2856 1215 cutis,
2884 1159 3046 1219 atque
3073 1144 3349 1207 cuticula,
3374 1151 3536 1211 tergus.

494 1241 646 1295 Adde
676 1257 884 1307 necem,
908 1244 991 1298 vel
1023 1245 1336 1313 perniciem,
1367 1243 1525 1299 simul
1560 1253 1613 1297 et
1638 1243 1921 1301 libitinam,
2182 1243 2276 1295 Est
2297 1258 2419 1296 cum
2443 1257 2610 1296 carne
2632 1250 2786 1296 caret
2813 1252 2991 1305 cartu,
3023 1240 3183 1294 cutis
3216 1238 3510 1294 associatur.

497 1327 597 1383 His
619 1330 847 1396 obitum,
875 1334 1031 1386 simul
1056 1334 1354 1397 interitum,
1381 1333 1697 1402 conjungito
1720 1332 1909 1395 fatum,
2182 1334 2277 1387 Est
2306 1349 2435 1388 caro
2461 1348 2585 1389 cum
2617 1349 2780 1388 coreo
2813 1341 3046 1403 tergum,
3085 1331 3188 1385 tibi
3232 1339 3437 1401 tergora
3462 1329 3581 1399 pellis

496 1417 629 1485 Quae
660 1420 727 1475 de
758 1423 981 1477 mininio
1010 1424 1192 1487 libeat,
1220 1425 1299 1478 sic
1329 1433 1412 1478 est
1442 1424 1652 1477 lihitina
1688 1432 1899 1485 vocata,
2182 1422 2421 1487 Priscus,
2444 1430 2499 1476 et
2530 1422 2807 1491 antiquus,
2834 1436 3099 1485 annosus,
3128 1429 3191 1475 et
3224 1421 3537 1475 inveteratus.

495 1508 595 1565 His
622 1512 1023 1577 exterminium,
1058 1515 1212 1568 simul
1238 1530 1489 1570 occasum
1517 1516 1757 1568 socieris.
2183 1516 2521 1584 Decrepitus,
2543 1515 2779 1578 vetulus,
2811 1514 3412 1582 vetus,emeritusque,

497 1599 594 1653 Est
625 1600 805 1665 linter,
842 1603 1069 1665 lembus,
1107 1606 1331 1673 scapha,
1368 1619 1549 1673 prora,
1581 1604 1815 1668 liburna,
1847 1603 2044 1657 faselus
2182 1607 2478 1677 Longmvus
2505 1608 2565 1662 fit
2594 1608 2645 1662 in
2684 1608 2792 1671 his,
2826 1608 2906 1661 sic
2937 1606 3246 1676 pristinus,
3279 1614 3434 1673 atque
3459 1614 3620 1656 meum.

495 1687 682 1757 Navis,
708 1692 975 1759 navicula,
1001 1695 1212 1763 puppis,
1236 1695 1391 1760 ratis,
1427 1704 1588 1763 atque
1616 1695 1799 1749 carina
2112 1754 2151 1770 η
2183 1699 2399 1768 Segnis,
2445 1701 2719 1770 inersque,
2772 1714 2941 1765 reses,
2969 1698 3156 1769 piger,
3195 1699 3419 1764 ignavus
3442 1692 3653 1766 (ιυοίιυεάθ

495 1778 595 1832 Est
620 1794 740 1833 cum
760 1781 957 1847 classe,
986 1783 1203 1849 sclaria,
1235 1785 1319 1839 vel
1349 1787 1624 1849 mortaria,
1650 1785 1863 1848 chelox,
2112 1754 2151 1807 Β
2444 1832 2447 1835 .
3530 1782 3619 1854 [εθει

494 1865 710 1931 Cimba,
736 1868 960 1923 biremis
984 1870 1063 1923 eis
1086 1870 1449 1941 conjdngitur,
1480 1881 1643 1942 atque
1677 1871 1929 1925 triremis.
2183 1878 2470 1950 Torpians,
2502 1889 2557 1932 et
2601 1879 2845 1949 tepidus,
2882 1893 3134 1942 cessans,
3190 1886 3525 1945 torpensqne,
3557 1889 3639 1924 rra-

496 1958 671 2025 Quam
704 1960 843 2030 regit
883 1962 1017 2015 ordo
1067 1964 1258 2030 triplex
1297 1965 1435 2018 hanc
1475 1966 1705 2019 dicimus
1747 1979 1868 2019 esse
1915 1964 2077 2017 trire-
3524 1964 3617 2033 [sua

1822 2056 2001 2128 [ment
2180 2062 2306 2133 Igne
2332 2062 2497 2117 animi
2529 2076 2749 2125 vacuus,
2776 2062 3001 2131 ignavus
3029 2060 3253 2115 dicitur
3294 2074 3429 2123 esse,

495 2143 785 2208 Strenuus,
818 2146 1101 2215 ingenuus,
1129 2147 1370 2211 illustris,
1395 2148 1478 2203 vel
1511 2163 1825 2217 generosus,
2184 2155 2458 2208 Desvescit
2478 2154 2655 2219 deses,
2680 2161 2735 2205 et
2758 2152 2904 2206 iners
2935 2151 3212 2205 dormitat
3246 2152 3303 2205 in
3333 2159 3458 2212 arte,

493 2234 746 2305 Insignis,
776 2238 1087 2307 praeclarus,
1112 2249 1165 2293 et
1188 2241 1439 2311 inclytus,
1470 2242 1846 2309 egregiusque,
2181 2244 2308 2314 Igne
2338 2244 2455 2298 sine
2486 2251 2569 2298 est
2594 2242 2797 2311 segnis,
2826 2242 3034 2297 resides
3068 2256 3209 2295 reor
3236 2256 3269 2293 a
3303 2237 3543 2293 residenJo

490 2327 618 2383 Istis
647 2337 921 2397 patronus,
955 2331 1254 2400 prmsiguis,
1282 2331 1475 2386 nobilis
1500 2334 1688 2387 assint.
2180 2336 2385 2400 Dictos,
2413 2335 2507 2389 sed
2539 2334 2725 2403 pigros
2756 2333 2982 2402 pedibus
3013 2348 3161 2402 quos
3189 2331 3421 2387 dicimus
3441 2342 3571 2396 aegros-

492 2419 693 2487 Lucus,
723 2422 876 2488 silva,
910 2438 1100 2477 nemus
1121 2440 1308 2488 tumm,
1338 2425 1627 2494 virgulata,
1661 2427 1920 2489 viretnm,
2182 2426 2363 2490 Libra,
2395 2424 2621 2488 librans,
2661 2422 2884 2487 trutina,
2908 2416 3167 2492 pensum,
3194 2420 3634 2491 pondusqumtatcﬁ,

492 2512 618 2568 Istis
648 2515 930 2568 arbustum
958 2516 1228 2570 sociemus
1264 2516 1333 2569 ab
1364 2518 1561 2571 arbore
1589 2519 1814 2581 dictum,
2178 2516 2330 2570 Lanx
2360 2514 2543 2578 simul,
2572 2529 2823 2576 examen,
2863 2514 2969 2565 erit
3001 2512 3319 2581 :rquilibris
3348 2510 3400 2563 in
3429 2508 3529 2562 istis.

491 2603 757 2659 Lucarius
789 2605 895 2660 luci
927 2614 1108 2660 custos
1131 2616 1235 2673 est,
1270 2607 1358 2661 hic
1388 2607 1505 2661 luce
1536 2608 1765 2661 lucatur.
2176 2609 2510 2677 Appensum,
2534 2615 2703 2661 stater
2726 2615 2828 2659 est.
2862 2604 3155 2657 Trutinatn
3192 2604 3288 2657 die
3322 2617 3436 2655 esse
3460 2609 3611 2652 statem-

491 2694 662 2751 Necto
699 2711 908 2761 nemus,
943 2697 1076 2751 silva
1101 2696 1255 2759 sileo,
1290 2698 1381 2752 sed
1404 2697 1558 2753 luceo
1586 2704 1761 2752 luens.
2179 2698 2420 2751 Examen
2450 2696 2567 2765 apis
2586 2704 2690 2763 est,
2723 2710 2951 2748 examen
2993 2694 3184 2764 lingua
3211 2692 3455 2747 bilancis.

493 2787 774 2852 Retracto,
810 2788 1006 2855 refero,
1037 2798 1093 2843 et
1116 2798 1321 2855 retexo,
1355 2806 1635 2855 recenseo,
1662 2806 1846 2844 narro.
2178 2786 2370 2851 Rores,
2399 2794 2455 2842 et
2482 2784 2697 2854 pluviae,
2731 2782 2898 2838 nimbi
2933 2785 3222 2852 dicuntur,
3261 2795 3319 2838 et
3350 2784 3523 2835 imbres.

491 2877 746 2949 Negligit,
775 2888 830 2933 et
859 2879 1087 2947 spernit,
1124 2890 1575 2949 aspernaturque,
1610 2881 1828 2945 refutat,
2178 2878 2410 2957 Roscida
2438 2878 2505 2932 dc
2534 2892 2655 2931 rore
2684 2876 2865 2938 fuerit,
2893 2878 2985 2931 sed
3010 2878 3298 2946 hyhernus
3324 2874 3391 2928 ab
3420 2872 3530 2926 imbri.

491 2970 821 3035 Contemnit,
854 2972 1051 3037 renuit,
1077 2974 1238 3027 simul
1266 2971 1473 3035 abnuit,
1506 2981 1665 3040 atque
1694 2981 1929 3038 recusat,
2175 2971 2382 3039 Bajulo,
2413 2983 2587 3039 gesto,
2623 2971 2756 3035 fero,
2800 2980 3064 3031 sustento,
3098 2970 3354 3033 sublevo,
3386 2975 3525 3037 porto;

491 3062 588 3116 Sic
616 3063 978 3132 parvipendit,
1002 3073 1056 3117 et
1087 3064 1369 3134 vilipendit
1400 3064 1452 3117 in
1490 3064 1626 3117 istis.
2107 3105 2148 3167 Β
2181 3065 2369 3118 ticstio
2398 3065 2443 3118 si
2475 3065 2656 3133 cupio,
2691 3076 2844 3136 gesto
2874 3065 2917 3119 si
2949 3065 3199 3133 pondera
3225 3071 3401 3131 porto.

493 3153 768 3222 Stragula,
801 3167 977 3219 cento,
1004 3156 1161 3222 toral,
1192 3154 1489 3224 pulvinum,
1520 3155 1765 3216 culcitra,
1792 3155 1942 3209 lodex
1966 3197 1979 3218 ,
2107 3150 2148 3167 ν
2180 3156 2351 3227 Pergo
2377 3156 2460 3211 vel
2488 3156 2731 3227 gradior,
2756 3159 2907 3219 adeo,
2942 3157 3107 3221 vado,
3139 3155 3229 3210 vel
3265 3150 3543 3224 prolieistor.

490 3247 592 3300 Est
613 3256 669 3300 et
697 3246 961 3315 plumare,
990 3247 1082 3301 sed
1116 3246 1247 3300 fulta
1281 3246 1546 3315 tapetibus
1568 3245 1751 3310 addas,
2178 3249 2455 3303 Praedictis
2478 3250 2719 3305 societur
2739 3264 2824 3312 eo,
2848 3248 2932 3303 vel
2963 3248 3189 3312 itinero,
3224 3244 3418 3299 verbis.

491 3338 627 3392 Cum
658 3338 907 3391 cervicali
948 3339 1315 3392 cervicidante
1353 3337 1609 3391 calorem.
2182 3343 2422 3413 Vestigo,
2451 3352 2686 3407 scrutor,
2715 3342 2963 3411 exploro,
2994 3354 3321 3409 quteroque,
3346 3336 3504 3393 rimor,

492 3428 719 3493 Lunula,
755 3430 907 3495 luna,
940 3431 1271 3502 nychelidcs,
1313 3441 1553 3499 torques,
1578 3437 1628 3484 et
1661 3429 1898 3494 inaures,
2178 3433 2377 3499 Scitor,
2405 3432 2488 3486 vel
2512 3433 2759 3504 indagor,
2788 3440 3154 3502 pnecunctor,
3189 3429 3429 3485 sciscitor
3450 3419 3558 3475 addo-

488 3522 787 3589 Flammea,
821 3523 1202 3584 ﬂammeolum,
1238 3540 1358 3578 eum
1391 3539 1552 3581 unca.
1586 3521 1775 3585 fascia,
1800 3520 2033 3590 peplum,
2177 3522 2332 3588 Rete,
2359 3537 2574 3595 sageua,
2601 3524 2774 3593 plaga,
2807 3538 2930 3578 cum
2951 3538 3131 3589 casse,
3163 3517 3430 3592 sagenula,
3457 3512 3561 3565 lima.

490 3616 814 3679 Dextreolis,
838 3615 1002 3669 addas
1025 3616 1287 3682 armillas,
1311 3625 1473 3685 atque
1501 3614 1720 3677 monile,
2178 3615 2441 3680 lteteque,
2474 3616 2776 3675 reticulum.
2804 3616 2869 3669 de
2897 3616 3026 3669 retis
3058 3616 3203 3670 retia
3236 3613 3440 3671 dictum,

492 3705 586 3761 Sic
608 3722 730 3761 cum
766 3707 1001 3771 cernale,
1031 3708 1258 3775 spinter,
1284 3706 1370 3759 vel
1413 3706 1572 3760 ﬁbula
1609 3705 1799 3766 mitra,
2177 3706 2313 3761 Ilinc
2338 3707 2552 3761 irretire
2578 3707 2942 3776 quoddicitur
2969 3707 3299 3775 illaqueare.

488 3798 759 3861 Annulus,
790 3805 846 3850 et
871 3812 1101 3867 gemma,
1133 3797 1360 3867 lymbcr,
1387 3797 1720 3860 chirotheea,
1750 3794 1944 3858 thiara,
2178 3797 2455 3861 Rusticus,
2481 3798 2741 3868 agricola,
2780 3797 2951 3860 rudis,
2979 3797 3203 3861 ruralis,
3236 3790 3459 3863 agrestis,

472 3888 616 3951 ,Istis
642 3888 894 3958 pileolum
923 3887 1237 3959 conjungas,
1267 3897 1429 3958 atque
1455 3888 1717 3958 galerum,
2177 3888 2267 3954 Et,
2299 3903 2421 3943 cum
2450 3887 2704 3951 ruricola,
2738 3889 2977 3943 societur
3006 3886 3224 3940 villicus
3252 3884 3379 3939 istis.

490 3979 569 4034 De
608 3980 865 4033 tricatnra
896 3978 1214 4032 mulieribus
1236 3988 1319 4033 est
1341 3994 1436 4034 sua
1457 3994 1610 4033 cura.
2174 3982 2436 4038 Custodes
2462 3981 2644 4035 ovium
2670 3996 2769 4036 nos
2798 3980 3030 4035 dicimus
3064 3979 3349 4049 opiliones,

497 4073 723 4129 llrrens,
758 4074 1025 4133 urceolns,
1052 4082 1134 4127 est
1161 4088 1317 4136 urna,
1339 4071 1421 4126 vel
1446 4071 1727 4139 amphora,
1760 4078 1914 4131 testa,
2173 4073 2642 4127 Archimandrilos
2661 4079 2876 4127 constat
2901 4086 3036 4140 quos
3064 4085 3189 4126 esse
3228 4076 3444 4123 vocatos,

491 4163 609 4220 Olla
633 4165 717 4218 vel
739 4165 953 4236 hydria,
984 4181 1079 4220 vas
1101 4166 1208 4219 vini
1240 4167 1327 4220 dic
1367 4180 1487 4219 esse
1518 4163 1786 4232 lagonam,
2175 4167 2336 4221 Mulio
2364 4166 2458 4221 sed
2479 4175 2664 4220 custos
2690 4165 2959 4218 mulorum
3000 4164 3206 4218 dicitur
3233 4172 3363 4222 esse,

490 4256 663 4321 Obba,
694 4257 778 4311 vel
804 4258 1157 4325 onopbornm.
1183 4256 1338 4310 simul
1375 4272 1522 4317 orca,
1551 4253 1747 4318 fidelia,
1779 4267 1874 4304 vas
1895 4262 1997 4313 est,
2172 4258 2253 4311 Ad
2282 4273 2417 4327 quos
2444 4273 2575 4312 cura
2602 4256 2762 4310 boum
2790 4262 2997 4325 spectat
3022 4254 3110 4309 dic
3141 4268 3261 4310 esse
3284 4245 3513 4305 bubulroso

488 4348 788 4417 Ampullas,
816 4349 1023 4416 phialas
1055 4349 1327 4417 praedictis
1356 4347 1708 4400 associamus.
2173 4348 2320 4405 Inter
2350 4364 2408 4404 se
2438 4351 2643 4404 distant
2667 4349 2827 4402 simul
2853 4348 3183 4413 orbiculare,
3217 4340 3500 4399 rotundum:

488 4440 714 4507 Fornix,
743 4441 1118 4511 prostibulum,
1150 4441 1407 4509 genedea,
1443 4435 1922 4506 turpi:lo,lupinar.
2101 4449 2149 4506 ι)
2178 4442 2394 4496 Hastam
2422 4442 2509 4495 dic
2543 4450 2791 4504 teretem,
2811 4454 3031 4510 pomum
3064 4440 3155 4494 dic
3179 4452 3294 4493 esse
3314 4425 3555 4487 rotundum.

491 4534 715 4594 Sumen,
744 4542 799 4586 et
824 4532 1032 4594 arvina,
1068 4534 1331 4602 sagimen,
1371 4531 1657 4601 pinguedo,
1683 4529 1887 4597 sagina,
2174 4532 2410 4603 Efligiem
2436 4532 2579 4603 pomi
2618 4533 2809 4586 retinet
2842 4532 2924 4586 sic
2950 4532 3184 4601 sphzera,
3215 4527 3294 4582 vel
3325 4522 3420 4585 ovi,

485 4624 789 4688 Ahdomen,
821 4622 907 4675 vel
928 4624 1143 4693 adapes,
1177 4625 1449 4692 praedictis
1478 4623 1612 4677 adde
1637 4622 1902 4690 popisma,
2173 4623 2443 4691 Sphaerica
2466 4623 2534 4677 de
2561 4622 2769 4691 sphmra
2796 4622 2876 4678 sic
2900 4623 3146 4677 creditur
3168 4632 3283 4677 esse
3304 4617 3475 4667 vocata.

493 4716 778 4771 Praedictis
812 4717 1061 4785 tegedum
1085 4718 1400 4787 conjungas,
1434 4728 1595 4786 atque
1620 4725 1893 4786 proseuta.
2170 4713 2486 4783 Regredior,
2515 4723 2822 4783 repetoque,
2851 4714 3131 4778 remetior,
3162 4722 3315 4779 atque
3343 4704 3547 4757 revertor.

492 4809 747 4873 Sarcina,
778 4807 1069 4872 sarcinula,
1100 4809 1328 4877 pondus,
1357 4809 1683 4877 clitellaqne,
1712 4796 1915 4873 fasces,
2171 4806 2455 4875 Repturio,
2492 4821 2694 4870 remeo,
2724 4806 3013 4875 redeoque,
3042 4817 3278 4863 recurro,
3305 4800 3497 4850 νοευῦοο

488 4900 672 4955 Prima
701 4916 859 4968 quam
891 4900 1062 4954 fertur
1092 4900 1191 4954 sibi
1232 4901 1477 4968 posuisse
1504 4899 1748 4967 lagenam
2167 4896 2411 4961 Pessula,
2439 4905 2567 4950 sunt
2593 4897 2796 4961 obices,
2827 4911 3077 4965 seraque,
3102 4889 3363 4964 repagula.
3385 4883 3534 4945 νεειιδ·

488 4991 679 5045 Cibum
705 4992 846 5058 quod
872 5001 1044 5055 notes,
1079 4991 1255 5045 fasces
1287 4990 1538 5042 dicuntur
1567 4991 1819 5053 honores,
2167 4989 2265 5043 Dic
2286 5005 2523 5059 parmas,
2551 4988 2791 5058 clypeos,
2828 4987 3024 5053 ancile,
3052 4988 3138 5042 vel
3162 4983 3338 5054 mgida.
3361 4978 3535 5029 θουίυίηο

487 5082 850 5145 Fasciculnm,
883 5092 938 5136 et
961 5098 1117 5149 onus,
1145 5083 1351 5152 globus,
1379 5082 1568 5143 ηιωιρε,
1601 5092 1654 5135 et
1681 5095 1923 5135 acervus.
2168 5080 2340 5145 Pelta,
2367 5082 2708 5144 rotundatur,
2731 5080 2903 5150 clypei
2944 5095 3070 5149 pars
3106 5079 3259 5132 umbo
3287 5074 3482 5123 vocatur.

490 5172 685 5236 Panes,
713 5181 1015 5239 artoeopus,
1049 5173 1277 5240 pas-tilla,
1309 5172 1434 5233 liba,
1464 5171 1729 5240 placenta,
2170 5175 2264 5228 Est
2288 5174 2457 5239 callis,
2485 5184 2706 5239 tran'ies,
2740 5183 2822 5228 est
2845 5173 3043 5234 orbita,
3078 5172 3283 5231 semita,
3312 5163 3437 5214 limes

487 5264 746 5333 .lungitur
776 5264 1081 5329 arthocrea,
1114 5264 1272 5319 simul
1296 5265 1648 5318 arthocaseus
1673 5262 1796 5325 illis,
2170 5264 2416 5331 Viculus,
2444 5274 2498 5319 et
2522 5267 2696 5334 vicus,
2726 5274 2811 5319 est
2843 5264 3054 5339 publica
3092 5262 3273 5322 strata,
3296 5253 3453 5339 platea.

486 5356 557 5411 Et
584 5357 709 5424 quia
738 5356 961 5410 materia
992 5356 1189 5409 fruitur
1208 5358 1323 5410 vice
1345 5356 1614 5409 materiati
2166 5356 2262 5410 Est
2288 5356 2487 5410 bivium
2514 5356 2601 5409 via
2625 5356 2843 5425 duplex,
2868 5338 2954 5409 est
2978 5356 3189 5409 trivium
3215 5353 3291 5404 via
3318 5338 3481 5409 triplex,

488 5448 723 5503 Additur
752 5450 838 5504 his
867 5449 1064 5514 simila,
1093 5451 1294 5520 pariter
1315 5448 1581 5519 similago,
1606 5449 1779 5516 siligo.
2166 5449 2404 5517 Sospita,
2435 5447 2772 5516 quadrivium
2798 5446 2885 5500 dic
2905 5456 3138 5526 quatuor
3157 5459 3268 5499 esse
3287 5438 3469 5526 viarultl,

488 5540 683 5604 Pallia,
721 5542 953 5611 palliola,
986 5542 1207 5612 clamys,
1243 5557 1363 5595 cmn
1395 5541 1618 5605 cielade,
1651 5540 1813 5609 palla,
2164 5542 2207 5595 Α
2247 5540 2386 5594 callo
2410 5539 2583 5603 callis,
2616 5540 2709 5594 sed
2739 5537 2812 5592 ab
2832 5524 3074 5603 orbeftit
3103 5537 3285 5594 orbita,
3312 5524 3460 5620 ltlt‘tlllS

489 5632 570 5687 Ac
598 5632 778 5702 abilis,
807 5634 1082 5698 manibus,
1115 5632 1398 5687 mantellus
1422 5631 1668 5702 jungitur
1694 5631 1814 5694 illis,
2164 5632 2207 5683 A
2236 5632 2557 5686 transcendo
2581 5631 2747 5693 venit,
2776 5632 2867 5686 sed
2897 5632 3000 5684 iter
3020 5631 3110 5683 dat
3130 5627 3300 5684 semita
3323 5621 3463 5747 scim:
3482 5689 3544 5742 Μ,
3698 5662 3701 5747 1

489 5723 623 5747 ‘n-_..
653 5727 811 5747 _-u._
848 5746 851 5747 ,
892 5728 990 5747 ,ns-
1050 5726 1237 5747 ,._-._:..
1268 5724 1401 5747 1.-..“
1457 5735 1500 5747 λ.
1536 5723 1811 5747 Αε-...,.-11---
2166 5722 2254 5747 ΩΛΙ
2315 5724 2443 5747 nu.--
2494 5724 2717 5747 -.I.,..t.-._
2769 5727 2949 5747 .2.-_L,-
2984 5728 3120 5747 __,-__:.
3154 5726 3278 5747 1......τ
3322 5717 3432 5747 MM]
3461 5708 3481 5747 ε
3529 5711 3555 5734 ³⁸

488 5723 625 5782 Dant
652 5727 816 5797 pelles
844 5728 1017 5798 pallis,
1048 5726 1239 5781 matrix
1268 5724 1425 5791 bene,
1453 5735 1505 5779 et
1533 5723 1837 5794 cirogallus,
2166 5722 2278 5790 Sol,
2315 5724 2468 5791 titan,
2494 5724 2742 5795 phoebus,
2769 5727 2953 5782 ιηυιηδ
2984 5728 3122 5782 mm
3154 5726 3295 5783 hunc,
3321 5720 3362 5767 ει
3384 5689 3555 5768 ephebus
