3834 6462
25 227 115 282 89

1404 213 1581 272 orus
1620 209 2186 280 svuonvnonun.

3182 200 3335 255 ίὸθθι

25 349 396 399 :ammum,
429 331 745 395 seabellunt,
778 328 1052 396 subsellia,
1085 327 1238 393 sella,
1266 325 1601 390 scamellum,
1670 322 1718 379 Α
1742 326 2013 389 lncautus,
2045 325 2117 379 sit
2149 325 2201 377 in
2243 323 2327 378 his
2363 320 2697 393 imprudens,
2728 319 2889 387 inque
2914 316 3139 387 peritus.

21 428 328 483 mdictis
357 425 630 497 pluteum,
660 425 971 492 sedemque,
1002 421 1192 476 sedilia
1212 420 1429 490 jungas.

21 531 81 575 st
116 532 354 590 seges,
383 526 546 588 atque
573 532 743 581 ceres,
769 526 893 571 sunt
920 515 1122 584 fruges,
1152 522 1209 568 et
1234 520 1371 577 sata,
1399 525 1637 566 messes:

21 628 131 664 um
163 609 440 676 seritur,
472 621 625 679 seges
654 616 765 672 est;
797 614 938 669 sata,
964 620 1086 659 cum
1114 601 1389 658 radicibus
1417 602 1640 664 luerent;

28 716 255 772 ruges,
277 714 425 756 cum
442 700 667 764 l’ruitur;
695 706 821 755 sunt
844 712 1066 763 messes,
1095 695 1311 766 quando
1337 704 1643 757 metuntur;

21 809 210 863 teque
244 792 514 849 creando
536 790 699 847 Ceres
726 790 896 845 fertur
924 790 1049 859 quia
1080 804 1166 844 res
1191 794 1342 843 creat
1365 800 1573 842 omnes.

21 888 246 943 bicitur
269 900 511 941 annona
536 900 699 956 quam
731 882 966 953 postulat
988 897 1199 937 annuus
1221 896 1370 935 usus.

22 988 102 1033 :st
137 978 547 1043 mausoleum,
572 976 905 1046 pollandum,
941 976 1144 1039 tumba,
1176 972 1541 1042 sepulchrum,

21 1070 474 1138 iarcophagus,
496 1069 738 1131 bustum,
768 1066 1025 1128 tumulus,
1053 1064 1136 1119 vel
1160 1063 1402 1134 piramus
1432 1072 1557 1125 una,

22 1166 174 1215 )ans
233 1159 594 1214 monimenta
628 1158 775 1212 necis
818 1154 1161 1225 coniungitur
1201 1154 1286 1209 his
1336 1164 1653 1207 monumen-

1406 1240 1574 1313 [tun].

21 1341 395 1404 Seminium,
420 1338 789 1399 seminarium,
818 1335 1073 1390 sementis
1097 1334 1236 1389 idem
1264 1341 1419 1396 sunt,

21 1436 278 1492 Semina
306 1435 618 1505 jungantur
648 1431 927 1500 praedictis
966 1445 996 1483 a
1027 1443 1149 1483 sero
1177 1428 1339 1488 dicta,

21 1530 91 1582 Et
120 1529 410 1583 sementa
446 1542 533 1581 res
554 1534 639 1580 est
664 1541 693 1578 a
717 1540 840 1579 sero
871 1516 1078 1577 semina
1106 1529 1252 1573 nata.

22 1620 271 1685 Discus,
301 1628 365 1672 et
395 1622 626 1681 catinus,
657 1608 798 1681 lanx,
830 1623 886 1669 et
914 1613 1157 1675 scntella,
1201 1609 1473 1681 perapsis,

28 1714 135 1766 Slc
166 1713 244 1767 de
279 1712 447 1766 lance
472 1710 673 1775 bilanx,
698 1710 965 1778 parasitus
988 1720 1205 1768 nomen,
1232 1703 1499 1773 perapsis.

32 1807 143 1861 Est
166 1821 439 1871 consors,
464 1806 665 1867 socius,
694 1818 899 1864 comes,
940 1801 1172 1871 collega,
1203 1799 1435 1859 sodalis,

38 1899 150 1951 Dat
180 1913 316 1951 sors
348 1904 682 1955 consortem,
711 1896 963 1949 comitem
996 1893 1105 1956 via,
1134 1905 1321 1945 mensa
1347 1887 1589 1941 sodalem

44 1989 251 2042 Missio
284 1988 582 2056 collegam,
618 1987 824 2042 socium
852 1987 1004 2041 labor
1032 1984 1191 2037 eﬂicit
1218 1982 1381 2035 idem.

51 2081 337 2150 Signifer,
370 2090 465 2133 aut
485 2079 773 2149 signarins,
801 2093 913 2131 rem
940 2076 1118 2147 signat
1148 2075 1394 2137 eandem,

54 2174 157 2227 llis
182 2172 541 2241 primiferus,
571 2169 839 2223 vexillifer
869 2169 1191 2231 associetur,

56 2262 294 2316 Primus
320 2262 432 2332 pila
469 2261 650 2315 ferens
678 2270 757 2313 est
782 2258 1087 2329 primipilus
1111 2258 1163 2311 in
1194 2256 1330 2312 istis.

56 2355 365 2423 Splendet,
393 2364 448 2407 et
476 2352 720 2414 irradiat,
748 2352 934 2421 fulget,
967 2352 1102 2404 nitet
1128 2360 1289 2419 atque
1320 2351 1596 2417 fcoruscat,

64 2446 321 2509 Emicat,
359 2454 525 2514 atque
559 2444 742 2506 micat,
769 2442 973 2509 rutilat,
1002 2441 1195 2505 claret,
1225 2448 1387 2509 atque
1410 2436 1632 2492 relucet.

67 2538 332 2601 Plumes,
358 2536 556 2599 caries,
583 2536 783 2597 sanies,
809 2550 907 2603 pus
934 2549 1018 2588 res
1060 2533 1248 2588 eadem
1279 2542 1425 2595 sunt,

69 2628 315 2690 Sordes,
341 2626 620 2695 spurcitia,
656 2626 764 2691 fex,
789 2636 843 2680 et
868 2624 1151 2680 feculcntia
1184 2623 1423 2692 squalor,

70 2720 212 2773 Cum
245 2719 495 2783 macula,
520 2720 691 2781 tabes,
728 2719 811 2772 his
848 2728 973 2773 sunt
1000 2717 1268 2787 contagia,
1291 2713 1462 2778 labes,

77 2810 178 2864 Dic
204 2808 409 2863 sordes
437 2810 610 2879 cupri,
631 2809 867 2863 scoriam
900 2810 987 2863 dic
1013 2825 1135 2864 esse
1170 2806 1393 2873 metalli,

80 2901 185 2955 Dat
217 2900 334 2955 tabi
367 2901 490 2955 tabo
512 2916 616 2956 non
644 2900 760 2971 plus
791 2916 888 2969 per
908 2910 1103 2956 cetera
1126 2915 1332 2969 quaero.

86 2993 332 3048 Glabero
363 2993 455 3055 sit,
476 2993 639 3062 cujus
659 3001 821 3062 caput
841 3000 1068 3061 occupat
1090 3000 1174 3046 est
1198 2990 1537 3062 glaberosus,

93 3084 356 3154 Corporis
384 3093 440 3137 at
460 3084 646 3153 reliqui
673 3084 906 3146 scabies,
933 3084 1059 3138 hinc
1080 3092 1163 3137 est
1193 3083 1503 3146 scabiosus,

96 3176 323 3231 Pustnla
360 3178 682 3246 corporibus
706 3176 943 3230 totaliter
969 3176 1159 3237 haeret,
1183 3183 1236 3229 et
1266 3175 1437 3229 ulcus.

106 3271 203 3325 Est
229 3282 474 3338 serpens,
521 3267 745 3338 hydrus,
799 3265 1022 3322 coluber
1068 3265 1226 3321 simul
1279 3266 1475 3335 hydra,
1524 3265 1686 3317 colin-

1436 3355 1587 3428 [drus
1600 3397 1615 3420 ,

114 3450 303 3523 Vipera
326 3451 597 3522 praedictis
617 3466 751 3522 nepa
785 3451 1162 3521 coniungatur,
1186 3460 1243 3507 et
1262 3451 1476 3521 anguis,

116 3544 290 3612 Atque
310 3544 566 3610 dracena,
591 3544 775 3609 draco,
808 3551 934 3597 sunt
959 3542 1171 3611 scorpio
1197 3544 1262 3597 de
1288 3542 1588 3611 speciebus.

121 3632 354 3697 lmmolo,
382 3633 650 3698 sacrifico,
683 3648 863 3697 sacro,
890 3632 1005 3699 lito,
1038 3633 1277 3699 mactito,
1309 3642 1507 3686 macto.

122 3721 323 3779 Nomen
353 3722 669 3777 carnificum
693 3723 760 3776 de
782 3724 1070 3777 mactando
1097 3722 1264 3777 trahit
1290 3732 1487 3777 ortum.

126 3816 168 3869 Α
196 3816 333 3870 lanio
361 3815 536 3870 dictos
562 3830 697 3884 quos
721 3814 951 3869 dicimus
980 3829 1099 3869 esse
1126 3815 1372 3870 lanistas.

129 3906 361 3974 Calceus,
385 3914 468 3960 est
489 3905 655 3974 solea,
686 3920 839 3976 pero,
874 3905 955 3960 vel
985 3907 1260 3971 sotularis,
1294 3906 1436 3960 aluta
1463 3924 1478 3961 :

132 3994 223 4051 Est
247 3996 369 4066 quia
391 3994 592 4051 munda
624 3995 755 4062 luto,
781 4010 977 4049 nomen
1011 3996 1111 4050 sibi
1150 3996 1314 4050 sumit
1340 3997 1503 4050 aluta.
1538 4034 1541 4039 λ

134 4088 225 4145 Est
253 4089 450 4158 fatuus,
480 4088 726 4155 stolidus,
759 4105 1045 4152 erroneus,
1074 4090 1464 4159 insipiensque,

134 4178 348 4249 Inscius,
376 4189 429 4236 et
454 4180 663 4246 brutus,
693 4180 940 4249 simplex,
970 4181 1261 4251 idiotaque,
1292 4180 1486 4235 stultus

141 4272 393 4340 Indoctus,
422 4275 581 4329 simul
609 4274 871 4343 insipidus
900 4272 1246 4344 coniungitur
1274 4273 1401 4335 illis,

144 4365 478 4432 inconsultus,
505 4376 560 4423 et
587 4368 778 4439 eligius
800 4368 886 4422 cui
910 4368 1071 4421 verba
1100 4378 1386 4435 negantur.

155 4539 2791 4575 mw

1747 419 1992 490 Templa,
2018 418 2365 479 monasteria,
2396 415 2744 484 delubraque,
2774 412 2896 465 fana
2920 416 3205 472 vocantur,

1746 513 2057 577 Basilicam,
2086 510 2244 566 simul
2272 507 2554 563 ecclesiam
2578 503 2951 575 conjungimus
2983 501 3107 555 illis.

1750 609 1889 671 Pila,
1911 606 1996 661 vel
2026 603 2239 667 hastile,
2266 601 2523 673 jaculum,
2547 597 2837 668 catapulta,
2864 594 3078 665 sagitta,

1754 700 1984 765 Missile,
2012 697 2095 751 vel
2129 695 2310 757 telum,
2343 707 2442 747 nec
2469 691 2611 746 enim
2640 690 2873 745 addatur
2898 685 3126 740 arundo.

1754 795 1884 863 Ops,
1905 795 2125 857 humus,
2145 799 2307 859 atque
2330 786 2524 851 solum,
2554 799 2663 849 rea,
2689 792 2854 847 terra,
2878 779 2961 832 vel
2986 777 3136 832 arida
3154 776 3329 830 tellus.

1754 886 1884 951 Lar,
1935 883 2225 947 thalamus,
2254 893 2503 942 camera,
2535 874 2695 931 simul
2726 883 2781 930 et
2818 869 3114 943 penetrale,
3158 882 3336 923 reces-

3103 958 3264 1031 [sus,

1755 1070 1937 1125 Addas
1959 1064 2237 1127 conclave,
2261 1064 2344 1118 vel
2376 1060 2656 1132 canapcia,
2686 1065 2930 1129 penates,

1758 1160 2064 1217 Reticulum
2095 1158 2249 1212 nobis
2278 1156 2546 1223 scriptura
2579 1158 2731 1205 notat
2757 1159 3075 1216 canopeum.

1760 1254 1901 1307 Sunt
1923 1250 2205 1318 canopeia,
2234 1247 2485 1311 tentoria,
2510 1243 2809 1312 papiliones

1761 1346 1914 1415 Quod
1947 1346 2152 1400 corium
2177 1357 2335 1409 supra
2360 1346 2541 1409 portat
2570 1337 2648 1390 sic
2673 1337 2838 1389 credo
2864 1338 3134 1387 vocatum.

1762 1439 1961 1494 Thuris
1988 1434 2343 1497 thuribnlnm,
2376 1433 2461 1486 dic
2490 1428 2791 1485 incensoria
2817 1440 2970 1487 vasa.
3188 1428 3191 1431 ’

1764 1532 1830 1585 Et
1857 1530 1997 1597 quod
2027 1527 2166 1581 idem
2189 1525 2368 1595 signat
2397 1522 2516 1576 istis
2546 1522 2785 1575 societur
2812 1530 3022 1571 acerra.

1764 1619 1926 1682 Vina,
1954 1632 2185 1679 merum,
2219 1613 2479 1676 bacchus,
2510 1612 2752 1673 hromus,
2793 1607 2879 1663 vel
2907 1606 3087 1669 Liber,
3121 1619 3309 1675 yacus,
3358 1596 3361 1599 λ

1693 1682 1737 1741 Β
1764 1710 1887 1765 lstis
1910 1710 2107 1763 lenaeus
2134 1704 2497 1775 conjungitur,
2521 1713 2681 1772 atque
2703 1700 2901 1764 Liscus,

1767 1804 1943 1871 Atque
1975 1808 2164 1854 tenens
2211 1805 2453 1851 mentera
2503 1803 2761 1847 temetum
2792 1791 2940 1845 venit
2996 1790 3121 1843 hinc
3174 1796 3347 1841 temu-

3058 1877 3278 1947 ||cntus.

1770 1989 1868 2042 Est
1898 1981 2162 2057 ydromcl,
2190 1982 2445 2044 mulsum,
2488 1988 2695 2040 nectar,
2732 1973 3014 2035 cerevisia,
3044 1973 3207 2029 cisra,

1774 2082 2141 2151 Pigmentum,
2177 2085 2434 2137 mustum,
2474 2071 2963 2136 mellicratumquc,
2994 2063 3259 2118 falcrnum

1774 2176 1869 2229 Est
1892 2187 2021 2242 sapa
2050 2185 2212 2241 quam
2253 2166 2443 2221 medici
2475 2171 2677 2233 ponunt
2714 2160 2815 2216 sub
2837 2158 3055 2213 nomine
3082 2154 3212 2209 vini.

1776 2265 1874 2320 Est
1904 2263 2080 2325 turbo,
2110 2268 2322 2321 ventus,
2352 2265 2405 2310 et
2431 2254 2649 2329 ﬂamen,
2682 2250 2858 2311 ﬂatus,
2890 2257 2945 2302 et
2968 2261 3118 2299 aura.

1776 2357 2073 2411 Ventorum
2103 2348 2310 2421 species
2330 2345 2688 2415 complectere
2709 2339 2954 2395 versibus
2987 2337 3106 2390 istis
3131 2353 3143 2387 :

1778 2445 2281 2506 Suntsubsolanus,
2306 2440 2618 2504 volturnus,
2649 2449 2833 2495 eurus,
2866 2446 3019 2493 eous,

1777 2541 2045 2604 Circinus,
2076 2550 2328 2592 occasum
2355 2532 2746 2603 Zephirnsque,
2776 2525 3033 2579 f'ovoneus
3057 2518 3261 2577 alﬂant,

1780 2632 1887 2688 Sed
1917 2631 2140 2685 veniunt
2171 2625 2374 2697 aquilo,
2400 2625 2613 2688 boreas,
2642 2628 2699 2675 et
2721 2619 2922 2673 chorus
2950 2615 3017 2667 ah
3045 2621 3215 2672 arcto,

1726 2718 1737 2735 “
1780 2724 1955 2793 Atque
1986 2722 2072 2776 die
2099 2717 2276 2773 medio
2310 2715 2527 2779 nothus,
2553 2722 2607 2766 et
2628 2709 2829 2764 africus
2861 2703 3035 2759 inﬂat.

1783 2813 1877 2867 list
1905 2809 2297 2869 indumentum,
2322 2803 2509 2867 vestis,
2535 2799 2782 2861 vestitus,
2802 2796 3059 2854 amictus,

1690 2928 1693 2933 ν
1784 2901 2039 2967 Exuvias,
2067 2896 2262 2967 spolia,
2294 2909 2418 2951 cum
2445 2890 2661 2961 pannis,
2693 2885 2876 2941 addite
2901 2892 3067 2938 texta.

1709 3023 1755 3085 Ο
1786 2995 1937 3061 Quod
1970 2991 2170 3060 tegitur
2201 2994 2397 3047 tectus,
2431 2977 2883 3079 depellitirigora
2912 2983 3139 3085 terit-nm,

1788 3080 2113 3139 Panniculus
2137 3076 2333 3145 inopis,
2362 3072 2630 3129 velamina
2653 3067 2933 3137 iungimus
2963 3063 3085 3117 illis.
3174 3120 3175 3123 η

1787 3177 1886 3232 llis
1906 3174 2294 3230 vestimentum
2317 3166 2575 3229 societur,
2604 3169 2660 3215 et
2681 3158 3097 3230 operimentum,

1789 3268 1943 3335 Quod
1975 3279 2106 3319 vero
2135 3262 2410 3331 longatum
2434 3270 2591 3310 versu
2619 3251 2808 3322 nequit
2829 3264 2949 3305 esse
2975 3248 3228 3302 locatum.

1791 3362 1971 3417 Unum
1999 3354 2327 3427 significant,
2354 3350 2619 3411 vinetum,
2651 3346 2833 3406 vinea,
2861 3340 3016 3404 vitis;

1794 3454 2046 3509 Viuetum
2082 3446 2298 3518 proprie
2326 3443 2442 3497 loca
2471 3449 2618 3503 sunt,
2638 3436 2731 3491 ubi
2755 3435 2910 3489 vinea
2941 3429 3159 3487 crescit.

1794 3543 2085 3612 Pampinus
2108 3547 2191 3593 est
2218 3536 2427 3598 folium,
2452 3532 2641 3587 botrus
2659 3528 2779 3593 ﬂos,
2802 3526 2963 3581 vinea
2989 3525 3216 3584 fructus,

1796 3633 2077 3697 Surculus,
2103 3639 2196 3685 aut
2226 3642 2429 3691 ramus,
2458 3632 2541 3679 est
2565 3622 2792 3694 palmes,
2825 3619 2939 3675 sive
2978 3631 3235 3687 propago.

1803 3730 1971 3785 Uvam
1987 3724 2166 3780 'mnlta
2194 3719 2375 3793 simul,
2399 3718 2485 3774 dic
2511 3714 2720 3785 singula
2747 3726 2942 3783 grana,
2974 3722 3238 3771 racemos,

1797 3822 1966 3875 Vinea
1993 3815 2289 3889 sylvestris.
2323 3810 2528 3867 sterilis
2567 3809 2815 3863 labrusca
2851 3812 3096 3858 vocatur.

1797 3911 1984 3975 Alvus,
2013 3918 2067 3963 et
2090 3906 2346 3971 alveolus,
2374 3910 2457 3959 est
2479 3909 2688 3965 venter,
2720 3894 3180 3962 ventriculusque,

1702 4040 1709 4045 -
1772 4004 2031 4061 .Additur
2058 4001 2144 4055 his
2173 4008 2359 4054 uterus
2388 3991 2785 4065 praegnantibus
2816 3985 3214 4057 appropriatus,

1809 4091 2044 4163 Virginis
2060 4099 2145 4145 est
2183 4087 2356 4151 alvus,
2382 4093 2438 4138 et
2466 4083 2545 4136 sic
2574 4080 2642 4134 ab
2673 4077 2864 4132 alendo
2896 4085 3132 4130 vocatur.

1803 4183 1883 4239 Ex
1911 4190 2065 4239 utero
2093 4179 2218 4236 dicti
2247 4173 2491 4245 germani
2523 4180 2645 4226 sunt
2673 4167 2891 4222 uterini.

1735 4365 1781 4419 Β
2270 4311 2575 4383 Expliciunt
2619 4316 2927 4375 synonyma.

2802 4527 3366 4552 ‘———————l‘

498 4677 1317 4787 FRAGMENTUM
1390 4692 1555 4780 ΕΧ
1627 4684 1992 4779 LIBRO
2067 4685 2216 4774 DE
2288 4673 3016 4788 AEQUIVOCIS.

167 5041 422 5113 Augustus,
460 5042 523 5107 ti,
554 5049 630 5103 to,
655 5041 839 5096 Caesar
862 5040 945 5094 vel
972 5038 1173 5093 mensis
1199 5036 1415 5092 habeto.

172 5133 428 5199 Angustus,
453 5140 556 5197 lus,
580 5130 634 5186 ui
665 5130 778 5184 vult
807 5129 1069 5184 divinatio
1097 5127 1224 5183 dici.

174 5220 334 5279 Mobile
356 5240 474 5279 cum
497 5225 591 5278 fiat
613 5231 898 5293 angustus,
928 5220 1325 5290 nobile'signat.

178 5313 331 5379 Angeo
350 5316 433 5371 dat
457 5316 711 5387 primum,
737 5314 829 5370 dat
857 5322 1047 5385 gustus
1076 5312 1300 5382 avisque
1325 5308 1641 5366 secundum.

181 5402 323 5475 cura,
347 5406 512 5474 favor,
536 5404 811 5477 splendor,
836 5403 995 5461 ﬂatus
1027 5402 1260 5470 dicatur,
1301 5409 1356 5457 et
1389 5416 1502 5456 aer.

1812 5031 1909 5085 Est
1932 5027 2373 5091 abacus'mensa,
2404 5033 2638 5081 metrum
2680 5019 2911 5089 capitale
2935 5018 3217 5075 columnae.

1816 5119 1941 5175 Haec
1967 5134 2098 5176 acus
2120 5126 2206 5173 est
2227 5117 2406 5178 stilus,
2438 5113 2832 5178 calamistrum,
2864 5110 3078 5177 subula,
3110 5125 3280 5165 rome.

1816 5210 1932 5265 Hoc
1964 5209 2139 5265 aceris
2173 5208 2355 5271 faciet,
2382 5206 2477 5262 sed
2513 5220 2644 5260 acus
2669 5204 2819 5259 dabit
2847 5204 2963 5259 haec
2990 5202 3249 5273 genitivo.

1818 5307 1933 5363 Hoc
1959 5320 2089 5363 acus
2120 5313 2205 5362 est
2236 5302 2412 5374 palea,
2444 5302 2587 5357 sicut
2634 5298 2750 5356 hrec
2777 5312 2928 5365 acus,
2973 5296 3063 5352 hic
3105 5307 3255 5360 acus,
3298 5305 3392 5348 or-

3037 5384 3183 5459 ~luat,
3217 5391 3325 5440 etc.

3803 4873 3809 5007 'l

3804 5718 3809 5855 Ὺ
