3834 6462
504 209 632 265 1591
1831 208 2018 265 RUFI!

2108 206 2415 265 EPISCOPI
2864 206 2911 226 "
3534 216 3582 267 ῒὲἓ

519 327 3587 366 W

1641 478 1718 590 F
1732 471 2623 590 RAGMENTUM

2238 717 2264 745 7|

996 722 1158 813 EX
1212 716 1577 811 LI'BRO
1653 716 1800 805 DE
1874 713 2523 804 MYSTERIIS
2592 711 3259 804 ΕΟΟΕΕΞΙλἘι

1145 1042 1433 1096 Dedicatio.
2102 1032 2150 1087 Α
2182 1042 2464 1098 Construit
2492 1041 2546 1097 in
2580 1039 2747 1102 cwlis,
2779 1049 2833 1094 et
2865 1038 3087 1095 amoris
3114 1038 3391 1093 schemate
3417 1036 3534 1108 jungit

497 1139 686 1209 Anglia
718 1152 825 1208 quo
848 1136 1038 1207 fulget,
1067 1152 1173 1205 quo
1196 1134 1432 1205 gaudent
1458 1134 1684 1203 praesule
1711 1134 1858 1187 claro
2178 1135 2550 1189 Fundamenta
2587 1132 2795 1189 locans.
2844 1131 2946 1187 Pes
2978 1139 3043 1185 et
3096 1130 3258 1186 basis
3298 1119 3388 1207 est.
3416 1142 3520 1199 petra
3544 1132 3612 1185 lla

494 1232 810 1297 Loudonite,
844 1246 951 1299 quo
971 1229 1209 1282 Parisius
1230 1236 1508 1281 scrutante
1538 1226 1783 1296 sophiam
3504 1224 3585 1295 im

490 1323 749 1379 Florehat
774 1321 1031 1376 studium.
1058 1320 1209 1375 Basis
1235 1335 1422 1385 aurea,
1447 1318 1646 1388 fulgide
1676 1317 1862 1381 Fulco,
2175 1319 2506 1374 Circumstat
2530 1319 2713 1388 paries
2732 1317 2961 1387 populus
2988 1317 3256 1388 gentilis,
3292 1317 3507 1371 hebrus.

490 1415 688 1471 Firmm
714 1414 936 1485 iustitia:
967 1431 981 1467 :
1011 1412 1264 1483 Mysteria
1290 1412 1505 1479 suscipe
1533 1425 1702 1464 saera:
1860 1422 1867 1427 ‘
2173 1411 2389 1466 Christo
2418 1411 2673 1466 fundatus
2702 1428 2798 1481 per
2821 1420 3006 1480 partes
3040 1419 3298 1481 quatuor
3330 1408 3471 1463 orbis.

490 1507 765 1570 Ecclesia},
788 1505 967 1561 studio
993 1505 1245 1559 distincta
1271 1513 1555 1572 metroque
1582 1501 1825 1557 Joannis.
2178 1503 2359 1559 Sancti
2391 1505 2641 1574 quadrati
2664 1504 2870 1573 lapides
2908 1512 3066 1565 sunt,
3117 1503 3267 1559 celte
3292 1503 3396 1573 (55)
3419 1504 3533 1573 politi.

490 1598 684 1654 Tutius
705 1607 765 1653 ut
792 1598 1014 1653 veniant
1042 1598 1094 1651 iu
1122 1606 1366 1666 apertum
1388 1594 1571 1663 judice
1602 1603 1752 1648 tanto
2175 1598 2445 1666 Quadrata
2475 1598 2697 1655 stabiles
2724 1598 2943 1665 virtute,
2969 1597 3229 1669 palm}
3259 1597 3417 1666 parati

488 1689 735 1763 Mystica,
762 1689 1006 1745 Parisios
1026 1688 1155 1743 licet
1184 1690 1299 1742 haec
1332 1687 1556 1741 recitata
1585 1686 1903 1755 probentur,
2176 1692 2416 1748 Artiﬁcis
2441 1692 2638 1747 summi
2659 1693 2935 1762 pumicem
2966 1673 3207 1760 ροιιίεὲξ
3235 1690 3451 1758 Quorum

483 1782 797 1854 Exposcunt
819 1781 1017 1836 subtile
1043 1790 1190 1835 tuum
1217 1780 1303 1850 pie
1324 1789 1507 1849 pastor
1531 1794 1778 1841 acumen,
2173 1784 2402 1851 Quidam
2436 1792 2738 1854 portantur,
2775 1798 2873 1837 nec
2899 1791 3138 1851 portant
3169 1799 3185 1835 :
3221 1780 3522 1849 simpliciores

486 1876 586 1942 Qui
606 1890 762 1931 sacer
792 1875 1029 1930 instituis
1056 1889 1242 1929 sacros
1267 1884 1321 1929 et
1344 1888 1499 1927 sacra
1526 1872 1820 1926 ministros.
2173 1875 2315 1930 Sunt
2343 1874 2464 1929 isti:
2502 1873 2752 1941 Portant,
2781 1883 3080 1943 portantur
3109 1890 3126 1926 :
3159 1884 3296 1927 sunt
3323 1871 3549 1925 mediocres

997 1964 1250 2035 Μέδίετῖα
1278 1963 1548 2019 Εεείεεὶαῑ·
2174 1968 2311 2022 Sunt
2343 1976 2398 2022 et
2428 1976 2734 2036 portantes,
2766 1983 2871 2023 nou
2906 1966 3121 2036 portati
3156 1984 3172 2019 :
3217 1966 3410 2019 Tamen
3443 1964 3482 2016 hi
3505 1976 3564 2015 sui

479 2058 580 2116 Est
602 2060 791 2114 domus
817 2057 1042 2113 ecclesia
1068 2055 1299 2111 Domini.
1333 2055 1588 2109 Summus
1612 2052 1768 2108 faber
1794 2052 1937 2106 illam
2173 2057 2386 2127 Sancti,
2419 2074 2556 2129 quos
2579 2058 2832 2115 Christus
2856 2060 2923 2115 ad
2950 2058 3081 2115 cmli
3119 2059 3310 2114 sidera
3335 2064 3487 2126 portat.

479 2150 559 2205 Ex
583 2149 752 2220 petris
773 2149 928 2214 vivis,
960 2147 1183 2218 quadris
1208 2146 1520 2215 pariterque
1548 2144 1799 2200 rotundis

481 2322 3589 2359 __________________________________________

866 2479 1685 2572 FRAGMENTUM
1763 2480 2093 2570 LIBRI
2172 2479 2320 2568 DE
2395 2476 3404 2572 ORTHOGRAPHIA.

1877 2673 2333 2687 Μ

474 2827 536 2883 Si
563 2828 685 2897 quis
716 2830 768 2882 ln
797 2826 1026 2884 ecclesia
1051 2826 1183 2898 legis
1209 2843 1436 2898 usquam
1461 2827 1685 2882 verhula
1711 2826 1863 2889 diva,
2165 2828 2280 2884 Non
2319 2826 2399 2883 sic
2419 2826 2634 2883 detenta
2665 2826 2799 2882 mihi
2826 2826 3025 2882 tradita
3056 2827 3312 2896 quinque
3337 2823 3468 2877 lalw.

476 2919 551 2977 Ut
575 2919 713 2975 vites
741 2921 892 2983 vitia,
924 2920 1001 2976 sis
1029 2921 1220 2975 doctus
1244 2921 1299 2975 in
1326 2921 1734 2991 orthographia.
2162 2918 2219 2973 ln
2248 2928 2301 2973 te
2329 2933 2453 2987 spes
2472 2917 2688 2973 Christe
2716 2933 2835 2972 mea
2858 2918 3065 2986 ﬁgitur,
3095 2927 3162 2972 ut
3194 2917 3335 2970 liber
3354 2915 3436 2969 iste

474 3010 686 3082 Inspice
712 3013 757 3066 si
788 3028 1029 3082 prosum,
1059 3028 1146 3068 me
1168 3028 1234 3067 ne
1262 3012 1350 3067 fac
1379 3012 1703 3068 invidiosum
2162 3006 2269 3063 Per
2297 3016 2350 3064 te
2365 3007 2666 3077 completus
2686 3007 2780 3073 sit,
2806 3016 2859 3062 te
2886 3006 3177 3062 fulsimine
3208 3004 3399 3065 fretus.

473 3098 697 3156 Invidiae
724 3112 888 3156 mete.
919 3102 1028 3157 Nec
1049 3101 1260 3155 laudern
1290 3116 1475 3170 quaero
1499 3111 1688 3171 poetae,
2162 3100 2296 3155 Cum
2324 3101 2395 3157 sit
2416 3100 2706 3171 scripturae
2728 3098 2849 3156 tons
2872 3100 3056 3156 omnis
3080 3101 3272 3156 littera
3290 3099 3416 3169 jure.

474 3189 734 3257 Quamvis
755 3191 827 3248 sit
856 3207 1030 3248 rarus.
1066 3190 1145 3247 Ne
1169 3191 1241 3247 sit
1264 3190 1605 3247 mihiseusus
1631 3207 1844 3246 avarus.
2165 3190 2442 3261 Principio
2468 3192 2611 3262 quod
2642 3192 2715 3248 sit
2742 3193 2809 3249 de
2835 3208 2896 3248 se
2925 3194 3192 3250 tractatio
3220 3191 3397 3263 possit,
3417 3193 3486 3240 εκ·

550 3348 667 3419 (55)
705 3348 885 3404 Celtes
914 3357 994 3404 est
1025 3349 1296 3419 quoddam
1323 3350 1745 3405 instrumentum
1779 3358 1962 3419 aptum
1994 3349 2061 3403 ad
2098 3348 2456 3405 scindendum
2488 3349 2713 3421 lapides.
2747 3349 2821 3405 lta
2849 3348 3028 3421 glossa
3052 3366 3163 3407 ms.
3194 3348 3264 3404 ad
3290 3349 3340 3402 h.
3369 3345 3396 3398 l.

494 3527 3587 3589 Μ

1823 3726 1902 3769 ΔΒ
1944 3727 2116 3771 ANNO
2159 3726 2313 3770 MLVI
3694 3724 3700 3851 ‘

1722 3902 2426 4103 wRUFINI

983 4113 1798 4305 INCERTAZ.
1885 4192 2360 4307 SEDIS
2483 4195 3239 4313 EPISCOPI

1183 4448 1469 4588 DE
1617 4447 2238 4590 BONO
2429 4454 3057 4599 PACIS

1801 4735 2138 4836 LIBRI
2202 4734 2457 4840 DUO

1883 4928 2336 4944 *-

817 5023 904 5091 (R.
949 5025 1006 5078 Ρ.
1036 5024 1297 5081 Bernardi
1321 5023 1469 5079 Pun
1499 5025 1820 5081 Bibliotheca
1850 5031 2091 5095 ascetica,
2119 5038 2250 5086 tom.
2282 5032 2331 5086 l)

1850 5031 2091 5095 ascetica,
2119 5038 2250 5086 tom.
2282 5031 2376 5099 IX,
2406 5032 2734 5102 Ratisbonw,
2766 5036 2920 5103 £726,
2946 5036 3114 5103 inde,
3143 5053 3252 5108 pag.
3281 5028 3346 5095 5-)

1894 5216 2321 5231 —_—__—_.

1760 5359 2376 5454 MONITUM.

533 5518 677 5608 Nihil
711 5527 1155 5608 ascetaend‘uleius,
1200 5530 1530 5608 nihilmagts
1559 5532 1925 5608 necessarium
1971 5548 2131 5601 pace,
2158 5550 2266 5602 qua
2299 5535 2541 5590 interiori
2573 5537 2985 5608 quaiexteriori.
3014 5547 3189 5607 utpote
3212 5535 3308 5590 sine
3330 5512 3558 5608 qua

464 5593 701 5652 studium
750 5613 851 5651 nec
899 5578 1377 5669 feliciter'susripi,
1428 5578 1526 5659 noce
1568 5602 1655 5656 ditt
1700 5578 2000 5659 admodum,
2045 5578 2543 5677 EBLéiaremﬁBl'evsii
2574 5578 2985 5679 't')?t{a"c'2{g'3}{i
3015 5578 3392 5679 Eh‘éﬁﬁiEpEm
3410 5578 3557 5645 nutrita;

3670 5725 3689 6452 ς
