3902 6316
111 323 236 383 1595
278 358 287 373 μ
1232 321 1322 377 DE
1359 320 1540 379 ΒΟΝο
1576 321 1790 378 PACIS.
1817 353 1886 363 —
1923 320 2050 375 LIB.
2090 320 2128 375 I.
3199 322 3341 380 1594

107 438 285 501 habes,
311 432 488 508 Ruﬁni
518 432 752 508 episcopi
781 432 999 508 Libelli,
1018 435 1213 508 quibus
1258 436 1517 506 pleraque
1545 436 1723 491 omnia
1769 437 2115 491 continentur
2149 451 2274 508 quae
2320 436 2534 507 quidem
2564 452 2593 490 a
2632 438 2830 508 media:
2865 437 3038 493 aetatis
3079 437 3342 508 scriptore

108 515 169 565 de
205 510 337 576 bono
365 504 516 576 pacis
539 504 641 576 dici
675 514 942 576 poterant.
969 504 1151 576 Stylus
1182 504 1453 561 nonnullis
1483 508 1614 561 locis
1642 509 1907 561 obscurus
1934 517 1990 560 et
2020 504 2288 561 involutus
2308 504 2391 562 est
2413 517 2523 560 tum
2552 508 2683 561 vitio
2720 507 2985 574 codicum,
3016 517 3126 561 tum
3157 504 3336 562 siecIili

106 580 204 645 sui,
230 574 494 646 undecimi
526 574 789 646 sciliceta
820 574 1045 646 Christo
1084 587 1230 639 nato,
1275 592 1381 644 quo
1429 577 1674 630 ﬂoruisse
1715 577 1967 630 Ruﬁnum
2004 585 2213 630 certum
2245 587 2329 631 est
2356 592 2423 631 ex
2447 576 2562 643 ejus
2595 578 2818 645 epistola
2851 579 3242 646 nuncupatoria
3271 578 3341 629 ad

105 643 308 705 Petrum
343 645 615 708 abbatem,
641 645 750 716 Aqui
796 645 862 699 ad
908 643 1246 716 Cassinensis
1289 643 1600 701 monasterii
1650 646 2025 715 praefecturam
2069 661 2214 700 anno
2238 647 2376 701 1056
2415 643 2754 716 assumptus,
2779 643 3341 702 eamdem'Frederico

104 733 218 772 mox
244 728 383 768 anno
409 714 652 789 sequenti
687 716 869 789 cessit,
898 724 1037 789 teste
1056 715 1235 789 Leone
1262 716 1495 773 Ostiensi
1536 714 1693 789 libtn
1723 716 1967 771 Chronici
1991 716 2310 789 Casinensis,
2341 731 2460 789 cap.
2483 717 2553 771 92
2581 714 2635 789 et
2665 733 2816 789 seqq.
2841 716 3007 789 Cujus
3039 733 3175 789 ver_o_
3195 716 3341 789 sedis

100 789 370 858 episcopus
411 782 498 837 hic
527 783 749 858 Rufinus
775 784 956 850 fuerit,
990 787 1077 840 diu
1106 787 1457 858 multumque,
1480 788 1583 858 _sed
1627 786 2118 858 frust_ra,gq_u:esivi,
2158 785 2302 858 nullo
2339 782 2455 856 ejus
2496 782 3016 858 nominis—(Episcopo
3047 789 3098 842 in
3128 784 3338 858 Ughelli

101 852 253 927 Italia
278 852 465 927 ἕπει-α
514 852 706 927 alibive
735 864 1075 920 occurrente,
1105 858 1197 927 qui
1227 852 1441 926 quidem
1480 855 1651 927 Petro
1685 856 1864 927 abbati
1892 852 2203 927 Casinenssi
2234 852 2588 927 coaevusesse
2618 852 2878 927 potuerit.
2906 852 3339 927 Opusculur'nuex

98 926 274 979 codice
296 921 687 997 _'I_‘egernse’ens_i
711 933 1073 997 trecentorum
1101 921 1367 997 annorum
1397 926 1682 997 exscripsit
1705 926 1787 997 vir
1810 925 2229 981 humanissimus
2252 925 2407 997 A.7R.
2432 924 2497 979 1).
2522 925 2582 979 P.
2610 921 2981 997 Bonaventura
3007 925 3336 997 Perghoﬂ‘er.

98 1004 267 1049 asceta
296 991 733 1060 Tegernseensis,
762 994 914 1064 cujus
935 996 1305 1066 apographum
1333 996 1528 1051 deimle
1556 991 1679 1051 cum
1707 995 1814 1051 alio
1881 997 2119 1066 nopiam,
2143 996 2344 1051 recenti
2374 1010 2534 1050 manu
2562 996 2629 1050 ad
2654 996 2810 1050 [idem
2835 991 3341 1066 cujusdam'codicis

100 1060 504 1122 Bambei-gensis
536 1073 776 1122 exarato,
830 1080 1148 1122 mecumque
1174 1067 1243 1119 ab
1285 1066 1655 1122 eruditissimo
1688 1065 1803 1120 viro
1842 1012 1934 1122 Ὶο.
1985 1065 2264 1120 Friderico
2314 1065 2625 1122 Schanuato
2673 1067 2877 1122 pridem
2918 1068 3338 1122 communicato.

1883 1082 1934 1120 0.

100 1060 504 1131 Bambei-gensis
536 1073 776 1135 exarata,
806 1060 1154 1135 jnecu'mt'we'
1174 1067 1243 1119 ab
1285 1066 1655 1122 eruditissimo
1688 1065 1803 1120 viro

96 1150 124 1188 a
159 1148 264 1203 quo
296 1139 476 1186 tamen
509 1133 775 1202 posterior
804 1133 1013 1190 libellus
1041 1133 1247 1200 aberat,
1271 1135 1493 1191 contuli.

1985 1065 2264 1120 Friderico
2314 1065 2625 1122 Schanuato
2672 1067 2877 1135 pridem
2902 1065 3338 1132 communicato,

104 1322 3320 1350 ————-——-—-—————————————-—————————-——-——-—-————————————————-c

1193 1467 1603 1580 LIBER
1685 1467 2262 1584 PRIMUS.
2356 1572 2360 1582 λ

553 1886 797 1943 INCIPIT
839 1887 1189 1944 EPISTOLA.
1256 1917 1265 1927 -

68 2004 79 2012 ·
118 1984 193 2040 Ad
239 1980 581 2037 venerabilem
617 1980 979 2037 Cassinensem
1013 1980 1249 2034 abbatem
1287 1980 1343 2032 in
1373 1979 1622 2048 opusculo

297 2052 376 2105 De
403 2050 535 2105 bono
559 2052 701 2120 pacis
728 2069 761 2105 a
794 2053 1041 2121 magistro
1069 2048 1262 2118 Ruﬁno
1291 2049 1450 2104 edito.

147 2144 506 2203 Sanctissimo
536 2142 715 2207 Patri,
746 2152 802 2198 et
843 2142 1062 2198 domino
1106 2156 1170 2197 ac
1198 2140 1532 2196 benefactori
1566 2156 1663 2195 suo

82 2236 412 2308 permaximo
437 2233 639 2299 PETRO,
682 2234 776 2289 Dei
803 2236 972 2305 gratia
1018 2231 1312 2288 venerabili
1344 2232 1654 2288 Cassinensi

82 2328 279 2395 abbati,
311 2327 575 2393 RUFINUS,
610 2335 718 2381 tam
758 2326 979 2381 humilis
1020 2340 1182 2395 quam
1224 2325 1429 2380 inutilis
1456 2325 1664 2394 episco-

80 2437 177 2492 pus
210 2430 268 2477 et
312 2420 584 2491 indignus,
633 2418 1041 2489 tranquillitatis
1085 2426 1282 2487 optatae
1329 2416 1492 2473 ferias
1529 2432 1658 2487 pro-

78 2515 295 2570 mereri.
655 2528 661 2537 ’

142 2605 282 2661 Cum
329 2614 453 2660 ante
486 2618 687 2674 paucos
730 2602 830 2658 bos
870 2601 984 2658 dies
1010 2609 1227 2673 propter
1252 2601 1539 2671 quamdam
1570 2615 1662 2655 oc-

74 2696 421 2765 cupationem
445 2692 757 2748 domestica:
788 2691 1093 2755 necessitati
1120 2692 1415 2756 consciam,
1451 2694 1676 2745 comam

77 2787 239 2843 altius
270 2785 627 2851 distulissem,
658 2785 798 2839 intra
831 2783 1013 2855 nigras
1061 2784 1275 2839 tandem
1310 2782 1484 2838 noctis
1516 2790 1664 2838 tene-

79 2878 208 2932 bras
240 2873 687 2930 recumbentibus
714 2888 926 2929 mecum
956 2873 1224 2943 aliquibus
1259 2872 1539 2939 fratribus,
1569 2888 1663 2928 ve-

78 2979 199 3024 stra:
240 2964 594 3021 beatitudinis
630 2962 857 3032 epistola
890 2964 1224 3034 supervenit,
1254 2978 1374 3033 qua:
1404 2963 1503 3034 ipsi
1544 2963 1663 3035 qui-

80 3063 193 3116 dem
246 3071 454 3112 mensa:
512 3055 617 3111 lani
660 3054 883 3119 luminis
925 3054 1266 3126 splendorem
1312 3054 1524 3120 attulit;
1566 3056 1661 3111 sed

80 3148 280 3218 paratis
317 3146 434 3216 jam
484 3143 860 3216 pulmentariis
912 3143 1139 3199 acrioris
1182 3145 1395 3213 saporis
1443 3130 1663 3200 miscuit

78 3240 505 3295 condimentum.
529 3235 815 3292 Eminebat
844 3236 987 3291 enim
1014 3234 1088 3290 ibi
1118 3235 1442 3306 dignationis
1463 3246 1659 3291 vestra:

79 3331 262 3400 petitio
293 3329 523 3399 exigens
565 3344 726 3397 quam
757 3328 1035 3394 ardenter,
1063 3337 1124 3382 ut
1152 3343 1216 3384 ea
1252 3343 1373 3399 quae
1411 3328 1489 3383 De
1515 3329 1659 3385 bono

79 3419 220 3487 pacis
280 3419 352 3474 ad
414 3419 730 3473 instantiam
791 3419 1120 3475 venerabilis
1169 3418 1364 3475 Sorani
1421 3420 1659 3489 episcopi

78 3511 305 3580 sparsim
336 3511 608 3583 vulgoque
637 3519 1028 3576 tractaveram,
1068 3511 1221 3568 vobis
1266 3513 1320 3567 in
1348 3512 1509 3567 unius
1534 3511 1659 3566 libri

77 3602 463 3672 corpusculum
515 3601 832 3659 doctrinalis
883 3610 1248 3670 coarctarem;
1304 3610 1571 3671 quatenus
1626 3616 1659 3657 a

78 3693 506 3749 discordantium
554 3708 843 3749 causarum
897 3692 1252 3760 tumultibus,
1310 3693 1503 3763 quibus
1550 3702 1660 3749 tam

78 3786 295 3857 provida
333 3800 501 3855 quam
544 3784 631 3854 pia
673 3783 1041 3841 sollicitudine
1082 3799 1224 3855 salpe
1266 3785 1534 3839 interesse
1572 3798 1660 3839 co-

78 3874 283 3945 gimini,
314 3873 614 3943 aliquando
643 3873 996 3945 respirantes,
1036 3874 1207 3951 ipsum
1241 3874 1476 3929 libellum
1506 3874 1664 3930 Pacis

79 3966 359 4021 haberetis
391 3981 501 4036 pra:
522 3965 714 4032 oculis,
745 3965 836 4035 qui
864 3967 930 4021 de
961 3966 1198 4037 pectoris
1228 3968 1392 4022 vestri
1422 3967 1663 4021 sacrario

77 4059 255 4113 omnia
285 4059 539 4129 priorum
572 4058 813 4112 rixarum
835 4058 1066 4130 vestigia
1096 4058 1269 4114 lectus
1290 4065 1588 4121 everreret,
1611 4067 1665 4111 et

83 4149 268 4204 intima
314 4160 518 4205 vestra:
563 4151 763 4206 mentis
810 4151 1148 4220 praecordia,
1195 4151 1341 4207 velut
1385 4150 1663 4220 cujusdam

80 4242 216 4312 prati
247 4241 502 4305 viriditas
536 4240 804 4311 perlectus
832 4242 1117 4297 animaret.

145 4331 280 4399 Quae
336 4331 598 4385 nimirum
660 4332 950 4400 praeceptio
991 4345 1098 4385 non
1151 4328 1479 4384 indiﬂicilem
1535 4326 1666 4381 mihi

81 4425 389 4482 molestiam
419 4424 789 4495 perplexitatis
816 4424 1017 4495 injecit,
1047 4423 1252 4478 timenti
1276 4437 1344 4477 ne
1369 4430 1462 4475 aut
1487 4420 1669 4474 inobe-

84 4518 297 4573 dientiae
349 4530 478 4571 reus
525 4531 723 4585 essem,
756 4517 800 4572 si
851 4516 989 4571 tanti
1028 4514 1208 4570 Patris
1233 4513 1382 4583 jussa
1426 4522 1666 4568 eontem-

87 4626 298 4676 ner-em,
346 4617 443 4664 aut
484 4609 806 4664 temeritatis
850 4619 978 4666 nota
1020 4624 1332 4679 perurerer,
1371 4607 1417 4663 si
1456 4606 1524 4661 ad
1555 4620 1670 4660 rem

86 4701 313 4756 omnino
338 4700 477 4755 meis
500 4700 760 4770 imparem
789 4702 994 4757 viribus
1020 4701 1404 4765 accessissem;
1430 4709 1490 4754 ut
1525 4698 1673 4753 vide-

89 4794 215 4847 licet
264 4793 489 4864 pinguis
536 4793 697 4861 hujus
752 4795 979 4848 tarditas
1029 4794 1229 4864 ingenii
1276 4802 1329 4847 et
1375 4790 1673 4846 enormitas

88 4883 212 4937 labii
244 4898 357 4937 non
388 4882 554 4937 dolati
585 4884 898 4938 celebrioris
937 4885 1176 4938 materia:
1227 4883 1471 4936 volumen
1516 4884 1673 4934 cude-

90 4980 193 5037 ret,
220 4970 526 5026 caelandum
560 4970 811 5041 capitulis
840 4982 895 5025 et
932 4972 1102 5026 titulis
1134 4971 1540 5026 rubricandum.
1569 4967 1674 5021 Sed

93 5062 236 5117 inter
269 5063 407 5117 istas
428 5063 718 5117 dubietatis
740 5065 1017 5135 angustias
1047 5064 1236 5120 melius
1256 5064 1470 5118 demum
1505 5063 1676 5118 visum

94 5163 178 5208 est
207 5162 272 5209 ut
309 5154 751 5224 praesumptionis
785 5154 1027 5226 neglecta
1056 5155 1344 5220 calumnia,
1380 5154 1677 5225 injunctum

89 5246 222 5299 mihi
272 5260 422 5314 opus
450 5246 667 5317 aggredi
698 5261 803 5301 non
844 5262 1093 5314 vererer,
1134 5247 1314 5301 sciens
1360 5264 1445 5301 me
1476 5247 1680 5301 crimen

82 5338 513 5408 ingratitudinis
557 5340 931 5405 incursurum,
968 5339 1013 5395 si
1045 5355 1140 5409 per
1188 5340 1421 5410 aliquem
1468 5339 1682 5394 modum

85 5428 245 5483 vobis
292 5428 672 5498 inobsequens
700 5431 885 5485 ﬁerem
910 5470 926 5496 ,
974 5445 1005 5484 a
1044 5445 1153 5500 quo
1194 5438 1302 5484 tam
1350 5430 1541 5496 multa,
1575 5439 1684 5482 tam

95 5519 351 5587 grandia,
395 5528 504 5574 tam
537 5522 996 5592 opportunissima
1039 5522 1331 5591 impetrare
1368 5520 1480 5590 jam
1508 5521 1681 5576 merui

99 5609 295 5664 solatia
324 5610 567 5679 pietatis.

1688 1871 2101 1946 Aartiﬂcialem
2153 1892 2296 1947 hanc
2329 1893 2581 1964 paginam
2630 1898 2703 1950 De
2748 1895 2889 1947 bono
2917 1901 3238 1963 concordia),
3287 1911 3343 1953 et

1761 1980 1945 2049 operis
1990 1988 2047 2036 et
2089 1981 2349 2050 temporis
2397 1982 2671 2036 succincta
2722 1983 3019 2049 brevitate,
3055 1987 3339 2056 descripsi.

1763 2086 1925 2140 quam
1985 2086 2109 2125 mox
2161 2071 2584 2128 venerabilitatis
2630 2081 2821 2127 vestrae
2869 2075 3031 2129 statui
3094 2077 3343 2133 manibus

1763 2160 2089 2216 oll'erendam
2116 2203 2131 2229 ,
2183 2161 2479 2217 obsecrans
2520 2162 2891 2218 vehementius
2935 2174 2989 2218 et
3030 2178 3127 2233 per
3171 2166 3339 2222 Deum

1766 2251 1930 2305 totius
1974 2251 2232 2307 bonitatis
2254 2253 2568 2319 obtestans,
2598 2269 2665 2308 ne
2687 2254 3161 2323 compilamentum
3194 2257 3341 2311 istud

1763 2353 1890 2398 ante
1922 2343 2148 2413 vulgetis
2178 2344 2230 2399 in
2254 2345 2524 2415 publicum
2551 2361 2711 2416 quam
2747 2347 2877 2401 illud
2910 2348 3178 2418 sagaciter
3219 2364 3343 2418 per-

1762 2434 2017 2505 quiratis,
2042 2444 2100 2489 ut
2121 2435 2165 2489 si
2194 2436 2395 2506 aliquid
2425 2437 2479 2491 in
2506 2452 2572 2493 eo
2602 2438 2914 2508 castigabilc
2946 2439 3170 2507 reperiri
3206 2441 3343 2494 forte

1766 2525 2032 2596 potuerit,
2058 2526 2143 2581 vel
2168 2542 2263 2581 vos
2296 2528 2412 2597 ipse
2442 2528 2692 2583 clementi
2738 2530 3002 2585 charitate
3048 2530 3340 2602 corrigere,

1764 2617 1849 2673 vel
1882 2617 2011 2673 mihi
2040 2619 2315 2674 remittere
2344 2621 2636 2691 dignemini
2672 2621 3073 2690 corrigendum.

2304 2711 2532 2782 Explicit
2564 2712 2801 2783 epistola.

1868 2860 2001 2917 CAP.
2040 2861 2082 2916 I.
2107 2893 2176 2904 —
2199 2862 2279 2917 De
2308 2874 2636 2920 sacramento
2663 2865 2821 2937 hujus
2848 2866 3071 2920 nominis
3103 2866 3231 2920 Pax.

1836 2969 1912 3026 De
1939 2970 2084 3028 bono
2131 2973 2281 3043 pacis
2317 2973 2584 3045 integram
2631 2974 2938 3032 volentibus
2970 2977 3172 3032 habere
3211 2977 3347 3032 noti-

1766 3060 1918 3129 tiam,
1944 3061 2279 3117 ordinarium
2304 3071 2391 3118 est
2416 3073 2473 3117 ut
2498 3063 2674 3134 primo
2697 3065 2763 3119 de
2793 3064 2869 3121 rei
2900 3065 3139 3132 nomine,
3158 3076 3344 3136 postea

1765 3152 1833 3207 de
1877 3168 1937 3209 re
1977 3154 2215 3209 nominis
2260 3154 2505 3210 doctrina
2560 3167 2914 3228 proponatur.
2963 3156 3170 3215 Nomen
3215 3175 3346 3231 ergo

1759 3243 1920 3315 hujus
1962 3245 2087 3301 boni
2142 3245 2259 3300 Pax
2310 3246 2546 3313 dicitur,
2591 3248 2736 3319 quod
2786 3250 2972 3320 utique
3019 3250 3343 3306 vocabulum

1759 3346 1978 3393 aeterna:
2006 3337 2288 3393 Trinitatis
2318 3339 2595 3409 egregium
2635 3341 2889 3411 exprimit
2914 3352 3341 3397 sacramentum.

1761 3425 1875 3483 Hoc
1899 3427 2044 3483 enim
2072 3443 2269 3483 nomen
2294 3428 2594 3484 declinatur
2616 3432 2856 3501 quidem,
2881 3432 2977 3487 sed
3010 3433 3062 3486 in
3106 3432 3334 3501 plurali-

1762 3526 2075 3595 tatemnon
2119 3517 2449 3589 deﬂectitur,
2482 3522 2770 3577 discretam
2802 3522 2949 3577 illam
2980 3522 3036 3577 in
3067 3522 3180 3578 Deo
3224 3525 3349 3579 sub-

1761 3609 2067 3682 imaginans
2108 3611 2394 3666 unitatem.
2452 3611 2511 3668 In
2564 3628 2670 3684 qua
2723 3612 2933 3668 scilicet
2990 3622 3044 3668 et
3089 3614 3348 3669 discretio

1759 3715 2113 3771 personarum
2144 3709 2229 3756 est
2250 3740 2266 3767 ,
2311 3709 2367 3755 et
2392 3702 2552 3757 unius
2581 3702 2930 3774 ejusdemque
2961 3712 3169 3757 natura:
3215 3703 3346 3756 sim-

1760 3792 1976 3863 plicitas
1999 3791 2340 3848 observatur.
2364 3791 2516 3848 Sieut
2541 3794 2703 3865 igitur
2735 3794 2837 3848 hoc
2867 3808 3061 3848 nomen
3097 3795 3147 3848 in
3174 3794 3347 3849 tribus

1762 3893 2043 3952 permanet
2066 3882 2263 3938 litteris
2292 3892 2347 3938 et
2373 3883 2476 3937 alia
2500 3883 2679 3939 littera
2715 3883 2881 3950 estP,
2913 3883 3019 3938 alia
3039 3885 3103 3947 A,
3144 3883 3250 3939 alia
3272 3883 3345 3949 Χ,

1763 3988 1883 4043 qua!
1928 3983 2055 4029 sunt
2096 3989 2200 4029 una
2234 3974 2398 4030 dictio
2430 3990 2534 4029 non
2582 3976 2817 4031 resoluta
2856 3977 2909 4032 in
2954 3976 3211 4048 pluralem
3246 3993 3346 4031 nu-

1763 4078 1972 4117 merum
2012 4065 2142 4133 (non
2176 4065 2320 4119 enim
2368 4080 2529 4134 paces
2556 4066 2829 4134 dicimus),
2863 4046 3039 4121 siciet
3071 4066 3244 4121 deitas
3292 4046 3351 4119 in.

1767 4156 1940 4211 tribus
1980 4156 2228 4224 personis
2257 4156 2533 4223 consistit,
2564 4168 2625 4211 ut
2653 4158 2724 4213 sit
2758 4157 2859 4210 alia
2888 4171 3119 4228 persona
3160 4154 3346 4223 Pater,

1767 4249 1871 4303 alia
1901 4249 2094 4315 Filius,
2127 4259 2184 4305 et
2221 4249 2326 4303 alia
2365 4249 2601 4319 Spiritus
2644 4258 2882 4305 sanctus.
2931 4249 3032 4316 Qui
3084 4258 3194 4304 tres
3240 4264 3346 4303 non

1767 4341 1949 4411 plures
1973 4343 2243 4406 essentia},
2268 4342 2362 4397 sed
2390 4358 2493 4395 una
2523 4342 2781 4407 essentia,
2806 4358 2945 4397 unus
2972 4343 3105 4416 deus
3129 4349 3273 4395 sunt.

1841 4432 1905 4497 P,
1934 4433 2060 4503 quia
2092 4433 2266 4503 prima
2300 4433 2478 4489 littera
2507 4444 2609 4497 est,
2641 4434 2856 4488 Patrem
2888 4432 3097 4498 innuit;
3124 4433 3188 4495 A,
3228 4447 3350 4502 qua:

1771 4524 1968 4589 media,
1993 4522 2224 4590 Filium;
2258 4522 2324 4586 X,
2350 4540 2472 4595 qua:
2495 4524 2547 4578 in
2580 4524 2784 4579 ultimis
2812 4524 3049 4595 ponitur,
3085 4524 3348 4594 Spiritum

1771 4623 2016 4670 sanctum
2060 4615 2440 4685 quamproprie
2489 4624 2863 4684 repraesentat.
2919 4616 3088 4671 Porro
3152 4614 3349 4686 duplici

1773 4705 1983 4760 ratione
2012 4704 2054 4759 P
2094 4704 2271 4760 Patris
2307 4720 2591 4776 personam
2624 4705 2881 4760 insinuat.
2908 4704 3089 4761 Prima
3137 4721 3199 4759 ea
3246 4715 3349 4766 est,

1774 4796 1920 4866 quod
1946 4796 2105 4865 hujus
2134 4812 2351 4861 nomen,
2384 4795 2590 4850 scilicet
2636 4806 2791 4867 pater
2823 4798 2890 4851 ab
2937 4811 2998 4850 ea
3047 4796 3226 4849 littera
3268 4796 3351 4849 in~

1777 4886 1927 4956 cipit.
1950 4887 2221 4951 Secunda,
2249 4887 2373 4957 quia
2396 4903 2519 4941 cum
2548 4887 2667 4942 duae
2691 4887 2885 4941 littera:
2913 4887 3042 4951 sint,
3066 4900 3185 4955 quae,
3214 4885 3354 4940 labia

1779 4992 2087 5048 compressa
2128 4978 2502 5048 discopulant,
2539 4979 2788 5034 videlicet
2828 4978 2868 5032 P
2906 4978 3057 5043 etB,
3094 4978 3220 5029 dum
3257 4977 3351 5029 im.

1781 5069 2017 5139 pressius
2053 5068 2115 5141 [Γ.
2151 5070 2537 5142 compressius]
2568 5075 2633 5125 ad
2682 5069 3016 5124 formandum
3059 5068 3100 5123 P
3128 5083 3289 5137 quam
3318 5067 3355 5122 Β

1782 5158 1924 5214 labia
1962 5159 2078 5229 ipsa
2109 5161 2471 5230 stringuntur,
2498 5159 2825 5228 expressiori
2865 5174 3000 5212 sono
3038 5174 3096 5213 se
3125 5160 3189 5213 ad
3220 5156 3358 5212 etin.

1784 5250 1988 5304 sionem
2019 5248 2260 5319 ejusdem
2310 5252 2457 5306 vocis
2484 5251 2752 5319 aperiunt.
2785 5249 2941 5305 Sicut
2984 5265 3113 5319 ergo
3157 5250 3209 5303 in
3255 5249 3359 5304 ista

1788 5338 1965 5391 littera
1995 5340 2168 5408 magis
2203 5341 2511 5409 panduntur
2537 5339 2700 5403 labia,
2742 5348 2800 5392 ut
2844 5354 2945 5393 vox
2982 5339 3099 5409 ipsa
3128 5338 3359 5392 formata

1788 5429 2096 5498 proferatur
2132 5432 2245 5486 :sic
2274 5431 2484 5495 omnia,
2525 5446 2643 5499 quae
2672 5432 2821 5500 prius
2852 5433 2903 5485 in
2942 5432 3141 5485 abditis
3167 5430 3361 5489 divinae

1791 5522 2156 5590 dispositionis
2197 5522 2351 5591 quasi
2401 5537 2563 5576 sonus
2600 5525 2781 5585 vocis,
2834 5524 2996 5577 corde
3032 5532 3361 5590 conceptus,

1794 5612 2084 5677 latuerant,
2127 5612 2348 5666 formari
2400 5624 2456 5667 ct
2498 5613 2641 5665 velut
2686 5613 2881 5682 aperiri
2931 5630 3028 5683 per
3072 5612 3360 5666 creationis

173 5702 389 5759 Vestris
437 5705 598 5776 igitur
646 5706 885 5779 imperiis
936 5707 1187 5779 primitus
1216 5706 1639 5779 -subsccundans
1678 5748 1694 5776 ,
1798 5703 2070 5773 opiﬁcium
2102 5702 2439 5759 inchoarunt.
2472 5703 2633 5775 Cujus
2663 5704 2951 5760 creationis
2982 5703 3360 5761 auctoritatem
3438 5750 3441 5757 .
