3902 6316
522 287 670 364 139's

1888 309 2115 368 RUFINI
2149 310 2450 367 EPISCOPI

3646 314 3751 369 1596

522 421 805 491 Scriptura
853 420 1002 477 Patri
1061 423 1239 493 potius
1276 426 1559 480 consuevit
1615 426 1889 481 ascribere
1915 466 1931 491 ,
1977 441 2099 481 cum
2130 427 2179 485 Β
2208 426 2380 494 pacis,
2418 435 2472 479 ut
2506 439 2664 479 nemo
2711 434 2821 478 tam
2851 423 3095 494 perditus
3127 432 3304 476 tamve
3333 421 3533 476 etl‘erus
3558 423 3625 477 sit
3654 431 3752 493 quin

518 514 589 569 ab
628 512 744 582 ipso
771 511 915 569 facta
956 515 1137 570 omnia
1164 526 1572 571 commemorat.
1621 517 1773 572 Unde
1809 517 2099 587 Apostolus

515 606 584 659 ad
615 604 928 662 Corinthios
955 607 1032 661 ait
1063 624 1078 660 :
1107 627 1127 659 ε
1166 609 1316 664 Unus
1355 611 1497 664 Deus
1540 610 1723 675 Pater,
1754 627 1819 665 ex
1852 626 1960 681 quo
1984 627 2099 667 om-

514 695 628 749 nia.
668 714 687 746 ι

586 786 720 841 Item
746 786 796 841 A
819 788 1074 863 similiter
1099 805 1166 847 ex
1192 790 1388 860 duplici
1420 808 1583 867 causa
1615 791 1810 847 Filium
1845 793 2098 849 credatur

514 877 825 933 ostendere.
874 878 1137 947 Primum,
1170 884 1294 952 quia
1323 884 1527 955 vocalis
1568 896 1679 950 est,
1709 888 1760 942 id
1790 896 1875 941 est
1915 902 2013 956 per
2037 902 2096 942 se

512 980 737 1033 sonans,
765 978 820 1023 et
859 968 1027 1025 Filius
1074 986 1172 1040 per
1208 987 1268 1027 se
1309 974 1456 1028 visus
1486 983 1540 1028 et
1578 977 1824 1044 cognitus
1864 987 1967 1031 cst.
1998 977 2098 1032 Se-

512 1058 714 1123 cundo,
746 1059 869 1129 quia
907 1060 1023 1115 hinc
1067 1060 1244 1116 littera
1283 1073 1405 1117 ante
1447 1065 1627 1119 omnia
1660 1065 1957 1121 litterarum
1987 1068 2096 1123 ele-

512 1156 693 1199 menta
727 1149 900 1216 prima
947 1158 1057 1215 est;
1090 1160 1144 1204 et
1191 1151 1358 1206 Filius
1388 1154 1782 1224 primogenitus
1812 1166 1939 1212 ante
1981 1173 2096 1213 om-

517 1250 639 1291 nem
672 1246 996 1293 creaturam.
1026 1240 1178 1296 SiClll
1198 1252 1376 1296 autem
1400 1253 1523 1299 ante
1546 1260 1759 1300 omnem
1787 1257 2093 1303 creaturam

511 1336 615 1393 est,
646 1328 717 1381 ita
750 1338 804 1384 et
832 1340 953 1399 post
980 1347 1194 1387 omnem
1226 1343 1553 1389 creaturam.
1596 1337 1693 1391 Est
1723 1340 1865 1393 enim
1890 1348 1936 1407 Α
1962 1350 2017 1395 et
2048 1350 2096 1395 Ω

508 1422 719 1489 primus
742 1433 798 1477 et
821 1426 1169 1491 novissimus,
1208 1429 1349 1482 unde
1376 1428 1777 1501 Primogenitus
1806 1444 1861 1488 et
1892 1433 2093 1506 Uuige-

508 1510 650 1565 nitus
679 1514 1025 1581 appellatuﬂ:
1062 1516 1482 1588 Primogenitus,
1533 1533 1659 1578 ante
1706 1541 1865 1595 quem
1914 1528 2093 1584 nullus

509 1605 752 1667 exstitit;
780 1606 1119 1678 Unigenitus,
1152 1623 1272 1679 post
1300 1629 1461 1682 quem
1494 1616 1673 1672 nullus
1696 1620 1820 1675 erit.

584 1691 652 1749 Ut
680 1706 859 1751 autem
893 1701 1174 1770 conceptio
1224 1702 1381 1771 hujus
1429 1708 1664 1762 nominis
1702 1710 1913 1780 impleta
1968 1729 2091 1784 per-

2202 519 2446 573 obtinere
2476 520 2576 573 hoc
2604 518 2802 572 bonum
2840 525 3061 587 appetat
3103 524 3159 570 et
3186 515 3418 585 gaudeat
3450 516 3515 571 de
3544 516 3754 573 obtentu.

2202 609 2315 664 Etsi
2349 609 2491 664 enim
2516 609 2779 679 plerique,
2811 609 2952 664 sicut
2977 609 3131 664 testis
3159 617 3245 662 est
3270 607 3489 671 Paulus,
3520 610 3631 663 sine
3654 612 3759 665 alie-

2198 700 2398 762 ctione,
2444 700 2561 754 sine
2598 700 2803 755 findere
2837 700 2967 763 sint,
3013 697 3219 752 nullum
3249 697 3494 753 volentes
3528 715 3643 753 cum
3663 703 3759 757 aliis

2198 791 2284 845 vel
2316 792 2672 847 humanitatis
2703 791 2951 846 affectum
2982 792 3066 847 vel
3115 792 3505 845 commercium
3548 793 3760 848 adunare

2200 883 2523 947 concordiae,
2563 882 2774 951 qualem
2822 881 3055 944 Cacum,
3088 880 3237 934 illum
3260 881 3693 945 semihominem,
3718 897 3761 938 et

2201 971 2477 1027 Timonem
2521 973 2904 1027 Atheniensem
2938 972 3105 1027 fuisse
3142 970 3418 1035 referunt,
3467 972 3643 1026 nullus
3698 984 3760 1026 ta-

2200 1079 2321 1119 men
2347 1074 2449 1127 est,
2482 1066 2571 1134 qui
2605 1066 2745 1134 apud
2792 1079 2848 1120 se
2881 1065 3054 1135 ipsum
3105 1064 3309 1118 habere
3341 1080 3530 1133 pacem
3574 1081 3669 1119 non
3694 1069 3759 1119 di-

2199 1154 2350 1223 ligat,
2386 1157 2511 1211 dum
2552 1157 2960 1212 concussionem
3006 1171 3180 1220 suam,
3224 1156 3677 1225 perturbationem
3717 1170 3761 1211 et

2198 1247 2624 1317 inquietudinem
2675 1248 3017 1304 convincitur
3054 1248 3372 1303 exhorrere.
3425 1246 3544 1313 Quo
3586 1249 3666 1311 lit,
3713 1260 3761 1303 ut

2195 1339 2357 1394 etiam
2406 1340 2497 1408 qui
2553 1339 2689 1394 bella
2737 1340 2958 1404 volunt,
3004 1353 3191 1409 pacem
3237 1339 3463 1407 cupiant
3510 1354 3604 1407 per
3644 1341 3759 1393 bella

2196 1434 2445 1487 mercari.
2482 1431 2613 1486 Nam
2667 1442 2723 1487 et
2780 1432 2852 1487 illi
2898 1432 2987 1501 qui
3018 1446 3236 1502 pacem,
3269 1431 3322 1484 in
3353 1446 3461 1499 qua
3492 1440 3636 1495 sunt,
3660 1448 3762 1500 per-

2198 1525 2399 1579 turbari
2443 1526 2781 1587 desiderant,
2828 1540 2934 1579 non
2980 1539 3166 1593 pacem
3207 1520 3466 1586 oderunt,
3521 1523 3616 1576 sed
3662 1537 3765 1577 eam

2194 1631 2292 1686 pro
2329 1630 2428 1669 suo
2457 1614 2665 1668 malunt
2700 1615 2901 1668 habere
2932 1612 3157 1667 arbitrio
3179 1619 3599 1668 commutatam.

2265 1702 2380 1759 Non
2432 1703 2602 1759 solum
2638 1719 2771 1758 vero
2812 1711 3076 1758 creaturae
3122 1701 3447 1766 rationales,
3481 1701 3580 1754 sed
3627 1702 3766 1755 etiam

505 1796 739 1851 maneat,
774 1790 924 1843 tertia
956 1765 1154 1857 littera,
1180 1765 1386 1850 scilicet
1410 1797 1481 1863 X,
1507 1798 1713 1856 duabus
1739 1765 2091 1873 piatcedernti-
2124 1765 2167 1824 Β
2194 1794 2420 1848 "monis
2461 1794 2704 1865 expertia
2753 1802 2810 1848 εί
2860 1808 3199 1863 (ιιιπουηίιιιθ
3251 1792 3583 1845 “murali”!
3634 1803 3763 1852 sum.

505 1875 608 1930 bus
637 1878 948 1933 adtaxatur.
983 1881 1113 1947 ρυω
1153 1899 1440 1952 personam
1489 1886 1724 1957 Spiritus
1775 1895 1948 1947 sancti
1996 1910 2094 1965 per

503 1970 778 2035 geminum
825 1971 1041 2024 modum
1073 1974 1407 2043 pra’ligurat,
1440 1977 1687 2033 videlicet
1715 1995 1813 2048 per
1839 1992 2091 2039 naturam

510 2056 657 2107 vocis
684 2066 738 2108 et
780 2058 1026 2113 ordinem
1063 2060 1454 2131 dispositionis.
1494 2066 1599 2121 Per
1638 2070 1786 2124 vocis
1818 2081 2089 2143 naturam,

503 2146 638 2222 quia.
659 2147 851 2217 duplex
897 2165 1205 2209 consonans
1238 2166 1319 2210 est
1339 2198 1355 2223 ,
1388 2158 1441 2211 in
1469 2174 1575 2229 quo
1606 2163 1801 2218 merito
1830 2162 2089 2234 Spiritum

502 2247 749 2293 sanctum
783 2241 985 2296 indicat
1027 2255 1247 2317 propter
1272 2248 1563 2319 duplicem,
1596 2268 1715 2323 qua:
1739 2254 1794 2309 in
1821 2272 1887 2312 eo
1926 2256 2089 2314 intel-

502 2325 706 2395 ligitur,
741 2336 1153 2388 consonantiam
1182 2338 1465 2397 cliaritatis
1503 2358 1517 2395 :
1546 2358 1745 2411 unam,
1778 2362 1877 2416 per
1921 2364 2087 2421 quam

500 2417 717 2473 Patrem
760 2422 928 2488 Filio;
981 2425 1239 2493 alteram,
1286 2446 1381 2499 per
1424 2447 1586 2502 quam
1620 2417 2094 2497 creaturam—con-

499 2508 671 2581 iungit
720 2512 985 2569 Creatori.
1044 2519 1137 2573 Est
1185 2522 1364 2589 enim,
1415 2535 1474 2579 ut
1523 2526 1711 2583 doctor
1756 2529 2091 2603 Augustinus

500 2602 871 2659 divinissimus
901 2608 1145 2674 tradidit,
1177 2621 1279 2676 est,
1309 2614 1561 2683 inquam,
1595 2616 1828 2687 Spiritus
1858 2602 2091 2679 Sanctus

502 2709 659 2747 amor
695 2704 983 2767 utrumque
1009 2702 1341 2774 conjungens
1381 2721 1587 2777 nosque
1630 2710 1962 2784 subjungens
1990 2728 2090 2781 per

499 2784 747 2839 ordinem
777 2788 1177 2858 dispositionis,
1222 2798 1493 2864 quomodo
1537 2801 1652 2854 haec
1701 2800 1884 2860 littera
1927 2806 2088 2862 tertia

498 2884 584 2928 est
608 2892 635 2928 a
666 2876 793 2941 line,
827 2880 928 2935 hoc
952 2892 1035 2937 est
1066 2888 1510 2954 antepenultima.
1544 2892 1674 2947 Duae
1698 2896 1841 2951 enim
1877 2906 2088 2955 tantum

499 2977 620 3034 post
664 2969 819 3023 istam
869 2971 921 3024 in
951 2975 1271 3032 abecedario
1310 2991 1611 3049 sequuntur
1639 2983 1678 3036 Υ
1715 2997 1770 3041 et
1794 2988 1859 3043 Ζ.
1884 2988 2088 3045 Harum

2193 1901 2381 1955 pacem
2430 1895 2688 1956 appetunt
2738 1894 2794 1941 et
2843 1887 2994 1956 pacis
3036 1894 3222 1939 amant
3266 1885 3484 1939 sinibus
3540 1883 3763 1940 infoveri.

2187 1977 2328 2041 Jmo,
2358 1979 2651 2034 secundum
2686 1994 2939 2049 magnum
2987 1978 3342 2048 Dionysium,
3378 1976 3518 2030 nihil
3556 1977 3763 2030 existen-

2195 2071 2326 2124 tium
2357 2070 2481 2133 erit,
2512 2070 2652 2140 quod
2682 2072 2748 2123 ab
2779 2069 3107 2139 omnipacis
3145 2070 3368 2139 penitus
3410 2069 3622 2121 unitate
3647 2070 3763 2122 deci-

2194 2161 2353 2216 derit.
2387 2161 2541 2228 Quod
2588 2161 2731 2215 enim
2759 2161 2980 2213 omnino
3019 2160 3343 2228 inquietum,
3377 2168 3435 2212 et
3476 2158 3692 2211 multum
3718 2172 3761 2211 et

2192 2255 2466 2312 illocatum
2502 2265 2623 2323 est,
2663 2270 2837 2324 neque
2867 2278 2935 2309 ων
2977 2263 3057 2308 est
3085 2268 3260 2322 neque
3296 2252 3352 2305 in
3401 2252 3752 2306 existentibus.

2192 2347 2289 2402 Cui
2328 2347 2613 2402 sententiae
2655 2345 2891 2402 concinit
2942 2346 3082 2414 quod
3128 2344 3453 2398 Latinorum
3494 2344 3761 2396 instructor

2191 2436 2387 2492 nobilis
2414 2437 2657 2506 scripsit.
2691 2435 2850 2491 Nullo
2876 2435 3033 2491 modo
3069 2443 3300 2497 naturae,
3331 2433 3528 2501 inquit,
3559 2442 3754 2492 essent.

2190 2527 2370 2584 sinon
2391 2526 2758 2599 qualicunque
2786 2542 2921 2597 pace
2952 2526 3333 2584 subsisterent.
3372 2524 3440 2580 Ut
3480 2534 3643 2577 autem
3674 2524 3769 2576 dn-

2190 2620 2381 2676 ctrinaa
2433 2620 2645 2689 cupidis
2688 2618 2917 2674 scientia
2970 2618 3101 2671 tanti
3145 2617 3273 2672 boni
3327 2616 3651 2670 familiarius
3695 2617 3771 2669 in-

2189 2712 2343 2781 ﬂuat,
2371 2714 2559 2767 rudem
2586 2711 2727 2767 hanc
2756 2722 2810 2765 et
2839 2710 3157 2782 indigestam
3189 2708 3344 2780 pacis
3376 2710 3664 2763 materiam
3690 2724 3771 2777 per

2188 2805 2432 2861 membra
2458 2803 2869 2872 distinguamus.

2263 2892 2554 2950 Sciendum
2601 2894 2787 2964 itaque
2835 2902 2957 2959 est,
3007 2892 3150 2962 quod
3196 2908 3342 2962 pax,
3384 2890 3539 2959 juxta
3592 2893 3773 2957 divina:

2189 2983 2489 3053 Scriptum
2534 2997 2832 3045 canonem,
2885 2984 2938 3037 iu
2988 2982 3199 3051 species
3240 2992 3461 3036 octenas
3502 2982 3761 3035 dividitur.

498 3074 632 3127 ergo
674 3061 834 3115 trium
874 3063 1175 3122 litterarum
1212 3053 1270 3124 x'
1302 3072 1475 3141 prima
1519 3086 1635 3144 est,
1672 3093 1769 3147 per
1807 3082 1949 3151 quod
1996 3083 2088 3140 illa
2117 3110 2160 3170 α
2192 3073 2291 3130 Est
2335 3075 2481 3130 enim
2511 3090 2619 3145 pax
2661 3073 2755 3129 Dei
2800 3074 2868 3128 ad
2899 3087 2987 3138 se.
3015 3089 3119 3170 pax
3152 3072 3247 3126 Dei
3285 3071 3663 3170 a_d_honjincS.
3688 3088 3770 3139 ius

501 3154 745 3220 mysterii
786 3154 957 3210 forma
990 3162 1333 3230 .concipitur,
1382 3168 1527 3235 quod
1575 3183 1697 3223 cum
1733 3179 1841 3227 tres
1870 3174 1979 3229 sint
2008 3191 2097 3232 ra-

502 3241 847 3298 tiunabilium
894 3249 1179 3315 Spirituum
1228 3255 1470 3324 species,
1517 3257 1767 3315 videlicet
1802 3261 2096 3322 incircum-

505 3333 846 3401 scriptibilis,
890 3342 1437 3414 circumscriptibilis,
1486 3349 1580 3404 sed
1624 3366 1732 3405 non
1766 3353 2096 3413 circumclu-

506 3423 698 3489 sibilis,
726 3427 1248 3502 circumscriptibilis
1278 3437 1485 3505 pariter
1514 3448 1569 3495 et
1591 3442 2089 3505 circumclusibilis.

499 3515 576 3570 De
623 3517 708 3572 his
738 3520 911 3576 tribus
941 3522 1177 3593 Spiritus
1219 3536 1439 3584 sanctus
1478 3530 1683 3600 primus
1728 3541 1843 3601 est,
1884 3534 2093 3594 scilicet

500 3608 1081 3684 incircmnscriptibilis
1120 3621 1371 3689 spiritus;
1419 3623 1965 3696 circumscriptibilis,
1995 3630 2091 3686 sed

504 3720 611 3757 non
660 3706 1172 3777 circumclusibilis,
1220 3714 1441 3782 spiritus
1491 3715 1803 3787 angelicus;
1855 3719 2090 3776 circum-

500 3800 817 3867 scriptihilis
846 3802 1052 3872 pariter
1080 3812 1132 3859 et
1162 3804 1666 3873 circumclusibilis,
1700 3809 1991 3866 humanus.
2022 3812 2085 3878 Y,

498 3888 640 3955 quod
670 3888 737 3942 ab
781 3896 887 3945 uno
916 3893 1181 3961 plantario
1210 3895 1496 3966 incipiens,
1539 3898 1592 3952 in
1623 3899 1755 3954 duos
1781 3912 1967 3970 postea
1999 3918 2089 3957 ra-

503 3996 621 4036 mos
643 3982 950 4050 deducitur,
982 3986 1257 4057 angelicus
1289 3988 1512 4057 spiritus
1555 3998 1670 4058 est,
1701 3989 1875 4047 bonus
1902 3994 2088 4064 utique

498 4081 757 4139 creatus;
806 4075 897 4145 qui
940 4085 1128 4146 postea
1177 4078 1231 4133 in
1287 4080 1571 4136 aversione
1624 4085 1980 4153 quorumdam
2030 4096 2087 4143 et

496 4162 728 4217 aliorum
775 4166 1129 4222 conversione
1159 4169 1361 4224 divisus
1396 4171 1665 4240 apparuit.
1709 4172 1782 4241 Ζ,
1813 4176 1958 4244 quod
1986 4176 2087 4233 ob-

496 4253 705 4310 ﬂexiori
733 4257 1052 4313 charactere
1075 4262 1350 4322 scribitur,
1378 4263 1630 4333 spiritum
1653 4274 1803 4321 notat
1823 4258 2091 4335 hominis.)

496 4344 656 4415 quem
706 4364 828 4402 cum
882 4349 1053 4416 Deus,
1098 4352 1252 4421 juxta
1308 4353 1729 4425 Ecclesiastem,
1779 4359 2083 4430 simplicem

2199 3165 2513 3237 angelorum
2540 3163 2608 3220 ad
2636 3179 2715 3230 se,
2761 3179 2867 3234 pax
2913 3164 3227 3233 angelorum
3264 3162 3332 3216 ad
3362 3161 3615 3215 homines
3635 3203 3649 3223 ,
3681 3178 3769 3229 pax

2199 3258 2399 3316 diaboli
2424 3259 2491 3314 ad
2518 3274 2595 3324 se,
2619 3272 2723 3328 pax
2753 3257 2949 3312 diaboli
2979 3258 3046 3311 ad
3070 3257 3340 3319 homines,
3372 3268 3480 3325 pax
3506 3254 3766 3309 hominum

2196 3352 2266 3407 ad
2288 3367 2367 3420 se,
2398 3366 2505 3423 pax
2538 3350 2907 3407 hominum‘ad
2933 3349 3199 3429 homines.

2526 3507 2654 3563 CAP.
2681 3505 2768 3561 lll.
2795 3535 2867 3547 -
2896 3504 2974 3559 De
2993 3520 3119 3574 pace
3149 3502 3246 3558 Dei
3267 3502 3340 3556 ad
3368 3519 3446 3558 se.

2262 3619 2377 3675 Pax
2424 3618 2523 3680 Dei
2571 3617 2636 3673 ad
2692 3632 2751 3672 se
2794 3614 3086 3672 ineﬂ‘abilis
3130 3613 3380 3684 quaedam
3432 3621 3521 3668 est
3559 3612 3777 3666 unitatis

2194 3713 2507 3769 communio
2539 3711 2685 3766 inter
2714 3709 2931 3763 Patrem
2963 3718 3019 3763 et
3045 3708 3241 3762 Filium
3277 3716 3333 3762 et
3365 3707 3633 3776 Spiritum
3664 3720 3781 3758 san-

2193 3784 2337 3860 etum
2357 3842 2373 3869 ,
2402 3817 2564 3872 quam
2608 3816 2675 3855 ex
2706 3801 2791 3854 his
2822 3800 2995 3854 tribus
3022 3798 3294 3861 articulis,
3334 3798 3552 3852 scilicet
3597 3796 3782 3849 identi-

2182 3902 2304 3950 ‘tate
2331 3892 2567 3959 essendi,
2609 3891 2964 3946 unanimitate
2991 3889 3199 3945 volendi
3245 3898 3300 3943 et
3339 3889 3677 3942 auctoritate
3711 3888 3782 3940 in-

2191 3985 2395 4040 dividui
2437 3984 2655 4055 operis,
2708 3983 3095 4050 conjectamus.
3148 3980 3264 4034 Non
3329 3981 3482 4033 extim
3549 3980 3777 4033 essemia

2191 4074 2477 4142 differunt,
2528 4090 2628 4131 nec
2659 4074 2933 4129 voluntate
2980 4072 3341 4136 dissentiunt,
3374 4086 3479 4125 nec
3508 4087 3679 4140 opere
3708 4070 3780 4124 di-

2188 4175 2494 4222 versantur.
2534 4166 2669 4233 Haec.
2703 4181 2827 4237 pax,
2856 4165 2998 4220 sicut
3030 4164 3177 4218 omni
3216 4172 3465 4232 tempore
3501 4165 3659 4233 prior
3683 4171 3778 4227 est,

2172 4260 2271 4317 'sic
2301 4270 2356 4316 et
2381 4259 2528 4316 omni
2554 4274 2716 4314 sensu
2758 4257 3008 4328 superior
3040 4256 3335 4319 invenitur,
3365 4255 3434 4309 de
3459 4270 3567 4324 qua
3596 4254 3781 4309 Paulus

2190 4352 2258 4406 ad
2290 4351 2662 4421 Philippenses
2693 4350 2768 4403 ait
2808 4367 2822 4402 :
2859 4367 2877 4399 ι
2915 4348 2982 4401 Et
3026 4363 3133 4417 pax
3180 4346 3297 4409 Dei,
3324 4361 3451 4415 quae
3498 4358 3781 4415 exsuperat

496 4446 816 4508 rectumque
842 4442 1165 4509 condiderit,
1202 4443 1314 4513 ipse
1343 4447 1691 4515 postmodum
1722 4448 2083 4506 anfractuosis
2111 4450 2164 4509 D
2189 4456 2404 4497 omnem
2437 4456 2676 4502 sensum,
2702 4437 2971 4493 ευεῑοάίίὶι
2994 4437 3153 4490 corda
3197 4447 3375 4489 "es"?
3406 4446 3465 4490 ει
3489 4436 3781 4500 inmugit"-

496 4535 554 4581 et
582 4526 810 4585 inlinitis
843 4531 1074 4586 tentavit
1098 4546 1158 4586 se
1180 4534 1567 4601 quaestionibus
1594 4537 1923 4593 immiscere.

913 4684 1038 4741 Car.
1066 4686 1132 4741 Il.
1152 4717 1223 4727 —
1249 4687 1325 4741 De
1356 4704 1410 4742 re
1431 4692 1675 4746 nominis.

573 4799 647 4854 De
694 4800 773 4854 rei
825 4801 1047 4855 nomine
1088 4800 1238 4856 brevi
1288 4804 1724 4861 consideratione
1771 4810 2081 4878 praeposita,

494 4890 604 4959 jam
645 4892 710 4947 de
736 4909 792 4947 re
820 4894 1053 4948 nominis
1079 4903 1339 4950 tractatus
1369 4897 1713 4968 adjungatur,
1747 4915 1813 4955 eo
1837 4901 2086 4956 videlicet

500 4983 810 5049 distensior,
844 5001 952 5055 quo
994 5002 1082 5042 res
1124 4987 1376 5056 quaelibet
1416 4991 1558 5042 onmi
1594 5005 1692 5044 suo
1734 4992 1950 5046 nomine
1991 5008 2085 5061 pe-

506 5076 733 5129 rennior
778 5078 1029 5132 habetur.
1062 5077 1177 5133 Pax
1218 5078 1382 5150 igitur
1411 5080 1817 5149 generalissime
1858 5083 2085 5138 demon-

500 5175 695 5234 strata,
734 5168 810 5221 rei
842 5169 1107 5223 naturalis
1137 5179 1222 5225 est
1260 5170 1653 5241 qualiscunque
1697 5174 2081 5243 tranquillitas,

500 5262 614 5314 sive
644 5276 872 5316 concors
900 5263 1200 5331 aliquorum
1227 5264 1367 5318 inter
1385 5278 1443 5318 se
1473 5280 1696 5320 numero
1721 5265 2084 5322 differentium

501 5353 783 5407 habitudo.
830 5354 897 5408 Et
937 5356 1145 5424 primus
1187 5357 1401 5425 quidem
1442 5359 1703 5414 terminus
1731 5373 1917 5428 pacem
1947 5359 2085 5413 adli-

501 5445 674 5498 miaat
714 5445 939 5513 singulis
980 5447 1257 5511 omnium;
1304 5449 1572 5504 secundus
1616 5465 1744 5504 vero
1789 5465 1908 5504 eam
1960 5450 2085 5504 licet

502 5548 610 5589 non
643 5535 899 5605 singulis,
935 5537 1260 5592 multitudini
1293 5548 1469 5593 tamen
1508 5538 1739 5609 plurium
1777 5552 1832 5595 et
1869 5539 2083 5594 univer-

502 5624 651 5678 sitati
681 5628 973 5682 contribuit
998 5630 1351 5699 singulorum.

575 5715 724 5771 Adeo
755 5727 929 5773 autem
979 5736 1227 5787 magnum
1269 5722 1530 5792 dulccquc
1569 5731 1650 5778 est
1684 5724 1855 5793 ipsum
1886 5722 2081 5779 bonum

2189 4534 2293 4587 tias
2319 4542 2551 4588 vestras.
2583 4552 2600 4584 ι

2257 4624 2368 4679 Pax
2415 4628 2529 4679 hme
2559 4623 2783 4694 pelagus
2826 4621 3024 4691 quietis
3067 4628 3182 4682 cst,
3214 4621 3451 4689 abyssus
3491 4618 3785 4688 tranquilli-

2184 4700 2317 4771 tatis
2361 4726 2418 4770 et
2456 4714 2578 4770 fons
2606 4714 2784 4770 omnis
2828 4710 3169 4775 concordire,
3214 4709 3492 4764 creaturis
3531 4710 3786 4763 divinitus

2190 4806 2493 4876 impertitze.
2530 4805 2683 4861 Unde
2713 4812 2766 4857 et
2806 4801 3231 4873 prmnominatus
3259 4798 3585 4855 Grzecorum
3614 4800 3786 4868 phil"-

2187 4898 2414 4964 sophus,
2438 4898 2490 4950 in
2520 4894 2780 4966 praedicto
2803 4894 2963 4948 tertio
2990 4892 3147 4955 libro,
3171 4907 3294 4946 cum
3327 4892 3506 4960 ipsam
3540 4892 3786 4945 laudibus

2187 4989 2499 5059 anagogicis
2540 4987 2839 5051 favoraret,
2884 4985 3373 5054 archisynagogam
3421 4999 3609 5053 pacem
3654 4999 3789 5036 nult-

2186 5093 2386 5147 cupare
2412 5092 2532 5131 eam
2558 5075 2729 5130 voluit
2755 5092 2768 5127 :
2807 5094 2827 5126 ι
2864 5074 2981 5144 lpsa
3007 5075 3175 5138 enim,
3206 5074 3410 5144 inquit,
3432 5085 3516 5129 est
3541 5076 3785 5128 omnium

2188 5168 2472 5222 adunatrix
2503 5176 2558 5222 et
2604 5167 2842 5220 omnium
2880 5180 3177 5221 consensus
3221 5174 3275 5219 et
3305 5166 3786 5219 connaturalitatis

2187 5260 2419 5330 genitrix
2468 5268 2524 5314 et
2575 5258 2874 5329 operat‘rix.
2923 5277 2943 5310 ι
2989 5257 3225 5311 Proinde
3270 5266 3329 5312 et
3379 5259 3566 5313 omnia
3604 5258 3780 5327 ipsam

2188 5361 2462 5423 appetunt,
2496 5352 2800 5423 partibilem
2850 5366 3039 5406 eorum
3072 5350 3516 5418 multitudinem,
3555 5365 3780 5404 conver-

2186 5456 2386 5501 tentem
2438 5446 2492 5499 in
2541 5452 2711 5498 totam
2748 5443 3044 5507 unitatem,
3094 5450 3151 5496 et
3195 5441 3358 5498 civile
3408 5442 3781 5497 universitatis

2185 5537 2381 5593 bellum
2422 5536 2751 5591 adunantem
2798 5535 2851 5589 in
2894 5533 3267 5603 tequiformem
3313 5534 3775 5589 cohabitatiooem

2183 5630 2595 5701 participatione
2644 5628 2837 5682 divina:
2888 5628 3056 5698 pacis.
3088 5627 3154 5680 Et
3207 5626 3329 5681 ideo
3378 5625 3668 5682 Psalmista
3712 5631 3779 5679 ad

2190 5726 2328 5779 hanc
2384 5722 2675 5792 respiciens
2719 5736 2904 5789 pacem
2955 5720 3083 5775 dicit
3128 5737 3141 5772 :
3179 5739 3196 5771 ε
3232 5719 3453 5789 lnquire
3490 5734 3683 5790 pacem
3724 5729 3781 5773 et
