3834 6462
606 249 745 305 1599

1904 230 2172 292 -ιιυιτιΝι
2210 230 2513 287 EPISCOPI
3549 245 3617 297 mo

601 380 660 423 ut
684 370 825 425 sicut
849 383 951 440 ego
991 370 1043 423 in
1074 368 1330 422 mundum
1358 363 1556 422 missus
1599 380 1789 435 pacem
1819 361 2020 417 mundo
2048 360 2173 415 red-
2203 365 2248 420 A
2279 358 2499 412 nuimus
2548 355 2817 427 veraciter
2865 354 3139 427 appellari.
3193 352 3320 419 Quod
3365 352 3405 405 iu
3446 354 3566 420 psalmo
3594 369 3620 411 ει

601 461 735 525 didi,
765 460 837 514 ita
864 470 919 514 et
952 475 1049 514 vos
1100 475 1131 513 a
1163 474 1247 514 me
1276 458 1427 513 missi
1473 457 1585 523 eis,
1630 455 1826 526 quibus
1850 451 2180 523 evangeliza-

596 552 811 618 veritis,
862 552 1022 621 hujus
1070 552 1219 619 pacis
1258 550 1496 605 ministri
1546 549 1666 604 sitis
1717 548 1957 601 dicentes
1996 562 2011 598 :
2054 561 2073 594 ι
2119 543 2177 596 In

599 657 979 713 quamcunque
1004 644 1222 697 domum
1246 643 1538 707 intrabitis,
1562 656 1665 710 pax
1695 639 1820 694 huic
1845 637 2047 701 domui,
2070 654 2088 687 ι
2123 644 2180 689 ut

601 734 655 787 in
690 734 841 788 vobis
890 735 1122 789 mundus
1166 748 1294 789 vere
1343 732 1667 803 completum
1707 728 1993 797 intelligat,
2036 726 2178 795 quod

595 822 727 876 olim
760 837 856 892 per
876 838 1140 893 organum
1164 822 1538 895 propheticum
1564 819 1920 876 cantabatur:
1957 835 1975 868 ι
2004 816 2176 882 Quam

593 913 811 984 pulchri
838 928 1000 983 super
1027 923 1239 968 montes
1265 913 1431 982 pedes
1453 908 1937 979 evangelizantium
1961 906 2127 961 bona!
2153 924 2171 957 ι

597 1001 768 1072 Hujus
810 1003 961 1073 pacis
1009 1014 1230 1073 pactum
1275 1019 1400 1058 cum
1447 988 1556 1057 Deo
1598 1002 1826 1071 quisque
1879 997 2176 1052 reformare

596 1096 966 1166 cOgnoseitur,
1000 1110 1122 1150 cum
1170 1095 1552 1150 abrenuntiare
1601 1092 1814 1147 diabolo
1860 1100 1915 1144 et
1964 1090 2175 1159 pompis

593 1186 713 1256 ejus
744 1186 799 1240 in
830 1186 948 1256 ipso
976 1186 1347 1241 conversionis
1387 1200 1497 1240 sua:
1546 1183 1842 1253 primordio
1870 1181 2175 1249 pollicetur.

597 1276 675 1330 De
721 1276 875 1346 cujus
927 1279 1070 1347 pacti
1132 1278 1580 1347 praevaricatione
1626 1274 1870 1331 dolenter
1908 1273 2176 1344 Propheta

596 1367 781 1422 dicit:
837 1386 856 1419 ι
913 1367 1032 1423 Vidi
1086 1384 1196 1424 non
1235 1377 1516 1424 servantes
1572 1376 1791 1438 pactum
1840 1375 1896 1420 et
1941 1364 2180 1421 tabesce-

594 1457 739 1512 bam.
778 1476 799 1512 ι

591 1616 720 1670 Car.
755 1617 818 1673 γ.
842 1648 909 1657 -
932 1616 1206 1683 Quomodo
1240 1634 1346 1686 paa:
1377 1617 1470 1671 Dei
1496 1615 1565 1669 ad
1611 1616 1845 1669 homines
1874 1613 2175 1669 melioribus

972 1687 1035 1743 sit
1070 1687 1452 1742 conditionibus
1488 1687 1793 1756 reformata.

662 1820 896 1876 Pulchre
917 1837 1046 1875 vero
1068 1821 1382 1875 melioribus
1403 1820 1805 1875 conditionibus
1826 1818 1967 1872 hanc
1984 1830 2171 1885 pacem

590 1911 829 1967 diximus
858 1912 1230 1967 reformatam.
1264 1912 1389 1966 llaec
1416 1913 1561 1966 enim
1595 1926 1697 1980 pax
1726 1910 1922 1978 priore
1953 1908 2170 1961 univer-

590 2001 777 2064 salior,
812 2002 1021 2056 alliuior
1047 2012 1102 2056 et
1129 2002 1385 2056 aaternior
1412 2009 1513 2055 est.
1558 1998 1680 2054 Fuit
1724 1997 1990 2067 siquidem
2017 1996 2173 2049 istius

589 2092 743 2160 pacis
770 2092 823 2145 in
850 2091 1278 2161 praecedentibus
1325 2091 1573 2161 patribus
1613 2086 1949 2159 aliquantula
2003 2085 2174 2139 refor-

591 2186 783 2249 matio,
813 2194 872 2238 ut
897 2193 1023 2253 puta
1057 2184 1111 2237 in
1136 2183 1291 2250 Abel,
1322 2183 1388 2238 ad
1415 2198 1574 2253 quem
1605 2181 1864 2235 Dominus
1885 2187 1942 2234 et
1964 2178 2030 2232 ad
2054 2178 2173 2247 ejus

591 2289 815 2328 munera
848 2273 1042 2342 legitur
1072 2274 1398 2344 respexisse,
1422 2283 1477 2329 et
1503 2274 1561 2328 in
1576 2272 1762 2326 Enocb
1787 2279 1843 2325 et
1863 2270 1997 2333 Noe,
2029 2278 2176 2324 uter-

595 2380 702 2432 que
722 2365 1004 2435 quoniam,
1029 2365 1171 2417 sicut
1208 2364 1484 2430 scribitur,
1520 2378 1643 2419 cum
1674 2362 1901 2417 Domino
1928 2360 2173 2415 ambula-

589 2457 689 2513 vit.
749 2456 803 2511 In
869 2457 1144 2513 Abraham
1191 2471 1434 2526 quoque,
1479 2456 1547 2512 de
1599 2471 1708 2525 quo
1751 2454 1980 2518 dicitur,
2045 2451 2173 2521 quia

594 2568 616 2602 ι
649 2547 882 2605 credidit
904 2548 1177 2602 Abraham
1205 2547 1313 2601 Deo
1333 2556 1389 2601 et
1418 2554 1725 2615 reputatum
1751 2552 1833 2598 est
1860 2542 1911 2597 ei
1934 2539 2176 2610 adjusti-

589 2641 748 2702 tiam,
780 2646 834 2693 et
871 2636 1081 2692 amicus
1107 2635 1201 2690 Dei
1233 2634 1533 2706 appellatus
1575 2642 1679 2688 est.
1711 2650 1729 2684 ι
1782 2631 1839 2685 ln
1864 2631 1980 2700 ipso
2009 2629 2173 2683 etiam

588 2730 809 2802 p0pulo,
862 2731 952 2800 qui
1000 2729 1067 2784 de
1117 2727 1278 2796 hujus
1336 2730 1510 2799 patris
1566 2725 1760 2780 lumbis
1815 2721 2171 2794 progignitnr,

590 2834 752 2894 gente
780 2824 1032 2879 videlicet
1078 2822 1455 2889 Hebrmorum,
1504 2819 1665 2889 hujus
1700 2819 1852 2889 pacis
1882 2815 2175 2871 reviruisse

590 2917 831 2971 amicitia
867 2925 1095 2973 eatenus
1119 2916 1429 2981 videbatur,
1477 2923 1539 2969 ut
1564 2914 1683 2983 ipse
1722 2911 1986 2967 Dominus
2012 2920 2176 2976 gene-

590 3006 859 3063 rationem
901 3006 1047 3062 illam
1091 3007 1348 3078 populum
1401 3005 1506 3061 sibi
1561 3004 1889 3074 peculiarem
1943 2999 2165 3062 faceret,

2279 449 2573 519 Evangelio
2597 465 2719 504 eum
2756 449 2986 521 legimus
3011 448 3317 518 proﬁtentem
3344 460 3355 497 :
3383 463 3397 495 t
3425 443 3619 511 Sicutpmi-

2278 563 2427 602 mum
2451 556 2504 601 et
2538 547 2680 602 sicut
2707 546 2934 601 fratrem
2987 553 3217 601 nostrum
3250 543 3313 597 ita
3339 542 3620 611 complacitum.

2282 640 2347 693 Et
2372 657 2386 692 :
2417 659 2435 691 ‹
2470 639 2576 707 lte,
2620 639 2869 695 nuntiate
2897 637 3156 692 fratribus
3180 635 3316 700 meis,
3338 642 3381 686 ut
3406 640 3487 686 eant
3509 633 3541 682 in
3559 628 3624 682 (ἶιῖ

2280 729 2456 785 lwam.
2494 750 2512 782 υ

2352 823 2589 892 Denique
2633 838 2744 877 non
2797 820 3015 891 indigne
3058 833 3236 889 pacem
3281 817 3408 872 istam
3445 813 3620 867 elerum

2277 914 2459 983 priore
2510 914 2816 983 posuimus.
2867 912 3089 966 Pactum
3149 909 3281 964 enim
3320 907 3430 962 illius
3464 905 3627 975 pitius

2278 1005 2430 1072 prior
2460 1003 2690 1074 populus
2717 1003 3039 1058 conciliatus
3082 1001 3294 1056 Domino
3333 996 3542 1055 videbatur,
3564 998 3627 1061 qui

2278 1098 2487 1153 scilicet
2538 1112 2637 1166 per
2673 1094 3029 1166 patriarchas,
3057 1108 3153 1164 per
3188 1091 3357 1161 legem,
3396 1101 3463 1157 per
3485 1086 3630 1155 unum

2278 1203 2400 1243 cum
2425 1188 2505 1242 cis
2536 1187 2754 1251 inierat,
2787 1185 2962 1254 culpis
2998 1198 3182 1240 comta
3230 1177 3500 1241 merentibus,
3530 1176 3629 1227 inim

2281 1280 2484 1334 factum
2544 1288 2652 1343 est,
2694 1286 2751 1333 et
2803 1292 2908 1347 pax
2959 1290 3065 1345 qua
3116 1272 3215 1328 sibi
3258 1285 3340 1326 eos
3376 1266 3631 1338 palmulam

2277 1371 2637 1440 coniunxerat
2657 1370 2940 1435 dissoluta,
2964 1368 3129 1436 juxta
3147 1363 3279 1434 quod
3312 1376 3441 1414 unum
3461 1374 3502 1410 ex
3518 1358 3561 1409 eis
3575 1356 3631 1423 ιφ

2278 1480 2398 1519 tuus
2417 1470 2836 1532 conquerentem
2863 1480 2876 1514 :
2921 1480 2938 1511 ι
2973 1460 3189 1514 lrritum
3214 1455 3389 1509 factum
3408 1459 3627 1518 estpacta:

2276 1554 2506 1625 projecit
2534 1553 2801 1621 civitates,
2830 1568 2935 1607 non
2975 1546 3247 1618 reputavit
3280 1538 3628 1598 homines.iluau

2275 1647 2511 1702 Jeremia
2550 1665 2564 1700 :
2608 1665 2627 1697 ι
2666 1645 2768 1710 Ne,
2798 1644 2991 1715 inquit,
3023 1638 3309 1699 consoleris
3340 1650 3431 1699 eos,
3453 1628 3628 1702 quinam

2203 1726 2246 1784 Β
2276 1752 2461 1806 pacem
2490 1737 2682 1807 |meam
2732 1752 2760 1788 a
2814 1733 3011 1805 p0pulo
3064 1732 3190 1793 isto,
3233 1727 3301 1781 ait
3338 1724 3534 1778 Dominus
3558 1717 3623 1780 E5

2275 1839 2453 1882 autem
2487 1828 2636 1898 pacis
2667 1825 3020 1895 ftedus,quod
3045 1821 3307 1877 mediante
3328 1817 3493 1873 Christo
3506 1812 3616 1865 llam

2277 1918 2517 1973 Ecclesia
2565 1919 2777 1983 statuit,
2824 1913 3171 1984 sempiternis
3213 1907 3619 1975 manctlegibuseeit-

2275 2017 2503 2074 malum,
2550 2007 3004 2078 quemadmodum
3048 2004 3101 2057 in
3153 1998 3406 2056 Ezechiele
3431 1989 3624 2065 spopmelé:

2274 2117 2443 2157 cens:
2481 2119 2500 2153 ι
2532 2100 2701 2155 David
2751 2113 2943 2154 servus
2983 2111 3159 2159 meus,
3186 2094 3282 2147 hoc
3320 2082 3627 2153 combustum

2274 2192 2527 2262 princeps
2570 2206 2757 2247 eorum
2808 2190 2861 2243 in
2886 2195 3227 2258 perpetuum,
3252 2192 3302 2237 et
3319 2182 3416 2250 ejus
3437 2180 3624 2232 interimat

2275 2285 2590 2349 subaudias,
2637 2305 2655 2335 ι
2684 2285 2986 2355 percutiam
3036 2280 3146 2335 illis
3196 2279 3361 2334 fmdus
3396 2272 3625 2345 pacandi!
3692 2274 3693 2331 ί

2275 2377 2664 2448 sempiternum
2701 2377 2808 2432 erit
2826 2378 2925 2430 eis.
2964 2394 2983 2427 ι

2312 2529 2444 2586 Car.
2483 2529 2569 2585 Vl.
2598 2559 2667 2569 —
2700 2528 2784 2581 De.
2806 2526 3193 2603 guadam_alia
3239 2540 3357 2594 pace
3393 2513 3609 2572 interiit!”

2927 2597 3213 2650 hominem.
3692 2616 3693 2639 ι

2347 2733 2438 2787 Est
2462 2742 2516 2787 et
2546 2732 2647 2785 alia
2676 2734 2924 2795 qutedam
2955 2748 3059 2802 pax
3095 2729 3363 2786 secretior.
3394 2716 3609 2778 interiusad
3692 2730 3693 2739 ‘

2274 2827 2548 2882 hominem
2598 2825 2796 2879 divinae
2851 2823 3151 2894 Scriptura:
3210 2818 3475 2878 testimoniis
3499 2812 3608 2862 ἰηωίι

2273 2933 2396 2974 cum
2429 2916 2678 2972 videlicet
2711 2916 3010 2986 spiritualis
3043 2918 3132 2970 vir
3160 2916 3297 2971 bona
3325 2900 3612 2966 meritam

2279 3009 2622 3078 praemiorum
2652 3008 2871 3078 subjicit
2900 3006 3198 3076 majestati,
3250 3003 3481 3060 aastimans

589 3114 825 3168 eumque
844 3098 1017 3155 ﬁlium
1046 3074 1204 3155 suum
1229 3099 1647 3172 primogenitum
1683 3094 1978 3166 appellaret
2013 3091 2103 3161 jux

2201 3074 2243 3132 Ο
2279 3074 2437 3170 hujus
2464 3100 2723 3169 temporis
2748 3074 2896 3154 nullo
2923 3074 3088 3154 modo
3119 3097 3397 3167 condignas
3427 3082 3554 3145 essetti

591 3187 725 3244 illud
744 3188 956 3244 Exodi:
992 3206 1012 3240 ι
1044 3189 1212 3244 Filius
1253 3205 1406 3245 meus
1432 3187 1823 3259 primogenitus
1852 3183 2039 3239 lsrael.
2072 3202 2090 3235 ι

665 3280 772 3336 Sed
800 3288 951 3336 certe
1000 3280 1364 3351 particularis,
1417 3291 1474 3336 et
1502 3294 1609 3335 non
1637 3277 1961 3333 universalis
1990 3274 2171 3345 hujus-

590 3374 739 3429 modi
763 3388 871 3445 pax
901 3384 1041 3429 erat.
1070 3371 1187 3428 Non
1214 3374 1359 3429 enim
1392 3373 1553 3443 hujus
1595 3372 1747 3442 pacis
1791 3371 2020 3441 pignora
2052 3384 2172 3422 om-

590 3466 791 3532 nibus,
840 3466 936 3523 sed
991 3465 1102 3521 illis
1136 3475 1348 3522 tantum
1400 3465 1486 3521 vel
1534 3466 1642 3521 illis
1692 3462 1961 3537 patribus,
1992 3471 2047 3517 et
2083 3462 2175 3515 uni

496 3622 499 3623 ν
586 3565 802 3613 tantum
823 3556 1018 3628 populo
1037 3559 1451 3628 prazstabantur,
1466 3558 1648 3611 divino
1669 3571 1766 3625 per
1788 3556 1935 3610 hunc
1958 3555 2175 3610 modum

590 3648 811 3719 eloquio
834 3648 1217 3717 exprimente:
1251 3666 1271 3699 ι
1308 3646 1406 3702 Dic
1435 3647 1616 3702 domui
1645 3645 1831 3707 Israel,
1874 3645 1959 3700 dic
1996 3644 2176 3699 domui

593 3736 752 3793 Juda.
794 3755 813 3788 ι
868 3735 1021 3792 Tunc
1067 3738 1212 3793 enim
1261 3746 1423 3791 notus
1466 3746 1678 3791 tantum
1720 3736 1773 3789 in
1802 3735 1987 3790 Iudaea
2038 3734 2178 3788 Deus

590 3834 740 3893 erat,
772 3827 826 3881 in
856 3826 1022 3883 lsrael
1049 3829 1423 3881 tantummodo
1447 3842 1695 3897 maguum
1730 3842 1924 3883 nomen
1947 3825 2085 3894 ejus,
2125 3836 2180 3880 et

593 3919 669 3974 ibi
700 3920 752 3973 in
776 3934 907 3989 pace
933 3918 1116 3976 factus
1137 3927 1222 3980 est
1244 3918 1395 3975 locus
1421 3919 1539 3990 ejus
1561 3928 1619 3973 et
1650 3918 1704 3973 in
1731 3917 1861 3975 Sion
1916 3918 2180 3974 duntaxat

595 4008 870 4065 habitatio
888 4009 1027 4077 ejus.
1516 4058 1519 4063 .

670 4100 1061 4156 Reconciliatio
1089 4116 1219 4157 vero
1247 4101 1419 4171 pacis,
1441 4115 1607 4170 quam
1637 4099 1955 4157 mediatoris
1977 4099 2177 4156 Christi

594 4192 931 4262 dispensatio
956 4194 1293 4264 procuravit,
1324 4195 1577 4250 omnibus
1596 4194 1819 4249 omnino
1844 4194 2182 4263 promittitur

595 4282 915 4350 etoll‘ertur,
942 4285 1240 4340 secundum
1267 4288 1411 4355 quod
1438 4286 1527 4341 ille
1542 4286 1781 4355 loquitur
1806 4287 1860 4340 in
1874 4286 2176 4356 Propheta:

605 4390 626 4424 ι
660 4373 853 4429 Creavi
888 4374 1121 4431 fructum
1176 4375 1441 4432 labiorum
1489 4391 1699 4446 pacem,
1742 4391 1928 4448 pacem
1972 4377 2058 4431 bis
2084 4378 2175 4447 qui
2208 4397 2257 4458 ι)
2283 4384 2370 4430 ιω.
2403 4393 2422 4427 ο
2472 4375 2606 4431 Cum
2654 4376 2842 4431 decem
2873 4375 3114 4432 millibus
3167 4386 3292 4431 tunc
3337 4375 3431 4428 Deo
3462 4364 3547 4458 αιξίε
3568 4356 3655 4458 ώξίῖί

597 4465 777 4535 longe,
806 4476 863 4522 et
890 4482 1078 4537 pacem
1104 4468 1192 4523 his
1211 4469 1303 4538 qui
1332 4483 1519 4539 prope.
1556 4487 1575 4521 ι
1609 4469 1782 4535 Quam
1804 4469 1968 4523 etiam
1985 4469 2179 4524 divina:

596 4557 751 4629 pacis
800 4557 1207 4614 universitatem
1260 4569 1316 4615 et
1360 4559 1554 4615 Petrus
1588 4561 1818 4624 notavit,
1847 4576 1970 4616 cum
1994 4561 2176 4616 dixit:

604 4667 627 4702 ι
654 4649 710 4704 In
739 4649 972 4704 veritate
990 4652 1227 4720 comperi
1254 4652 1381 4722 quia
1408 4662 1620 4709 nonest
1645 4668 2003 4723 personarum
2023 4668 2179 4709 acce-

598 4751 726 4811 ptor
770 4741 937 4804 Deus,
964 4741 1062 4796 sed
1092 4741 1145 4796 iu
1173 4744 1321 4797 omni
1349 4756 1531 4813 gente,
1571 4746 1665 4816 qui
1717 4746 1870 4799 timet
1912 4746 2079 4801 Deum
2128 4754 2183 4801 et

598 4843 861 4902 operatur
901 4831 1192 4901 justitiam,
1238 4834 1329 4888 hic
1370 4845 1627 4905 acceptus
1670 4847 1756 4893 est
1812 4836 1908 4891 illi.
1944 4835 2181 4891 Verbum

603 4922 753 4977 misit
773 4921 898 4978 filiis
919 4921 1083 4977 Israel
1111 4924 1442 4979 annuntians
1472 4940 1659 4994 pacem
1687 4942 1785 4995 per
1811 4925 1994 4981 Jesum
2025 4924 2184 4982 Chri-

603 5022 768 5067 stum.
797 5010 894 5065 Hic
914 5021 997 5066 est
1025 5011 1285 5068 Dominus
1301 5014 1561 5068 omnium.
1593 5034 1611 5066 ι

673 5097 922 5154 Alﬁuiori
959 5115 1174 5171 quoque
1208 5104 1464 5157 amicitize
1487 5102 1706 5159 vinculo
1733 5104 1787 5158 in
1826 5104 1984 5175 hujus
2014 5106 2186 5161 refor-

606 5190 846 5246 matione
886 5192 1064 5261 pacis,
1105 5207 1227 5262 quae
1278 5210 1375 5264 per
1420 5194 1695 5250 Christqu
1732 5195 1875 5251 facta
1909 5206 2026 5263 est,
2076 5198 2187 5253 Deo

607 5280 923 5338 refmderari
946 5284 1192 5340 homines
1223 5298 1556 5342 meruerunt.
1603 5286 1738 5343 Nam
1780 5304 1903 5343 cum
1949 5292 2098 5360 prius
2132 5291 2185 5345 in

608 5376 933 5446 quibusdam
977 5375 1232 5434 Patribus
1285 5388 1494 5435 tantum
1544 5381 1705 5437 amici
1758 5381 1852 5437 Dei
1903 5381 2186 5449 fuerimus,

610 5482 759 5523 nunc
791 5483 889 5539 per
937 5472 1289 5529 mediatorem
1328 5472 1631 5541 Christum,
1681 5475 1775 5545 qui
1821 5489 2038 5530 carnem
2090 5491 2187 5529 no-

611 5571 783 5621 stram
808 5568 991 5623 deitati
1019 5583 1131 5623 sum
1170 5568 1328 5623 unire
1377 5566 1783 5637 dignatnsest,
1832 5583 1937 5621 non
1980 5577 2187 5622 tantum

616 5655 777 5712 amici
808 5656 922 5726 Dei,
956 5659 1049 5714 sed
1079 5658 1241 5714 etiam
1282 5656 1398 5726 ejus
1445 5659 1642 5715 fratres
1690 5669 1741 5714 ct
1785 5662 2013 5727 proximi
2047 5660 2185 5716 obti-

2277 3207 2394 3245 ram
2427 3190 2677 3262 gloriam,
2720 3208 2841 3261 qua:
2891 3190 3225 3246 revelabitur
3267 3190 3319 3244 in
3359 3183 3490 3241 nobis.
3515 3175 3636 3267 Data!

2277 3258 2642 3353 pacis‘forma,
2670 3258 2899 3359 ct—bello
2918 3285 3064 3355 quod
3088 3284 3229 3339 hanc
3255 3294 3419 3354 pacem
3443 3266 3586 3346 Pr”egit
3603 3258 3639 3307 ὣ

2277 3373 2533 3444 parabola
2561 3374 2773 3429 Domini
2804 3375 3093 3430 texebatur
3126 3393 3139 3430 :
3179 3393 3198 3427 ι
3230 3373 3353 3441 Quis
3380 3384 3452 3424 rex
3473 3364 3642 3419 ituram

2278 3466 2493 3519 mittere
2520 3464 2717 3520 bellum
2742 3466 3002 3522 adversus
3019 3465 3186 3521 alium
3212 3461 3408 3536 regem?
3432 3456 3551 3511 Νοηοε
3562 3446 3643 3499 εθσέ

2278 3557 2428 3627 prius
2477 3568 2776 3625 computat,
2808 3559 2850 3612 si
2890 3559 3063 3627 possit
3099 3574 3223 3615 cum
3272 3558 3431 3613 decem
3463 3541 3647 3629 militiast?

2278 3652 2499 3701 etirrete
2520 3646 2569 3700 ei
2595 3647 2826 3716 quicum
2851 3647 3041 3718 viginti
3069 3648 3303 3702 millibus
3326 3642 3450 3698 venit
3466 3636 3512 3691 ad
3526 3630 3645 3686 sella

2278 3740 2408 3808 (Ιυίη
2459 3737 2634 3793 adhuc
2676 3738 2767 3793 illo
2822 3740 2979 3810 longe
3019 3750 3220 3812 agente
3258 3736 3520 3811 legationem
3556 3722 3648 3777 sit!”

2281 3838 2434 3900 rugat
2463 3845 2548 3893 ea,
2577 3845 2697 3898 qua:
2734 3831 2883 3900 pacis
2904 3840 3053 3886 sunt.
3093 3852 3114 3885 ι

2353 3920 2464 3975 Rex
2516 3920 2779 3976 adversus
2833 3918 2996 3976 alium
3056 3937 3240 3992 regem
3290 3918 3459 3975 bellum
3478 3909 3647 3983 partu?”

2279 4010 2474 4080 aliquis
2507 4025 2568 4066 se
2591 4011 2910 4065 salvandum
2938 4012 3052 4067 suis
3089 4012 3297 4067 meritis
3326 3995 3649 4077 reputaLSedw‘

2280 4117 2386 4156 non
2417 4100 2714 4156 salvabitur
2742 4100 2865 4154 talis
2897 4116 2990 4155 rex
3022 4116 3123 4171 per
3152 4104 3365 4156 multam
3388 4090 3651 4171 virtutem

2286 4211 2305 4244 ι
2344 4193 2609 4248 universae
2633 4193 2777 4248 enim
2806 4166 3038 4265 justitire
3082 4202 3279 4249 nostra:
3324 4191 3370 4261 in
3402 4166 3653 4250 ωηερκωίι

2279 4286 2577 4339 secundum
2608 4285 2954 4354 Prophetam,
2983 4295 3113 4340 sunt
3145 4284 3294 4356 quasi
3324 4292 3493 4353 pannus
3509 4272 3657 4355 me“?

2281 4482 2407 4522 cum
2425 4481 2649 4537 operum
2672 4468 2863 4522 merita
2890 4467 3159 4538 superbus
3181 4466 3235 4536 ja
3250 4462 3377 4521 :tat?
3399 4458 3480 4515 Sed

2283 4572 2405 4612 cum
2450 4558 2724 4627 duplicato
2769 4573 2997 4614 numero
3044 4570 3237 4613 contra
3285 4569 3395 4611 eum
3423 4526 3660 4641 νειίίιν

2281 4652 2373 4705 vix
2412 4651 2465 4705 in
2496 4652 2610 4706 solo
2631 4660 2883 4721 paratum
2914 4667 3102 4722 opere,
3132 4652 3202 4707 de
3242 4661 3389 4719 opere
3422 4635 3537 4697 simul

2283 4753 2339 4798 et
2389 4745 2734 4814 cogitatione.
2802 4744 2936 4797 Dum
2982 4745 3165 4814 itaque
3205 4744 3369 4795 adhuc
3410 4748 3484 4804 per
3502 4724 3661 4782 dilatant5

2280 4835 2469 4906 judicii
2500 4834 2657 4907 longe
2693 4848 2817 4889 eum
2849 4835 3139 4897 credimus,
3173 4832 3457 4904 legationem
3480 4814 3657 4907 sibi?“

2287 4927 2587 4992 mittamus,
2616 4935 2868 4994 rogantes
2895 4941 2958 4979 ea
2988 4942 3108 4996 qua:
3132 4926 3281 4995 pacis
3308 4926 3435 4979 sunt,
3467 4906 3651 5001 ειάῇεπέ

2294 5037 2313 5071 ⁸
2358 5019 2436 5074 Ne
2464 5020 2634 5075 ini-res
2674 5019 2728 5073 in
2777 5017 3040 5088 indicium
3078 5034 3200 5073 cum
3237 5028 3385 5071 servo
3424 5018 3509 5065 ιυο,

2288 5112 2414 5181 quia
2446 5127 2549 5167 non
2581 5086 2968 5183 justiﬁcrabitur
2996 5112 3049 5166 in
3080 5116 3366 5179 conspectu
3409 5111 3481 5155 tuo
3511 5086 3614 5145 om”
3636 5086 3663 5117 ’θ

2288 5216 2439 5258 vens.
2470 5221 2488 5254 |

2558 5294 2689 5350 CAP.
2720 5293 2834 5349 VII.
2865 5323 2936 5333 -—
2961 5292 3038 5347 De
3061 5307 3188 5360 pace
3209 5285 3390 5344 diaboli
3406 5281 3463 5336 ad
3480 5291 3532 5331 se.

2365 5384 2714 5463 Simplicium
2746 5387 2961 5440 aurium
3009 5358 3268 5439 oti‘ensam
3324 5382 3540 5433 ωθωεηδι

2293 5446 2516 5531 diaboli“
2530 5476 2598 5531 ad
2636 5491 2696 5532 se
2724 5478 2927 5532 nullam
2962 5477 3218 5539 dicerem,
3249 5471 3344 5527 nisi
3377 5480 3472 5522 eam
3493 5446 3658 5539 non”:

2296 5569 2524 5623 Domino
2560 5570 2858 5623 invenirem
2887 5584 2903 5622 :
2939 5588 2958 5621 ι
2997 5567 3130 5623 Cum
3181 5564 3329 5620 fortis
3354 5526 3657 5653 armatnswff

2299 5659 2497 5715 atrium
2526 5675 2704 5735 suum,
2754 5659 2805 5715 in
2834 5675 2967 5731 pace
2991 5667 3116 5714 sunt
3138 5656 3330 5719 omnia,
3367 5661 3463 5719 qui
3498 5624 3636 5709 1³⁸⁵⁵⁸⁸⁸
