3834 6462
41 265 171 341 tam

1223 265 1310 322 DE
1348 265 1530 325 BONO
1569 265 1784 322 PACIS.
1823 298 1893 308 -—
1923 268 2051 326 LIB.
2087 271 2131 327 l.

3184 278 3208 334 i
3219 278 3326 335 602

42 381 167 433 élzee
196 393 306 450 pax
338 378 535 435 diaboli
582 378 727 434 aliud
776 378 911 434 nihil
952 387 1073 434 erat
1099 396 1264 450 quam
1310 399 1499 439 secura
1544 397 1635 452 ge-
1664 380 1803 440 Ade
1836 381 2101 448 lunatico,
2153 386 2279 454 quia
2332 401 2455 440 cum
2511 386 2733 442 vidisset
2771 388 3080 453 Dominum,
3137 394 3322 448 statim

46 472 189 525 ieris
218 471 442 524 humani
477 469 770 539 possessio,
804 484 969 539 quam
1020 472 1271 528 videlicet
1299 490 1484 544 pacem
1516 475 1629 528 dia-

42 564 164 616 iolo
189 578 296 617 non
312 564 540 635 propriae
556 564 772 619 virtutis
786 566 1050 632 potentia,
1068 567 1160 621 sed
1184 567 1411 635 ignavim
1433 578 1631 624 nostra:

41 656 313 710 ilOiidilﬂS
360 655 716 725 comparavit.
769 654 1013 711 Timidus
1062 666 1147 713 est
1173 660 1317 713 enim
1353 660 1626 725 diabolus;

42 746 147 812 lui,
207 746 254 798 si
300 745 351 799 ei
412 744 708 809 resistitur,
755 745 1014 801 continuo
1056 746 1291 818 fugatur,
1330 750 1627 806 secundum

41 842 184 906 juod
242 836 481 893 Jacobus
516 839 629 893 ait:
668 858 686 891 ι
717 838 978 897 Resistite
1005 842 1251 911 diabolo,
1298 853 1356 899 et
1382 844 1551 915 fugiet
1595 860 1627 900 a

42 930 214 983 tubis.
253 947 273 982 ι
1470 928 1474 932 ’

104 1021 218 1077 Sed
251 1028 543 1090 antequam
586 1036 681 1076 rex
727 1023 1024 1079 altissimus
1058 1022 1217 1081 Jesus
1245 1025 1495 1082 Christus
1532 1041 1629 1098 per

42 1110 498 1179 lispensationem
530 1113 716 1169 carnis
742 1115 954 1171 diabolo
981 1115 1181 1171 bellum
1208 1118 1494 1184 indiceret,
1532 1133 1629 1173 ue-

42 1217 124 1257 no
150 1202 244 1272 qui
272 1203 375 1258 sibi
403 1205 684 1259 resisteret
707 1207 1079 1277 comparebat.
1116 1207 1317 1264 Omnes
1369 1210 1516 1264 enim
1571 1208 1625 1263 in

42 1298 150 1362 ejus
183 1296 491 1351 clientelam
519 1296 944 1354 declinaverant.
970 1299 1088 1355 Non
1119 1311 1238 1356 erat
1300 1302 1392 1371 qui
1422 1301 1628 1358 faceret

42 1402 263 1453 )onum,
291 1403 396 1443 non
424 1397 545 1445 erat
588 1405 759 1460 usque
803 1392 869 1445 ad
919 1409 1109 1448 unum.
1142 1392 1267 1449 ldco
1292 1395 1346 1448 in
1390 1393 1624 1464 quadam

42 1482 189 1537 iacis
218 1481 513 1537 securitate
538 1482 641 1538 sibi
668 1498 731 1537 ea
756 1484 895 1539 facta
924 1494 1069 1553 sunt,
1095 1501 1215 1556 qua:
1229 1486 1353 1555 jure
1381 1496 1626 1557 coeperat

45 1573 327 1643 yrannico
356 1574 660 1643 possidere,
690 1576 862 1631 donec
893 1577 1127 1633 ferocior
1142 1593 1209 1634 eo
1238 1579 1625 1649 superveniens

44 1680 227 1720 iacem
278 1666 448 1736 ipsius
494 1678 798 1737 rumperet,
841 1678 895 1724 et
943 1680 1051 1723 tam
1078 1670 1275 1723 atrium
1315 1669 1431 1738 ejus
1458 1686 1621 1740 quam

1732 473 1957 542 spiritus
1979 477 2491 542 conturbaviteum,
2520 488 2575 532 ct
2603 478 2768 534 elisus
2806 480 2860 534 in
2898 489 3097 535 terram
3118 483 3325 538 voluta-

1732 564 1913 629 batur,
1940 576 1996 620 et
2022 567 2248 621 Domino
2287 566 2509 635 jubeute
2535 570 2881 635 exclamavit,
2916 580 2970 626 et
3012 574 3327 645 discerpens

1730 672 1851 710 eum
1877 660 2032 724 exiit,
2060 660 2185 729 quia
2207 674 2348 730 saepe
2377 662 2502 714 dum
2530 665 2769 716 converti
2799 666 2865 716 ad
2894 665 3180 720 Dominum
3200 677 3324 736 post

1730 759 2010 820 peccatum
2034 752 2301 814 volumus,
2318 752 2671 823 amplioribus
2697 769 2727 807 a
2755 755 2970 810 diabolo
2992 757 3328 813 cruciatibus

1731 843 1984 912 impugua
1994 859 2133 897 mur.

1742 988 1745 993 ,
1802 930 1951 986 Talis
1988 948 2086 1001 pax
2122 933 2321 988 diaboli
2363 934 2430 988 ad
2456 933 2728 989 hominem
2755 938 2969 1004 requies
2990 946 3074 992 est
3104 946 3159 992 et
3179 953 3325 993 som-

1730 1039 1835 1079 nus
1889 1024 2185 1091 Beliemot,
2235 1026 2325 1096 qui
2376 1045 2394 1078 ε
2447 1024 2548 1081 sub
2581 1026 2770 1080 umbra
2799 1027 3002 1083 dormit
3028 1031 3081 1085 in
3111 1040 3323 1087 secreto

1730 1117 1926 1171 calami
1966 1118 2021 1171 in
2052 1118 2183 1173 locis
2208 1117 2575 1173 humentibus.
2610 1139 2627 1172 ι
2682 1119 2724 1173 Α
2766 1135 2875 1189 quo
2915 1121 3099 1192 utique
3128 1140 3323 1194 sopore

1729 1224 1855 1265 eum
1885 1212 2128 1267 excitant
2160 1213 2297 1269 etad
2324 1228 2558 1284 pugnam
2585 1216 2903 1284 provocant,
2934 1216 3025 1285 qui
3058 1216 3318 1272 virtutum

1728 1305 1921 1359 studiis
1944 1304 2056 1369 jam
2088 1320 2330 1374 quaerere
2351 1306 2516 1360 Deum
2549 1315 2762 1375 parant.
2791 1307 2943 1362 Unde
2970 1307 3071 1362 Job
3099 1308 3166 1363 de
3187 1309 3322 1377 ipsis

1738 1412 1904 1465 agens
1929 1396 2089 1451 dicit:
2114 1418 2132 1449 ι
2163 1397 2483 1454 Maledicant
2511 1401 2585 1466 ei,
2613 1401 2704 1469 qui
2738 1400 3068 1455 maledicunt
3090 1400 3326 1472 diei,qui

1729 1490 1904 1545 parati
1934 1499 2059 1545 sunt
2088 1493 2352 1546 suscitare
2377 1491 2697 1547 Leviathan.
2728 1512 2746 1544 ι

1942 1644 2072 1701 Ctr.
2105 1646 2199 1701 IX.
2234 1676 2307 1687 -—
2336 1646 2411 1701 De
2438 1664 2566 1719 pace
2602 1649 2906 1719 angelorum
2933 1651 3002 1704 ad
3034 1667 3108 1705 se.

42 1760 262 1813 lomum
299 1732 554 1813 funditus
599 1732 878 1829 spoliaret.
945 1759 1159 1813 Atrium
1209 1732 1390 1813 autem
1439 1732 1629 1816 domus
1656 1732 1704 1794 Β
1805 1756 2102 1827 Proposita
2131 1757 2498 1813 distinctionis
2549 1759 2719 1814 series
2747 1759 2932 1829 exigit,
2967 1768 3028 1813 ut
3054 1767 3177 1829 post
3209 1757 3323 1823 illa,

42 1850 241 1905 liaboli
271 1850 381 1904 vita
429 1851 735 1905 carnalium
782 1858 897 1915 est;
949 1851 1141 1905 domus
1188 1849 1326 1918 ejus,
1357 1849 1626 1905 infernus.

41 1942 195 1997 Sicut
222 1942 364 1997 enim
393 1942 446 1997 in
477 1943 696 1997 domum
731 1942 963 1996 intratur
1000 1958 1098 2012 per
1126 1942 1348 2006 atrium,
1397 1943 1477 1997 sic
1530 1957 1629 2013 per

41 2035 318 2091 carnalem
358 2035 526 2089 vitam
554 2035 882 2106 pertingitur
902 2035 969 2089 ad
996 2033 1292 2089 internum.
1345 2033 1416 2089 Ut
1448 2036 1630 2105 itaque

42 2127 355 2199 prosperius
380 2127 602 2181 domum
637 2141 792 2181 suam
818 2125 1066 2181 diabolus
1090 2125 1363 2196 possideat
1386 2126 1440 2179 in
1487 2125 1628 2181 atrio

41 2236 91 2274 se
117 2218 399 2273 custodem
426 2218 589 2282 locat,
619 2218 745 2289 quia
776 2217 981 2272 idcirco
1005 2216 1284 2272 carnalem
1305 2216 1472 2271 vitam
1504 2231 1634 2286 sug-

41 2328 229 2382 gerere
255 2314 539 2378 nititur,ut
564 2311 930 2386 abundantius
956 2311 1021 2366 de
1041 2312 1380 2381 perditorum
1402 2326 1629 2367 numero

41 2404 281 2459 infernus
309 2404 602 2475 repleatur.
634 2403 805 2471 Quam
838 2404 1118 2459 dissimilis
1160 2417 1265 2474 pax
1296 2404 1399 2459 ista
1430 2402 1627 2459 diaboli

41 2497 109 2551 ab
131 2511 397 2565 ea,quam
430 2496 606 2565 primo
648 2494 953 2566 posuimus,
994 2509 1128 2565 pace
1181 2496 1305 2551 Dei!
1339 2494 1433 2550 illa
1482 2496 1627 2550 enim

42 2604 257 2645 summe
275 2590 433 2655 bona,
456 2589 573 2645 hzec
598 2604 812 2644 summe
858 2587 1133 2658 pessima;
1169 2587 1283 2655 illa,
1325 2589 1467 2644 sicut
1492 2603 1631 2659 pre-

42 2683 304 2748 diximus,
334 2680 448 2737 fons
474 2690 557 2736 est
578 2681 759 2736 omnis
788 2689 993 2736 sanctae
1016 2680 1339 2746 concordiae,
1355 2681 1471 2736 haec
1490 2695 1626 2737 vena

42 2774 222 2828 omnis
251 2772 532 2829 discordiae
553 2770 760 2828 homini
796 2770 1079 2826 nociturae.

204 2927 331 2982 CAP.
365 2926 498 2981 Vill.
520 2956 592 2966 --
620 2925 699 2980 De
724 2941 854 2996 pace
880 2924 1078 2978 diaboli
1102 2924 1171 2979 ad
1201 2924 1456 2997 homines.

111 3041 317 3096 Deinde
345 3040 540 3095 diaboli
567 3040 633 3094 ad
670 3040 917 3095 homines
945 3054 1053 3109 pax
1083 3047 1168 3093 est
1192 3036 1472 3091 diabolicae
1501 3051 1626 3106 pra-

42 3136 224 3189 vitatis
274 3143 327 3189 et
366 3134 619 3187 humanm
650 3132 961 3187 voluntatis
1015 3133 1269 3185 vitiorum
1318 3130 1623 3183 intercessu

42 3228 411 3283 concordatio.
440 3226 612 3294 Quam
644 3240 832 3296 pacem
864 3238 1046 3279 sermo
1074 3230 1225 3277 notat
1251 3220 1621 3291 propheticus,

42 3321 263 3390 loquens
297 3321 349 3373 in
376 3319 599 3374 vocibus
624 3317 953 3389 perﬁdorum
988 3332 1001 3369 :
1045 3333 1064 3367 ι
1102 3314 1495 3381 Percussimus,
1542 3313 1625 3367 in-

42 3414 255 3481 quiunt,
288 3411 463 3466 fuidus
491 3425 613 3465 cum
665 3419 859 3473 morte,
901 3426 920 3460 ι
958 3408 1060 3463 hoc
1108 3416 1213 3473 est,
1247 3404 1462 3460 diabolo
1497 3423 1515 3456 ι
1568 3412 1624 3459 et

41 3521 155 3559 cum
218 3503 430 3557 inferno
486 3502 718 3557 fecimus
771 3508 1011 3572 pactum,
1074 3506 1129 3553 et
1184 3498 1306 3553 ideo
1355 3496 1623 3568 ﬂagellum

42 3595 328 3658 inundans,
364 3610 487 3648 cum
518 3593 819 3659 transierit,
853 3607 962 3647 non
1008 3592 1191 3647 veniet
1239 3603 1406 3659 super
1440 3602 1557 3643 nos.
1598 3607 1617 3639 ›

41 3688 165 3741 Cum
199 3688 340 3741 enim
372 3686 573 3740 videris
601 3685 904 3754 quempiam
936 3683 1135 3739 diaboli
1168 3682 1422 3737 satellitio
1453 3680 1624 3737 fmde—

42 3789 237 3844 ratum,
269 3778 383 3849 ejus
415 3794 508 3848 per
536 3777 718 3834 omnia
750 3776 891 3831 votis
917 3775 1178 3840 alludere,
1209 3773 1437 3829 dilatare
1474 3773 1623 3828 vide-

42 3871 157 3927 licet
215 3871 449 3941 linguam
497 3871 551 3923 in
588 3862 889 3922 maledicta
928 3875 985 3920 et
1024 3864 1224 3933 turpia,
1250 3871 1307 3918 et
1344 3860 1624 3932 indulgere

42 3963 285 4028 quuriw,
325 3961 543 4015 adolere
568 3959 871 4027 libidinem,
903 3957 1255 4026 cupiditatem
1310 3954 1617 4019 incendere,

42 4056 374 4111 iraeumliam
427 4054 799 4118 inﬂammare,
836 4050 1080 4121 ,noveris
1130 4049 1293 4102 talem
1345 4047 1621 4103 hominem

42 4146 213 4201 [cadus
261 4146 528 4215 pepigisse
570 4160 699 4199 eum
738 4152 948 4206 morte,
998 4142 1050 4196 id
1096 4150 1177 4196 est
1219 4139 1453 4206 diabolo,
1505 4140 1619 4208 qui,

41 4239 291 4306 quoniam
341 4234 652 4304 hujusmodi
702 4234 755 4288 in
802 4233 950 4287 nullo
983 4231 1086 4287 sibi
1117 4230 1450 4285 contrarium
1495 4244 1623 4283 con-

41 4331 196 4398 spicit
225 4329 377 4401 quasi
406 4343 596 4398 pacem
628 4342 750 4383 cum
782 4339 848 4380 eo
886 4325 1046 4392 colit,
1097 4337 1197 4379 nec
1235 4323 1622 4379 tentatiouibas

1732 1864 1853 1921 quae
1874 1849 1941 1903 de
1967 1862 2101 1919 pace
2128 1847 2225 1903 Dei
2254 1846 2341 1902 vel
2384 1847 2587 1903 diaboli
2637 1848 2926 1918 dupliciter
2970 1849 3225 1913 diximus,
3255 1851 3324 1904 de

1731 1956 1869 2013 pace
1898 1940 2213 2011 angelorum
2245 1940 2312 1994 ad
2342 1955 2423 2005 se,
2449 1939 2552 1995 hoc
2572 1948 2676 2005 est,
2709 1940 2853 1994 inter
2883 1954 2963 2000 se.
2992 1939 3133 2009 quod
3159 1954 3324 2008 expe—

1731 2033 1831 2099 dit,
1858 2032 2210 2088 disseramus.
2235 2031 2368 2097 Pax,
2398 2047 2519 2101 qua:
2547 2032 2690 2086 inter
2726 2031 2946 2103 angelos
2984 2046 3107 2085 esse
3144 2031 3320 2086 credi-

1732 2134 1844 2189 tur,
1875 2134 1961 2181 est
1990 2139 2219 2180 concors
2246 2125 2299 2179 in
2334 2124 2427 2179 Dei
2472 2125 2901 2188 venerationem,
2933 2124 3321 2194 cognitionem,

1733 2219 2188 2288 dilectionemque
2217 2216 2553 2288 progressio,
2585 2225 2641 2272 et
2664 2217 2939 2287 gradualis
2970 2215 3214 2286 quaedam
3254 2217 3322 2271 ad

1729 2310 1990 2367 inferiora
2039 2310 2369 2379 suggressio.
2421 2309 2499 2363 De
2544 2324 2649 2378 qua
2703 2322 2837 2377 pace
2870 2307 3148 2378 Scriptura
3176 2308 3323 2363 beati

1730 2405 1834 2459 viri
1883 2403 2006 2475 (Job
2066 2402 2194 2470 xxv)
2234 2417 2339 2456 non
2388 2401 2595 2456 tacuit:
2630 2418 2650 2451 σ
2690 2400 2958 2465 Potestas,
3015 2400 3211 2470 inquit,
3265 2409 3324 2454 et

1730 2503 1911 2550 terror
1933 2494 2073 2565 apud
2100 2508 2223 2548 eum
2252 2502 2356 2556 est,
2382 2493 2471 2561 qui
2500 2491 2633 2546 facit
2670 2492 3017 2547 concordiam
3066 2493 3120 2547 in
3149 2491 3323 2547 subli-

1731 2586 1931 2649 mibus,
1968 2603 1987 2636 ι
2014 2585 2117 2639 hoc
2142 2593 2224 2639 est
2248 2584 2301 2637 in
2330 2583 2557 2654 angelis.

1801 2676 1980 2731 Prima
2011 2675 2277 2744 siquidem
2298 2683 2353 2731 et
2375 2674 2608 2729 maxima
2631 2673 2898 2729 discordia
2928 2674 3072 2730 inter
3099 2674 3320 2745 angelos

1730 2767 1958 2831 exstitit,
1990 2764 2210 2836 quando
2255 2764 2495 2831 Lucifer,
2537 2765 2628 2835 qui
2669 2781 2827 2820 mane
2848 2766 3145 2830 oriebatur,
3182 2768 3320 2822 divi-

1732 2860 1919 2914 nitatis
1947 2860 2158 2929 apicem
2190 2858 2446 2914 invadere
2471 2858 2729 2939 cogitavit
2778 2859 2965 2914 dicens
2996 2876 3009 2912 :
3050 2876 3070 2910 ι
3112 2859 3315 2914 Ponam

1729 2952 1913 3006 sedem
1936 2966 2111 3006 meam
2142 2951 2210 3005 ad
2238 2950 2547 3019 aquilonem
2581 2961 2634 3004 et
2660 2964 2756 3005 ero
2781 2949 3314 3006 similisAltissimo.o

1732 3040 1884 3097 Tunc
1906 3044 2053 3097 enim
2088 3059 2109 3093 ‹
2145 3042 2347 3096 factum
2374 3050 2458 3096 est
2496 3040 2738 3109 praelium
2774 3057 3027 3113 magnum
3072 3043 3124 3096 iu
3152 3040 3315 3108 caelo,

1730 3134 1958 3190 Michael
1987 3144 2043 3190 et
2070 3135 2246 3206 angeli
2277 3132 2393 3202 ejus
2414 3133 2803 3204 prteliahantur
2826 3150 2947 3189 cum
2973 3135 3229 3201 dracone,
3258 3146 3314 3191 et

1725 3225 1890 3280 draco
1919 3226 2195 3297 pugnabat
2225 3234 2281 3281 et
2308 3225 2487 3295 angeli
2515 3225 2653 3295 ejus,
2678 3235 2734 3282 et
2759 3241 2866 3281 non
2892 3228 3310 3298 praivaluerunt,

1724 3332 1901 3385 neque
1930 3315 2081 3372 locus
2108 3316 2343 3386 amplius
2370 3317 2624 3371 inventus
2659 3324 2743 3371 est
2770 3331 2958 3373 eorum
3003 3318 3057 3371 in
3089 3318 3247 3373 caelo.
3286 3335 3309 3371 ι

1723 3407 1858 3463 Nam
1887 3407 2160 3479 projectus
2201 3416 2285 3464 est
2324 3408 2489 3462 draco
2533 3407 2622 3463 ille
2656 3422 2909 3477 magnus,
2955 3409 3048 3479 qui
3086 3418 3315 3464 vocatur

1723 3502 1969 3558 diabolus
1996 3510 2052 3558 et
2076 3501 2270 3566 Satan,
2308 3499 2581 3571 projectus
2605 3507 2710 3567 est,
2754 3501 2998 3571 inquam,
3026 3502 3079 3556 in
3110 3511 3312 3556 terram

1723 3601 1784 3647 et
1829 3591 2007 3663 angeli
2060 3590 2176 3660 ejus
2226 3606 2368 3646 cum
2402 3605 2470 3646 eo
2507 3590 2660 3645 missi
2702 3599 2851 3645 sunt.
2897 3589 3150 3645 Praelium
3181 3604 3314 3648 vero

1722 3683 1890 3751 istud,
1923 3682 2066 3753 quod
2118 3683 2259 3738 inter
2296 3682 2519 3754 angelos
2550 3682 2673 3748 fuit,
2725 3697 2834 3738 non
2894 3683 3194 3754 putandum
3229 3692 3314 3739 est

1724 3774 1925 3831 factum
1958 3776 2420 3845 materiali'ferro,
2453 3777 2546 3833 sed
2580 3776 2929 3832 intellectuali
2967 3778 3169 3844 studio,
3202 3795 3310 3834 non

1723 3867 2105 3924 commissione
2128 3883 2432 3934 armorum,
2450 3869 2545 3924 s‘ed
2571 3869 2967 3924 contrarietate
2991 3868 3309 3935 affectuum,

1722 3962 1874 4027 dum,
1903 3969 2168 4032 quantum
2202 3961 2453 4017 diabolus
2478 3971 2531 4017 et
2549 3963 2667 4032 ejus
2688 3963 2983 4031 complices
3004 3977 3102 4034 per
3126 3974 3308 4033 typum

1722 4050 1989 4119 superbiae
2011 4058 2198 4105 contra
2244 4051 2415 4105 Deum
2462 4052 2630 4106 erecti
2660 4060 2809 4114 sunt,
2840 4061 3050 4107 tantum
3079 4051 3310 4108 Michael

1721 4141 1933 4210 sibique
1980 4140 2187 4196 similes
2234 4156 2332 4210 per
2386 4142 2706 4198 humilitatis
2760 4143 3101 4199 devotionem
3165 4145 3311 4213 regis

1721 4234 1910 4289 aeterni
1947 4233 2141 4305 subjici
2172 4234 2415 4304 imperiis
2464 4234 2762 4304 elegerunt.
2813 4235 2883 4290 Et
2911 4236 3034 4291 ideo
3072 4237 3193 4293 istis
3251 4238 3307 4293 in

1722 4324 1861 4379 caelo
1890 4324 2176 4380 sublimius
2194 4338 2358 4393 quam
2389 4324 2540 4391 prius
2595 4324 2830 4387 fuerant,
2880 4326 3306 4390 remanentibus,

42 4439 149 4479 eum
218 4424 534 4495 aggrediens
576 4437 676 4478 nec
729 4419 1109 4477 afﬂictionibus
1137 4428 1407 4474 sternens.
1448 4418 1617 4484 Quem
1649 4448 1698 4509 D
1726 4415 1800 4470 illi
1831 4416 2036 4471 exclusi
2069 4424 2217 4478 sunt,
2250 4416 2306 4470 in
2340 4424 2500 4470 terra:
2530 4416 2691 4485 hujus
2732 4416 2922 4471 ultima
2968 4428 3307 4473 corruentes.

41 4518 74 4569 si
106 4518 380 4572 interdum
415 4529 632 4569 sursum
653 4512 842 4569 oculos
864 4513 1077 4581 erigere
1102 4512 1241 4567 velle
1256 4511 1616 4575 subsenserit,

41 4619 107 4675 ut,
133 4624 260 4680 quae
287 4617 487 4663 :eterna
516 4616 663 4671 sunt,
684 4605 798 4675 jam
815 4605 1182 4677 appetat,jam
1211 4602 1617 4668 deliciasodiat,

41 4692 134 4757 iam
164 4698 511 4751 honestatem
543 4695 788 4760 induere,
810 4692 1079 4764 justitiam
1111 4706 1319 4760 amare,
1363 4691 1618 4761 amplecti

41 4786 449 4853 continentiam,
476 4794 533 4839 et
554 4785 820 4840 luxuriam
848 4783 1034 4854 fugere
1059 4782 1371 4850 meditetur,
1402 4782 1617 4838 turbata

41 4877 217 4930 statim
257 4877 415 4932 istius
465 4877 609 4932 modi
660 4876 812 4947 pacis
845 4876 963 4946 lege
993 4876 1121 4931 totis
1148 4877 1352 4931 irarum
1380 4876 1618 4932 stimulis

42 4968 376 5023 recedentem
404 4969 770 5039 persequitur.
801 4967 946 5022 Mille
968 4970 1228 5024 adversus
1258 4984 1380 5023 eum
1407 4967 1616 5023 machi-

42 5057 145 5125 nis,
177 5061 321 5116 miIle
341 5060 567 5116 saevitiae
595 5059 770 5115 utitur
815 5060 1171 5131 argumentis,
1208 5061 1406 5128 quibus
1439 5060 1615 5130 ipsum

44 5149 109 5203 ab
143 5162 291 5207 arcta
316 5154 400 5207 via
425 5167 545 5223 quae
567 5153 632 5207 ad
657 5152 823 5207 vitam
847 5152 1054 5224 dirigit,
1085 5153 1152 5207 ad
1176 5152 1411 5223 amplam
1445 5161 1617 5208 retra-

46 5239 131 5295 hat
152 5259 271 5314 qua:
300 5244 449 5302 ducit
474 5247 544 5301 ad
572 5254 822 5301 mortem.

110 5335 260 5403 Quod
317 5340 446 5395 olim
494 5341 547 5394 in
596 5340 720 5394 ﬁliis
781 5338 942 5394 Israel
993 5339 1095 5394 sub
1142 5337 1443 5395 Pharaonis
1484 5338 1616 5410 jugo

45 5422 408 5487 laborantibus
438 5434 617 5504 typice
644 5432 1065 5488 monstrabatur.
1102 5430 1182 5489 Ex
1206 5446 1314 5501 quo
1344 5431 1489 5486 enim
1519 5446 1617 5502 per

47 5514 257 5589 Moysen
282 5524 604 5581 sollicitatus
643 5532 726 5580 est
749 5525 981 5591 Pharao,
1011 5532 1072 5578 ut
1091 5525 1344 5594 populum
1369 5522 1615 5577 dimitte-

49 5619 144 5675 ret,
178 5614 324 5673 duris
353 5633 447 5673 eos
472 5619 639 5689 cmpit
662 5634 885 5689 operum
924 5618 1160 5686 angariis
1203 5615 1450 5687 fatigare.
1501 5616 1615 5673 Hoc

51 5698 182 5759 idem
212 5707 262 5764 in
293 5710 584 5781 Evangelio
597 5711 908 5782 expressius
935 5706 1269 5781 signabatur,
1299 5707 1389 5764 ubi
1415 5708 1614 5767 dicitur

1727 4522 1747 4557 ι
1779 4504 1968 4561 Omnis
1991 4506 2139 4560 enim
2160 4504 2253 4575 qui
2284 4518 2345 4560 se
2372 4505 2624 4562 humiliat
2652 4504 3004 4573 exaltabitur,
3030 4515 3087 4562 et
3117 4508 3211 4577 qui
3248 4523 3309 4563 se

1718 4598 1921 4653 exaltat
1948 4596 2341 4655 humiliabitur.
2375 4615 2395 4644 ι

1787 4690 1896 4744 Illis
1925 4689 2109 4759 igitur,
2141 4687 2234 4758 qui
2266 4701 2432 4742 causa
2461 4687 2746 4743 discordia:
2793 4685 3031 4751 fuerant,
3076 4686 3158 4740 sic
3186 4697 3312 4740 eae-

1718 4782 1932 4839 lestium
1957 4780 2101 4855 [cod.
2134 4780 2357 4852 Tegern.
2388 4778 2723 4852 caelestibus]
2757 4780 2957 4835 finibus
2983 4777 3309 4842 exturbatis,

1718 4876 1830 4939 isti,
1874 4874 2334 4945 tranquillissima:
2384 4874 2604 4930 deitatis
2650 4888 2866 4942 semper
2910 4871 3152 4926 vultibus
3173 4870 3313 4924 assi-

1717 4978 1942 5034 stentes,
1958 4977 2174 5023 :eternze
2192 4967 2346 5037 pacis
2370 4967 2671 5022 adiuvicem
2690 4964 2901 5035 gaudiis
2924 4962 3307 5034 perfruuntur.

1717 5062 1888 5133 Hujus
1927 5060 2077 5130 pacis
2100 5059 2392 5117 concordia
2420 5060 2475 5114 in
2510 5058 2617 5114 illis
2652 5056 2866 5112 duobus
2897 5055 3181 5112 cherubim
3212 5069 3313 5107 au-

1720 5157 1827 5211 reis
1855 5157 2189 5227 signabatur,
2218 5169 2356 5225 quos
2393 5152 2655 5209 Dominus
2684 5150 2739 5206 in
2771 5149 2993 5206 oraculo
3022 5148 3306 5220 ponendos

1718 5250 1945 5304 censuit
1958 5249 2161 5303 mutuis
2186 5264 2247 5304 se
2274 5245 2511 5302 vultibus
2540 5244 2619 5298 in.
2639 5241 3077 5315 propitiatorium
3124 5254 3306 5309 respe-
3384 5308 3389 5321 ἢ

1717 5353 1921 5399 eturos.
1980 5341 2085 5397 Per
2138 5339 2419 5395 cherubim
2474 5351 2708 5407 namque
2764 5334 2941 5392 omnis
3004 5342 3306 5389 conventus

1716 5435 1973 5507 angelica:
2004 5433 2208 5489 militia:
2234 5431 2382 5487 velut
2407 5447 2438 5485 a
2465 5438 2620 5502 parte
2651 5438 2825 5485 totum
2876 5428 3202 5485 ostenditur.
3235 5425 3303 5480 Hi

1716 5529 1920 5584 mutuis
1950 5541 2009 5582 se
2032 5525 2272 5582 vultibus
2303 5526 2355 5580 in
2385 5523 2824 5597 propitiatorium
2858 5523 3113 5578 dicuntur
3152 5521 3302 5590 aspi-

1716 5633 1859 5686 cere,
1892 5619 2018 5674 dum
2040 5616 2480 5672 concordissimis
2518 5616 2715 5672 animis
2744 5615 2799 5671 in
2829 5615 2974 5670 illius
3018 5627 3302 5684 superem-

1715 5713 1865 5771 lestis
1902 5708 2224 5769 hierarchiae
2272 5709 2620 5781 participium
2674 5708 2975 5767 creduntur
3018 5706 3298 5765 anhelare.
