3834 6462
623 255 649 309 1
659 254 762 311 603

617 444 791 511 amica
821 456 1108 526 parilitatis
1132 466 1245 521 est,
1295 472 1416 525 qua:
1457 465 1582 509 ante
1609 470 1708 525 per
1731 468 2010 508 numerum
2037 451 2195 505 bina-

616 549 755 602 rium
785 548 1104 617 explicatur.
1145 548 1256 602 Hoc
1280 548 1421 603 idem
1451 546 1729 616 reﬁgurari
1771 544 2067 616 putandum
2113 551 2198 599 est

618 642 670 694 in
728 641 1006 695 cherubim
1059 640 1283 703 alteris,
1329 655 1465 710 quos
1517 638 1770 693 Salomon
1801 638 1879 692 sic
1922 637 1973 690 in
2019 634 2197 689 medio

616 731 798 799 templi
827 732 1034 795 statuit,
1068 741 1128 785 ut
1148 731 1377 785 invicem
1407 730 1508 784 alis
1537 728 1975 797 contingentibus
2004 727 2195 796 junge-

616 833 821 876 rentur.
849 823 904 876 lu
933 823 1053 887 alis,
1089 823 1287 892 quibus
1317 822 1383 876 ad
1414 822 1520 875 alta
1544 820 1776 883 volatur,
1806 820 1980 881 virtus
2008 833 2196 887 super-

611 929 695 966 nae
725 912 1197 983 contemplationis
1226 913 1483 966 iunuitur.
1507 912 1635 966 Alas
1663 926 1793 980 ergo
1839 925 1965 965 suas
1986 908 2195 970 Cherue

612 1006 743 1069 bim,
777 1008 878 1060 hoc
900 1015 985 1060 est
1012 1005 1210 1075 angeli,
1250 1004 1503 1073 jungunt,
1532 1005 1658 1073 quia
1707 1004 1774 1058 de
1796 1003 1989 1057 divina:
2011 1017 2194 1057 essen-

613 1096 699 1148 tim
721 1096 954 1150 veritate
992 1112 1157 1149 unum
1184 1096 1437 1163 idemque
1468 1095 1685 1164 penitus
1706 1094 1944 1163 sapiunt.

681 1188 833 1254 Quod
852 1200 1030 1243 autem
1050 1190 1102 1243 iu
1132 1188 1496 1258 descriptione
1525 1188 1682 1257 hujus
1703 1188 1854 1256 pacis
1882 1184 2194 1256 gradualem

610 1280 677 1332 ad
706 1279 960 1333 inferiora
990 1281 1424 1350 suggressionem
1455 1280 1763 1349 posuimus,
1809 1279 1863 1332 in
1894 1279 2037 1333 hunc
2071 1293 2196 1332 eva-

608 1373 690 1426 dit
716 1387 936 1426 sensum
978 1391 989 1425 :
1018 1374 1160 1441 quod
1184 1372 1454 1438 videlicet,
1480 1387 1600 1426 cum
1621 1369 1773 1439 juxta
1800 1368 2194 1425 excellentissi-

609 1480 756 1517 mum
810 1463 1124 1534 Dionysium
1188 1476 1299 1520 tres
1357 1466 1467 1520 sint
1525 1465 1785 1533 angelicae
1843 1464 2190 1527 hierarchiae,

608 1558 802 1625 prima,
834 1572 952 1626 qua:
980 1557 1278 1626 seraphim,
1306 1557 1587 1611 cherubim
1610 1565 1667 1611 et
1695 1558 1951 1622 thronos;
1993 1557 2189 1622 media,

606 1666 727 1717 qua:
757 1660 1078 1720 potestates,
1131 1650 1531 1705 dominationes
1585 1660 1640 1705 et
1675 1651 1933 1715 virtutes;
1978 1650 2188 1717 ultima,

606 1759 725 1810 quae
773 1744 1127 1812 principatus,
1160 1743 1514 1813 archangelos
1561 1752 1614 1797 et
1648 1743 1870 1813 angelos
1907 1744 2184 1798 continet:

607 1835 678 1886 ita
705 1843 759 1888 et
786 1836 867 1887 hm
898 1843 1023 1888 sunt
1047 1850 1271 1888 summae
1310 1835 1444 1889 artis
1466 1834 1806 1889 ordinatione
1834 1834 2106 1903 disposite
2132 1844 2193 1888 ut

606 1926 776 1991 pritna
816 1925 1145 1987 hierarchia,
1186 1935 1443 1994 tanquam
1467 1941 1529 1980 ea
1557 1941 1677 1994 quae
1709 1926 1827 1980 sine
1858 1924 2035 1979 medio
2059 1924 2181 1978 divi-

606 2017 689 2069 nis
720 2016 996 2070 obtutibus
1027 2017 1217 2079 haeret,
1264 2016 1497 2084 qualiter
1530 2017 1785 2070 inferiora
1815 2016 1927 2071 lucc
1958 2015 2193 2070 admini-

604 2107 823 2159 stranda
853 2115 1001 2169 sunt,
1028 2107 1095 2161 ab
1130 2107 1245 2175 ipso
1286 2105 1437 2161 fonte
1468 2106 1605 2160 lucis
1634 2105 2008 2177 principaliter
2050 2107 2188 2160 hau-

606 2197 727 2259 riat,
761 2212 787 2248 a
818 2212 922 2265 qua
954 2205 1139 2265 postea
1169 2197 1366 2262 media,
1418 2206 1472 2251 et
1510 2212 1540 2251 a
1585 2198 1761 2252 media
1801 2198 2009 2261 ultima,
2072 2213 2191 2266 quae

602 2288 709 2340 sint
755 2288 1002 2342 facienda
1036 2289 1335 2344 condiscat.
1376 2288 1528 2343 Unde
1559 2290 1812 2359 etprima
1858 2289 2189 2356 hierarchia,

602 2396 860 2451 purgare,
930 2382 1273 2446 illuminare,
1318 2383 1609 2452 perﬁcere;
1658 2383 1881 2448 ultima,
1936 2384 2186 2452 purgari,

603 2473 917 2538 illuminari,
964 2473 1149 2543 perﬁci
1205 2474 1439 2538 dicitur;
1494 2474 1669 2529 media
1722 2489 1873 2541 vero,
1906 2475 2191 2544 utriusque

601 2566 847 2621 decorari
876 2565 1192 2620 habitudine
1217 2566 1565 2636 prtedicatur.

854 2700 984 2756 CAP.
1024 2698 1092 2754 Χ.
1121 2730 1190 2739 -
1221 2698 1455 2765 Quaestio
1484 2716 1640 2769 super
1668 2702 1766 2753 hac
1790 2716 1937 2770 pace.

673 2832 975 2888 Movebitur
1006 2840 1188 2888 autem
1219 2832 1309 2887 hic
1334 2832 1602 2902 quispiam
1627 2832 1898 2903 quomodo
1931 2839 2188 2887 aeternam

601 2925 748 2979 inter
773 2940 832 2978 se
860 2939 1047 2995 pacem
1076 2924 1280 2980 habere
1305 2926 1579 2994 angelicas
1601 2926 1833 2980 virtutes
1869 2926 2185 2989 dixerimus,

600 3032 738 3086 quas
769 3018 820 3069 iu
854 3016 1074 3071 Daniele
1100 3026 1316 3071 certare
1347 3027 1538 3072 contra
1568 3033 1628 3072 se
1659 3017 1888 3072 invicem
1916 3018 2185 3072 audimus.

605 3126 627 3161 ι
666 3109 776 3179 Ego
807 3110 951 3173 veni,
999 3110 1170 3178 inquit
1210 3125 1348 3164 unus
1380 3110 1625 3179 angelus,
1655 3119 1880 3178 propter
1907 3124 2187 3165 sermones

602 3210 757 3265 tuos;
789 3201 1040 3272 princeps
1074 3211 1255 3256 autem
1282 3200 1597 3266 Persarum,
1635 3221 1653 3253 ›
1711 3202 1765 3255 id
1809 3212 1922 3280 est,
1964 3202 2188 3272 angelus

599 3293 856 3361 praalatus
902 3293 976 3347 illi
1021 3294 1200 3364 genti,
1250 3310 1271 3344 ‹
1318 3294 1519 3348 restitit
1563 3295 1694 3349 mihi
1751 3295 1937 3365 viginti
1982 3303 2037 3350 et
2080 3311 2188 3352 uno

599 3384 812 3441 diebus.
844 3386 913 3441 Et
936 3401 1065 3441 ecce
1099 3386 1329 3442 Michael
1354 3401 1499 3441 unus
1524 3387 1599 3444 de
1624 3387 1961 3457 principibus
1980 3387 2188 3458 primus

600 3479 749 3532 venit
772 3479 823 3533 in
851 3479 1178 3547 adjutorium
1213 3497 1413 3537 meum.
1454 3502 1472 3536 ι
1504 3482 1573 3537 Et
1598 3484 1755 3553 paulo
1779 3491 1901 3552 post
1933 3502 1947 3537 :
1981 3502 2001 3534 ι
2036 3483 2187 3537 Nunc

600 3578 867 3636 revertar,
891 3580 949 3625 ut
976 3571 1191 3641 praelier
1218 3574 1479 3628 adversus
1525 3574 1821 3643 principem
1868 3573 2182 3628 Persarum.

600 3660 735 3714 Cum
767 3664 909 3716 enim
938 3666 1261 3734 egredercr,
1306 3660 1560 3734 apparuit
1593 3667 1846 3736 princeps
1876 3665 2184 3721 Graecorum

600 3754 840 3808 veniens.
872 3774 889 3805 ι

673 3841 779 3897 Sed
831 3843 909 3899 sic
962 3844 1127 3898 tradit
1177 3844 1344 3899 Pater
1392 3842 1727 3915 Gregorius:
1764 3863 1784 3895 ί
1822 3844 1973 3900 Tunc
2015 3845 2186 3915 angeli

601 3936 825 3989 veniunt
860 3946 1049 3991 contra
1080 3951 1139 3991 se
1161 3940 1378 4007 quando
1413 3936 1782 4004 subiectarum
1810 3938 1914 3994 sibi
1946 3940 2186 4009 gentium

597 4026 840 4081 vicissim
871 4027 1062 4082 merita
1085 4029 1487 4084 contradicunt.
1502 4027 1638 4083 Nam
1656 4029 1920 4086 sublimes
1941 4030 2187 4102 spiritus,

598 4120 803 4176 eisdem
829 4122 1079 4192 gentibus
1101 4123 1488 4192 principantes,
1510 4137 1849 4193 nequaquam
1865 4139 1966 4193 pro
1994 4123 2190 4192 injuste

600 4212 885 4282 agentibus
915 4211 1220 4278 decertant,
1252 4212 1346 4267 sed
1384 4226 1572 4267 eorum
1606 4212 1748 4268 facta
1774 4214 1918 4283 juste
1940 4213 2190 4282 judican-

599 4314 682 4358 tcs
711 4304 1044 4358 examinant.
1086 4304 1328 4374 Cumque
1380 4305 1539 4358 unius
1577 4304 1837 4374 cujusque
1878 4306 2052 4376 gentis
2102 4308 2188 4361 vel

599 4393 755 4463 culpa
784 4395 872 4447 vel
911 4394 1121 4463 justitia
1154 4395 1223 4448 ad
1271 4394 1558 4449 consilium
1615 4410 1909 4463 supernum
1945 4396 2182 4461 ducitur,

599 4484 838 4551 ejusdem
867 4486 1041 4554 gentis
1089 4485 1363 4554 praepositi
1416 4485 1716 4540 obtinuisse
1755 4486 1839 4539 vel
1885 4503 1992 4543 non
2046 4488 2186 4542 obti-

601 4575 787 4629 nuisse
852 4575 905 4628 in
946 4577 1256 4659 certamine
1305 4578 1680 4647 perhibentur.
1724 4579 1965 4645 Quorum
2008 4589 2186 4635 tamen

599 4668 841 4723 omnium
878 4676 961 4723 cst
978 4678 1091 4721 una
1116 4669 1365 4736 victoria,
1392 4671 1474 4725 sui
1497 4685 1661 4740 super
1683 4686 1742 4727 se
1756 4670 1978 4742 Opiﬁcis
1999 4672 2188 4726 volun-

600 4769 942 4829 tas,summa,
981 4774 1146 4829 quam
1178 4760 1303 4814 dum
1335 4776 1550 4832 semper
1577 4763 1866 4833 aspiciunt,
1893 4778 2015 4834 quae
2042 4764 2185 4818 obti-

598 4865 729 4906 nere
768 4866 872 4905 non
903 4850 1106 4917 valent,
1128 4864 1471 4920 nequaquam
1492 4852 1700 4908 volunt.
1736 4877 1755 4905 ι

719 5008 848 5062 (ΞΜ).
881 5007 973 5061 XI.
1003 5038 1075 5048 -—
1094 4972 1174 5063 De
1205 5024 1333 5078 pace
1361 5006 1668 5079 angelorum
1698 5011 1766 5064 ad
1798 5011 2034 5067 homines

672 5144 776 5197 Pax
804 5143 1116 5213 angelorum
1149 5144 1215 5198 ad
1262 5124 1539 5210 homines,
1570 5145 1623 5199 id
1669 5154 1751 5199 est
1795 5146 1937 5200 inter
1963 5155 2183 5218 angelus

596 5247 647 5286 cl
684 5236 947 5297 homines,
973 5246 1054 5289 est
1083 5235 1138 5289 in
1168 5234 1335 5290 divini
1361 5234 1654 5291 famulatus
1683 5236 2001 5307 obsequium
2034 5238 2185 5293 simi-

599 5330 725 5380 lium
750 5327 1065 5382 ‘oﬁiciorum
1102 5330 1465 5401 coimaginata
1498 5330 1789 5387 concordia
1820 5340 1877 5386 et
1910 5333 1963 5385 in
1992 5335 2179 5386 eadem

595 5417 832 5471 caelestis
863 5420 1072 5487 patriae,
1103 5420 1250 5475 velut
1296 5420 1573 5490 cujusdam
1608 5423 1848 5477 civitatis
1879 5422 2004 5491 jura
2041 5421 2182 5477 facta

595 5511 953 5579 cunscriptio,
1000 5515 1141 5569 sicut
1200 5516 1397 5571 Paulus
1448 5516 1696 5571 meminit
1756 5516 1825 5570 ad
1885 5513 2177 5570 Hebraeos:

524 5658 529 5663 _
600 5621 621 5654 ‹
664 5602 1010 5671 Accessistis,
1050 5608 1247 5677 inquit,
1285 5611 1349 5664 ad
1391 5610 1521 5665 Sion
1563 5622 1801 5667 montem
1834 5625 2090 5681 maguum
2128 5619 2181 5663 et

594 5700 872 5758 civitatein
939 5699 1034 5758 Dei
1100 5696 1360 5768 viventis,
1422 5701 1723 5763 Jerusalem
1788 5704 2062 5763 caelestem
2124 5712 2178 5759 ct

1958 242 2186 313 liUFlNl
2226 240 2531 299 EPISCOPl
3560 255 3627 311 1m

616 363 675 418 in
704 364 913 419 duobus
939 379 1065 419 vero
1098 365 1149 420 id
1176 364 1471 435 prteﬁgitur
1511 363 1652 433 quod
1697 360 1876 417 omnis
1900 358 2189 415 concordia
2220 354 2266 408 A
2293 356 2583 411 multorum
2614 354 2840 409 millium
2866 354 3168 425 angelorum
3202 354 3477 426 frequentiam
3499 365 3629 421 eius

2213 4446 2264 4505 D

2298 450 2433 503 siam
2464 449 2884 517 primitivorum,
2918 448 3008 517 qui
3046 448 3225 515 scripti
3256 451 3419 502 suntin
3453 453 3581 509 culis.
3604 461 3632 512 ii

2300 555 2513 595 rursum
2548 539 2674 594 alibi
2701 554 2715 593 :
2751 559 2769 590 ε
2806 538 2999 594 Nostra
3030 547 3206 593 autem
3238 544 3495 597 conversatio
3517 547 3547 598 in
3568 554 3634 603 uta

2297 640 2402 688 est.
2440 652 2460 684 ι
2884 630 2885 633 “

2369 725 2525 779 Sicut
2563 734 2745 779 autem
2773 739 2960 792 pacem
2988 724 3128 778 inter
3154 724 3303 777 Deum
3339 734 3382 778 et
3410 725 3629 783 hemime-

2298 819 2473 873 diator
2499 817 2747 872 Christus
2781 817 3033 882 restituit,
3064 820 3147 871 sic
3180 824 3230 870 et
3256 817 3349 885 ipse
3377 818 3479 871 inter
3494 821 3631 888 ingesta

2296 910 2546 965 homines
2611 908 2884 963 mediante
2942 907 3121 962 crucis
3172 908 3391 977 mysterio
3431 924 3549 975 pacem
3569 910 3637 973 lsi,

2296 1001 2749 1070 quemadmodum
2780 999 2846 1053 ad
2882 997 3222 1054 Colosseuses
3254 999 3484 1054 scribitur:
3508 1018 3519 1049 ι
3542 1001 3638 1065 Quae

2297 1092 2449 1160 ipso,
2496 1110 2514 1141 ι
2567 1091 2669 1145 hoc
2712 1102 2814 1155 est,
2856 1092 2909 1144 in
2950 1090 3187 1155 Christo,
3220 1110 3238 1141 ι
3283 1090 3637 1158 c0niplacuitoetet

2296 1183 2687 1252 plenitudinem
2715 1183 2961 1236 habitare
2986 1192 3041 1236 et
3057 1198 3151 1251 per
3176 1197 3290 1236 cum
3307 1184 3637 1237 reconciliarem

2296 1278 2350 1330 in
2404 1277 2543 1345 ipso,
2594 1274 2892 1345 paciﬁcans
2925 1291 3022 1344 per
3050 1274 3352 1346 sanguinem
3395 1276 3638 1343 crudaque

2297 1371 2457 1426 terris
2484 1380 2540 1425 et
2568 1385 2691 1440 qua:
2719 1370 2772 1423 in
2800 1369 2955 1425 caelis
3003 1377 3149 1422 sunt.
3194 1387 3212 1419 ι
3243 1367 3358 1421 lude
3382 1365 3639 1435 estquod'mie

2295 1470 2566 1516 stamento
2630 1460 2812 1515 Veteri
2871 1459 3093 1528 angelos
3140 1460 3207 1513 ab
3252 1459 3495 1513 hominibus
3526 1459 3637 1511 itione

2296 1551 2604 1622 legerimus,
2642 1561 2764 1622 post
2791 1553 3084 1607 Dominica:
3131 1550 3637 1618 lncarnatiuuismyselui

2295 1644 2567 1699 hominem
2596 1660 2655 1699 se
2690 1645 2921 1699 adorare
2948 1644 3215 1699 volentem
3245 1642 3436 1713 angelus
3467 1640 3637 1709 amittiut:

2302 1757 2321 1787 ι
2369 1736 2518 1804 Vide,
2543 1738 2638 1801 ait,
2664 1753 2732 1793 ne
2766 1738 2993 1801 feceris;
3034 1751 3321 1793 conservus
3346 1736 3460 1790 enim
3481 1742 3631 1787 tuismet

2293 1831 2520 1884 fratrum
2546 1840 2778 1886 tuorum.
2812 1852 2830 1883 ι
3220 1830 3229 1835 ’

2363 1925 2553 1979 Merito
2612 1936 2789 1981 autem
2850 1927 2992 1981 hanc
3035 1940 3226 1994 pacem
3273 1922 3480 1978 similium
3508 1917 3627 1970 dum

2299 2036 2316 2068 ι
2357 2021 2777 2090 coimaginatam
2811 2018 3167 2074 concordiam
3206 2036 3225 2068 ι
3267 2016 3472 2071 diximus.
3495 2010 3635 2065 Situm

2295 2108 2605 2178 angelorum
2632 2108 2706 2162 ita
2738 2117 2863 2163 sunt
2892 2108 3133 2162 discreta
3161 2104 3349 2169 oﬁicia,
3376 2116 3423 2157 ut
3441 2102 3636 2171 primum:

2293 2199 2435 2268 quod
2479 2198 2569 2252 alii
2600 2198 2931 2269 superiores,
2987 2195 3079 2251 alii
3119 2195 3407 2258 inferiores,
3436 2192 3494 2246 alii
3518 2188 3633 2245 eam

2294 2299 2422 2345 sunt
2452 2290 2637 2353 medii,
2668 2305 2860 2346 omnes
2884 2298 3067 2344 tamen
3094 2290 3254 2359 juxta
3279 2287 3452 2347 ordinis
3471 2285 3517 2338 sui

2294 2393 2428 2448 tem,
2461 2383 2820 2438 concerdibus
2856 2383 2967 2452 regi
3008 2398 3112 2437 suo
3141 2381 3407 2452 stipendiis
3428 2373 3634 2432 miliuawfi
3698 2412 3699 2423 ξ

2292 2479 2439 2533 inter
2489 2492 2620 2541 nos,
2673 2492 2795 2531 cum
2840 2476 2930 2529 alii
2984 2475 3201 2544 prmlati
3252 2475 3373 2537 sint,
3406 2462 3633 2526 aliisnhlilttlu
3698 2468 3699 2535 ί

2293 2568 2624 2640 prmlationis
2653 2567 2815 2621 simul
2843 2578 2895 2621 et
2919 2566 3281 2636 subjlectionis
3310 2558 3633 2635 professionisch

2293 2668 2537 2723 seantur,
2564 2674 2755 2714 omnes
2790 2660 3086 2713 secundum
3111 2660 3195 2713 sui
3222 2657 3408 2729 gradus
3424 2642 3628 2707 Oidiiicﬂiiiii
3698 2686 3699 2697 χ

2293 2752 2488 2806 animis
2516 2760 2570 2805 et
2612 2750 2808 2814 studiis
2832 2764 3069 2804 .summo
3103 2750 3331 2805 Domino
3361 2732 3620 2799 iamduci"

2294 2842 2480 2912 utique
2507 2841 2837 2911 prmessendi
2878 2851 2932 2894 et
2968 2840 3293 2895 subessendi
3338 2834 3619 2892 (Ιίειλώςπε

2296 2932 2604 2988 hominibus
2630 2947 2793 3001 quam
2826 2932 2879 2985 in
2906 2932 3135 3002 angelis,
3170 2940 3299 2985 tunc
3342 2922 3635 3005 θνδωεὶωνεεὲ

2296 3025 2417 3079 ﬁnis
2443 3024 2628 3078 mundi
2660 3024 2788 3089 erit,
2823 3037 2944 3077 cum
2975 3022 3228 3078 Christus
3257 3034 3454 3091 regnum
3477 3005 3637 3068 Datim”

2296 3117 2597 3173 tradiderit.
2647 3116 2801 3170 Tunc
2839 3117 3006 3182 enim,
3043 3114 3206 3184 juxta
3233 3096 3643 3184 Λροειοιιιωκῆωδί

2289 3225 2505 3265 onmem
2535 3209 2899 3279 principatum
2927 3217 2981 3261 et
3000 3215 3326 3278 potestatem
3353 3214 3400 3260 et
3421 3188 3645 3255 vittatam

2289 3316 2396 3370 pax
2425 3302 2542 3355 haec
2569 3301 2711 3354 inter
2736 3282 2836 3355 nos
2862 3308 2918 3355 et
2949 3299 3177 3369 angelos
3203 3298 3269 3353 ad
3293 3297 3472 3367 plenum
3490 3289 3649 3343 mw
3698 3320 3699 3327 η

2290 3392 2458 3456 hitur,
2491 3406 2614 3445 cum
2644 3390 2851 3445 scilicet
2882 3382 3014 3444 nihil
3050 3390 3121 3444 in~
3143 3399 3325 3446 nostra
3351 3378 3650 3469 natunessti?
3698 3384 3699 3427 l

2290 3484 2363 3537 rit
2396 3484 2540 3553 quod
2570 3500 2599 3538 a
2631 3494 2821 3538 natura
2846 3483 3210 3538 discohmreat
3237 3468 3650 3555 angelorum.th
3698 3506 3699 3555 ξ

2289 3590 2508 3643 οοτμυε,
2536 3576 2680 3646 quod
2718 3590 2860 3629 nunc
2890 3574 3126 3628 animale
3165 3585 3270 3638 est,
3318 3558 3655 3640 spiritualecniil!‘

2290 3679 2687 3735 surrecturum,
2742 3666 2831 3720 ubi
2876 3666 3019 3720 nulla
3071 3682 3307 3736 unquam
3350 3662 3436 3717 erit
3465 3653 3653 3741 generali"?l
3698 3653 3699 3715 ἶ

2288 3760 2591 3831 εοττυριίο.
2619 3760 2766 3814 nulla
2794 3758 3077 3830 generatio
3099 3768 3468 3827 corruptorum.
3488 3767 3502 3798 ι
3526 3743 3655 3835 Εὐθενῆ

2290 3855 2495 3907 nubent
2542 3852 2615 3906 ibi
2663 3865 2840 3921 neque
2889 3849 3186 3912 nubentur,
3221 3846 3312 3903 sed
3335 3849 3467 3900 emat
3495 3834 3657 3891 situm?”
3698 3876 3699 3921 ξ

2290 3944 2387 3999 Dei
2414 3945 2467 3999 in
2495 3942 2653 3998 coelo.
2680 3962 2699 3995 ι

2290 4058 2418 4112 Car.
2486 4055 2599 4110 ΧΠ.
2660 4084 2730 4094 -ο
2781 4054 3074 4177 Πεεενίριὶἕ
3104 4084 3107 4087 -
3136 4047 3379 4120 triformis
3422 4039 3529 4110 pacis
3566 4020 3657 4082 ἀνί

2442 4168 2445 4169 ν
2998 4142 3028 4177 a
3107 4140 3182 4177 se.

2998 4140 3067 4177 aa
3107 4140 3182 4177 δε.

2362 4221 2500 4276 Ecce
2530 4220 2596 4275 de
2624 4234 2783 4289 pace,
2822 4232 2942 4289 quae
2986 4223 3074 4272 est
3104 4215 3158 4269 in
3200 4207 3531 4283 superioribus
3553 4200 3663 4291 ιηίξπθ

2290 4329 2443 4379 mus;
2473 4314 2727 4383 deinceps
2767 4312 2835 4368 ad
2863 4326 2982 4366 eam
3015 4325 3139 4379 qua:
3168 4302 3448 4364 habeturin

2292 4408 2344 4461 id
2367 4415 2467 4461 “est
2514 4421 2699 4476 pacem
2745 4419 2865 4473 qua:
2902 4411 2986 4457 est
3007 4400 3248 4456 hominis
3277 4399 3337 4451 ad
3365 4408 3416 4449 se
3443 4383 3663 4443 etbominer

2290 4500 2586 4564 hominem,
2620 4496 2889 4551 sermonis
2922 4492 3154 4548 intentio
3181 4493 3506 4546 convertatur.

2272 4624 2280 4633 μ
2361 4591 2475 4645 Pax
2501 4590 2666 4660 igitur
2691 4588 2926 4643 hominis
2953 4586 3019 4640 ad
3048 4600 3111 4641 se
3146 4585 3316 4652 ipsum
3362 4564 3663 4660 ιτίεεηιίίξῗῗῗ

2292 4692 2401 4738 tate
2433 4647 2800 4752 disiinguitur.
2834 4678 2951 4733 Una
2975 4678 3121 4732 enim
3146 4674 3394 4731 malorum
3417 4674 3496 4728 est.
3520 4647 3667 4752 ²Ῑί²

2291 4789 2434 4838 rum,
2464 4744 2626 4828 tertia
2653 4772 2956 4826 beatorum.
2985 4768 3099 4823 Pax
3149 4767 3396 4823 malorum
3431 4763 3496 4811 est
3526 4750 3628 4801 om”

2289 4867 2476 4922 mundi
2508 4865 2647 4921 male
2666 4864 2949 4920 blandiens
2974 4862 3052 4918 eis
3078 4858 3409 4933 prosperitas.
3422 4848 3507 4903 Pax
3521 4836 3663 4933 bello”:

2287 4968 2371 5014 est
2407 4959 2560 5013 bona:
2595 4957 2942 5012 conscientia:
2961 4930 3094 5008 lecta-
3116 4952 3386 5008 securitas.
3406 4943 3490 4998 Pax
3508 4930 3663 5021 δεδωπῆ

2286 5059 2374 5104 est
2406 5048 2632 5103 rationis
2664 5056 2719 5103 et
2739 5045 3106 5102 sensualitatis
3137 5044 3191 5099 iu
3218 5034 3519 5097 delectatione
3536 5024 3664 5085 supter

2286 5158 2408 5197 rum
2431 5141 2668 5212 perfecta
2693 5139 2998 5195 consensio.

2461 5233 2587 5289 CAP.
2617 5232 2752 5286 Xlll.
2771 5263 2841 5271 -
2857 5231 2931 5285 De
2953 5247 3081 5301 pace
3102 5228 3349 5283 malorum
3366 5218 3426 5275 ad
3446 5211 3659 5309 δείῗωξξθη.

2359 5328 2435 5381 De
2479 5340 2613 5396 pace
2663 5296 3224 5392 malorutnfquazrere
3270 5312 3445 5387 Ροιετίδ
3478 5304 3525 5357 ab

2291 5438 2310 5470 ε
2352 5418 2554 5485 Zelavi,
2586 5418 2777 5488 inquit,
2810 5416 2862 5470 in
2890 5414 3278 5485 peccatoribus,
3297 5417 3455 5480 pacem
3475 5380 3661 5488 Pe‘cwf

2285 5513 2496 5575 videns,
2542 5512 2667 5581 quia
2722 5517 2961 5566 nonest
3005 5505 3292 5562 declinatio
3320 5494 3450 5553 morti
3469 5474 3657 5581 (ἐφίηῖῖ

2285 5606 2682 5661 ﬁrmamentum
2708 5604 2761 5658 in
2791 5603 2945 5673 plaga
2976 5598 3252 5656 eorutn.ln
3276 5562 3658 5688 laborum"s

2284 5717 2390 5757 non
2422 5708 2567 5768 sunt,
2613 5708 2667 5755 et
2696 5666 2818 5754 cum
2860 5695 3165 5752 hominibus
3212 5705 3311 5747 non
3357 5666 3636 5749 flagellabant!“

3318 6116 3700 6308 μ
