3834 6462
5 241 171 298 1605
1324 243 1411 301 DE
1450 242 1627 300 ΒΟΝο

1740 242 1879 300 iClS‘.
1912 244 2039 300 LIB.
2078 246 2119 300 Ι.
3155 250 3291 310 “SUB

2 357 208 420 Onam
261 373 450 429 pacem
500 363 758 423 Dominus
816 369 867 422 iu
920 367 1123 424 Judmis
1174 369 1512 438 improbabat
1564 380 1618 423 ct
1647 376 1695 431 Λ
1794 366 1988 424 Oscula
2020 384 2149 425 vero
2198 367 2355 438 hujus
2398 382 2550 439 pacis
2591 375 2716 423 sunt
2756 367 2937 423 oscula
2966 372 3293 445 meretricis,

0 450 426 519 exprobrabat,
457 471 580 511 cum
621 459 863 515 diceret:
894 479 914 513 ι
944 460 1079 528 Quia
1116 461 1162 515 si
1197 462 1539 530 cognovisses
1562 470 1618 514 et
1722 458 1876 529 cujus
1923 460 2063 514 labia
2109 459 2266 515 favus
2297 458 2563 515 distillaus
2605 471 2661 514 et
2708 458 2929 514 nitidius
2954 459 3073 516 oleo
3109 472 3296 532 guttur

5 555 97 603 ιιι,
129 550 196 595 et
222 545 441 612 quidem
476 547 526 601 in
556 549 658 604 hac
685 552 773 607 die
797 562 887 606 tua
929 568 1048 621 quae
1097 552 1165 607 ad
1210 567 1397 621 pacem
1437 552 1556 607 tibi.
1594 571 1613 604 ι
1721 550 1865 619 ejus;
1892 550 2179 605 novissima
2206 559 2387 604 autem
2409 550 2552 606 illius
2576 564 2756 605 amara
2778 551 3294 621 sicutabsinthium,

1 632 197 701 Haan
223 645 281 690 et
322 636 423 690 Job
455 639 557 694 sub
598 639 791 695 forma.
816 643 1221 713 conquestionis
1252 642 1512 697 describit
1541 642 1620 695 di-
1720 652 1774 696 et
1799 653 1956 698 acuta
1984 643 2135 712 quasi
2167 642 2374 712 gladius
2398 642 2601 712 biceps.
2632 642 2704 697 Ut
2729 658 2833 698 non
2866 643 3137 700 immerito
3168 646 3297 703 huic

0 744 154 783 cens
185 748 200 782 :
241 748 261 781 ι
295 731 473 797 Quare
504 732 663 801 impii
690 735 895 797 vivunt,
921 735 1182 790 sublevati
1211 742 1357 800 sunt,
1406 733 1622 789 confore
1722 735 1839 802 paci
1867 734 1993 788 illud
2017 735 2261 790 Ezechiae
2282 734 2457 788 valeat
2480 734 2740 804 applicari
2767 755 2780 788 :
2811 755 2828 787 ι
2863 737 3020 802 Ecce,
3044 740 3138 803 ait,
3165 752 3298 795 ecce

3 820 246 888 tatiqne
269 821 506 876 divitiis?
534 822 730 879 Semen
762 840 951 878 eorum
981 834 1263 893 permanet
1301 840 1483 880 coram
1514 824 1618 888 eis,
1722 827 1775 880 in
1808 840 1940 894 pace
1968 826 2273 881 amaritudo
2300 841 2417 880 mea
2452 827 2814 882 amarissima.
2851 847 2869 878 ι
2910 827 3065 883 Pacis
3094 831 3294 883 etenim

2 912 459 982 propinquorum
486 916 638 970 turba
663 924 719 970 et
734 926 987 987 nepotum
1015 917 1070 970 in
1093 926 1387 987 conspectu
1409 930 1616 970 eorum.
1721 914 1883 983 hujus
1908 914 2050 969 modi
2079 928 2441 983 possessores,
2470 915 2593 983 quia
2623 917 2744 970 vita:
2773 931 2882 969 suae
2911 932 3016 972 non
3045 919 3293 985 credunt,

0 1001 236 1056 Domus
265 1019 450 1058 eorum
476 1019 682 1061 secura:
711 1016 837 1062 sunt
877 1017 935 1062 et
987 1017 1192 1076 pacatae
1212 1048 1226 1072 ,
1280 1016 1336 1062 et
1382 1022 1488 1061 non
1536 1014 1620 1060 est
1723 1015 1777 1061 et
1802 1008 1847 1061 si
1878 1021 1981 1075 pax
2012 1006 2152 1060 forte
2180 1005 2251 1059 sit
2278 1007 2329 1060 in
2360 1006 2607 1068 circuitu,
2636 1006 2733 1076 ipsi
2764 1016 2942 1063 tamen
2972 1009 3112 1063 intra
3145 1024 3203 1063 se
3233 1010 3298 1062 ti-

1 1094 175 1163 virga
244 1096 338 1151 Dei
370 1082 551 1167 super
580 1099 723 1154 illos.
760 1099 864 1155 Bos
894 1115 1083 1155 eorum
1117 1100 1373 1169 concepit
1407 1107 1465 1152 et
1514 1113 1618 1152 non
1722 1099 1885 1153 midis
1921 1113 2138 1168 semper
2179 1098 2386 1168 sibique
2423 1100 2711 1163 contrariis
2742 1100 3138 1170 suspicionibus
3164 1117 3296 1157 con-

1 1189 327 1255 abortivit;
358 1204 519 1245 vacca
548 1193 781 1261 peperit,
810 1202 866 1248 et
893 1208 998 1247 non
1018 1202 1102 1248 est
1130 1192 1339 1262 privata
1367 1192 1476 1245 fetu
1500 1206 1619 1245 suo.
1723 1186 1990 1253 rixantur,
2019 1189 2160 1242 sicut
2185 1189 2446 1257 scriptum
2468 1198 2553 1244 est
2577 1208 2587 1240 :
2621 1208 2639 1240 ι
2672 1189 2893 1245 Sonitus
2917 1193 3139 1246 terroris
3160 1208 3300 1247 sem—

4 1281 400 1349 Egrediuntnr
429 1284 584 1353 quasi
603 1300 794 1355 greges
829 1285 1039 1350 parvuli
1066 1300 1279 1347 eorum,
1302 1294 1357 1338 et
1385 1283 1621 1338 infantes
1721 1293 1821 1348 per
1851 1280 1903 1333 in
1935 1280 2157 1335 auribus
2195 1280 2331 1350 ejus.
2374 1300 2391 1334 ι
2430 1281 2644 1336 Etcum
2688 1297 2789 1350 pax
2821 1283 2921 1347 sit',
2958 1298 3172 1361 semper
3213 1285 3301 1337 ille

6 1372 251 1427 illorum
290 1375 566 1429 exsultant
600 1375 836 1443 lusibus;
879 1384 1064 1432 tenent
1102 1385 1415 1447 tympanum
1461 1383 1516 1429 et
1542 1374 1622 1428 ci-
1726 1370 1949 1425 insidias
1974 1373 2325 1441 suspiciatur.
2358 1371 2491 1425 Nam
2520 1373 2661 1427 sicut
2700 1372 2835 1427 liber
2861 1372 3149 1442 Sapientia:
3174 1388 3302 1443 pro-

12 1463 285 1528 tharam,
326 1474 381 1519 et
425 1466 663 1534 gaudent
709 1468 778 1521 ad
830 1483 1023 1523 sonum
1066 1468 1281 1540 organi.
1322 1466 1538 1522 Ducunt
1567 1465 1622 1519 in
1726 1470 1973 1525 testatur,
2008 1480 2026 1513 ‹
2064 1462 2251 1517 timida
2292 1471 2376 1518 est
2415 1478 2631 1533 semper
2661 1464 2921 1533 nequitia.
2959 1484 2979 1516 ι
3008 1464 3077 1518 Ει
3105 1464 3303 1520 iterum

4 1551 182 1619 bonis
208 1554 329 1609 dies
351 1570 498 1620 suos,
529 1556 621 1625 qui
665 1557 921 1612 dixerunt
948 1557 1096 1613 Deo:
1128 1558 1336 1614 Recede
1370 1572 1401 1611 a
1443 1555 1620 1621 nobis,
1725 1553 1827 1607 alia
1861 1553 2140 1623 Scriptura
2165 1554 2316 1618 dicit,
2345 1554 2472 1624 quia
2504 1573 2522 1605 ‹
2551 1554 2686 1624 fugit
2719 1555 2916 1624 impius
2947 1556 3162 1611 nemine
3182 1570 3305 1625 per-

8 1642 319 1697 scientiam
352 1646 558 1700 viarum
588 1655 805 1703 tuarum
836 1649 1107 1704 nolumus.
1148 1667 1167 1701 ι
1726 1656 2005 1713 sequente.
2044 1665 2063 1697 ι
2096 1645 2333 1700 Rursum
2361 1646 2426 1700 de
2457 1646 2542 1701 his
2567 1646 2644 1699 ait
2672 1645 2931 1700 Dominus
2954 1645 3008 1699 iu
3038 1646 3299 1700 Levitico:

86 1734 214 1789 Non
248 1737 587 1792 absimilibus
614 1741 795 1795 verbis
821 1750 876 1795 et
904 1742 1070 1796 David
1103 1742 1181 1795 ait
1224 1740 1291 1797 de
1338 1741 1462 1795 filiis
1492 1741 1623 1796 alie-
1656 1713 1696 1769 Β
1732 1757 1750 1789 ι
1794 1738 1944 1793 Dabo
1976 1753 2232 1809 pavorem
2263 1739 2316 1792 in
2364 1738 2622 1811 cordibus
2659 1753 2846 1792 eorum
2875 1746 2929 1792 et
2961 1738 3184 1792 terrebit
3208 1754 3304 1792 eos

8 1826 137 1878 nis:
166 1845 184 1875 ι
209 1826 476 1893 Quorum,
501 1830 694 1900 inquit,
727 1832 817 1885 filii
851 1834 991 1887 sicut
1016 1833 1239 1899 novella:
1264 1833 1625 1903 plantationes
1728 1831 1936 1885 sonitus
1969 1828 2081 1884 folii
2113 1830 2411 1884 volitantis.
2442 1847 2460 1880 ι
2492 1829 2645 1895 Quod
2674 1829 2718 1884 si
2760 1828 2899 1883 forte
2930 1845 2994 1883 ex
3024 1829 3107 1883 bis
3139 1829 3305 1898 aliqui

9 1917 255 1971 Stubilili
312 1936 341 1973 a
388 1918 670 1987 juventute
728 1938 845 1988 sua,
891 1924 1013 1978 filiae
1054 1938 1241 1977 eorum
1285 1923 1621 1992 compositm,
1730 1929 1839 1973 tam
1884 1920 2070 1974 liberis
2119 1920 2466 1975 inveniantur
2508 1920 2959 1989 prosperitatibus
3002 1918 3206 1984 feriari,
3248 1929 3307 1973 ut

8 2010 450 2067 circnmornatac
511 2023 570 2066 ut
628 2014 926 2069 similitudo
986 2014 1191 2085 templi.
1246 2014 1622 2082 Promptuaria
1727 2003 1978 2064 uu'iversa
2015 2010 2081 2066 de
2124 2014 2287 2065 corde
2319 2010 2529 2065 timoris
2570 2010 2868 2078 exstirpata
2918 2008 3304 2077 sollicitudine,

6 2115 214 2155 eorum
251 2102 432 2170 plena,
464 2094 766 2159 eructantia
796 2122 863 2161 ex
898 2107 1072 2160 hocin
1093 2106 1241 2160 illud.
1274 2106 1415 2161 Oves
1437 2120 1623 2160 eorum
1726 2112 1782 2159 et
1816 2104 1869 2157 in
1898 2111 2069 2157 totum
2119 2102 2366 2157 interiori
2406 2100 2564 2157 oculo
2603 2085 2892 2163 decazcato,
2939 2100 3123 2154 omnia
3152 2098 3302 2154 libita

8 2190 242 2256 fetosm,
275 2193 617 2250 abundantes
668 2197 721 2249 in
761 2196 1047 2252 itineribus
1085 2196 1218 2263 suis,
1248 2195 1412 2251 boves
1438 2210 1623 2251 eorum
1726 2193 1874 2247 licita
1919 2186 2197 2272 reputent,
2221 2208 2322 2247 nec
2354 2189 2511 2260 hujus
2538 2190 2687 2260 pacis
2732 2190 2940 2261 gaudiis
2981 2205 3041 2244 se
3070 2202 3306 2257 unquam

6 2298 249 2339 crassa:.
287 2283 406 2338 Non
437 2294 520 2340 est
560 2287 718 2340 ruina
769 2288 1036 2351 macerizc,
1070 2306 1088 2338 ι
1141 2295 1399 2356 tantaque
1429 2287 1627 2356 quietis
1726 2288 1998 2342 aestiment
2027 2286 2509 2350 vacuandos,cum
2538 2292 2761 2354 repente
2787 2282 2914 2337 huic
2954 2280 3309 2351 phantastica:

3 2377 333 2431 securitate
357 2378 649 2442 donantur,
677 2379 819 2448 quod
856 2397 874 2430 ι
908 2395 1013 2433 non
1044 2388 1127 2433 est
1158 2379 1421 2433 transitus
1452 2393 1626 2448 neque
1729 2396 1793 2435 ac
1844 2390 2238 2434 momentanete
2282 2378 2402 2448 paci
2450 2378 2774 2433 disturbatio
2826 2392 2951 2430 vera
2998 2386 3309 2444 :eternaque

5 2469 227 2520 clamor
257 2484 277 2517 ι
323 2466 463 2519 ullus
498 2458 743 2523 turbidus
770 2488 787 2520 ι
820 2470 871 2521 in
895 2468 1088 2538 plateis
1118 2482 1329 2523 eorum.
1370 2486 1389 2519 ι
1725 2472 2086 2538 successerit,
2144 2486 2209 2525 eo
2242 2470 2510 2524 infelicius
2562 2486 2669 2538 quo
2710 2469 3157 2539 improvidcntius
3200 2482 3307 2537 pax

82 2559 266 2625 Quam
296 2558 608 2627 perniciosa
642 2570 727 2614 est
752 2559 867 2613 hrec
897 2575 1022 2629 pax,
1051 2560 1103 2614 in
1133 2575 1235 2629 qua
1262 2560 1443 2614 carnis
1468 2559 1622 2614 volu-
1726 2566 1830 2618 ista
1860 2578 1988 2619 suos
2015 2562 2230 2617 deseret
2268 2570 2559 2617 amatores.
2593 2580 2613 2612 ι
2649 2560 2783 2616 Cum
2809 2561 2976 2623 enim,
3004 2559 3304 2614 secundum

5 2657 135 2715 ptas
174 2648 490 2727 mundique
533 2649 761 2704 felicitas
790 2650 1002 2704 blandis
1032 2650 1273 2720 quidem,
1304 2651 1398 2705 sed
1426 2650 1625 2705 dolosis
1728 2656 2041 2725 Apostolnm
2070 2654 2307 2708 dixerint
2332 2668 2347 2706 :
2374 2660 2561 2723 paxjet
2586 2654 2872 2717 securitas,
2909 2660 3036 2706 tunc
3072 2650 3309 2720 repenti-

4 2740 225 2808 lugibus
259 2739 478 2793 homini
509 2738 868 2807 foederantur,
908 2756 1093 2809 quam,
1146 2741 1388 2809 inquam,
1438 2742 1624 2811 perni-
1728 2758 1830 2796 nus
1856 2742 1937 2795 eis
1958 2741 2300 2810 superveniet
2328 2739 2578 2794 interitus
2605 2739 2747 2794 sicut
2768 2737 2921 2794 dolor
2948 2738 3001 2791 in
3035 2746 3188 2792 utero
3213 2738 3308 2791 ha-

8 2833 167 2885 ciosa
200 2839 259 2884 et
296 2839 512 2898 quanto
540 2830 859 2885 adumbrata
883 2833 1157 2901 praestigio
1182 2834 1193 2885 !
1224 2831 1341 2886 Non
1369 2842 1452 2887 est
1479 2834 1623 2887 enim
1728 2834 1927 2899 bentis,
1956 2843 2012 2889 et
2038 2832 2408 2903 non-effugiet.
2449 2852 2467 2884 ι

13 2937 149 2975 vera
184 2918 504 2987 hujusmodi
539 2936 663 2990 pax,
697 2937 817 2991 quae
857 2923 1090 2985 videtur,
1123 2933 1377 2992 aspectus
1408 2932 1626 2977 nostros

0 3011 275 3073 eludens,
304 3000 363 3061 et
413 3008 464 3062 in
513 3024 609 3062 sua
638 3026 853 3079 semper
882 3026 1015 3065 nece
1048 3013 1437 3080 grandescens.
1489 3009 1622 3064 Nam
1652 3052 1695 3111 Γ
1728 3035 1856 3090 CAP.
1888 3032 2025 3088 xw.
2058 3064 2129 3076 __
2150 3035 2227 3087 De
2253 3035 2540 3100 discordia,
2575 3051 2731 3103 quam
2770 3034 2978 3101 "prob,-
3021 3034 3076 3087 ίη
3117 3046 3311 3089 παίωνι

2 3096 147 3158 lcum
178 3110 500 3171 peccatores
530 3110 830 3155 cernuntur
876 3102 1191 3166 incolumes,
1225 3118 1347 3158 cum
1377 3102 1626 3157 videntur
1653 3092 1697 3111 “¹
2117 3123 2214 3159 sua
2246 3108 2385 3174 apud
2415 3092 2608 3173 inferos
2632 3092 2917 3173 patientur.

0 3193 364 3263 "praedivites,
398 3206 520 3245 cum
564 3192 750 3246 multis
789 3193 1159 3261 suspiciuntur
1187 3193 1400 3262 populis
1449 3193 1627 3246 domi-

22 3285 168 3350 nari,
210 3298 315 3337 nec
343 3283 397 3336 in
424 3283 626 3337 mundo
652 3298 880 3353 usquam
909 3293 1159 3353 apparet,
1185 3298 1345 3353 quem
1377 3283 1625 3348 timeant,

23 3384 291 3445 putantur
316 3372 520 3427 habere
545 3388 756 3444 pacem.
787 3373 891 3428 Sed
921 3390 1027 3444 pax
1059 3374 1162 3428 ista
1189 3389 1313 3428 cum
1349 3372 1627 3427 conscien-

26 3471 97 3523 tia
128 3481 355 3537 semper
386 3463 596 3533 litigat,
651 3464 932 3519 contendit
986 3464 1349 3528 intrinsecus,
1406 3471 1463 3516 et
1505 3476 1627 3515 cum

25 3561 245 3613 hostem
290 3572 397 3610 non
433 3556 616 3621 habet,
648 3571 831 3609 secum
873 3556 988 3625 ipsa
1019 3555 1285 3609 decertat.
1325 3554 1627 3609 Suntenim

28 3651 203 3720 impii,
249 3629 401 3703 sicut.
419 3661 599 3701 sermo
624 3656 824 3700 tractat
849 3647 1216 3715 propheticus,
1243 3645 1396 3714 quasi
1431 3664 1450 3696 ι
1480 3660 1629 3700 mare

26 3742 269 3807 fervens,
294 3738 443 3809 quod
474 3738 756 3808 quiescere
787 3754 891 3791 non
929 3735 1388 3806 potesta—«Non
1415 3746 1501 3791 est
1523 3751 1629 3807 pax

27 3833 235 3901 impiis,
260 3851 278 3883 ι
318 3830 454 3885 dicit
499 3830 778 3884 Dominus.
811 3828 919 3882 Pax
950 3829 1251 3897 hujusmodi
1285 3844 1390 3883 non
1422 3837 1626 3883 tantum

27 3923 445 3992 possessoribus
480 3920 593 3975 suis
622 3920 847 3989 laqueus
878 3920 1143 3990 captionis
1188 3930 1292 3984 est,
1320 3921 1415 3975 sed
1462 3920 1626 3975 etiam

26 4017 148 4071 aliis
181 4015 520 4086 perditionis
565 4013 803 4079 occasio,
838 4012 1087 4067 informis
1142 4012 1392 4067 videlicet
1441 4012 1494 4066 in
1522 4012 1630 4065 fide

28 4108 384 4170 Christianis,
418 4105 510 4174 qui
551 4119 674 4158 cum
720 4103 906 4158 vident
953 4104 1123 4157 bonos
1164 4104 1405 4157 adversis
1434 4102 1625 4166 deteri,

28 4201 202 4254 malos
237 4208 428 4253 autem
460 4196 734 4265 prosperis
768 4195 1027 4260 favorari,
1051 4194 1216 4249 Deum
1251 4195 1333 4249 vel
1360 4194 1424 4248 de
1442 4192 1628 4263 iudicii

29 4290 324 4359 iniquitate
356 4285 697 4351 insimulant,
726 4283 815 4337 vel
859 4284 1093 4337 humana
1145 4284 1260 4338 lucc
1306 4300 1411 4337 non
1437 4300 1630 4339 curare

1802 3264 1901 3319 llic
1923 3264 2174 3319 interitus
2194 3264 2476 3344 prmsenlis
2499 3264 2632 3319 lucis
2656 3266 2887 3334 privatio
2908 3275 2992 3321 est
3012 3267 3314 3336 animaeque

1728 3356 1981 3424 perditio,
2012 3372 2173 3425 quam
2216 3358 2410 3410 anima:
2454 3357 2613 3410 simul
2666 3366 2719 3411 et
2766 3360 3007 3427 corporis
3036 3360 3314 3412 damnatio

1731 3448 2109 3516 subscquetur,
2145 3449 2232 3501 ubi
2275 3448 2372 3512 illi,
2411 3442 2520 3516 qui
2546 3446 2687 3501 beati
2717 3449 2806 3504 hic
2828 3465 2979 3503 vana:
3008 3450 3156 3519 pacis
3187 3464 3312 3503 suc-

1730 3537 1975 3590 cessibus
1997 3520 2338 3598 videbantur,
2363 3534 2472 3604 jam
2499 3551 2623 3590 vere
2653 3536 2832 3591 miseri
2864 3552 3049 3606 pacem
3072 3546 3313 3606 quaerent

1730 3637 1787 3680 ct
1813 3642 1915 3681 non
1945 3628 2221 3681 invenient
2247 3644 2365 3682 eam
2386 3629 2527 3698 apud
2550 3642 2626 3693 se,
2646 3629 2745 3683 huc
2774 3629 2944 3693 est,in
2971 3640 3164 3683 natura
3186 3644 3315 3698 pro-

1729 3720 1846 3789 pria
1885 3720 2202 3774 certaminis
2248 3723 2460 3791 passuri
2496 3721 2830 3784 molestiam,
2868 3738 2972 3791 qua
3008 3723 3226 3792 gravior
3259 3731 3317 3779 et

1731 3813 1969 3867 amarior
2015 3824 2250 3883 nequeat
2288 3816 2535 3886 cogitari.
2572 3814 3004 3871 ‘lrremcdiabilis
3046 3818 3188 3871 enim
3238 3817 3315 3871 ibi

1730 3905 1846 3959 rixa
1876 3920 2050 3974 ptenm
2079 3916 2133 3960 et
2162 3900 2361 3972 carnis,
2393 3908 2806 3961 interminabilis
2829 3923 3003 3978 pugna
3035 3909 3236 3962 doloris
3260 3916 3316 3963 et

1730 3999 1999 4067 corporis,
2026 3998 2117 4052 ubi
2151 4002 2328 4067 passio
2364 3999 2441 4052 sic
2478 4008 2703 4064 natura,
2745 4000 2824 4054 sic
2865 4010 3053 4054 natura
3088 4000 3313 4055 adversa

1732 4094 1816 4142 est
1845 4086 2104 4156 passioni,
2138 4095 2195 4140 ut
2238 4087 2456 4151 nullius,
2505 4104 2692 4141 eorum
2723 4089 2948 4143 victoria
2988 4082 3109 4143 talis
3137 4089 3311 4144 collu-

1733 4178 1900 4231 ctatio
1926 4177 2193 4247 sopiatur,
2221 4177 2310 4229 ubi
2336 4192 2454 4229 cum
2483 4178 2594 4247 ipsa
2626 4188 2818 4231 natura
2849 4180 3092 4248 corporis
3114 4180 3194 4233 vis
3217 4182 3314 4234 do-

1734 4269 1865 4323 loris
1886 4270 1966 4323 sic
1992 4276 2184 4333 certat,
2209 4269 2290 4322 sic
2321 4268 2496 4338 litigat
2519 4275 2578 4321 ut
2602 4268 2831 4322 altermu
2854 4269 3007 4323 alteri
3039 4286 3312 4339 nunquam

28 4358 454 4452 magphemam,
526 4377 592 4430 de
651 4375 849 4446 quibus
918 4374 1212 4459 ιοηυυηιυιο
1274 4374 1565 4430 proverbia
1611 4390 1625 4428 ε
1658 4391 1707 4449 D
1735 4363 1913 4416 cedat.
1941 4360 2039 4415 Hic
2059 4361 2203 4415 enim
2228 4361 2445 4429 quando
2470 4358 2769 4428 hujusmodi
2791 4358 3073 4416 conﬂictus
3093 4371 3199 4427 est,
3222 4371 3316 4417 aut

37 4496 54 4527 ‹
89 4476 322 4532 Aversio
351 4471 704 4544 parvulorum
732 4467 1022 4523 interficiet
1052 4482 1166 4534 cos,
1201 4478 1255 4524 et
1300 4470 1631 4540 prosperitas

33 4570 328 4624 stultorum
359 4565 552 4636 perdet
577 4576 692 4617 eos.
735 4581 755 4613 ι
794 4560 1008 4615 Homini
1038 4570 1221 4615 autem
1270 4562 1411 4616 hanc
1437 4576 1628 4631 pacem

33 4659 255 4714 habenti
284 4658 451 4713 nimis
481 4662 563 4709 est
589 4668 776 4708 amara
802 4652 992 4706 mortis
1019 4653 1302 4718 memoria,
1312 4653 1464 4722 juxta
1486 4654 1628 4722 quod

35 4748 269 4819 Sapiens
310 4747 382 4801 ad
413 4746 585 4815 ipsam
616 4751 844 4796 mortem
893 4741 1090 4812 legitur
1130 4742 1480 4796 exclamare:
1520 4760 1538 4792 ι
1585 4740 1630 4797 Ο

36 4854 205 4905 mors,
240 4836 442 4907 inquit,
473 4849 507 4887 ο
531 4847 699 4896 mors,
732 4846 893 4901 quam
928 4847 1112 4887 amara
1139 4844 1222 4887 est
1252 4834 1510 4887 memoria
1540 4844 1626 4888 tua

40 4929 242 4982 bomini
274 4941 470 4999 pacem
498 4922 720 4977 habenti
775 4923 828 4977 in
877 4922 1197 4978 substantiis
1243 4924 1383 4978 suis!
1424 4945 1444 4977 ι
1477 4922 1630 4978 Sicut

40 5029 258 5074 econtra
290 5019 384 5088 qui
420 5018 564 5071 hanc
596 5030 805 5085 pacem,
825 5014 876 5068 id
907 5023 991 5068 est
1013 5015 1193 5069 carnis
1215 5015 1627 5085 prosperitatem
1682 5078 1685 5081 _

42 5112 172 5177 odit,
204 5112 503 5183 adventum
538 5108 726 5162 mortis
759 5106 950 5176 diligit.
1001 5108 1077 5162 De
1109 5108 1304 5176 quibus
1333 5108 1416 5161 vir
1450 5106 1629 5177 justus

46 5205 174 5259 dicit
204 5218 374 5275 agens
423 5204 491 5257 de
540 5201 625 5255 his
673 5200 764 5269 qui
812 5208 1160 5265 spontaneam
1208 5200 1401 5254 animae
1431 5201 1629 5254 amari-

50 5299 288 5353 tudinem
346 5298 629 5369 patiuntur
675 5310 689 5346 :
756 5310 775 5343 t
835 5291 935 5359 Qui
996 5301 1348 5361 exspectant,
1403 5293 1627 5363 inquit,

51 5402 310 5459 mortem,
354 5400 410 5445 et
463 5403 569 5442 non
618 5385 798 5448 venit,
840 5383 996 5453 quasi
1036 5381 1349 5438 effodientes
1408 5385 1625 5438 thesau-

56 5497 170 5536 rum
193 5524 208 5547 ,
250 5482 599 5554 gaudentque
632 5477 1006 5540 vehementer,
1044 5488 1164 5527 cum
1206 5475 1512 5529 invenerint
1541 5489 1627 5529 sc-

59 5573 319 5640 pnlcrum.
352 5595 372 5627 ι

1735 4454 1921 4509 dolore
1947 4456 2200 4509 vincente
2230 4468 2446 4507 sensum
2477 4453 2665 4507 adimit
2694 4469 2861 4518 mors,
2883 4464 2975 4508 aut
3001 4465 3193 4511 natura
3224 4472 3315 4512 su-

1740 4558 1962 4618 perante
1978 4548 2219 4603 dolorem
2250 4546 2585 4617 wgritudinis
2608 4546 2879 4602 restitutio
2907 4540 3149 4602 eliminat
3168 4544 3311 4620 [cod.

1740 4639 1952 4705 Bamb.,
1980 4637 2269 4709 delimitat]
2303 4638 2570 4692 sanitatis.
2610 4637 2685 4692 lbi
2713 4647 2892 4692 autem
2924 4647 2979 4692 et
3007 4638 3160 4692 dolor
3184 4650 3312 4707 per-

1740 4738 1943 4793 manet,
1988 4739 2048 4784 ut
2093 4728 2320 4799 afﬂigat;
2361 4738 2415 4783 et
2455 4738 2649 4783 natura
2674 4731 2949 4800 perdurat,
2991 4737 3052 4782 ut
3092 4729 3313 4796 sentiat,

1737 4823 1866 4892 quia
1894 4830 2185 4890 utrumque
2212 4820 2330 4875 ideo
2359 4837 2466 4876 non
2497 4822 2855 4886 consumitur,
2883 4836 2950 4875 ne
2973 4835 3133 4891 poena
3164 4820 3318 4876 finia-

1738 4925 1848 4979 tur,
1878 4915 2031 4985 juxta
2066 4913 2208 4985 quod
2241 4915 2499 4984 scriptum
2526 4923 2609 4970 est
2635 4914 2887 4984 quoniam
2921 4931 2940 4965 ι
2973 4912 3239 4971 laborabit
3260 4914 3314 4969 in

1736 5018 1997 5062 aeternum
2028 5016 2084 5063 et
2113 5007 2256 5061 vivet
2282 5008 2334 5063 in
2368 5007 2551 5062 finem.
2587 5025 2606 5057 ι
3046 5063 3059 5074 ,

1806 5098 1977 5168 llujus
1996 5107 2104 5153 tam
2128 5099 2314 5154 divisa:
2340 5114 2499 5167 quam
2529 5096 2713 5151 invisa:
2737 5097 3091 5151 dissensionis
3115 5096 3317 5151 malum

1738 5200 1929 5245 notare
1954 5190 2216 5245 Dominus
2240 5189 2467 5244 forsitan
2492 5188 2663 5243 voluit
2691 5188 2832 5257 apud
2863 5188 3056 5241 Isaiam
3085 5188 3183 5257 (2).
3216 5188 3316 5242 «Et

1738 5283 1997 5353 pugnabit
2042 5283 2127 5337 vir
2177 5289 2367 5336 contra
2415 5279 2638 5333 fratrem
2686 5294 2866 5345 suum,
2912 5287 2968 5333 et
3012 5278 3097 5331 vir
3125 5288 3316 5333 contra

1739 5376 1972 5429 amicum
2002 5389 2180 5436 suum,
2204 5381 2258 5426 et
2284 5373 2479 5426 civitas
2503 5372 2761 5426 adversus
2788 5371 3086 5433 civitatem,
3116 5379 3171 5425 et
3208 5370 3318 5423 dis-

1740 5478 2019 5537 rumpctur
2072 5465 2295 5534 spiritus
2324 5463 2544 5534 IEgypti
2586 5463 2638 5517 in
2678 5463 2976 5517 visceribus
3004 5461 3138 5530 ejus.
3176 5481 3193 5512 ι
3235 5462 3316 5515 Ad

1742 5560 1895 5630 cujus
1924 5559 1998 5613 rei
2035 5556 2352 5627 mysterium
2397 5565 2453 5609 et
2501 5555 2628 5609 illud
2673 5555 2885 5625 prolicit
2911 5553 3053 5624 quod
3080 5552 3318 5611 Joannes

131 5706 207 5775 (ἓ)
245 5706 543 5777 Sequentia
573 5702 755 5762 omnia
790 5713 967 5770 usque
1002 5698 1070 5755 ad
1114 5717 1180 5758 ea
1219 5704 1401 5770 verba,
1429 5702 1493 5757 de
1521 5698 1721 5757 crudeli
1752 5714 1895 5754 servo
1923 5697 2075 5764 dixit,
2106 5704 2237 5763 ctc.,
2261 5694 2457 5752 desunt
2486 5694 2536 5750 in
2561 5694 2680 5750 cod.
2712 5691 2864 5750 Bam.

782 6226 795 6249 \
