3902 6316
497 340 636 400 1607

494 551 587 605 bat
615 563 779 619 super
822 561 1021 617 equum
1068 544 1269 609 rufum,
1305 543 1512 598 scilicet
1550 543 1808 604 Christo,
1851 541 1943 610 qui
1972 542 2076 595 hn-

495 657 655 697 maua
693 656 860 696 carne
893 638 1079 693 vestiri
1105 636 1293 700 voluit,
1338 635 1434 697 illi,
1480 637 1723 706 inquam,
1760 634 1945 688 datum
1972 642 2075 696 est,

492 747 549 790 nt
585 742 825 789 sumeret
844 745 1033 803 pacem
1057 730 1121 785 de
1148 737 1293 783 terra
1319 735 1375 782 et
1397 727 1630 781 invicem
1660 740 1719 780 se
1751 724 2080 779 interliciant

496 827 765 889 homines,
780 832 834 879 et
854 824 1013 877 datus
1033 830 1117 875 est
1137 820 1188 874 ei
1214 818 1425 888 gladius
1456 832 1703 887 magnus.
1735 816 1886 870 Hanc
1910 814 2080 885 )Egy-

494 914 730 984 ptiorum
757 926 968 982 pacem,
1006 925 1168 980 quam
1197 908 1316 979 ipse
1343 907 1605 963 Dominus
1630 916 1757 962 ante
1782 906 2082 961 diremerat

493 1020 592 1073 per
620 1003 911 1075 apostolos,
943 1010 1133 1072 postea
1163 999 1398 1055 divortio
1436 1012 1547 1052 non
1591 998 1801 1052 minore
1832 995 2076 1066 disiecit;

498 1116 517 1149 ι
548 1097 696 1152 misit
721 1096 948 1167 sagittas
979 1107 1106 1148 suas
1133 1100 1189 1147 et
1217 1090 1651 1161 dissipavitveos,
1677 1089 1893 1160 fulgura
1933 1087 2075 1142 mul-

492 1187 775 1257 tiplicavit,
812 1182 1163 1240 conturbavit
1183 1195 1298 1246 eos,
1328 1199 1348 1233 ι
1381 1179 1523 1234 sicut
1547 1180 1600 1233 in
1631 1194 1742 1233 uno
1767 1193 1979 1241 eorum,
2004 1177 2081 1230 vi-

492 1280 688 1335 delicet
732 1278 920 1343 Paulo,
945 1276 1130 1332 licebit
1154 1273 1562 1343 advertere,qui
1591 1271 1747 1342 huius
1772 1273 1968 1340 iniqua:
1985 1285 2083 1339 pa-

493 1372 574 1427 cis
597 1372 967 1434 concordiam,
993 1367 1135 1423 sicut
1162 1367 1215 1421 in
1240 1366 1419 1421 Gestis
1440 1364 1804 1435 apostolorum
1829 1363 2076 1433 legimus,

494 1463 893 1532 sapientissimo
913 1460 1225 1515 calliditatis
1257 1467 1582 1531 argumento
1602 1457 1864 1512 dissolvit.
1886 1455 2080 1510 Sciens

492 1557 636 1611 enim
670 1554 809 1625 quod
839 1552 1279 1624 persequentium
1304 1567 1364 1607 se
1389 1567 1495 1605 una
1514 1566 1642 1621 pars
1659 1550 2078 1605 Sadducaeorum

492 1649 769 1712 existeret,
804 1646 971 1699 altera
1006 1643 1423 1705 Pbarismorum,
1468 1641 1796 1698 exclamavit
1838 1641 1893 1695 in
1942 1655 2080 1695 con-

492 1740 620 1796 cilio
650 1758 662 1792 :
688 1758 705 1789 ‹
736 1739 849 1793 Viri
884 1739 1101 1803 fratres,
1131 1754 1230 1810 ego
1258 1736 1566 1791 Pharisacus
1591 1750 1734 1799 sum,
1770 1733 1911 1787 filius
1932 1732 2073 1787 Pha-

1928 331 2161 391 BUFINI
2200 330 2507 389 EPISCOPl

384 522 397 531 ί
494 461 549 515 in
577 454 857 528 apertione
883 452 1108 510 secundi
1138 451 1298 524 sigilli
1331 450 1489 517 vidit,
1516 452 1642 521 quia
1679 450 1752 504 illi
1796 449 1886 519 qui
1919 449 2073 503 sede-
2103 453 2147 510 Α
2179 449 2254 501 ait
2290 464 2302 500 :
2342 467 2361 499 ι
2400 448 2507 501 Pax
2542 447 2707 501 multa
2740 446 3087 516 diligentibus
3116 443 3292 514 legem
3327 450 3497 507 tuam,
3524 441 3741 511 Domine,

3622 331 3739 388 reos

2177 549 2236 593 et
2263 556 2367 592 non
2395 550 2479 594 est
2501 538 2603 593 illis
2633 539 2966 593 scandalum.
2996 557 3016 589 ι
3043 536 3143 593 Ubi
3181 551 3283 605 per
3310 534 3617 590 scandalum
3637 550 3749 591 euu-

2179 631 2420 685 scientiae
2468 629 2850 684 offendiculum
2884 629 3084 684 debere
3135 626 3365 696 intelligi
3415 625 3590 679 nullus
3635 628 3750 680 divi.

2178 712 2384 777 norum
2431 722 2642 793 peritus
2674 722 3010 776 voluminum
3060 719 3359 791 ignorabit.
3394 719 3547 772 Tunc
3592 729 3750 774 autem

2180 815 2348 869 multa
2367 824 2455 870 est
2475 830 2581 885 pax
2613 814 2784 886 legem
2808 814 2903 869 Dei
2925 813 3301 883 diligentibus,
3318 825 3447 865 cum
3476 824 3577 863 non
3604 810 3754 865 solum

2180 923 2278 977 pro
2336 908 2662 963 innocentiae
2707 907 2851 961 bono
2893 906 3073 961 securi
3112 912 3239 960 sunt
3286 917 3319 957 a
3354 901 3642 971 supplicio.
3676 904 3755 957 sed

2180 996 2347 1051 etiam
2381 1011 2480 1066 pro
2507 996 2726 1052 virtutis
2758 997 2953 1051 merito
2990 993 3099 1049 latti
3137 992 3426 1063 praemium
3458 991 3757 1060 praestolan-

2182 1098 2291 1144 tur.
2308 1088 2480 1157 Quam
2505 1105 2694 1160 pacem
2718 1088 2918 1144 Paulus
2937 1086 3357 1143 Colossensibus
3382 1085 3628 1155 optabat,
3650 1099 3755 1139 cum

2180 1183 2388 1240 diceret
2415 1201 2429 1238 :
2466 1203 2486 1237 ‹
2532 1184 2599 1238 Ει
2643 1198 2749 1255 pax
2779 1182 3009 1246 Christi,
3050 1199 3070 1232 ι
3102 1180 3158 1235 id
3184 1188 3303 1244 est,
3335 1193 3503 1249 quam
3535 1177 3758 1234 Christus

2182 1275 2373 1330 habuit
2397 1284 2453 1329 et
2497 1275 2645 1329 dedit
2688 1273 2925 1337 habere,
2959 1291 2979 1324 ‹
3008 1268 3247 1326 exsultet
3288 1270 3344 1324 in
3390 1267 3648 1323 cordibus
3677 1283 3758 1322 ve-

2181 1364 2331 1420 SIris.
2349 1383 2370 1417 ι
2400 1363 2551 1420 lianc
2577 1379 2765 1435 pacem
2793 1363 2921 1418 mali
2945 1378 3050 1418 non
3078 1364 3307 1427 habent,
3330 1375 3477 1431 quos
3510 1374 3610 1414 nec
3636 1358 3758 1414 bona

2180 1458 2517 1513 conscientia
2549 1457 2654 1513 sibi
2687 1456 2984 1521 conciliat,
3017 1472 3119 1512 nec
3160 1456 3365 1511 mentis
3411 1453 3757 1526 tranquillitas

2181 1558 2420 1603 serenat.
2460 1548 2564 1605 Pro
2592 1548 2749 1619 cuius
2774 1549 3022 1603 absentia
3060 1548 3211 1618 pacis
3240 1555 3511 1614 peccator
3536 1546 3689 1600 simul
3714 1554 3759 1601 et

2183 1638 2453 1708 pmnitens
2482 1638 2826 1710 ingemiscit:
2860 1656 2878 1689 ι
2914 1636 3027 1691 Non
3055 1644 3162 1700 est,
3194 1634 3399 1704 inquit,
3433 1648 3544 1703 pax
3570 1634 3757 1689 ossibus

2185 1732 2323 1787 meis
2343 1748 2372 1786 a
2404 1732 2543 1786 facie
2569 1740 2918 1802 peccatorum
2945 1745 3214 1785 meorum.
3239 1748 3259 1782 ›
3280 1728 3389 1784 Ubi
3421 1742 3522 1798 per
3548 1742 3669 1782 ossa
3688 1743 3761 1782 ua-

497 1831 800 1884 risarorum.
848 1828 922 1884 De
961 1844 1054 1899 spe
1083 1839 1136 1884 et
1166 1829 1568 1884 resurrectione
1610 1840 1709 1896 ego
1748 1824 1982 1894 iudicor.
2016 1825 2082 1879 Et
2114 1813 2160 1874 Β
2186 1825 2390 1880 turales
2418 1825 2617 1879 animae
2643 1825 2893 1889 virtutes,
2942 1838 3062 1895 qua:
3105 1823 3279 1879 fortes
3319 1828 3521 1877 contra
3565 1832 3753 1891 peccata

490 1935 612 1974 cum
653 1921 755 1975 hoc
799 1920 1047 1984 dixisset,
1092 1919 1235 1974 facta
1264 1929 1349 1975 est
1377 1917 1643 1973 dissensio
1686 1918 1828 1972 inter
1854 1916 1994 1981 illos,
2026 1925 2082 1970 et

490 2010 662 2065 soluta
691 2020 772 2067 est
798 2011 1106 2066 multitudo.
1135 2011 1420 2067 Sadducazi
1450 2014 1594 2068 enim
1621 2027 1725 2065 non
1743 2010 1929 2065 dicunt
1959 2024 2080 2064 esse

492 2103 975 2168 resurrectionem,
1024 2120 1201 2175 neque
1249 2105 1524 2175 angelum,
1575 2117 1751 2173 neque
1795 2101 2069 2173 spiritum.

491 2194 750 2250 Pharisaei
780 2205 962 2251 autem
996 2192 1286 2267 utrumque
1323 2195 1581 2252 fatentur.
1618 2214 1636 2247 ι
1673 2194 1817 2249 Ecce
1847 2193 2083 2263 qualiter

492 2287 559 2339 ad
589 2286 895 2353 hujusmodi
928 2302 1111 2342 vocem
1146 2286 1294 2341 Pauli
1335 2295 1524 2342 contra
1559 2285 1788 2340 invicem
1816 2282 2080 2354 reprobo-

491 2392 611 2430 rum
645 2379 804 2432 turba
836 2378 1192 2448 disiungitur,
1229 2377 1523 2432 concilium
1559 2376 1885 2446 dissipatur;
1922 2374 2081 2428 dum-

501 2483 608 2537 que
637 2468 689 2521 in
716 2469 850 2522 duas
878 2477 1060 2539 partes
1091 2468 1531 2522 tumultuantium
1561 2467 1849 2521 multitudo
1878 2466 2081 2536 dispel-

501 2560 656 2623 litur,
690 2560 860 2615 Paulo
898 2561 1158 2616 evadendi
1201 2560 1431 2615 facultas
1463 2561 1725 2630 aperitur.
1766 2559 2085 2631 Eripiuntur

490 2652 638 2707 enim
665 2650 820 2718 justi,
851 2652 977 2706 dum
1008 2649 1325 2706 dividuntur
1359 2649 1566 2720 iniusti.
1596 2650 1830 2720 Propter
1854 2649 1999 2720 quod
2027 2658 2084 2705 et

490 2743 545 2797 in
582 2742 719 2796 mari
757 2740 962 2807 Rubro,
991 2742 1118 2796 dum
1153 2742 1207 2795 in
1239 2742 1377 2796 duas
1408 2734 1593 2811 partes
1628 2742 1773 2795 unda
1802 2740 2081 2806 dividitur,

489 2833 786 2890 electorum
812 2834 1009 2903 populo
1037 2833 1103 2888 ad
1135 2842 1339 2887 terram
1371 2830 1752 2902 promissionis
1776 2831 1880 2886 iter
1907 2830 2083 2901 expli-

490 2936 667 2980 catur.

562 3016 689 3070 Inde
722 3025 802 3070 est
860 3014 1002 3085 quod
1029 3014 1139 3079 ille,
1168 3015 1258 3084 qui
1290 3013 1558 3086 elongavit
1584 3014 1818 3084 fugiens,
1846 3022 1974 3068 tunc
1992 3013 2086 3068 de-

492 3123 641 3162 mum
674 3122 733 3161 se
780 3108 990 3161 salvum
1041 3106 1156 3160 fieri
1201 3122 1228 3159 a
1270 3114 1593 3175 tempestate
1627 3113 1829 3174 sperat,
1863 3105 1907 3159 si
1945 3104 2085 3159 male

2186 1930 2308 1973 esse
2339 1916 2655 1981 debuerant,
2684 1916 3004 1970 innuuntnr.

2260 2005 2367 2061 Sed
2396 2020 2560 2075 quam
2592 2022 2786 2076 magna
2826 2005 3113 2060 multitudo
3150 2019 3412 2075 superna:
3460 2003 3754 2070 dulcedinis,

2187 2113 2350 2169 quam
2369 2105 2618 2167 prompta
2646 2099 2856 2153 viscera
2882 2098 3078 2152 divinm
3101 2096 3327 2167 pietatis
3347 2096 3362 2148 !
3384 2094 3621 2149 Tantum
3641 2096 3762 2149 enim

2185 2192 2335 2261 pacis
2369 2190 2719 2256 beneficium,
2748 2192 2892 2262 quod
2933 2207 3032 2261 per
3074 2190 3275 2245 multas
3308 2188 3520 2243 diaboli
3564 2188 3756 2244 insidias

2184 2289 2449 2353 peccator
2476 2280 2809 2351 perdiderat,
2834 2299 2932 2353 per
2954 2298 3115 2337 unam
3152 2282 3340 2337 cordis
3370 2281 3759 2351 compunctum-
3847 2312 3857 2325 -

2185 2374 2365 2429 culam
2397 2372 2541 2445 [cod.
2580 2374 2739 2445 Teg.,
2781 2390 2880 2445 per
2907 2391 3072 2429 unum
3122 2375 3309 2430 cordis
3350 2376 3644 2444 compuncti
3667 2390 3753 2429 su-

2184 2465 2457 2539 spirium],
2483 2468 2582 2536 per
2608 2483 2771 2522 unam
2795 2469 3075 2523 oculorum
3107 2466 3474 2540 lacrymulam
3495 2468 3763 2535 reconqui-

2184 2558 2275 2613 rit.
2303 2559 2382 2612 Ad
2411 2560 2554 2629 quod
2581 2560 3062 2614 demonstrandum
3091 2559 3219 2613 illud
3252 2558 3322 2614 de
3358 2559 3645 2628 Evaqgelio
3667 2573 3762 2613 no-

2184 2652 2270 2707 bis
2300 2650 2534 2706 suliiciat
2575 2666 2673 2722 pro
2704 2651 2971 2720 exemplo.
3004 2650 3145 2718 Quid
3189 2650 3340 2706 enim
3389 2650 3463 2705 ibi
3494 2651 3771 2715 peccatrici

2185 2743 2403 2800 femina:
2453 2744 2521 2799 de
2570 2745 2676 2799 hac
2726 2759 2863 2815 pace
2905 2744 3107 2799 dictum
3138 2744 3261 2799 est?
3303 2745 3586 2814 quomodo
3622 2743 3771 2812 legis?

2185 2838 2424 2909 qualiter
2458 2838 2561 2893 sibi
2589 2838 2875 2908 pmnitenti
2915 2853 2945 2891 a
2976 2838 3203 2892 Domino
3233 2851 3560 2906 responsum
3596 2836 3770 2890 audis?

2193 2948 2211 2979 ε
2241 2928 2423 2992 Fides,
2448 2928 2545 2992 ait,
2570 2928 2706 2983 fides
2730 2938 2822 2982 tua
2852 2938 2903 2982 te
2929 2927 3131 2982 salvam
3156 2926 3314 2992 fecit,
3336 2928 3473 2982 vade
3508 2928 3565 2980 in
3597 2941 3754 2995 pacet

2185 3020 2298 3075 Pax
2337 3022 2438 3075 ista
2471 3038 2500 3074 a
2527 3036 2661 3091 pace
2688 3021 2777 3075 illa
2811 3021 3095 3081 malorum,
3142 3037 3176 3076 o
3220 3030 3489 3091 quantum
3524 3020 3763 3089 disiungi-

2190 3114 2316 3166 tur?
2343 3129 2508 3183 quam
2538 3114 2812 3167 contraria
2845 3113 3149 3169 differentia
3191 3116 3260 3168 ab
3307 3113 3456 3169 illius
3503 3114 3650 3183 pacis
3673 3130 3758 3165 na-

492 3198 758 3254 conlluam
788 3200 1050 3252 unitatem
1068 3197 1205 3252 Deus
1236 3198 1478 3253 dividat:
1505 3217 1523 3250 ι
1554 3198 1975 3269 Exspectabam,
2000 3198 2083 3253 in-
2110 3179 2155 3240 C
2190 3212 2310 3259 tura
2342 3179 2671 3273 separatur?
2714 3205 2805 3258 llla
2845 3206 2987 3259 enim
3020 3221 3126 3274 pax
3156 3179 3634 3268 tumultuosi—est,
3665 3204 3765 3257 ba-c

495 3293 635 3362 quit,
666 3307 812 3354 eum,
851 3292 943 3361 qui
970 3306 1055 3346 me
1078 3291 1283 3346 salvum
1318 3289 1525 3346 faceret
1548 3307 1576 3345 a
1604 3290 1795 3362 pusillo
1822 3291 2004 3346 animo
2029 3299 2084 3347 et

494 3396 837 3456 tempestate.
874 3406 890 3435 ο
910 3385 1064 3453 Quod
1095 3394 1153 3439 ut
1183 3384 1293 3451 fiat,
1319 3405 1336 3437 ι
1363 3385 1661 3455 praecipita,
1695 3386 1940 3451 Domine,
1964 3399 2079 3450 eos,

492 3492 548 3535 et
572 3482 784 3551 linguas
810 3494 999 3534 eorum
1031 3479 1229 3541 divide,
1269 3496 1287 3529 ›
1323 3478 1462 3532 sicut
1490 3477 1789 3548 gigantum,
1814 3492 1950 3546 quos
1974 3476 2079 3548 [ut]

492 3574 867 3645 prmdiximus,
883 3572 1026 3626 labia
1052 3570 1305 3626 divisisti.
1335 3569 1399 3623 Et
1423 3570 1489 3626 de
1509 3569 1715 3625 crudeli
1742 3584 1902 3623 servo
1923 3570 2079 3634 dixit,

492 3666 619 3735 quia
658 3663 909 3717 videlicet
968 3680 985 3713 ε
1024 3663 1203 3715 veniet
1245 3660 1506 3715 Dominus
1536 3659 1681 3715 servi
1731 3658 1874 3713 illius
1904 3660 1957 3713 in
1996 3659 2084 3714 die

494 3772 597 3824 qua
627 3771 730 3808 non
756 3762 962 3822 sperat,
989 3760 1043 3806 et
1074 3752 1204 3805 hora
1262 3766 1368 3820 qua
1399 3750 1574 3805 nescit
1599 3760 1653 3804 et
1675 3749 1875 3805 dividet
1898 3765 2079 3804 euth

496 3846 649 3900 Tunc
676 3845 820 3899 enim
851 3860 1084 3912 nequam
1114 3858 1303 3897 servus
1344 3843 1486 3911 apud
1519 3857 1579 3897 se
1608 3841 1861 3896 videlicet
1890 3841 2085 3895 dividi-

498 3944 606 3999 tur,
636 3949 758 3988 cum
789 3946 886 4002 per
914 3932 1135 3986 diversa
1164 3931 1555 4001 contrariaque
1584 3930 1930 4000 discerpitur,
1958 3945 2083 3985 cum

498 4025 552 4079 in
605 4022 833 4078 infernis
860 4033 915 4076 et
963 4023 1245 4079 moriendo
1288 4037 1502 4093 semper
1537 4022 1721 4077 vivere
1766 4032 1822 4077 et
1850 4021 2084 4077 vivendo

496 4133 712 4188 semper
760 4117 896 4172 mori
948 4116 1286 4172 miserrimus
1324 4125 1650 4187 courgetur,
1694 4116 1859 4187 ﬁtque
1900 4116 2002 4172 hoc
2032 4117 2081 4172 ei

496 4210 888 4265 intolerabilius
915 4210 982 4265 de
1014 4220 1209 4276 morte,
1240 4210 1384 4282 quod
1416 4210 1535 4279 ipsa
1569 4225 1718 4289 mors
1760 4225 1973 4281 semper
2003 4218 2086 4266 est

496 4302 612 4358 sine
641 4312 835 4357 morte.

530 4413 660 4469 Car.
686 4412 805 4468 XV.
850 4445 922 4455 —
961 4413 1038 4467 De
1060 4430 1188 4483 pace
1227 4412 1575 4477 conscientia,
1612 4429 1769 4482 quam
1812 4414 1897 4469 hic
1928 4415 2050 4469 boni

1126 4485 1409 4554 possident.

567 4574 645 4630 De
685 4591 817 4646 pace
855 4592 1017 4647 quam
1060 4577 1188 4630 mali
1238 4576 1438 4631 habent
1468 4575 1609 4645 apud
1641 4591 1721 4642 se,
1758 4577 2084 4633 documento

499 4666 819 4737 praeposito,
844 4668 958 4735 jam
993 4668 1058 4722 de
1091 4681 1225 4737 pace
1254 4667 1539 4733 bonorum,
1579 4667 1629 4721 id
1666 4678 1750 4722 est
1775 4684 1937 4739 quam
1964 4670 2085 4738 qui-

499 4755 630 4810 libet
650 4756 828 4826 justus
851 4756 1055 4811 habere
1077 4756 1217 4810 intra
1245 4770 1303 4810 se
1332 4756 1591 4824 creditur,
1620 4758 1929 4812 dissertatio
1959 4760 2086 4814 sub-

491 4848 774 4920 jungatur.
806 4848 941 4903 Huic
974 4849 1124 4920 paci,
1160 4847 1299 4903 sicut
1338 4850 1732 4920 praemisimus,
1792 4850 1929 4905 laeta:
1960 4866 2086 4905 con-

499 4943 742 4997 scientia:
793 4942 1064 4997 securitas
1137 4940 1349 4995 titulqu
1403 4940 1724 5011 laudemque
1784 4944 2081 5012 dispensat.

499 5031 646 5086 Lmta
675 5040 854 5085 autem
882 5042 1013 5086 tunc
1042 5045 1166 5086 vere
1192 5039 1275 5085 est
1300 5030 1651 5097 conscientia,
1678 5047 1799 5085 cum
1827 5032 1896 5096 ei,
1924 5046 2083 5100 quem

501 5125 742 5180 defendit
776 5126 1061 5189 acerrime,
1099 5121 1374 5178 blanditur
1406 5120 1568 5176 etiam
1607 5122 1672 5176 de
1711 5123 1930 5177 virtute.
1968 5121 2083 5177 Non

500 5218 645 5271 enim
676 5216 793 5270 laeta
822 5215 1168 5271 conscientia:
1192 5212 1457 5269 securitas
1478 5223 1582 5278 est,
1606 5214 1981 5286 vituperabilia
2005 5215 2087 5270 fu-

502 5324 647 5377 gere,
674 5309 726 5361 ni
766 5318 821 5363 et
861 5308 929 5362 ad
959 5306 1249 5361 laudabilia
1278 5306 1519 5362 studium
1561 5308 1909 5363 accendatur.
1948 5306 2084 5362 Nam

502 5410 561 5452 ut
590 5400 809 5465 dicitur,
853 5399 1129 5455 abstinere
1166 5412 1197 5451 a
1239 5397 1380 5452 malo
1422 5398 1557 5454 vitat
1595 5414 1835 5468 poenam,
1882 5400 2085 5454 bonum

502 5488 683 5546 facere
728 5499 967 5545 meretur
1003 5488 1258 5560 palmam.
1302 5490 1454 5557 Quod
1495 5491 1843 5546 conscientia:
1876 5490 2089 5547 blandi-

502 5592 747 5637 mentum
769 5592 1026 5653 expertus
1048 5582 1241 5646 fuerat,
1257 5584 1346 5653 qui
1377 5584 1622 5639 dicebat:
1647 5604 1666 5636 ‹
1690 5583 1873 5640 Gloria
1896 5593 2084 5642 nostra

504 5675 621 5731 inec
651 5683 735 5729 est
764 5676 1135 5731 testimonium
1159 5676 1506 5731 conscientia:
1528 5686 1749 5733 nostrte.
1789 5696 1809 5731 ι

577 5770 654 5826 De
684 5769 784 5824 hac
818 5785 954 5838 pace
983 5769 1330 5827 conscientia:
1374 5770 1604 5840 loquens
1646 5769 2087 5845 Psalmigraphus

2185 3297 2405 3366 quieta;
2443 3296 2530 3349 ilia
2562 3296 2779 3361 vanida,
2813 3297 2931 3351 ha’c
2972 3297 3215 3362 sincera;
3264 3296 3355 3351 illa
3401 3298 3623 3360 tristior,
3658 3297 3767 3350 [ηερε

2191 3385 2522 3455 iucundior;
2569 3386 2659 3441 illa
2702 3388 2939 3459 trepida,
2976 3389 3093 3443 bzec
3126 3403 3355 3454 secura;
3412 3390 3629 3459 denique
3677 3388 3771 3443 illa

2184 3486 2447 3532 aeternum
2470 3478 2612 3548 parit
2640 3478 2984 3549 supplicium,
3005 3481 3120 3535 haec
3143 3489 3427 3550 perpetua:
3458 3481 3637 3535 sal-itis
3661 3479 3775 3549 glo-

2192 3567 2331 3622 riam
2369 3569 2527 3624 nobis
2552 3580 2915 3638 promeretur.

2258 3657 2494 3714 Pulchre
2516 3674 2710 3732 pacem
2735 3662 2897 3716 istam
2922 3663 3213 3726 sinceram,
3236 3666 3509 3735 quietam,
3528 3680 3776 3721 securam

2179 3747 2587 3822 iucundamque
2614 3754 2979 3823 prtedixerim.
3014 3755 3156 3810 Nihil
3182 3759 3328 3811 enim
3361 3774 3469 3820 pax
3502 3760 3622 3823 ista,
3649 3760 3779 3813 nihil

2188 3842 2477 3907 vanitatis,
2509 3844 2645 3897 nihil
2690 3844 2856 3899 habet
2902 3846 3206 3901 dolositatis
3244 3850 3565 3904 admistum.
3598 3849 3781 3905 Tcnax

2187 3942 2273 3987 est
2298 3934 2443 3988 enim
2472 3935 2761 3992 sinceritas
2800 3947 2855 3991 et
2895 3938 3146 3993 veritatis
3172 3955 3391 4011 semper
3418 3943 3781 4009 conscientia,

2185 4032 2398 4079 etcum
2442 4023 2661 4080 fallatur
2707 4026 3021 4097 aliquando,
3058 4028 3247 4085 fallere
3299 4039 3483 4086 tamen
3527 4033 3649 4101 ipsa
3682 4050 3780 4087 non

2187 4116 2355 4171 novit.
2400 4116 2529 4173 Inde
2556 4128 2641 4174 est
2672 4122 2815 4189 quod
2857 4122 2943 4175 ille
2974 4123 3065 4191 qui
3094 4123 3300 4180 veritas
3331 4135 3438 4189 est,
3465 4142 3595 4179 cum
3623 4127 3779 4193 iudex

2186 4209 2426 4263 omnium
2462 4210 2737 4275 residebit,
2780 4212 2949 4267 solius
2979 4215 3349 4282 conscientiae,
3387 4231 3512 4285 quae
3554 4219 3775 4272 mentiri

2188 4316 2296 4353 non
2334 4290 2583 4369 'poterit,
2642 4306 3016 4360 testimonium
3064 4309 3403 4378 acceptabit,
3460 4310 3611 4364 sicut
3662 4313 3777 4365 dicit

2186 4391 2509 4461 Apostolus:
2542 4392 2567 4444 ι’
2591 4393 2989 4450 Testimonium
3016 4399 3276 4453 reddente
3302 4399 3411 4454 illis
3438 4402 3774 4456 conscientia

2114 4524 2161 4579 Β
2190 4483 2451 4553 ipsorum.
2486 4503 2505 4538 ι
2544 4484 2735 4552 Quieta
2770 4496 2853 4541 est
2886 4488 2999 4543 haec
3042 4504 3143 4559 pax
3165 4531 3181 4555 ,
3216 4491 3379 4545 nullis
3419 4493 3663 4547 attonita
3697 4510 3777 4545 ru-

2191 4573 2452 4639 moribus,
2485 4575 2649 4631 nullis
2675 4576 2875 4646 agitata
2905 4579 3247 4645 tumultibus,
3274 4580 3439 4635 nullis
3473 4581 3779 4637 afflictioni-

2186 4667 2285 4724 bus
2312 4668 2656 4735 conturbata,
2682 4670 2806 4739 quia
2838 4680 2899 4724 ut
2925 4672 2969 4726 si
3001 4671 3278 4729 tribulatio
3308 4675 3497 4729 carnis
3547 4676 3781 4730 circqu

2186 4778 2343 4818 secus
2376 4764 2676 4834 obstrepat,
2718 4764 2763 4819 si
2796 4766 2983 4819 nmndi
3015 4766 3197 4820 rabies
3228 4765 3538 4822 forinsecus
3573 4772 3779 4831 ξενίαι,

2186 4853 2347 4925 huius
2380 4864 2558 4909 tamen
2599 4871 2882 4937 possessor
2912 4856 3061 4926 pacis
3090 4858 3306 4912 animus
3328 4899 3344 4923 ,
3377 4859 3554 4913 beata:
3585 4862 3782 4929 quietis

2186 4961 2399 5017 semper
2428 4946 2557 5000 otiis
2580 4948 2836 5017 potietur.
2867 4948 3019 5015 Quod
3052 4947 3308 5003 Habacuc
3335 4950 3583 5004 breviter
3614 4954 3782 5006 adnuo

2188 5037 2324 5091 tavit
2346 5038 2560 5092 dicens:
2584 5058 2601 5089 ι
2625 5036 2981 5108 chuiescam
3008 5039 3060 5093 in
3086 5038 3173 5092 die
3198 5040 3569 5095 tribulationis
3593 5058 3744 5096 mem.
3761 5065 3776 5091 ο

2186 5128 2256 5183 Et
2296 5128 2556 5183 Dominus
2597 5130 2664 5183 ad
2710 5130 3049 5199 discipulos:
3084 5151 3100 5182 ι
3135 5128 3284 5195 Ηιιιο,
3330 5132 3529 5202 inquit,
3574 5133 3779 5188 locutus

2188 5236 2308 5276 sum
2333 5221 2507 5285 vobis,
2527 5229 2583 5274 ut
2612 5221 2665 5274 in
2696 5236 2781 5276 me
2808 5237 2997 5290 pacem
3022 5212 3473 5288 habeiatis»,cum
3500 5227 3551 5278 ia
3580 5233 3777 5280 mundo

2188 5329 2496 5383 pressuram
2530 5313 2818 5367 habebitis.
2855 5313 2999 5369 ldem
3044 5330 3262 5385 quoque
3282 5326 3341 5370 et
3375 5317 3637 5371 Micharas
3665 5317 3775 5387 pul-

2188 5406 2320 5460 chro
2354 5405 2586 5476 quodam
2618 5404 2897 5459 schemate
2929 5406 3203 5475 praedixit:
3236 5425 3254 5457 ε
3291 5407 3355 5461 Et
3390 5409 3515 5471 erit,
3563 5409 3767 5477 inquit,

2191 5499 2325 5567 ipse,
2366 5517 2383 5548 ι
2423 5497 2630 5552 scilicet
2676 5499 2964 5562 Dominus,
2997 5518 3015 5551 ‹
3042 5500 3197 5554 nobis
3222 5517 3345 5571 pax,
3369 5501 3630 5572 Assyrius
3656 5521 3771 5555 cum

2188 5589 2398 5642 venerit
2430 5589 2481 5643 in
2515 5598 2717 5643 terram
2749 5597 2991 5643 nostram
3021 5600 3077 5643 et
3106 5592 3400 5646 calcaverit
3435 5593 3488 5646 in
3522 5594 3772 5646 domibus

2190 5681 2411 5735 nostris.
2447 5699 2465 5730 ι
2528 5680 2823 5751 Assyrius,
2876 5681 2969 5750 qui
3016 5680 3205 5737 Latine
3260 5682 3459 5737 dicitur
3514 5700 3769 5753 arguens.

2191 5771 2389 5828 diaboli
2425 5770 2740 5841 pratlormat
2784 5772 3097 5842 imaginem.
3138 5773 3378 5845 Arguere
3414 5773 3564 5829 enim
3616 5788 3769 5828 acca-
