  <div class='ocr_page' id='page_1' title='image "/cluster/home/n/w/nwhite01/storage/ocr_20150623/150/hvd.32044015473788/808.png"; bbox 0 0 3834 6462; ppageno 0'>
   <div class='ocr_carea' id='block_1_1' title="bbox 51 259 1622 345">
    <p class='ocr_par' dir='ltr' id='par_1_1' title="bbox 51 269 1622 345">
     <span class='ocr_line' id='line_1_1' title="bbox 51 269 1622 345; baseline -0.013 0"><span class='ocrx_word' id='word_1_1' title='bbox 51 282 178 345; x_wconf 71' lang='grc'>1609</span> <span class='ocrx_word' id='word_1_2' title='bbox 1300 272 1389 329; x_wconf 86' lang='lat' dir='ltr'><strong>DE</strong></span> <span class='ocrx_word' id='word_1_3' title='bbox 1417 269 1596 327; x_wconf 82' lang='lat' dir='ltr'><strong>BONO</strong></span> <span class='ocrx_word' id='word_1_4' title='bbox 1620 272 1622 325; x_wconf 72' lang='grc' dir='ltr'><em>ἲ</em></span> 
     </span>
    </p>
   </div>
   <div class='ocr_carea' id='block_1_2' title="bbox 1738 259 3265 345">
    <p class='ocr_par' dir='ltr' id='par_1_2' title="bbox 1738 259 3265 327">
     <span class='ocr_line' id='line_1_2' title="bbox 1738 259 3265 327; baseline -0.007 -2"><span class='ocrx_word' id='word_1_5' title='bbox 1738 270 1832 327; x_wconf 72' lang='lat' dir='ltr'><strong>IIS.</strong></span> <span class='ocrx_word' id='word_1_6' title='bbox 1871 300 1937 313; x_wconf 81' lang='lat'><strong>--</strong></span> <span class='ocrx_word' id='word_1_7' title='bbox 1974 268 2101 324; x_wconf 86' lang='lat' dir='ltr'><strong>LIB.</strong></span> <span class='ocrx_word' id='word_1_8' title='bbox 2137 268 2175 324; x_wconf 90' lang='grc' dir='ltr'><strong>Ι.</strong></span> <span class='ocrx_word' id='word_1_9' title='bbox 3131 259 3265 316; x_wconf 76' lang='grc'><strong>1610</strong></span> 
     </span>
    </p>
   </div>
   <div class='ocr_carea' id='block_1_3' title="bbox 46 372 3266 462">
    <p class='ocr_par' dir='ltr' id='par_1_3' title="bbox 46 372 3266 462">
     <span class='ocr_line' id='line_1_3' title="bbox 46 372 3266 462; baseline -0.009 -9"><span class='ocrx_word' id='word_1_10' title='bbox 46 411 166 454; x_wconf 75' lang='lat' dir='ltr'><strong>sure</strong></span> <span class='ocrx_word' id='word_1_11' title='bbox 197 400 301 450; x_wconf 78' lang='lat' dir='ltr'><strong>est;</strong></span> <span class='ocrx_word' id='word_1_12' title='bbox 336 391 401 448; x_wconf 86' lang='lat' dir='ltr'><strong>Et</strong></span> <span class='ocrx_word' id='word_1_13' title='bbox 428 390 551 462; x_wconf 99' lang='lat' dir='ltr'><strong>quis</strong></span> <span class='ocrx_word' id='word_1_14' title='bbox 588 378 762 459; x_wconf 87' lang='lat' dir='ltr'><strong>magis</strong></span> <span class='ocrx_word' id='word_1_15' title='bbox 798 386 1129 449; x_wconf 74' lang='lat' dir='ltr'><strong>accusatoris</strong></span> <span class='ocrx_word' id='word_1_16' title='bbox 1164 393 1248 443; x_wconf 90' lang='lat' dir='ltr'><strong>est</strong></span> <span class='ocrx_word' id='word_1_17' title='bbox 1284 385 1475 455; x_wconf 88' lang='lat' dir='ltr'><strong>dignus</strong></span> <span class='ocrx_word' id='word_1_18' title='bbox 1509 399 1604 440; x_wconf 63' lang='grc' dir='ltr'><strong>ουκ</strong></span> <span class='ocrx_word' id='word_1_19' title='bbox 1627 390 1678 449; x_wconf 74' lang='grc' dir='ltr'>Α</span> <span class='ocrx_word' id='word_1_20' title='bbox 1707 394 1887 437; x_wconf 88' lang='lat' dir='ltr'><strong>turum</strong></span> <span class='ocrx_word' id='word_1_21' title='bbox 1921 380 2199 452; x_wconf 87' lang='lat' dir='ltr'><strong>sperabat.</strong></span> <span class='ocrx_word' id='word_1_22' title='bbox 2227 388 2351 434; x_wconf 88' lang='lat' dir='ltr'><strong>cum</strong></span> <span class='ocrx_word' id='word_1_23' title='bbox 2392 372 2635 433; x_wconf 85' lang='lat' dir='ltr'><strong>diceret:</strong></span> <span class='ocrx_word' id='word_1_24' title='bbox 2669 393 2689 427; x_wconf 76' lang='grc' dir='ltr'>ι</span> <span class='ocrx_word' id='word_1_25' title='bbox 2718 372 2775 430; x_wconf 87' lang='lat' dir='ltr'><strong>In</strong></span> <span class='ocrx_word' id='word_1_26' title='bbox 2801 372 3008 444; x_wconf 86' lang='lat' dir='ltr'><strong>pacein</strong></span> <span class='ocrx_word' id='word_1_27' title='bbox 3038 372 3266 442; x_wconf 77' lang='lat' dir='ltr'><strong>idipsum</strong></span> 
     </span>
    </p>
   </div>
   <div class='ocr_carea' id='block_1_4' title="bbox 48 477 1600 562">
    <p class='ocr_par' dir='ltr' id='par_1_4' title="bbox 48 477 1600 562">
     <span class='ocr_line' id='line_1_4' title="bbox 48 477 1600 562; baseline -0.008 -19"><span class='ocrx_word' id='word_1_28' title='bbox 48 487 290 562; x_wconf 79' lang='lat' dir='ltr'><strong>gnotnine</strong></span> <span class='ocrx_word' id='word_1_29' title='bbox 318 498 478 555; x_wconf 90' lang='lat' dir='ltr'><strong>quam</strong></span> <span class='ocrx_word' id='word_1_30' title='bbox 507 482 597 538; x_wconf 89' lang='lat' dir='ltr'><strong>ille</strong></span> <span class='ocrx_word' id='word_1_31' title='bbox 632 481 686 536; x_wconf 90' lang='lat' dir='ltr'><strong>in</strong></span> <span class='ocrx_word' id='word_1_32' title='bbox 717 494 876 550; x_wconf 87' lang='lat' dir='ltr'><strong>quem</strong></span> <span class='ocrx_word' id='word_1_33' title='bbox 905 494 1005 535; x_wconf 89' lang='lat' dir='ltr'><strong>vox</strong></span> <span class='ocrx_word' id='word_1_34' title='bbox 1037 478 1478 549; x_wconf 91' lang='lat' dir='ltr'><strong>triumphantium</strong></span> <span class='ocrx_word' id='word_1_35' title='bbox 1506 477 1600 531; x_wconf 83' lang='lat' dir='ltr'><strong>de-</strong></span> 
     </span>
    </p>
   </div>
   <div class='ocr_carea' id='block_1_5' title="bbox 46 566 1602 650">
    <p class='ocr_par' dir='ltr' id='par_1_5' title="bbox 46 566 1602 650">
     <span class='ocr_line' id='line_1_5' title="bbox 46 566 1602 650; baseline -0.008 -18"><span class='ocrx_word' id='word_1_36' title='bbox 46 576 307 650; x_wconf 80' lang='lat' dir='ltr'><strong>promitur</strong></span> <span class='ocrx_word' id='word_1_37' title='bbox 341 571 673 643; x_wconf 77' lang='lat' dir='ltr'><strong>angelorum.</strong></span> <span class='ocrx_word' id='word_1_38' title='bbox 703 588 721 621; x_wconf 78' lang='lat'><strong>¢</strong></span> <span class='ocrx_word' id='word_1_39' title='bbox 752 569 886 637; x_wconf 84' lang='lat' dir='ltr'><strong>Quia</strong></span> <span class='ocrx_word' id='word_1_40' title='bbox 913 569 1182 640; x_wconf 87' lang='lat' dir='ltr'><strong>projectus</strong></span> <span class='ocrx_word' id='word_1_41' title='bbox 1205 577 1309 633; x_wconf 83' lang='lat' dir='ltr'><strong>est,</strong></span> <span class='ocrx_word' id='word_1_42' title='bbox 1338 566 1602 637; x_wconf 88' lang='lat' dir='ltr'><strong>inquiunt,</strong></span> 
     </span>
    </p>
   </div>
   <div class='ocr_carea' id='block_1_6' title="bbox 48 657 1607 731">
    <p class='ocr_par' dir='ltr' id='par_1_6' title="bbox 48 657 1607 731">
     <span class='ocr_line' id='line_1_6' title="bbox 48 657 1607 731; baseline -0.006 -7"><span class='ocrx_word' id='word_1_43' title='bbox 48 678 326 724; x_wconf 81' lang='lat' dir='ltr'><strong>accusator</strong></span> <span class='ocrx_word' id='word_1_44' title='bbox 376 665 605 718; x_wconf 83' lang='lat' dir='ltr'><strong>fratrum</strong></span> <span class='ocrx_word' id='word_1_45' title='bbox 650 672 979 725; x_wconf 86' lang='lat' dir='ltr'><strong>nostrorum,</strong></span> <span class='ocrx_word' id='word_1_46' title='bbox 1024 661 1113 731; x_wconf 90' lang='lat' dir='ltr'><strong>qui</strong></span> <span class='ocrx_word' id='word_1_47' title='bbox 1161 659 1450 715; x_wconf 88' lang='lat' dir='ltr'><strong>accusabat</strong></span> <span class='ocrx_word' id='word_1_48' title='bbox 1488 657 1607 715; x_wconf 89' lang='lat' dir='ltr'><strong>illos</strong></span> 
     </span>
    </p>
   </div>
   <div class='ocr_carea' id='block_1_7' title="bbox 46 751 1605 826">
    <p class='ocr_par' dir='ltr' id='par_1_7' title="bbox 46 751 1605 826">
     <span class='ocr_line' id='line_1_7' title="bbox 46 751 1605 826; baseline -0.006 -11"><span class='ocrx_word' id='word_1_49' title='bbox 46 769 168 815; x_wconf 85' lang='lat' dir='ltr'><strong>ante</strong></span> <span class='ocrx_word' id='word_1_50' title='bbox 200 764 554 826; x_wconf 88' lang='lat' dir='ltr'><strong>conspectum</strong></span> <span class='ocrx_word' id='word_1_51' title='bbox 586 752 677 810; x_wconf 87' lang='lat' dir='ltr'><strong>Dei</strong></span> <span class='ocrx_word' id='word_1_52' title='bbox 712 753 880 808; x_wconf 86' lang='lat' dir='ltr'><strong>nostri</strong></span> <span class='ocrx_word' id='word_1_53' title='bbox 918 752 1004 808; x_wconf 89' lang='lat' dir='ltr'><strong>die</strong></span> <span class='ocrx_word' id='word_1_54' title='bbox 1035 767 1100 807; x_wconf 91' lang='lat' dir='ltr'><strong>ae</strong></span> <span class='ocrx_word' id='word_1_55' title='bbox 1141 759 1317 806; x_wconf 89' lang='lat' dir='ltr'><strong>nocte.</strong></span> <span class='ocrx_word' id='word_1_56' title='bbox 1363 751 1419 805; x_wconf 91' lang='lat' dir='ltr'><strong>ln</strong></span> <span class='ocrx_word' id='word_1_57' title='bbox 1464 758 1605 806; x_wconf 87' lang='lat' dir='ltr'><strong>terra</strong></span> 
     </span>
    </p>
   </div>
   <div class='ocr_carea' id='block_1_8' title="bbox 46 843 1608 916">
    <p class='ocr_par' dir='ltr' id='par_1_8' title="bbox 46 843 1608 916">
     <span class='ocr_line' id='line_1_8' title="bbox 46 843 1608 916; baseline -0.005 -10"><span class='ocrx_word' id='word_1_58' title='bbox 46 859 224 908; x_wconf 89' lang='lat' dir='ltr'><strong>nostra</strong></span> <span class='ocrx_word' id='word_1_59' title='bbox 253 858 309 903; x_wconf 91' lang='lat' dir='ltr'><strong>et</strong></span> <span class='ocrx_word' id='word_1_60' title='bbox 334 847 635 913; x_wconf 61' lang='lat' dir='ltr'><strong>domibus,»</strong></span> <span class='ocrx_word' id='word_1_61' title='bbox 657 845 922 916; x_wconf 83' lang='lat' dir='ltr'><strong>inquibus</strong></span> <span class='ocrx_word' id='word_1_62' title='bbox 946 844 1119 900; x_wconf 85' lang='lat' dir='ltr'><strong>calcat</strong></span> <span class='ocrx_word' id='word_1_63' title='bbox 1142 843 1608 915; x_wconf 84' lang='lat' dir='ltr'><strong>Assyrius,carnis</strong></span> 
     </span>
    </p>
   </div>
   <div class='ocr_carea' id='block_1_9' title="bbox 48 933 1609 1006">
    <p class='ocr_par' dir='ltr' id='par_1_9' title="bbox 48 933 1609 1006">
     <span class='ocr_line' id='line_1_9' title="bbox 48 933 1609 1006; baseline -0.004 -13"><span class='ocrx_word' id='word_1_64' title='bbox 48 949 243 995; x_wconf 75' lang='lat' dir='ltr'><strong>nostra:</strong></span> <span class='ocrx_word' id='word_1_65' title='bbox 280 936 556 993; x_wconf 87' lang='lat' dir='ltr'><strong>domicilia</strong></span> <span class='ocrx_word' id='word_1_66' title='bbox 600 936 922 1006; x_wconf 81' lang='lat' dir='ltr'><strong>figurantur.</strong></span> <span class='ocrx_word' id='word_1_67' title='bbox 962 933 1114 990; x_wconf 89' lang='lat' dir='ltr'><strong>Tunc</strong></span> <span class='ocrx_word' id='word_1_68' title='bbox 1158 948 1287 1005; x_wconf 90' lang='lat' dir='ltr'><strong>ergo</strong></span> <span class='ocrx_word' id='word_1_69' title='bbox 1328 933 1480 989; x_wconf 86' lang='lat' dir='ltr'><strong>nobis</strong></span> <span class='ocrx_word' id='word_1_70' title='bbox 1525 941 1609 988; x_wconf 88' lang='lat' dir='ltr'><strong>est</strong></span> 
     </span>
    </p>
   </div>
   <div class='ocr_carea' id='block_1_10' title="bbox 45 1021 1609 1099">
    <p class='ocr_par' dir='ltr' id='par_1_10' title="bbox 45 1021 1609 1099">
     <span class='ocr_line' id='line_1_10' title="bbox 45 1021 1609 1099; baseline -0.004 -16"><span class='ocrx_word' id='word_1_71' title='bbox 45 1044 167 1099; x_wconf 87' lang='lat' dir='ltr'><strong>pax,</strong></span> <span class='ocrx_word' id='word_1_72' title='bbox 194 1044 319 1084; x_wconf 88' lang='lat' dir='ltr'><strong>cum</strong></span> <span class='ocrx_word' id='word_1_73' title='bbox 341 1026 595 1098; x_wconf 81' lang='lat' dir='ltr'><strong>Assyrius</strong></span> <span class='ocrx_word' id='word_1_74' title='bbox 618 1025 670 1079; x_wconf 92' lang='lat' dir='ltr'><strong>in</strong></span> <span class='ocrx_word' id='word_1_75' title='bbox 700 1033 899 1079; x_wconf 88' lang='lat' dir='ltr'><strong>terram</strong></span> <span class='ocrx_word' id='word_1_76' title='bbox 928 1034 1166 1080; x_wconf 87' lang='lat' dir='ltr'><strong>nostram</strong></span> <span class='ocrx_word' id='word_1_77' title='bbox 1196 1024 1403 1080; x_wconf 85' lang='lat' dir='ltr'><strong>venerit</strong></span> <span class='ocrx_word' id='word_1_78' title='bbox 1424 1032 1477 1079; x_wconf 89' lang='lat' dir='ltr'><strong>et</strong></span> <span class='ocrx_word' id='word_1_79' title='bbox 1500 1021 1609 1078; x_wconf 87' lang='lat' dir='ltr'><strong>cal-</strong></span> 
     </span>
    </p>
   </div>
   <div class='ocr_carea' id='block_1_11' title="bbox 43 1117 1610 1188">
    <p class='ocr_par' dir='ltr' id='par_1_11' title="bbox 43 1117 1610 1188">
     <span class='ocr_line' id='line_1_11' title="bbox 43 1117 1610 1188; baseline -0.003 -12"><span class='ocrx_word' id='word_1_80' title='bbox 43 1120 249 1176; x_wconf 82' lang='lat' dir='ltr'><strong>caverit</strong></span> <span class='ocrx_word' id='word_1_81' title='bbox 277 1120 329 1174; x_wconf 93' lang='lat' dir='ltr'><strong>in</strong></span> <span class='ocrx_word' id='word_1_82' title='bbox 356 1119 602 1175; x_wconf 87' lang='lat' dir='ltr'><strong>domibus</strong></span> <span class='ocrx_word' id='word_1_83' title='bbox 626 1119 849 1184; x_wconf 88' lang='lat' dir='ltr'><strong>nostris,</strong></span> <span class='ocrx_word' id='word_1_84' title='bbox 866 1118 990 1187; x_wconf 88' lang='lat' dir='ltr'><strong>quia</strong></span> <span class='ocrx_word' id='word_1_85' title='bbox 1012 1117 1257 1174; x_wconf 81' lang='lat' dir='ltr'><strong>diabolus</strong></span> <span class='ocrx_word' id='word_1_86' title='bbox 1284 1118 1385 1173; x_wconf 86' lang='lat' dir='ltr'><strong>etsi</strong></span> <span class='ocrx_word' id='word_1_87' title='bbox 1411 1133 1610 1188; x_wconf 92' lang='lat' dir='ltr'><strong>corpus</strong></span> 
     </span>
    </p>
   </div>
   <div class='ocr_carea' id='block_1_12' title="bbox 1704 462 3272 540">
    <p class='ocr_par' dir='ltr' id='par_1_12' title="bbox 1704 462 3272 540">
     <span class='ocr_line' id='line_1_12' title="bbox 1704 462 3272 540; baseline -0.008 -12"><span class='ocrx_word' id='word_1_88' title='bbox 1704 471 1993 536; x_wconf 88' lang='lat' dir='ltr'><strong>dormiam,</strong></span> <span class='ocrx_word' id='word_1_89' title='bbox 2027 478 2084 527; x_wconf 91' lang='lat' dir='ltr'><strong>et</strong></span> <span class='ocrx_word' id='word_1_90' title='bbox 2116 470 2474 540; x_wconf 83' lang='lat' dir='ltr'><strong>requiescam.</strong></span> <span class='ocrx_word' id='word_1_91' title='bbox 2504 486 2526 521; x_wconf 70' lang='grc' dir='ltr'><strong>ο</strong></span> <span class='ocrx_word' id='word_1_92' title='bbox 2557 467 2624 523; x_wconf 86' lang='grc' dir='ltr'><strong>Ει</strong></span> <span class='ocrx_word' id='word_1_93' title='bbox 2652 466 2869 523; x_wconf 86' lang='lat' dir='ltr'><strong>Simeon</strong></span> <span class='ocrx_word' id='word_1_94' title='bbox 2898 480 3023 520; x_wconf 90' lang='lat' dir='ltr'><strong>eum</strong></span> <span class='ocrx_word' id='word_1_95' title='bbox 3047 462 3272 519; x_wconf 87' lang='lat' dir='ltr'><strong>benedi-</strong></span> 
     </span>
    </p>
   </div>
   <div class='ocr_carea' id='block_1_13' title="bbox 1705 558 3272 621">
    <p class='ocr_par' dir='ltr' id='par_1_13' title="bbox 1705 558 3272 621">
     <span class='ocr_line' id='line_1_13' title="bbox 1705 558 3272 621; baseline -0.008 -1"><span class='ocrx_word' id='word_1_96' title='bbox 1705 578 1835 620; x_wconf 91' lang='lat' dir='ltr'><strong>cens</strong></span> <span class='ocrx_word' id='word_1_97' title='bbox 1864 565 2033 619; x_wconf 89' lang='lat' dir='ltr'><strong>Deum</strong></span> <span class='ocrx_word' id='word_1_98' title='bbox 2060 570 2282 618; x_wconf 87' lang='lat' dir='ltr'><strong>caneret</strong></span> <span class='ocrx_word' id='word_1_99' title='bbox 2308 577 2324 617; x_wconf 90' lang='lat'><strong>:</strong></span> <span class='ocrx_word' id='word_1_100' title='bbox 2357 578 2376 613; x_wconf 72' lang='grc' dir='ltr'>ι</span> <span class='ocrx_word' id='word_1_101' title='bbox 2407 560 2561 616; x_wconf 84' lang='lat' dir='ltr'><strong>Nunc</strong></span> <span class='ocrx_word' id='word_1_102' title='bbox 2587 558 2814 615; x_wconf 87' lang='lat' dir='ltr'><strong>dimittis</strong></span> <span class='ocrx_word' id='word_1_103' title='bbox 2853 570 3068 613; x_wconf 85' lang='lat' dir='ltr'><strong>servum</strong></span> <span class='ocrx_word' id='word_1_104' title='bbox 3100 563 3272 621; x_wconf 89' lang='lat' dir='ltr'><strong>tuum,</strong></span> 
     </span>
    </p>
   </div>
   <div class='ocr_carea' id='block_1_14' title="bbox 1706 650 3033 723">
    <p class='ocr_par' dir='ltr' id='par_1_14' title="bbox 1706 650 3033 723">
     <span class='ocr_line' id='line_1_14' title="bbox 1706 650 3033 723; baseline -0.008 -12"><span class='ocrx_word' id='word_1_105' title='bbox 1706 656 1952 723; x_wconf 88' lang='lat' dir='ltr'><strong>Domine,</strong></span> <span class='ocrx_word' id='word_1_106' title='bbox 1982 654 2280 717; x_wconf 88' lang='lat' dir='ltr'><strong>secundum</strong></span> <span class='ocrx_word' id='word_1_107' title='bbox 2310 654 2535 708; x_wconf 80' lang='lat' dir='ltr'><strong>verbum</strong></span> <span class='ocrx_word' id='word_1_108' title='bbox 2566 662 2718 706; x_wconf 92' lang='lat' dir='ltr'><strong>tuum</strong></span> <span class='ocrx_word' id='word_1_109' title='bbox 2749 650 2801 705; x_wconf 91' lang='lat' dir='ltr'><strong>in</strong></span> <span class='ocrx_word' id='word_1_110' title='bbox 2829 663 2980 720; x_wconf 88' lang='lat' dir='ltr'><strong>pace.</strong></span> <span class='ocrx_word' id='word_1_111' title='bbox 3015 666 3033 701; x_wconf 73' lang='grc' dir='ltr'>ι</span> 
     </span>
    </p>
   </div>
   <div class='ocr_carea' id='block_1_15' title="bbox 1778 735 3279 813">
    <p class='ocr_par' dir='ltr' id='par_1_15' title="bbox 1778 735 3279 813">
     <span class='ocr_line' id='line_1_15' title="bbox 1778 735 3279 813; baseline -0.006 -13"><span class='ocrx_word' id='word_1_112' title='bbox 1778 743 1903 800; x_wconf 82' lang='lat' dir='ltr'><strong>ll:ec</strong></span> <span class='ocrx_word' id='word_1_113' title='bbox 1931 744 2075 799; x_wconf 89' lang='lat' dir='ltr'><strong>enim</strong></span> <span class='ocrx_word' id='word_1_114' title='bbox 2121 743 2263 813; x_wconf 88' lang='lat' dir='ltr'><strong>apud</strong></span> <span class='ocrx_word' id='word_1_115' title='bbox 2304 750 2617 798; x_wconf 88' lang='lat' dir='ltr'><strong>sanctorum</strong></span> <span class='ocrx_word' id='word_1_116' title='bbox 2652 740 2862 795; x_wconf 88' lang='lat' dir='ltr'><strong>animos</strong></span> <span class='ocrx_word' id='word_1_117' title='bbox 2897 746 2982 793; x_wconf 90' lang='lat' dir='ltr'><strong>est</strong></span> <span class='ocrx_word' id='word_1_118' title='bbox 3025 735 3279 807; x_wconf 70' lang='lat' dir='ltr'><strong>perfecta:</strong></span> 
     </span>
    </p>
   </div>
   <div class='ocr_carea' id='block_1_16' title="bbox 1706 824 3282 906">
    <p class='ocr_par' dir='ltr' id='par_1_16' title="bbox 1706 824 3282 906">
     <span class='ocr_line' id='line_1_16' title="bbox 1706 824 3282 906; baseline -0.007 -17"><span class='ocrx_word' id='word_1_119' title='bbox 1706 836 1855 906; x_wconf 84' lang='lat' dir='ltr'><strong>pacis</strong></span> <span class='ocrx_word' id='word_1_120' title='bbox 1879 833 2189 897; x_wconf 85' lang='lat' dir='ltr'><strong>concordia,</strong></span> <span class='ocrx_word' id='word_1_121' title='bbox 2214 832 2259 887; x_wconf 87' lang='lat' dir='ltr'><strong>si</strong></span> <span class='ocrx_word' id='word_1_122' title='bbox 2289 831 2495 895; x_wconf 85' lang='lat' dir='ltr'><strong>omnia,</strong></span> <span class='ocrx_word' id='word_1_123' title='bbox 2520 845 2640 899; x_wconf 76' lang='lat' dir='ltr'><strong>qua:</strong></span> <span class='ocrx_word' id='word_1_124' title='bbox 2664 829 2724 883; x_wconf 89' lang='lat' dir='ltr'><strong>in</strong></span> <span class='ocrx_word' id='word_1_125' title='bbox 2752 827 2972 883; x_wconf 85' lang='lat' dir='ltr'><strong>homine</strong></span> <span class='ocrx_word' id='word_1_126' title='bbox 2996 835 3147 889; x_wconf 91' lang='lat' dir='ltr'><strong>sunt,</strong></span> <span class='ocrx_word' id='word_1_127' title='bbox 3176 824 3282 879; x_wconf 85' lang='lat' dir='ltr'><strong>sci-</strong></span> 
     </span>
    </p>
   </div>
   <div class='ocr_carea' id='block_1_17' title="bbox 1707 918 3280 996">
    <p class='ocr_par' dir='ltr' id='par_1_17' title="bbox 1707 918 3280 996">
     <span class='ocr_line' id='line_1_17' title="bbox 1707 918 3280 996; baseline -0.007 -15"><span class='ocrx_word' id='word_1_128' title='bbox 1707 926 1835 981; x_wconf 83' lang='lat' dir='ltr'><strong>licet</strong></span> <span class='ocrx_word' id='word_1_129' title='bbox 1871 926 2117 996; x_wconf 90' lang='lat' dir='ltr'><strong>spiritus,</strong></span> <span class='ocrx_word' id='word_1_130' title='bbox 2148 939 2342 980; x_wconf 88' lang='lat' dir='ltr'><strong>sensus</strong></span> <span class='ocrx_word' id='word_1_131' title='bbox 2376 931 2432 977; x_wconf 91' lang='lat' dir='ltr'><strong>et</strong></span> <span class='ocrx_word' id='word_1_132' title='bbox 2476 920 2710 985; x_wconf 90' lang='lat' dir='ltr'><strong>animus,</strong></span> <span class='ocrx_word' id='word_1_133' title='bbox 2758 918 2811 974; x_wconf 89' lang='lat' dir='ltr'><strong>id</strong></span> <span class='ocrx_word' id='word_1_134' title='bbox 2853 919 3027 989; x_wconf 89' lang='lat' dir='ltr'><strong>ipsum</strong></span> <span class='ocrx_word' id='word_1_135' title='bbox 3060 931 3280 986; x_wconf 87' lang='lat' dir='ltr'><strong>semper</strong></span> 
     </span>
    </p>
   </div>
   <div class='ocr_carea' id='block_1_18' title="bbox 1708 1005 3284 1083">
    <p class='ocr_par' dir='ltr' id='par_1_18' title="bbox 1708 1005 3284 1083">
     <span class='ocr_line' id='line_1_18' title="bbox 1708 1005 3284 1083; baseline -0.005 -14"><span class='ocrx_word' id='word_1_136' title='bbox 1708 1015 1971 1077; x_wconf 86' lang='lat' dir='ltr'><strong>sentiant,</strong></span> <span class='ocrx_word' id='word_1_137' title='bbox 2003 1015 2107 1069; x_wconf 88' lang='lat' dir='ltr'><strong>hoc</strong></span> <span class='ocrx_word' id='word_1_138' title='bbox 2131 1023 2218 1069; x_wconf 89' lang='lat' dir='ltr'><strong>est</strong></span> <span class='ocrx_word' id='word_1_139' title='bbox 2260 1013 2315 1068; x_wconf 90' lang='lat' dir='ltr'><strong>in</strong></span> <span class='ocrx_word' id='word_1_140' title='bbox 2360 1011 2598 1083; x_wconf 88' lang='lat' dir='ltr'><strong>appetitu</strong></span> <span class='ocrx_word' id='word_1_141' title='bbox 2635 1008 2855 1079; x_wconf 88' lang='lat' dir='ltr'><strong>superni</strong></span> <span class='ocrx_word' id='word_1_142' title='bbox 2894 1008 3018 1063; x_wconf 93' lang='lat' dir='ltr'><strong>boni</strong></span> <span class='ocrx_word' id='word_1_143' title='bbox 3071 1005 3284 1062; x_wconf 82' lang='lat' dir='ltr'><strong>indill‘e-</strong></span> 
     </span>
    </p>
   </div>
   <div class='ocr_carea' id='block_1_19' title="bbox 1708 1100 3282 1171">
    <p class='ocr_par' dir='ltr' id='par_1_19' title="bbox 1708 1100 3282 1171">
     <span class='ocr_line' id='line_1_19' title="bbox 1708 1100 3282 1171; baseline -0.007 -9"><span class='ocrx_word' id='word_1_144' title='bbox 1708 1106 1847 1163; x_wconf 87' lang='lat' dir='ltr'><strong>renti</strong></span> <span class='ocrx_word' id='word_1_145' title='bbox 1869 1106 2193 1161; x_wconf 80' lang='lat' dir='ltr'><strong>conveniant</strong></span> <span class='ocrx_word' id='word_1_146' title='bbox 2219 1105 2519 1159; x_wconf 78' lang='lat' dir='ltr'><strong>voluntate.</strong></span> <span class='ocrx_word' id='word_1_147' title='bbox 2544 1103 2674 1170; x_wconf 77' lang='lat' dir='ltr'><strong>Qua:</strong></span> <span class='ocrx_word' id='word_1_148' title='bbox 2700 1101 2883 1171; x_wconf 83' lang='lat' dir='ltr'><strong>utique</strong></span> <span class='ocrx_word' id='word_1_149' title='bbox 2902 1100 3051 1169; x_wconf 81' lang='lat' dir='ltr'><strong>pacis</strong></span> <span class='ocrx_word' id='word_1_150' title='bbox 3071 1112 3282 1155; x_wconf 89' lang='lat' dir='ltr'><strong>summa</strong></span> 
     </span>
    </p>
   </div>
   <div class='ocr_carea' id='block_1_20' title="bbox 44 1194 1622 1281">
    <p class='ocr_par' dir='ltr' id='par_1_20' title="bbox 44 1207 1611 1281">
     <span class='ocr_line' id='line_1_20' title="bbox 44 1207 1611 1281; baseline -0.001 -12"><span class='ocrx_word' id='word_1_151' title='bbox 44 1213 210 1269; x_wconf 87' lang='lat' dir='ltr'><strong>sancti</strong></span> <span class='ocrx_word' id='word_1_152' title='bbox 254 1212 353 1267; x_wconf 94' lang='lat' dir='ltr'><strong>viri</strong></span> <span class='ocrx_word' id='word_1_153' title='bbox 393 1209 579 1281; x_wconf 72' lang='lat' dir='ltr'><strong>allligit</strong></span> <span class='ocrx_word' id='word_1_154' title='bbox 608 1211 690 1265; x_wconf 87' lang='lat' dir='ltr'><strong>vel</strong></span> <span class='ocrx_word' id='word_1_155' title='bbox 725 1207 959 1280; x_wconf 86' lang='lat' dir='ltr'><strong>perimit,</strong></span> <span class='ocrx_word' id='word_1_156' title='bbox 986 1220 1201 1266; x_wconf 67' lang='lat' dir='ltr'><strong>(eterna:</strong></span> <span class='ocrx_word' id='word_1_157' title='bbox 1244 1222 1420 1265; x_wconf 90' lang='lat' dir='ltr'><strong>tamen</strong></span> <span class='ocrx_word' id='word_1_158' title='bbox 1463 1211 1611 1281; x_wconf 88' lang='lat' dir='ltr'><strong>pacis</strong></span> 
     </span>
    </p>
   </div>
   <div class='ocr_carea' id='block_1_21' title="bbox 1738 1194 3283 1281">
    <p class='ocr_par' dir='ltr' id='par_1_21' title="bbox 1738 1194 3283 1273">
     <span class='ocr_line' id='line_1_21' title="bbox 1738 1194 3283 1273; baseline -0.005 -22"><span class='ocrx_word' id='word_1_159' title='bbox 1738 1200 1876 1270; x_wconf 63' lang='lat' dir='ltr'><strong>matri</strong></span> <span class='ocrx_word' id='word_1_160' title='bbox 1918 1199 2005 1273; x_wconf 80' lang='lat' dir='ltr'><strong>hic</strong></span> <span class='ocrx_word' id='word_1_161' title='bbox 2052 1207 2247 1268; x_wconf 86' lang='lat' dir='ltr'><strong>potest,</strong></span> <span class='ocrx_word' id='word_1_162' title='bbox 2296 1197 2389 1251; x_wconf 85' lang='lat' dir='ltr'><strong>sed</strong></span> <span class='ocrx_word' id='word_1_163' title='bbox 2439 1194 2670 1251; x_wconf 85' lang='lat' dir='ltr'><strong>inveniri</strong></span> <span class='ocrx_word' id='word_1_164' title='bbox 2715 1206 3054 1263; x_wconf 86' lang='lat' dir='ltr'><strong>nequaquam</strong></span> <span class='ocrx_word' id='word_1_165' title='bbox 3085 1199 3283 1259; x_wconf 86' lang='lat' dir='ltr'><strong>potest.</strong></span> 
     </span>
    </p>
   </div>
   <div class='ocr_carea' id='block_1_22' title="bbox 43 1284 3286 1374">
    <p class='ocr_par' dir='ltr' id='par_1_22' title="bbox 43 1284 3286 1374">
     <span class='ocr_line' id='line_1_22' title="bbox 43 1284 3286 1374; baseline -0.005 -14"><span class='ocrx_word' id='word_1_166' title='bbox 43 1304 285 1374; x_wconf 87' lang='lat' dir='ltr'><strong>requiem</strong></span> <span class='ocrx_word' id='word_1_167' title='bbox 311 1319 582 1373; x_wconf 91' lang='lat' dir='ltr'><strong>nunquam</strong></span> <span class='ocrx_word' id='word_1_168' title='bbox 608 1302 763 1357; x_wconf 90' lang='lat' dir='ltr'><strong>tollit.</strong></span> <span class='ocrx_word' id='word_1_169' title='bbox 790 1301 941 1357; x_wconf 88' lang='lat' dir='ltr'><strong>Unde</strong></span> <span class='ocrx_word' id='word_1_170' title='bbox 964 1302 1090 1356; x_wconf 91' lang='lat' dir='ltr'><strong>illud</strong></span> <span class='ocrx_word' id='word_1_171' title='bbox 1114 1302 1180 1357; x_wconf 90' lang='lat' dir='ltr'><strong>de</strong></span> <span class='ocrx_word' id='word_1_172' title='bbox 1201 1301 1508 1357; x_wconf 79' lang='lat' dir='ltr'><strong>Proverbiis</strong></span> <span class='ocrx_word' id='word_1_173' title='bbox 1526 1317 1613 1356; x_wconf 87' lang='lat' dir='ltr'><strong>sa-</strong></span> <span class='ocrx_word' id='word_1_174' title='bbox 1709 1291 2051 1363; x_wconf 79' lang='lat' dir='ltr'><strong>Concupiscil</strong></span> <span class='ocrx_word' id='word_1_175' title='bbox 2115 1291 2260 1346; x_wconf 80' lang='lat' dir='ltr'><strong>enim</strong></span> <span class='ocrx_word' id='word_1_176' title='bbox 2302 1290 2389 1345; x_wconf 83' lang='lat' dir='ltr'><strong>hic</strong></span> <span class='ocrx_word' id='word_1_177' title='bbox 2427 1304 2554 1344; x_wconf 80' lang='lat' dir='ltr'><strong>caro</strong></span> <span class='ocrx_word' id='word_1_178' title='bbox 2594 1289 2853 1341; x_wconf 66' lang='lat' dir='ltr'><strong>adversus</strong></span> <span class='ocrx_word' id='word_1_179' title='bbox 2893 1284 3165 1354; x_wconf 70' lang='lat' dir='ltr'><strong>Spiritum.</strong></span> <span class='ocrx_word' id='word_1_180' title='bbox 3227 1290 3286 1337; x_wconf 73' lang='grc' dir='ltr'><strong>ει</strong></span> 
     </span>
    </p>
   </div>
   <div class='ocr_carea' id='block_1_23' title="bbox 42 1383 1622 1466">
    <p class='ocr_par' dir='ltr' id='par_1_23' title="bbox 42 1394 1614 1466">
     <span class='ocr_line' id='line_1_23' title="bbox 42 1394 1614 1466; baseline 0.001 -18"><span class='ocrx_word' id='word_1_181' title='bbox 42 1396 284 1466; x_wconf 86' lang='lat' dir='ltr'><strong>pientis:</strong></span> <span class='ocrx_word' id='word_1_182' title='bbox 327 1414 345 1448; x_wconf 74' lang='grc' dir='ltr'><strong>ε</strong></span> <span class='ocrx_word' id='word_1_183' title='bbox 378 1396 491 1451; x_wconf 78' lang='lat' dir='ltr'><strong>Non</strong></span> <span class='ocrx_word' id='word_1_184' title='bbox 536 1394 963 1462; x_wconf 86' lang='lat' dir='ltr'><strong>contristabitur,</strong></span> <span class='ocrx_word' id='word_1_185' title='bbox 1005 1396 1181 1465; x_wconf 89' lang='lat' dir='ltr'><strong>inquit</strong></span> <span class='ocrx_word' id='word_1_186' title='bbox 1216 1394 1417 1464; x_wconf 82' lang='lat' dir='ltr'><strong>justus,</strong></span> <span class='ocrx_word' id='word_1_187' title='bbox 1458 1394 1614 1465; x_wconf 82' lang='lat' dir='ltr'><strong>quid-</strong></span> 
     </span>
    </p>
   </div>
   <div class='ocr_carea' id='block_1_24' title="bbox 1738 1383 3287 1466">
    <p class='ocr_par' dir='ltr' id='par_1_24' title="bbox 1743 1383 3287 1455">
     <span class='ocr_line' id='line_1_24' title="bbox 1743 1383 3287 1455; baseline -0.006 -17"><span class='ocrx_word' id='word_1_188' title='bbox 1743 1385 1936 1455; x_wconf 90' lang='lat' dir='ltr'><strong>piritus</strong></span> <span class='ocrx_word' id='word_1_189' title='bbox 1968 1383 2233 1437; x_wconf 84' lang='lat' dir='ltr'><strong>adversus</strong></span> <span class='ocrx_word' id='word_1_190' title='bbox 2272 1395 2518 1446; x_wconf 86' lang='lat' dir='ltr'><strong>carnem,</strong></span> <span class='ocrx_word' id='word_1_191' title='bbox 2566 1389 2627 1433; x_wconf 87' lang='lat' dir='ltr'><strong>ut</strong></span> <span class='ocrx_word' id='word_1_192' title='bbox 2672 1394 2779 1433; x_wconf 88' lang='lat' dir='ltr'><strong>non</strong></span> <span class='ocrx_word' id='word_1_193' title='bbox 2825 1390 3159 1447; x_wconf 72' lang='lat' dir='ltr'><strong>quaecunque</strong></span> <span class='ocrx_word' id='word_1_194' title='bbox 3187 1387 3287 1429; x_wconf 86' lang='lat' dir='ltr'><strong>nos</strong></span> 
     </span>
    </p>
   </div>
   <div class='ocr_carea' id='block_1_25' title="bbox 39 1468 3289 1558">
    <p class='ocr_par' dir='ltr' id='par_1_25' title="bbox 39 1468 3289 1558">
     <span class='ocr_line' id='line_1_25' title="bbox 39 1468 3289 1558; baseline -0.007 -15"><span class='ocrx_word' id='word_1_195' title='bbox 39 1488 167 1558; x_wconf 88' lang='lat' dir='ltr'><strong>quid</strong></span> <span class='ocrx_word' id='word_1_196' title='bbox 197 1487 248 1543; x_wconf 91' lang='lat' dir='ltr'><strong>ei</strong></span> <span class='ocrx_word' id='word_1_197' title='bbox 283 1487 563 1543; x_wconf 88' lang='lat' dir='ltr'><strong>acciderit.</strong></span> <span class='ocrx_word' id='word_1_198' title='bbox 598 1505 616 1539; x_wconf 75' lang='grc' dir='ltr'><strong>ι</strong></span> <span class='ocrx_word' id='word_1_199' title='bbox 663 1483 786 1541; x_wconf 85' lang='lat' dir='ltr'><strong>ideo</strong></span> <span class='ocrx_word' id='word_1_200' title='bbox 825 1495 1005 1541; x_wconf 85' lang='lat' dir='ltr'><strong>autem</strong></span> <span class='ocrx_word' id='word_1_201' title='bbox 1044 1501 1150 1557; x_wconf 77' lang='lat' dir='ltr'><strong>pax</strong></span> <span class='ocrx_word' id='word_1_202' title='bbox 1180 1485 1317 1554; x_wconf 61' lang='lat' dir='ltr'><strong>haec,</strong></span> <span class='ocrx_word' id='word_1_203' title='bbox 1353 1485 1612 1542; x_wconf 71' lang='lat' dir='ltr'><strong>Dominus</strong></span> <span class='ocrx_word' id='word_1_204' title='bbox 1711 1476 1981 1543; x_wconf 90' lang='lat' dir='ltr'><strong>volumus,</strong></span> <span class='ocrx_word' id='word_1_205' title='bbox 2053 1474 2144 1529; x_wconf 90' lang='lat' dir='ltr'><strong>illa</strong></span> <span class='ocrx_word' id='word_1_206' title='bbox 2192 1473 2475 1528; x_wconf 80' lang='lat' dir='ltr'><strong>faciamus.</strong></span> <span class='ocrx_word' id='word_1_207' title='bbox 2526 1470 2733 1542; x_wconf 83' lang='lat' dir='ltr'><strong>Quippe</strong></span> <span class='ocrx_word' id='word_1_208' title='bbox 2757 1480 2811 1524; x_wconf 92' lang='lat' dir='ltr'><strong>et</strong></span> <span class='ocrx_word' id='word_1_209' title='bbox 2837 1470 2950 1539; x_wconf 90' lang='lat' dir='ltr'><strong>ipse</strong></span> <span class='ocrx_word' id='word_1_210' title='bbox 2980 1468 3142 1522; x_wconf 89' lang='lat' dir='ltr'><strong>etiam</strong></span> <span class='ocrx_word' id='word_1_211' title='bbox 3171 1479 3289 1521; x_wconf 81' lang='lat' dir='ltr'><strong>ma-</strong></span> 
     </span>
    </p>
   </div>
   <div class='ocr_carea' id='block_1_26' title="bbox 41 1559 3291 1649">
    <p class='ocr_par' dir='ltr' id='par_1_26' title="bbox 41 1559 3291 1649">
     <span class='ocr_line' id='line_1_26' title="bbox 41 1559 3291 1649; baseline -0.006 -15"><span class='ocrx_word' id='word_1_212' title='bbox 41 1581 264 1643; x_wconf 85' lang='lat' dir='ltr'><strong>dicitur,</strong></span> <span class='ocrx_word' id='word_1_213' title='bbox 295 1578 420 1649; x_wconf 90' lang='lat' dir='ltr'><strong>quia</strong></span> <span class='ocrx_word' id='word_1_214' title='bbox 472 1593 579 1634; x_wconf 91' lang='lat' dir='ltr'><strong>non</strong></span> <span class='ocrx_word' id='word_1_215' title='bbox 626 1577 731 1634; x_wconf 90' lang='lat' dir='ltr'><strong>nisi</strong></span> <span class='ocrx_word' id='word_1_216' title='bbox 775 1592 873 1647; x_wconf 87' lang='lat' dir='ltr'><strong>per</strong></span> <span class='ocrx_word' id='word_1_217' title='bbox 900 1575 1018 1646; x_wconf 87' lang='lat' dir='ltr'><strong>ejus</strong></span> <span class='ocrx_word' id='word_1_218' title='bbox 1061 1578 1289 1648; x_wconf 73' lang='lat' dir='ltr'><strong>gratiam</strong></span> <span class='ocrx_word' id='word_1_219' title='bbox 1326 1590 1429 1649; x_wconf 77' lang='lat' dir='ltr'><strong>pax</strong></span> <span class='ocrx_word' id='word_1_220' title='bbox 1460 1575 1614 1632; x_wconf 76' lang='lat' dir='ltr'><strong>istius</strong></span> <span class='ocrx_word' id='word_1_221' title='bbox 1712 1584 1852 1641; x_wconf 90' lang='lat' dir='ltr'><strong>gnus</strong></span> <span class='ocrx_word' id='word_1_222' title='bbox 1881 1564 2100 1632; x_wconf 90' lang='lat' dir='ltr'><strong>Paulus,</strong></span> <span class='ocrx_word' id='word_1_223' title='bbox 2146 1566 2239 1635; x_wconf 91' lang='lat' dir='ltr'><strong>qui</strong></span> <span class='ocrx_word' id='word_1_224' title='bbox 2291 1573 2477 1635; x_wconf 91' lang='lat' dir='ltr'><strong>raptus</strong></span> <span class='ocrx_word' id='word_1_225' title='bbox 2526 1564 2581 1618; x_wconf 92' lang='lat' dir='ltr'><strong>in</strong></span> <span class='ocrx_word' id='word_1_226' title='bbox 2637 1562 2853 1617; x_wconf 92' lang='lat' dir='ltr'><strong>tertium</strong></span> <span class='ocrx_word' id='word_1_227' title='bbox 2905 1559 3100 1616; x_wconf 62' lang='lat' dir='ltr'><strong>coelum</strong></span> <span class='ocrx_word' id='word_1_228' title='bbox 3132 1559 3291 1615; x_wconf 87' lang='lat' dir='ltr'><strong>istius</strong></span> 
     </span>
    </p>
   </div>
   <div class='ocr_carea' id='block_1_27' title="bbox 39 1650 3293 1728">
    <p class='ocr_par' dir='ltr' id='par_1_27' title="bbox 39 1650 3293 1728">
     <span class='ocr_line' id='line_1_27' title="bbox 39 1650 3293 1728; baseline -0.006 0"><span class='ocrx_word' id='word_1_229' title='bbox 39 1672 180 1728; x_wconf 88' lang='lat' dir='ltr'><strong>modi</strong></span> <span class='ocrx_word' id='word_1_230' title='bbox 207 1671 509 1726; x_wconf 88' lang='lat' dir='ltr'><strong>obtinetur.</strong></span> <span class='ocrx_word' id='word_1_231' title='bbox 1714 1659 1859 1715; x_wconf 88' lang='lat' dir='ltr'><strong>modi</strong></span> <span class='ocrx_word' id='word_1_232' title='bbox 1903 1658 2053 1728; x_wconf 90' lang='lat' dir='ltr'><strong>pacis</strong></span> <span class='ocrx_word' id='word_1_233' title='bbox 2089 1656 2361 1728; x_wconf 86' lang='lat' dir='ltr'><strong>primitias</strong></span> <span class='ocrx_word' id='word_1_234' title='bbox 2406 1656 2763 1719; x_wconf 88' lang='lat' dir='ltr'><strong>delibaverat,</strong></span> <span class='ocrx_word' id='word_1_235' title='bbox 2812 1652 2988 1708; x_wconf 92' lang='lat' dir='ltr'><strong>adhuc</strong></span> <span class='ocrx_word' id='word_1_236' title='bbox 3035 1650 3089 1707; x_wconf 91' lang='lat' dir='ltr'><strong>in</strong></span> <span class='ocrx_word' id='word_1_237' title='bbox 3127 1665 3293 1708; x_wconf 88' lang='lat' dir='ltr'><strong>carne</strong></span> 
     </span>
    </p>
   </div>
   <div class='ocr_carea' id='block_1_28' title="bbox 110 1730 3291 1832">
    <p class='ocr_par' dir='ltr' id='par_1_28' title="bbox 110 1730 3291 1832">
     <span class='ocr_line' id='line_1_28' title="bbox 110 1730 3291 1832; baseline -0.005 -16"><span class='ocrx_word' id='word_1_238' title='bbox 110 1763 321 1816; x_wconf 88' lang='lat' dir='ltr'><strong>Secura</strong></span> <span class='ocrx_word' id='word_1_239' title='bbox 352 1760 549 1815; x_wconf 89' lang='lat' dir='ltr'><strong>deinde</strong></span> <span class='ocrx_word' id='word_1_240' title='bbox 578 1769 662 1814; x_wconf 80' lang='lat' dir='ltr'><strong>est</strong></span> <span class='ocrx_word' id='word_1_241' title='bbox 691 1759 806 1815; x_wconf 71' lang='lat' dir='ltr'><strong>haec</strong></span> <span class='ocrx_word' id='word_1_242' title='bbox 837 1775 966 1832; x_wconf 89' lang='lat' dir='ltr'><strong>pax,</strong></span> <span class='ocrx_word' id='word_1_243' title='bbox 994 1759 1047 1813; x_wconf 91' lang='lat' dir='ltr'><strong>in</strong></span> <span class='ocrx_word' id='word_1_244' title='bbox 1074 1774 1179 1822; x_wconf 86' lang='lat' dir='ltr'><strong>qua</strong></span> <span class='ocrx_word' id='word_1_245' title='bbox 1219 1758 1366 1814; x_wconf 86' lang='lat' dir='ltr'><strong>velut</strong></span> <span class='ocrx_word' id='word_1_246' title='bbox 1408 1757 1461 1813; x_wconf 91' lang='lat' dir='ltr'><strong>in</strong></span> <span class='ocrx_word' id='word_1_247' title='bbox 1486 1771 1615 1814; x_wconf 87' lang='lat' dir='ltr'><strong>arce</strong></span> <span class='ocrx_word' id='word_1_248' title='bbox 1644 1732 1689 1792; x_wconf 78' lang='grc' dir='ltr'><strong>Β</strong></span> <span class='ocrx_word' id='word_1_249' title='bbox 1715 1753 1928 1816; x_wconf 85' lang='lat' dir='ltr'><strong>vivens,</strong></span> <span class='ocrx_word' id='word_1_250' title='bbox 1955 1750 2289 1821; x_wconf 86' lang='lat' dir='ltr'><strong>aliquautula</strong></span> <span class='ocrx_word' id='word_1_251' title='bbox 2337 1749 2479 1819; x_wconf 89' lang='lat' dir='ltr'><strong>apud</strong></span> <span class='ocrx_word' id='word_1_252' title='bbox 2531 1763 2591 1804; x_wconf 89' lang='lat' dir='ltr'><strong>se</strong></span> <span class='ocrx_word' id='word_1_253' title='bbox 2632 1747 2923 1803; x_wconf 89' lang='lat' dir='ltr'><strong>luctamina</strong></span> <span class='ocrx_word' id='word_1_254' title='bbox 2965 1730 3291 1812; x_wconf 81' lang='lat' dir='ltr'><strong>sustinebat,</strong></span> 
     </span>
    </p>
   </div>
   <div class='ocr_carea' id='block_1_29' title="bbox 42 1839 3291 1923">
    <p class='ocr_par' dir='ltr' id='par_1_29' title="bbox 42 1839 3291 1923">
     <span class='ocr_line' id='line_1_29' title="bbox 42 1839 3291 1923; baseline -0.004 -17"><span class='ocrx_word' id='word_1_255' title='bbox 42 1853 274 1923; x_wconf 79' lang='lat' dir='ltr'><strong>quadam</strong></span> <span class='ocrx_word' id='word_1_256' title='bbox 309 1866 462 1907; x_wconf 89' lang='lat' dir='ltr'><strong>mens</strong></span> <span class='ocrx_word' id='word_1_257' title='bbox 490 1851 664 1921; x_wconf 85' lang='lat' dir='ltr'><strong>posita</strong></span> <span class='ocrx_word' id='word_1_258' title='bbox 696 1852 939 1908; x_wconf 72' lang='lat' dir='ltr'><strong>adversa:</strong></span> <span class='ocrx_word' id='word_1_259' title='bbox 964 1852 1352 1906; x_wconf 78' lang='lat' dir='ltr'><strong>dominationis</strong></span> <span class='ocrx_word' id='word_1_260' title='bbox 1380 1857 1617 1905; x_wconf 82' lang='lat' dir='ltr'><strong>terrores</strong></span> <span class='ocrx_word' id='word_1_261' title='bbox 1715 1844 1963 1900; x_wconf 89' lang='lat' dir='ltr'><strong>sentiens</strong></span> <span class='ocrx_word' id='word_1_262' title='bbox 1984 1842 2145 1899; x_wconf 86' lang='lat' dir='ltr'><strong>aliam</strong></span> <span class='ocrx_word' id='word_1_263' title='bbox 2171 1842 2343 1913; x_wconf 83' lang='lat' dir='ltr'><strong>legem</strong></span> <span class='ocrx_word' id='word_1_264' title='bbox 2368 1842 2429 1923; x_wconf 83' lang='lat' dir='ltr'><strong>in_</strong></span> <span class='ocrx_word' id='word_1_265' title='bbox 2449 1841 2706 1896; x_wconf 87' lang='lat' dir='ltr'><strong>membris</strong></span> <span class='ocrx_word' id='word_1_266' title='bbox 2735 1839 2870 1905; x_wconf 89' lang='lat' dir='ltr'><strong>suis,</strong></span> <span class='ocrx_word' id='word_1_267' title='bbox 2900 1848 3291 1910; x_wconf 78' lang='lat' dir='ltr'><strong>repugnantem</strong></span> 
     </span>
    </p>
   </div>
   <div class='ocr_carea' id='block_1_30' title="bbox 42 1914 3296 2012">
    <p class='ocr_par' dir='ltr' id='par_1_30' title="bbox 42 1914 3296 2012">
     <span class='ocr_line' id='line_1_30' title="bbox 42 1914 3296 2012; baseline -0.004 -14"><span class='ocrx_word' id='word_1_268' title='bbox 42 1941 291 2012; x_wconf 84' lang='lat' dir='ltr'><strong>despicit,</strong></span> <span class='ocrx_word' id='word_1_269' title='bbox 318 1942 493 1995; x_wconf 91' lang='lat' dir='ltr'><strong>minas</strong></span> <span class='ocrx_word' id='word_1_270' title='bbox 520 1942 752 2010; x_wconf 88' lang='lat' dir='ltr'><strong>despuit,</strong></span> <span class='ocrx_word' id='word_1_271' title='bbox 784 1941 1081 1995; x_wconf 86' lang='lat' dir='ltr'><strong>contemnit</strong></span> <span class='ocrx_word' id='word_1_272' title='bbox 1110 1938 1392 2004; x_wconf 74' lang='lat' dir='ltr'><strong>ferociam,</strong></span> <span class='ocrx_word' id='word_1_273' title='bbox 1418 1947 1475 1994; x_wconf 83' lang='lat' dir='ltr'><strong>et</strong></span> <span class='ocrx_word' id='word_1_274' title='bbox 1500 1953 1618 1994; x_wconf 85' lang='lat' dir='ltr'><strong>om-</strong></span> <span class='ocrx_word' id='word_1_275' title='bbox 1717 1934 1821 2006; x_wconf 91' lang='lat' dir='ltr'><strong>legi</strong></span> <span class='ocrx_word' id='word_1_276' title='bbox 1851 1932 2048 1991; x_wconf 88' lang='lat' dir='ltr'><strong>mentis</strong></span> <span class='ocrx_word' id='word_1_277' title='bbox 2073 1949 2206 2000; x_wconf 85' lang='lat' dir='ltr'><strong>suae,</strong></span> <span class='ocrx_word' id='word_1_278' title='bbox 2238 1940 2298 1987; x_wconf 90' lang='lat' dir='ltr'><strong>ut</strong></span> <span class='ocrx_word' id='word_1_279' title='bbox 2323 1914 2432 1989; x_wconf 76' lang='lat' dir='ltr'><strong>non</strong></span> <span class='ocrx_word' id='word_1_280' title='bbox 2460 1932 2603 2003; x_wconf 89' lang='lat' dir='ltr'><strong>quod</strong></span> <span class='ocrx_word' id='word_1_281' title='bbox 2628 1930 2804 1996; x_wconf 83' lang='lat' dir='ltr'><strong>vellet,</strong></span> <span class='ocrx_word' id='word_1_282' title='bbox 2831 1931 2935 1986; x_wconf 87' lang='lat' dir='ltr'><strong>hoc</strong></span> <span class='ocrx_word' id='word_1_283' title='bbox 2960 1938 3165 2001; x_wconf 87' lang='lat' dir='ltr'><strong>ageret,</strong></span> <span class='ocrx_word' id='word_1_284' title='bbox 3194 1927 3296 1988; x_wconf 83' lang='lat' dir='ltr'><strong>sed</strong></span> 
     </span>
    </p>
   </div>
   <div class='ocr_carea' id='block_1_31' title="bbox 42 2026 2699 2099">
    <p class='ocr_par' dir='ltr' id='par_1_31' title="bbox 42 2026 2699 2099">
     <span class='ocr_line' id='line_1_31' title="bbox 42 2026 2699 2099; baseline -0.002 -16"><span class='ocrx_word' id='word_1_285' title='bbox 42 2043 166 2085; x_wconf 90' lang='lat' dir='ltr'><strong>nem</strong></span> <span class='ocrx_word' id='word_1_286' title='bbox 205 2030 429 2085; x_wconf 90' lang='lat' dir='ltr'><strong>omnino</strong></span> <span class='ocrx_word' id='word_1_287' title='bbox 458 2030 749 2085; x_wconf 82' lang='lat' dir='ltr'><strong>contrariae</strong></span> <span class='ocrx_word' id='word_1_288' title='bbox 801 2029 1137 2085; x_wconf 86' lang='lat' dir='ltr'><strong>fortitudinis</strong></span> <span class='ocrx_word' id='word_1_289' title='bbox 1171 2029 1317 2084; x_wconf 88' lang='lat' dir='ltr'><strong>velut</strong></span> <span class='ocrx_word' id='word_1_290' title='bbox 1362 2027 1618 2098; x_wconf 78' lang='lat' dir='ltr'><strong>stipulam</strong></span> <span class='ocrx_word' id='word_1_291' title='bbox 1717 2028 1863 2099; x_wconf 80' lang='lat' dir='ltr'><strong>quod</strong></span> <span class='ocrx_word' id='word_1_292' title='bbox 1899 2026 2086 2090; x_wconf 88' lang='lat' dir='ltr'><strong>nollet,</strong></span> <span class='ocrx_word' id='word_1_293' title='bbox 2113 2026 2314 2081; x_wconf 88' lang='lat' dir='ltr'><strong>invitus</strong></span> <span class='ocrx_word' id='word_1_294' title='bbox 2339 2032 2699 2097; x_wconf 86' lang='lat' dir='ltr'><strong>perpetraret.</strong></span> 
     </span>
    </p>
   </div>
   <div class='ocr_carea' id='block_1_32' title="bbox 39 2108 3298 2191">
    <p class='ocr_par' dir='ltr' id='par_1_32' title="bbox 39 2108 3298 2191">
     <span class='ocr_line' id='line_1_32' title="bbox 39 2108 3298 2191; baseline -0.004 -13"><span class='ocrx_word' id='word_1_295' title='bbox 39 2130 327 2191; x_wconf 87' lang='lat' dir='ltr'><strong>computat</strong></span> <span class='ocrx_word' id='word_1_296' title='bbox 354 2121 673 2176; x_wconf 64' lang='lat' dir='ltr'><strong>sa~vitatcm.</strong></span> <span class='ocrx_word' id='word_1_297' title='bbox 704 2121 780 2176; x_wconf 89' lang='lat' dir='ltr'><strong>De</strong></span> <span class='ocrx_word' id='word_1_298' title='bbox 808 2136 914 2191; x_wconf 89' lang='lat' dir='ltr'><strong>qua</strong></span> <span class='ocrx_word' id='word_1_299' title='bbox 959 2121 1254 2177; x_wconf 87' lang='lat' dir='ltr'><strong>securitate</strong></span> <span class='ocrx_word' id='word_1_300' title='bbox 1292 2120 1423 2179; x_wconf 90' lang='lat' dir='ltr'><strong>illud</strong></span> <span class='ocrx_word' id='word_1_301' title='bbox 1466 2120 1621 2178; x_wconf 87' lang='lat' dir='ltr'><strong>Salo-</strong></span> <span class='ocrx_word' id='word_1_302' title='bbox 1790 2118 1943 2187; x_wconf 87' lang='lat' dir='ltr'><strong>Quod</strong></span> <span class='ocrx_word' id='word_1_303' title='bbox 1986 2117 2213 2187; x_wconf 85' lang='lat' dir='ltr'><strong>pulchre</strong></span> <span class='ocrx_word' id='word_1_304' title='bbox 2246 2114 2483 2171; x_wconf 81' lang='lat' dir='ltr'><strong>Joannes</strong></span> <span class='ocrx_word' id='word_1_305' title='bbox 2521 2114 2574 2170; x_wconf 90' lang='lat' dir='ltr'><strong>in</strong></span> <span class='ocrx_word' id='word_1_306' title='bbox 2612 2112 2932 2186; x_wconf 88' lang='lat' dir='ltr'><strong>Apocalypsi</strong></span> <span class='ocrx_word' id='word_1_307' title='bbox 2975 2122 3166 2167; x_wconf 88' lang='lat' dir='ltr'><strong>notare</strong></span> <span class='ocrx_word' id='word_1_308' title='bbox 3203 2108 3298 2166; x_wconf 80' lang='lat' dir='ltr'><strong>vo-</strong></span> 
     </span>
    </p>
   </div>
   <div class='ocr_carea' id='block_1_33' title="bbox 39 2200 3294 2282">
    <p class='ocr_par' dir='ltr' id='par_1_33' title="bbox 39 2200 3294 2282">
     <span class='ocr_line' id='line_1_33' title="bbox 39 2200 3294 2282; baseline -0.004 -14"><span class='ocrx_word' id='word_1_309' title='bbox 39 2214 223 2269; x_wconf 87' lang='lat' dir='ltr'><strong>monis</strong></span> <span class='ocrx_word' id='word_1_310' title='bbox 255 2212 606 2281; x_wconf 85' lang='lat' dir='ltr'><strong>intelligitur:</strong></span> <span class='ocrx_word' id='word_1_311' title='bbox 640 2228 659 2265; x_wconf 72' lang='grc'><strong>(</strong></span> <span class='ocrx_word' id='word_1_312' title='bbox 691 2210 878 2267; x_wconf 84' lang='lat' dir='ltr'><strong>Justus</strong></span> <span class='ocrx_word' id='word_1_313' title='bbox 902 2211 1056 2282; x_wconf 90' lang='lat' dir='ltr'><strong>quasi</strong></span> <span class='ocrx_word' id='word_1_314' title='bbox 1092 2212 1176 2267; x_wconf 87' lang='lat' dir='ltr'><strong>leo</strong></span> <span class='ocrx_word' id='word_1_315' title='bbox 1201 2210 1477 2268; x_wconf 80' lang='lat' dir='ltr'><strong>conﬁdens</strong></span> <span class='ocrx_word' id='word_1_316' title='bbox 1499 2211 1641 2268; x_wconf 12' lang='lat' dir='ltr'><strong>abs-t</strong></span> <span class='ocrx_word' id='word_1_317' title='bbox 1719 2209 1837 2276; x_wconf 82' lang='lat' dir='ltr'><strong>luit,</strong></span> <span class='ocrx_word' id='word_1_318' title='bbox 1888 2209 2014 2265; x_wconf 89' lang='lat' dir='ltr'><strong>dum</strong></span> <span class='ocrx_word' id='word_1_319' title='bbox 2063 2204 2283 2274; x_wconf 87' lang='lat' dir='ltr'><strong>scripsit</strong></span> <span class='ocrx_word' id='word_1_320' title='bbox 2323 2204 2450 2275; x_wconf 90' lang='lat' dir='ltr'><strong>quia</strong></span> <span class='ocrx_word' id='word_1_321' title='bbox 2477 2222 2497 2257; x_wconf 73' lang='grc' dir='ltr'><strong><em>ι</em></strong></span> <span class='ocrx_word' id='word_1_322' title='bbox 2532 2205 2736 2259; x_wconf 91' lang='lat' dir='ltr'><strong>factum</strong></span> <span class='ocrx_word' id='word_1_323' title='bbox 2801 2211 2887 2259; x_wconf 91' lang='lat' dir='ltr'><strong>est</strong></span> <span class='ocrx_word' id='word_1_324' title='bbox 2923 2200 3193 2257; x_wconf 80' lang='lat' dir='ltr'><strong>silentium</strong></span> <span class='ocrx_word' id='word_1_325' title='bbox 3239 2200 3294 2255; x_wconf 87' lang='lat' dir='ltr'><strong>in</strong></span> 
     </span>
    </p>
   </div>
   <div class='ocr_carea' id='block_1_34' title="bbox 0 2292 3301 2379">
    <p class='ocr_par' dir='ltr' id='par_1_34' title="bbox 0 2292 3301 2379">
     <span class='ocr_line' id='line_1_34' title="bbox 0 2292 3301 2379; baseline -0.003 -19"><span class='ocrx_word' id='word_1_326' title='bbox 0 2310 5 2379; x_wconf 72' lang='grc' dir='ltr'><em>ξ</em></span> <span class='ocrx_word' id='word_1_327' title='bbox 38 2320 145 2376; x_wconf 90' lang='lat' dir='ltr'><strong>que</strong></span> <span class='ocrx_word' id='word_1_328' title='bbox 191 2314 401 2360; x_wconf 88' lang='lat' dir='ltr'><strong>terrore</strong></span> <span class='ocrx_word' id='word_1_329' title='bbox 445 2305 569 2359; x_wconf 90' lang='lat' dir='ltr'><strong>erit.</strong></span> <span class='ocrx_word' id='word_1_330' title='bbox 606 2324 627 2358; x_wconf 71' lang='grc' dir='ltr'><strong><em>ι</em></strong></span> <span class='ocrx_word' id='word_1_331' title='bbox 700 2302 872 2375; x_wconf 86' lang='lat' dir='ltr'><strong>Hujus</strong></span> <span class='ocrx_word' id='word_1_332' title='bbox 920 2303 1070 2373; x_wconf 90' lang='lat' dir='ltr'><strong>pacis</strong></span> <span class='ocrx_word' id='word_1_333' title='bbox 1112 2301 1402 2359; x_wconf 87' lang='lat' dir='ltr'><strong>securitate</strong></span> <span class='ocrx_word' id='word_1_334' title='bbox 1451 2302 1620 2359; x_wconf 82' lang='lat' dir='ltr'><strong>fretus</strong></span> <span class='ocrx_word' id='word_1_335' title='bbox 1721 2302 1859 2358; x_wconf 65' lang='lat' dir='ltr'><strong>coelo</strong></span> <span class='ocrx_word' id='word_1_336' title='bbox 1892 2300 2049 2371; x_wconf 92' lang='lat' dir='ltr'><strong>quasi</strong></span> <span class='ocrx_word' id='word_1_337' title='bbox 2079 2300 2255 2357; x_wconf 89' lang='lat' dir='ltr'><strong>media</strong></span> <span class='ocrx_word' id='word_1_338' title='bbox 2284 2298 2441 2355; x_wconf 86' lang='lat' dir='ltr'><strong>hora.</strong></span> <span class='ocrx_word' id='word_1_339' title='bbox 2477 2316 2495 2350; x_wconf 76' lang='grc' dir='ltr'><strong><em>ι</em></strong></span> <span class='ocrx_word' id='word_1_340' title='bbox 2544 2295 2603 2352; x_wconf 92' lang='lat' dir='ltr'><strong>Si</strong></span> <span class='ocrx_word' id='word_1_341' title='bbox 2645 2295 2842 2352; x_wconf 74' lang='lat' dir='ltr'><strong>omium</strong></span> <span class='ocrx_word' id='word_1_342' title='bbox 2883 2293 3040 2351; x_wconf 88' lang='lat' dir='ltr'><strong>sedes</strong></span> <span class='ocrx_word' id='word_1_343' title='bbox 3076 2292 3171 2349; x_wconf 85' lang='lat' dir='ltr'><strong>Dei</strong></span> <span class='ocrx_word' id='word_1_344' title='bbox 3213 2300 3301 2349; x_wconf 85' lang='lat' dir='ltr'><strong>est</strong></span> 
     </span>
    </p>
   </div>
   <div class='ocr_carea' id='block_1_35' title="bbox 0 2387 3297 2479">
    <p class='ocr_par' dir='ltr' id='par_1_35' title="bbox 0 2387 3297 2479">
     <span class='ocr_line' id='line_1_35' title="bbox 0 2387 3297 2479; baseline -0.004 -27"><span class='ocrx_word' id='word_1_345' title='bbox 0 2406 7 2479; x_wconf 37' lang='grc' dir='ltr'>ξ</span> <span class='ocrx_word' id='word_1_346' title='bbox 36 2403 183 2460; x_wconf 86' lang='lat' dir='ltr'><strong>erat,</strong></span> <span class='ocrx_word' id='word_1_347' title='bbox 228 2394 329 2463; x_wconf 91' lang='lat' dir='ltr'><strong>qui</strong></span> <span class='ocrx_word' id='word_1_348' title='bbox 371 2393 550 2450; x_wconf 89' lang='lat' dir='ltr'><strong>dicere</strong></span> <span class='ocrx_word' id='word_1_349' title='bbox 575 2403 826 2463; x_wconf 88' lang='lat' dir='ltr'><strong>poterat:</strong></span> <span class='ocrx_word' id='word_1_350' title='bbox 857 2412 876 2445; x_wconf 74' lang='grc' dir='ltr'>ι</span> <span class='ocrx_word' id='word_1_351' title='bbox 914 2392 972 2448; x_wconf 86' lang='lat' dir='ltr'><strong>Si</strong></span> <span class='ocrx_word' id='word_1_352' title='bbox 1002 2394 1305 2449; x_wconf 89' lang='lat' dir='ltr'><strong>consistant</strong></span> <span class='ocrx_word' id='word_1_353' title='bbox 1332 2392 1621 2448; x_wconf 88' lang='lat' dir='ltr'><strong>adversum</strong></span> <span class='ocrx_word' id='word_1_354' title='bbox 1715 2394 1868 2465; x_wconf 72' lang='lat' dir='ltr'><strong>juxta</strong></span> <span class='ocrx_word' id='word_1_355' title='bbox 1899 2394 2027 2449; x_wconf 88' lang='lat' dir='ltr'><strong>illud</strong></span> <span class='ocrx_word' id='word_1_356' title='bbox 2053 2411 2066 2448; x_wconf 88' lang='lat'><strong>:</strong></span> <span class='ocrx_word' id='word_1_357' title='bbox 2096 2410 2115 2445; x_wconf 72' lang='grc' dir='ltr'><strong><em>ι</em></strong></span> <span class='ocrx_word' id='word_1_358' title='bbox 2145 2391 2353 2448; x_wconf 70' lang='lat' dir='ltr'><strong>Caelum</strong></span> <span class='ocrx_word' id='word_1_359' title='bbox 2395 2390 2527 2446; x_wconf 87' lang='lat' dir='ltr'><strong>mihi</strong></span> <span class='ocrx_word' id='word_1_360' title='bbox 2574 2388 2731 2445; x_wconf 88' lang='lat' dir='ltr'><strong>sedes</strong></span> <span class='ocrx_word' id='word_1_361' title='bbox 2760 2396 2865 2454; x_wconf 90' lang='lat' dir='ltr'><strong>est,</strong></span> <span class='ocrx_word' id='word_1_362' title='bbox 2908 2387 3089 2443; x_wconf 92' lang='lat' dir='ltr'><strong>anima</strong></span> <span class='ocrx_word' id='word_1_363' title='bbox 3116 2396 3297 2442; x_wconf 90' lang='lat' dir='ltr'><strong>autem</strong></span> 
     </span>
    </p>
   </div>
   <div class='ocr_carea' id='block_1_36' title="bbox 0 2478 3295 2569">
    <p class='ocr_par' dir='ltr' id='par_1_36' title="bbox 0 2478 3295 2569">
     <span class='ocr_line' id='line_1_36' title="bbox 0 2478 3295 2569; baseline -0.002 -31"><span class='ocrx_word' id='word_1_364' title='bbox 37 2499 126 2541; x_wconf 90' lang='lat' dir='ltr'><strong>me</strong></span> <span class='ocrx_word' id='word_1_365' title='bbox 156 2492 366 2547; x_wconf 87' lang='lat' dir='ltr'><strong>castra,</strong></span> <span class='ocrx_word' id='word_1_366' title='bbox 390 2499 494 2537; x_wconf 90' lang='lat' dir='ltr'><strong>non</strong></span> <span class='ocrx_word' id='word_1_367' title='bbox 520 2483 729 2539; x_wconf 87' lang='lat' dir='ltr'><strong>timebit</strong></span> <span class='ocrx_word' id='word_1_368' title='bbox 748 2499 843 2539; x_wconf 91' lang='lat' dir='ltr'><strong>cor</strong></span> <span class='ocrx_word' id='word_1_369' title='bbox 872 2498 1074 2547; x_wconf 88' lang='lat' dir='ltr'><strong>meum,</strong></span> <span class='ocrx_word' id='word_1_370' title='bbox 1102 2492 1157 2538; x_wconf 89' lang='lat' dir='ltr'><strong>et</strong></span> <span class='ocrx_word' id='word_1_371' title='bbox 1182 2483 1228 2539; x_wconf 93' lang='lat' dir='ltr'><strong>si</strong></span> <span class='ocrx_word' id='word_1_372' title='bbox 1262 2482 1509 2552; x_wconf 87' lang='lat' dir='ltr'><strong>insurgat</strong></span> <span class='ocrx_word' id='word_1_373' title='bbox 1529 2482 1624 2537; x_wconf 86' lang='lat' dir='ltr'><strong>ad-</strong></span> <span class='ocrx_word' id='word_1_374' title='bbox 1715 2485 1849 2555; x_wconf 87' lang='lat' dir='ltr'><strong>justi</strong></span> <span class='ocrx_word' id='word_1_375' title='bbox 1873 2504 1891 2538; x_wconf 73' lang='grc' dir='ltr'><strong><em>ι</em></strong></span> <span class='ocrx_word' id='word_1_376' title='bbox 1913 2485 2207 2541; x_wconf 86' lang='lat' dir='ltr'><strong>secundum</strong></span> <span class='ocrx_word' id='word_1_377' title='bbox 2239 2482 2573 2553; x_wconf 89' lang='lat' dir='ltr'><strong>Scripturam</strong></span> <span class='ocrx_word' id='word_1_378' title='bbox 2597 2498 2616 2532; x_wconf 85' lang='grc'><strong>‹</strong></span> <span class='ocrx_word' id='word_1_379' title='bbox 2653 2479 2810 2536; x_wconf 88' lang='lat' dir='ltr'><strong>sedes</strong></span> <span class='ocrx_word' id='word_1_380' title='bbox 2832 2488 2915 2535; x_wconf 91' lang='lat' dir='ltr'><strong>est</strong></span> <span class='ocrx_word' id='word_1_381' title='bbox 2942 2478 3240 2549; x_wconf 65' lang='lat' dir='ltr'><strong>sapientiae,</strong></span> <span class='ocrx_word' id='word_1_382' title='bbox 3273 2498 3295 2531; x_wconf 72' lang='grc' dir='ltr'><strong><em>ι</em></strong></span> 
     </span>
    </p>
   </div>
   <div class='ocr_carea' id='block_1_37' title="bbox 2 2568 3301 2645">
    <p class='ocr_par' dir='ltr' id='par_1_37' title="bbox 2 2568 3301 2645">
     <span class='ocr_line' id='line_1_37' title="bbox 2 2568 3301 2645; baseline -0.002 -14"><span class='ocrx_word' id='word_1_383' title='bbox 2 2568 7 2599; x_wconf 67' lang='grc'><strong><em>³</em></strong></span> <span class='ocrx_word' id='word_1_384' title='bbox 35 2590 259 2631; x_wconf 90' lang='lat' dir='ltr'><strong>versum</strong></span> <span class='ocrx_word' id='word_1_385' title='bbox 282 2590 375 2630; x_wconf 92' lang='lat' dir='ltr'><strong>me</strong></span> <span class='ocrx_word' id='word_1_386' title='bbox 405 2574 670 2645; x_wconf 73' lang='lat' dir='ltr'><strong>praelium,</strong></span> <span class='ocrx_word' id='word_1_387' title='bbox 697 2575 749 2629; x_wconf 92' lang='lat' dir='ltr'><strong>in</strong></span> <span class='ocrx_word' id='word_1_388' title='bbox 774 2575 877 2630; x_wconf 93' lang='lat' dir='ltr'><strong>hoc</strong></span> <span class='ocrx_word' id='word_1_389' title='bbox 898 2589 997 2645; x_wconf 83' lang='lat' dir='ltr'><strong>ego</strong></span> <span class='ocrx_word' id='word_1_390' title='bbox 1026 2574 1276 2644; x_wconf 87' lang='lat' dir='ltr'><strong>sperabo.</strong></span> <span class='ocrx_word' id='word_1_391' title='bbox 1309 2591 1329 2627; x_wconf 71' lang='grc' dir='ltr'><strong><em>ι</em></strong></span> <span class='ocrx_word' id='word_1_392' title='bbox 1357 2573 1437 2627; x_wconf 88' lang='lat' dir='ltr'><strong>Ad</strong></span> <span class='ocrx_word' id='word_1_393' title='bbox 1460 2588 1621 2642; x_wconf 89' lang='lat' dir='ltr'><strong>quam</strong></span> <span class='ocrx_word' id='word_1_394' title='bbox 1724 2576 1779 2632; x_wconf 91' lang='lat' dir='ltr'><strong>id</strong></span> <span class='ocrx_word' id='word_1_395' title='bbox 1822 2584 1907 2631; x_wconf 87' lang='lat' dir='ltr'><strong>est</strong></span> <span class='ocrx_word' id='word_1_396' title='bbox 1935 2575 2028 2631; x_wconf 89' lang='lat' dir='ltr'><strong>Dei</strong></span> <span class='ocrx_word' id='word_1_397' title='bbox 2046 2613 2061 2639; x_wconf 85' lang='lat'><strong>,</strong></span> <span class='ocrx_word' id='word_1_398' title='bbox 2089 2574 2219 2645; x_wconf 86' lang='lat' dir='ltr'><strong>quid</strong></span> <span class='ocrx_word' id='word_1_399' title='bbox 2239 2573 2345 2629; x_wconf 89' lang='lat' dir='ltr'><strong>erit</strong></span> <span class='ocrx_word' id='word_1_400' title='bbox 2370 2570 2786 2642; x_wconf 90' lang='lat' dir='ltr'><strong>consequentius</strong></span> <span class='ocrx_word' id='word_1_401' title='bbox 2810 2584 2970 2641; x_wconf 92' lang='lat' dir='ltr'><strong>quam</strong></span> <span class='ocrx_word' id='word_1_402' title='bbox 2994 2578 3055 2624; x_wconf 85' lang='lat' dir='ltr'><strong>ut</strong></span> <span class='ocrx_word' id='word_1_403' title='bbox 3080 2569 3132 2625; x_wconf 93' lang='lat' dir='ltr'><strong>in</strong></span> <span class='ocrx_word' id='word_1_404' title='bbox 3163 2568 3301 2625; x_wconf 67' lang='lat' dir='ltr'><strong>caelo</strong></span> 
     </span>
    </p>
   </div>
   <div class='ocr_carea' id='block_1_38' title="bbox 0 2659 1622 2757">
    <p class='ocr_par' dir='ltr' id='par_1_38' title="bbox 0 2659 1621 2757">
     <span class='ocr_line' id='line_1_38' title="bbox 0 2659 1621 2757; baseline -0.002 -37"><span class='ocrx_word' id='word_1_405' title='bbox 0 2659 9 2757; x_wconf 68' lang='grc' dir='ltr'><em>ξ</em></span> <span class='ocrx_word' id='word_1_406' title='bbox 37 2665 194 2736; x_wconf 89' lang='lat' dir='ltr'><strong>pacis</strong></span> <span class='ocrx_word' id='word_1_407' title='bbox 220 2663 577 2720; x_wconf 86' lang='lat' dir='ltr'><strong>securitatem</strong></span> <span class='ocrx_word' id='word_1_408' title='bbox 601 2676 657 2719; x_wconf 89' lang='lat' dir='ltr'><strong>et</strong></span> <span class='ocrx_word' id='word_1_409' title='bbox 680 2662 876 2719; x_wconf 85' lang='lat' dir='ltr'><strong>Petrus</strong></span> <span class='ocrx_word' id='word_1_410' title='bbox 898 2664 1233 2734; x_wconf 89' lang='lat' dir='ltr'><strong>respiciebat,</strong></span> <span class='ocrx_word' id='word_1_411' title='bbox 1254 2678 1375 2718; x_wconf 92' lang='lat' dir='ltr'><strong>cum</strong></span> <span class='ocrx_word' id='word_1_412' title='bbox 1397 2662 1621 2717; x_wconf 88' lang='lat' dir='ltr'><strong>diceret:</strong></span> 
     </span>
    </p>
   </div>
   <div class='ocr_carea' id='block_1_39' title="bbox 1738 2659 3303 2757">
    <p class='ocr_par' dir='ltr' id='par_1_39' title="bbox 1748 2659 3303 2736">
     <span class='ocr_line' id='line_1_39' title="bbox 1748 2659 3303 2736; baseline -0.005 -12"><span class='ocrx_word' id='word_1_413' title='bbox 1748 2669 1850 2726; x_wconf 90' lang='lat' dir='ltr'><strong>usti</strong></span> <span class='ocrx_word' id='word_1_414' title='bbox 1878 2668 2115 2723; x_wconf 88' lang='lat' dir='ltr'><strong>animam</strong></span> <span class='ocrx_word' id='word_1_415' title='bbox 2149 2666 2375 2736; x_wconf 88' lang='lat' dir='ltr'><strong>intelligi</strong></span> <span class='ocrx_word' id='word_1_416' title='bbox 2408 2659 2790 2735; x_wconf 74' lang='lat' dir='ltr'><strong>re‘putemus?r</strong></span> <span class='ocrx_word' id='word_1_417' title='bbox 2827 2660 3110 2718; x_wconf 89' lang='lat' dir='ltr'><strong>Silentium</strong></span> <span class='ocrx_word' id='word_1_418' title='bbox 3139 2660 3303 2733; x_wconf 87' lang='lat' dir='ltr'><strong>igitur</strong></span> 
     </span>
    </p>
   </div>
   <div class='ocr_carea' id='block_1_40' title="bbox 0 2750 3301 2831">
    <p class='ocr_par' dir='ltr' id='par_1_40' title="bbox 0 2750 3301 2831">
     <span class='ocr_line' id='line_1_40' title="bbox 0 2750 3301 2831; baseline -0.005 -9"><span class='ocrx_word' id='word_1_419' title='bbox 0 2750 5 2787; x_wconf 29' lang='grc' dir='ltr'><strong>ἶ</strong></span> <span class='ocrx_word' id='word_1_420' title='bbox 42 2776 65 2810; x_wconf 69' lang='grc' dir='ltr'>θ</span> <span class='ocrx_word' id='word_1_421' title='bbox 97 2756 235 2825; x_wconf 78' lang='lat' dir='ltr'><strong>Quis</strong></span> <span class='ocrx_word' id='word_1_422' title='bbox 283 2767 393 2824; x_wconf 75' lang='grc' dir='ltr'><strong>εει,</strong></span> <span class='ocrx_word' id='word_1_423' title='bbox 436 2756 527 2824; x_wconf 62' lang='lat' dir='ltr'><strong>lilii</strong></span> <span class='ocrx_word' id='word_1_424' title='bbox 565 2757 719 2813; x_wconf 75' lang='lat' dir='ltr'><strong>&quot;Obis</strong></span> <span class='ocrx_word' id='word_1_425' title='bbox 763 2765 975 2822; x_wconf 70' lang='grc' dir='ltr'><strong>ηοεεθιν</strong></span> <span class='ocrx_word' id='word_1_426' title='bbox 1020 2756 1066 2811; x_wconf 90' lang='lat' dir='ltr'><strong>si</strong></span> <span class='ocrx_word' id='word_1_427' title='bbox 1113 2756 1237 2811; x_wconf 90' lang='lat' dir='ltr'><strong>boni</strong></span> <span class='ocrx_word' id='word_1_428' title='bbox 1282 2754 1633 2813; x_wconf 69' lang='lat' dir='ltr'><strong>:emulatorcs,</strong></span> <span class='ocrx_word' id='word_1_429' title='bbox 1726 2761 1882 2831; x_wconf 86' lang='lat' dir='ltr'><strong>quasi</strong></span> <span class='ocrx_word' id='word_1_430' title='bbox 1910 2757 2132 2815; x_wconf 87' lang='lat' dir='ltr'><strong>dimidia</strong></span> <span class='ocrx_word' id='word_1_431' title='bbox 2163 2757 2297 2812; x_wconf 90' lang='lat' dir='ltr'><strong>hora</strong></span> <span class='ocrx_word' id='word_1_432' title='bbox 2333 2775 2351 2807; x_wconf 75' lang='grc' dir='ltr'><strong><em>ι</em></strong></span> <span class='ocrx_word' id='word_1_433' title='bbox 2384 2756 2438 2811; x_wconf 91' lang='lat' dir='ltr'><strong>in</strong></span> <span class='ocrx_word' id='word_1_434' title='bbox 2459 2754 2597 2810; x_wconf 73' lang='lat' dir='ltr'><strong>coelo</strong></span> <span class='ocrx_word' id='word_1_435' title='bbox 2622 2752 2858 2819; x_wconf 89' lang='lat' dir='ltr'><strong>auditur,</strong></span> <span class='ocrx_word' id='word_1_436' title='bbox 2880 2752 3007 2824; x_wconf 89' lang='lat' dir='ltr'><strong>quia</strong></span> <span class='ocrx_word' id='word_1_437' title='bbox 3040 2751 3094 2806; x_wconf 92' lang='lat' dir='ltr'><strong>in</strong></span> <span class='ocrx_word' id='word_1_438' title='bbox 3120 2750 3301 2806; x_wconf 89' lang='lat' dir='ltr'><strong>anima</strong></span> 
     </span>
    </p>
   </div>
   <div class='ocr_carea' id='block_1_41' title="bbox 1 2842 3304 2915">
    <p class='ocr_par' dir='ltr' id='par_1_41' title="bbox 1 2842 3304 2915">
     <span class='ocr_line' id='line_1_41' title="bbox 1 2842 3304 2915; baseline -0.001 -14"><span class='ocrx_word' id='word_1_439' title='bbox 1 2844 300 2902; x_wconf 54' lang='lat' dir='ltr'><strong>ifueritis?</strong></span> <span class='ocrx_word' id='word_1_440' title='bbox 330 2863 353 2897; x_wconf 76' lang='grc' dir='ltr'><strong><em>ι</em></strong></span> <span class='ocrx_word' id='word_1_441' title='bbox 386 2845 481 2900; x_wconf 85' lang='lat' dir='ltr'><strong>Est</strong></span> <span class='ocrx_word' id='word_1_442' title='bbox 510 2845 655 2899; x_wconf 90' lang='lat' dir='ltr'><strong>enim</strong></span> <span class='ocrx_word' id='word_1_443' title='bbox 678 2859 831 2900; x_wconf 88' lang='lat' dir='ltr'><strong>mens</strong></span> <span class='ocrx_word' id='word_1_444' title='bbox 852 2844 985 2915; x_wconf 89' lang='lat' dir='ltr'><strong>justi</strong></span> <span class='ocrx_word' id='word_1_445' title='bbox 1016 2844 1162 2898; x_wconf 88' lang='lat' dir='ltr'><strong>velut</strong></span> <span class='ocrx_word' id='word_1_446' title='bbox 1184 2844 1469 2899; x_wconf 89' lang='lat' dir='ltr'><strong>sublimior</strong></span> <span class='ocrx_word' id='word_1_447' title='bbox 1497 2859 1628 2914; x_wconf 90' lang='lat' dir='ltr'><strong>pars</strong></span> <span class='ocrx_word' id='word_1_448' title='bbox 1726 2854 1827 2909; x_wconf 71' lang='lat' dir='ltr'><strong>viri</strong></span> <span class='ocrx_word' id='word_1_449' title='bbox 1873 2854 2047 2910; x_wconf 66' lang='lat' dir='ltr'><strong>sancti</strong></span> <span class='ocrx_word' id='word_1_450' title='bbox 2081 2872 2100 2905; x_wconf 72' lang='grc' dir='ltr'>ι</span> <span class='ocrx_word' id='word_1_451' title='bbox 2135 2850 2380 2914; x_wconf 83' lang='lat' dir='ltr'><strong>dimidia,</strong></span> <span class='ocrx_word' id='word_1_452' title='bbox 2414 2867 2431 2899; x_wconf 77' lang='grc' dir='ltr'><strong><em>ι</em></strong></span> <span class='ocrx_word' id='word_1_453' title='bbox 2477 2847 2580 2902; x_wconf 91' lang='lat' dir='ltr'><strong>hoc</strong></span> <span class='ocrx_word' id='word_1_454' title='bbox 2612 2854 2723 2913; x_wconf 86' lang='lat' dir='ltr'><strong>est,</strong></span> <span class='ocrx_word' id='word_1_455' title='bbox 2764 2860 2871 2902; x_wconf 90' lang='lat' dir='ltr'><strong>non</strong></span> <span class='ocrx_word' id='word_1_456' title='bbox 2916 2842 3153 2915; x_wconf 84' lang='lat' dir='ltr'><strong>perfecta</strong></span> <span class='ocrx_word' id='word_1_457' title='bbox 3182 2856 3304 2902; x_wconf 60' lang='lat' dir='ltr'><strong>esse</strong></span> 
     </span>
    </p>
   </div>
   <div class='ocr_carea' id='block_1_42' title="bbox 0 2935 1626 3007">
    <p class='ocr_par' dir='ltr' id='par_1_42' title="bbox 0 2935 1626 3007">
     <span class='ocr_line' id='line_1_42' title="bbox 0 2935 1626 3007; baseline -0.003 -13"><span class='ocrx_word' id='word_1_458' title='bbox 0 2946 17 2979; x_wconf 74' lang='lat'><strong>1‘~</strong></span> <span class='ocrx_word' id='word_1_459' title='bbox 40 2937 231 2994; x_wconf 84' lang='lat' dir='ltr'><strong>mundi</strong></span> <span class='ocrx_word' id='word_1_460' title='bbox 260 2976 276 3002; x_wconf 93' lang='lat'><strong>,</strong></span> <span class='ocrx_word' id='word_1_461' title='bbox 315 2951 439 3007; x_wconf 79' lang='lat' dir='ltr'><strong>qua:</strong></span> <span class='ocrx_word' id='word_1_462' title='bbox 465 2936 603 2993; x_wconf 66' lang='lat' dir='ltr'><strong>coelo</strong></span> <span class='ocrx_word' id='word_1_463' title='bbox 632 2935 895 2992; x_wconf 85' lang='lat' dir='ltr'><strong>coniiuior</strong></span> <span class='ocrx_word' id='word_1_464' title='bbox 932 2936 987 2991; x_wconf 92' lang='lat' dir='ltr'><strong>in</strong></span> <span class='ocrx_word' id='word_1_465' title='bbox 1031 2935 1226 2990; x_wconf 88' lang='lat' dir='ltr'><strong>nubem</strong></span> <span class='ocrx_word' id='word_1_466' title='bbox 1257 2951 1362 2990; x_wconf 91' lang='lat' dir='ltr'><strong>non</strong></span> <span class='ocrx_word' id='word_1_467' title='bbox 1392 2936 1626 3006; x_wconf 88' lang='lat' dir='ltr'><strong>cogitur,</strong></span> 
     </span>
    </p>
   </div>
   <div class='ocr_carea' id='block_1_43' title="bbox 2 3026 1628 3101">
    <p class='ocr_par' dir='ltr' id='par_1_43' title="bbox 2 3026 1628 3101">
     <span class='ocr_line' id='line_1_43' title="bbox 2 3026 1628 3101; baseline -0.005 -12"><span class='ocrx_word' id='word_1_468' title='bbox 2 3038 15 3067; x_wconf 57' lang='grc' dir='ltr'><strong>ιτ</strong></span> <span class='ocrx_word' id='word_1_469' title='bbox 42 3033 101 3089; x_wconf 75' lang='lat' dir='ltr'><strong>in</strong></span> <span class='ocrx_word' id='word_1_470' title='bbox 124 3039 507 3101; x_wconf 86' lang='lat' dir='ltr'><strong>tempestatem</strong></span> <span class='ocrx_word' id='word_1_471' title='bbox 551 3043 659 3084; x_wconf 92' lang='lat' dir='ltr'><strong>non</strong></span> <span class='ocrx_word' id='word_1_472' title='bbox 713 3028 914 3098; x_wconf 85' lang='lat' dir='ltr'><strong>agitur,</strong></span> <span class='ocrx_word' id='word_1_473' title='bbox 960 3042 1064 3082; x_wconf 89' lang='lat' dir='ltr'><strong>non</strong></span> <span class='ocrx_word' id='word_1_474' title='bbox 1101 3027 1429 3084; x_wconf 90' lang='lat' dir='ltr'><strong>versaturin</strong></span> <span class='ocrx_word' id='word_1_475' title='bbox 1461 3026 1628 3082; x_wconf 87' lang='lat' dir='ltr'><strong>turbi-</strong></span> 
     </span>
    </p>
   </div>
   <div class='ocr_carea' id='block_1_44' title="bbox 0 3115 1627 3190">
    <p class='ocr_par' dir='ltr' id='par_1_44' title="bbox 0 3115 1627 3190">
     <span class='ocr_line' id='line_1_44' title="bbox 0 3115 1627 3190; baseline -0.006 -12"><span class='ocrx_word' id='word_1_476' title='bbox 0 3168 7 3169; x_wconf 39' lang='grc' dir='ltr'><em>κ</em></span> <span class='ocrx_word' id='word_1_477' title='bbox 44 3136 200 3186; x_wconf 76' lang='lat' dir='ltr'><strong>nem.</strong></span> <span class='ocrx_word' id='word_1_478' title='bbox 232 3136 343 3176; x_wconf 91' lang='lat' dir='ltr'><strong>non</strong></span> <span class='ocrx_word' id='word_1_479' title='bbox 374 3119 623 3190; x_wconf 91' lang='lat' dir='ltr'><strong>mugiunt</strong></span> <span class='ocrx_word' id='word_1_480' title='bbox 658 3117 730 3172; x_wconf 90' lang='lat' dir='ltr'><strong>ibi</strong></span> <span class='ocrx_word' id='word_1_481' title='bbox 766 3116 1025 3184; x_wconf 89' lang='lat' dir='ltr'><strong>tonitrua,</strong></span> <span class='ocrx_word' id='word_1_482' title='bbox 1052 3131 1157 3171; x_wconf 92' lang='lat' dir='ltr'><strong>non</strong></span> <span class='ocrx_word' id='word_1_483' title='bbox 1192 3116 1422 3171; x_wconf 82' lang='lat' dir='ltr'><strong>saeviunt</strong></span> <span class='ocrx_word' id='word_1_484' title='bbox 1448 3115 1627 3170; x_wconf 81' lang='lat' dir='ltr'><strong>fulmi-</strong></span> 
     </span>
    </p>
   </div>
   <div class='ocr_carea' id='block_1_45' title="bbox 2 3207 1627 3283">
    <p class='ocr_par' dir='ltr' id='par_1_45' title="bbox 2 3207 1627 3283">
     <span class='ocr_line' id='line_1_45' title="bbox 2 3207 1627 3283; baseline -0.004 -14"><span class='ocrx_word' id='word_1_485' title='bbox 2 3228 19 3261; x_wconf 67' lang='grc' dir='ltr'><strong>ἐξ</strong></span> <span class='ocrx_word' id='word_1_486' title='bbox 47 3229 141 3283; x_wconf 87' lang='lat' dir='ltr'><strong>na,</strong></span> <span class='ocrx_word' id='word_1_487' title='bbox 174 3212 400 3269; x_wconf 82' lang='lat' dir='ltr'><strong>ﬂamina</strong></span> <span class='ocrx_word' id='word_1_488' title='bbox 434 3226 542 3267; x_wconf 90' lang='lat' dir='ltr'><strong>non</strong></span> <span class='ocrx_word' id='word_1_489' title='bbox 569 3211 879 3283; x_wconf 89' lang='lat' dir='ltr'><strong>jurgantur.</strong></span> <span class='ocrx_word' id='word_1_490' title='bbox 934 3207 1026 3264; x_wconf 89' lang='lat' dir='ltr'><strong>Sic</strong></span> <span class='ocrx_word' id='word_1_491' title='bbox 1068 3216 1124 3263; x_wconf 90' lang='lat' dir='ltr'><strong>et</strong></span> <span class='ocrx_word' id='word_1_492' title='bbox 1170 3209 1360 3264; x_wconf 85' lang='lat' dir='ltr'><strong>beatus</strong></span> <span class='ocrx_word' id='word_1_493' title='bbox 1394 3210 1627 3272; x_wconf 90' lang='lat' dir='ltr'><strong>animus,</strong></span> 
     </span>
    </p>
   </div>
   <div class='ocr_carea' id='block_1_46' title="bbox 14 3300 1633 3380">
    <p class='ocr_par' dir='ltr' id='par_1_46' title="bbox 14 3300 1633 3380">
     <span class='ocr_line' id='line_1_46' title="bbox 14 3300 1633 3380; baseline -0.007 -16"><span class='ocrx_word' id='word_1_494' title='bbox 14 3346 17 3349; x_wconf 58' lang='grc' dir='ltr'><strong><em>ι</em></strong></span> <span class='ocrx_word' id='word_1_495' title='bbox 46 3309 208 3380; x_wconf 83' lang='lat' dir='ltr'><strong>cujus</strong></span> <span class='ocrx_word' id='word_1_496' title='bbox 239 3305 587 3363; x_wconf 89' lang='lat' dir='ltr'><strong>conversatio</strong></span> <span class='ocrx_word' id='word_1_497' title='bbox 614 3305 667 3360; x_wconf 89' lang='lat' dir='ltr'><strong>in</strong></span> <span class='ocrx_word' id='word_1_498' title='bbox 699 3303 853 3360; x_wconf 61' lang='lat' dir='ltr'><strong>caelis</strong></span> <span class='ocrx_word' id='word_1_499' title='bbox 874 3312 978 3359; x_wconf 85' lang='lat' dir='ltr'><strong>est.</strong></span> <span class='ocrx_word' id='word_1_500' title='bbox 1010 3302 1188 3358; x_wconf 86' lang='lat' dir='ltr'><strong>Tanto</strong></span> <span class='ocrx_word' id='word_1_501' title='bbox 1217 3302 1362 3357; x_wconf 90' lang='lat' dir='ltr'><strong>enim</strong></span> <span class='ocrx_word' id='word_1_502' title='bbox 1384 3300 1497 3369; x_wconf 85' lang='lat' dir='ltr'><strong>jam</strong></span> <span class='ocrx_word' id='word_1_503' title='bbox 1528 3302 1633 3369; x_wconf 78' lang='lat' dir='ltr'><strong>vir;-</strong></span> 
     </span>
    </p>
   </div>
   <div class='ocr_carea' id='block_1_47' title="bbox 2 3391 1635 3460">
    <p class='ocr_par' dir='ltr' id='par_1_47' title="bbox 2 3391 1635 3460">
     <span class='ocr_line' id='line_1_47' title="bbox 2 3391 1635 3460; baseline -0.006 -6"><span class='ocrx_word' id='word_1_504' title='bbox 2 3416 15 3447; x_wconf 74' lang='grc' dir='ltr'><strong> ’</strong></span> <span class='ocrx_word' id='word_1_505' title='bbox 50 3398 185 3454; x_wconf 85' lang='lat' dir='ltr'><strong>tutis</strong></span> <span class='ocrx_word' id='word_1_506' title='bbox 226 3395 472 3453; x_wconf 91' lang='lat' dir='ltr'><strong>culmine</strong></span> <span class='ocrx_word' id='word_1_507' title='bbox 516 3395 810 3450; x_wconf 86' lang='lat' dir='ltr'><strong>subvectus</strong></span> <span class='ocrx_word' id='word_1_508' title='bbox 837 3393 1063 3459; x_wconf 89' lang='lat' dir='ltr'><strong>eminet,</strong></span> <span class='ocrx_word' id='word_1_509' title='bbox 1103 3400 1165 3446; x_wconf 92' lang='lat' dir='ltr'><strong>ut</strong></span> <span class='ocrx_word' id='word_1_510' title='bbox 1201 3391 1364 3447; x_wconf 89' lang='lat' dir='ltr'><strong>nullis</strong></span> <span class='ocrx_word' id='word_1_511' title='bbox 1392 3405 1635 3460; x_wconf 88' lang='lat' dir='ltr'><strong>unquam</strong></span> 
     </span>
    </p>
   </div>
   <div class='ocr_carea' id='block_1_48' title="bbox 0 3481 1633 3559">
    <p class='ocr_par' dir='ltr' id='par_1_48' title="bbox 0 3481 1633 3559">
     <span class='ocr_line' id='line_1_48' title="bbox 0 3481 1633 3559; baseline -0.003 -18"><span class='ocrx_word' id='word_1_512' title='bbox 0 3508 7 3541; x_wconf 70' lang='grc' dir='ltr'>τ</span> <span class='ocrx_word' id='word_1_513' title='bbox 50 3491 332 3546; x_wconf 86' lang='lat' dir='ltr'><strong>minarum</strong></span> <span class='ocrx_word' id='word_1_514' title='bbox 366 3486 704 3559; x_wconf 84' lang='lat' dir='ltr'><strong>fragoribus,</strong></span> <span class='ocrx_word' id='word_1_515' title='bbox 737 3485 900 3541; x_wconf 89' lang='lat' dir='ltr'><strong>nullis</strong></span> <span class='ocrx_word' id='word_1_516' title='bbox 938 3494 1207 3542; x_wconf 89' lang='lat' dir='ltr'><strong>terrorum</strong></span> <span class='ocrx_word' id='word_1_517' title='bbox 1246 3482 1445 3539; x_wconf 87' lang='lat' dir='ltr'><strong>nimbis</strong></span> <span class='ocrx_word' id='word_1_518' title='bbox 1481 3481 1633 3554; x_wconf 81' lang='lat' dir='ltr'><strong>[cod.</strong></span> 
     </span>
    </p>
   </div>
   <div class='ocr_carea' id='block_1_49' title="bbox 53 3575 1637 3655">
    <p class='ocr_par' dir='ltr' id='par_1_49' title="bbox 53 3575 1637 3655">
     <span class='ocr_line' id='line_1_49' title="bbox 53 3575 1637 3655; baseline -0.003 -18"><span class='ocrx_word' id='word_1_519' title='bbox 53 3582 206 3655; x_wconf 78' lang='lat' dir='ltr'><strong>Teg.,</strong></span> <span class='ocrx_word' id='word_1_520' title='bbox 240 3579 557 3652; x_wconf 83' lang='lat' dir='ltr'><strong>imbribus],</strong></span> <span class='ocrx_word' id='word_1_521' title='bbox 588 3579 749 3635; x_wconf 89' lang='lat' dir='ltr'><strong>nullis</strong></span> <span class='ocrx_word' id='word_1_522' title='bbox 785 3579 1046 3636; x_wconf 90' lang='lat' dir='ltr'><strong>bellorum</strong></span> <span class='ocrx_word' id='word_1_523' title='bbox 1074 3577 1288 3634; x_wconf 91' lang='lat' dir='ltr'><strong>diluviis</strong></span> <span class='ocrx_word' id='word_1_524' title='bbox 1322 3576 1438 3646; x_wconf 87' lang='lat' dir='ltr'><strong>ejus</strong></span> <span class='ocrx_word' id='word_1_525' title='bbox 1466 3575 1637 3647; x_wconf 74' lang='lat' dir='ltr'><strong>possit</strong></span> 
     </span>
    </p>
   </div>
   <div class='ocr_carea' id='block_1_50' title="bbox 52 3668 1636 3738">
    <p class='ocr_par' dir='ltr' id='par_1_50' title="bbox 52 3668 1636 3738">
     <span class='ocr_line' id='line_1_50' title="bbox 52 3668 1636 3738; baseline -0.003 -9"><span class='ocrx_word' id='word_1_526' title='bbox 52 3673 290 3729; x_wconf 81' lang='lat' dir='ltr'><strong>ﬁrmitas</strong></span> <span class='ocrx_word' id='word_1_527' title='bbox 313 3672 554 3738; x_wconf 89' lang='lat' dir='ltr'><strong>concuti,</strong></span> <span class='ocrx_word' id='word_1_528' title='bbox 586 3671 854 3729; x_wconf 90' lang='lat' dir='ltr'><strong>serenitas</strong></span> <span class='ocrx_word' id='word_1_529' title='bbox 878 3669 1100 3736; x_wconf 89' lang='lat' dir='ltr'><strong>obuubi,</strong></span> <span class='ocrx_word' id='word_1_530' title='bbox 1131 3668 1487 3738; x_wconf 85' lang='lat' dir='ltr'><strong>tranquillitas</strong></span> <span class='ocrx_word' id='word_1_531' title='bbox 1513 3682 1636 3738; x_wconf 83' lang='lat' dir='ltr'><strong>per-</strong></span> 
     </span>
    </p>
   </div>
   <div class='ocr_carea' id='block_1_51' title="bbox 53 3766 289 3823">
    <p class='ocr_par' dir='ltr' id='par_1_51' title="bbox 53 3766 289 3823">
     <span class='ocr_line' id='line_1_51' title="bbox 53 3766 289 3823; baseline -0.004 0"><span class='ocrx_word' id='word_1_532' title='bbox 53 3766 289 3823; x_wconf 89' lang='lat' dir='ltr'><strong>turbari.</strong></span> 
     </span>
    </p>
   </div>
   <div class='ocr_carea' id='block_1_52' title="bbox 124 3855 1637 3931">
    <p class='ocr_par' dir='ltr' id='par_1_52' title="bbox 124 3855 1637 3931">
     <span class='ocr_line' id='line_1_52' title="bbox 124 3855 1637 3931; baseline -0.003 -15"><span class='ocrx_word' id='word_1_533' title='bbox 124 3860 380 3931; x_wconf 85' lang='lat' dir='ltr'><strong>Denique</strong></span> <span class='ocrx_word' id='word_1_534' title='bbox 404 3857 643 3929; x_wconf 85' lang='lat' dir='ltr'><strong>jucunda</strong></span> <span class='ocrx_word' id='word_1_535' title='bbox 674 3857 792 3913; x_wconf 63' lang='lat' dir='ltr'><strong>haec</strong></span> <span class='ocrx_word' id='word_1_536' title='bbox 835 3872 940 3928; x_wconf 83' lang='lat' dir='ltr'><strong>pax</strong></span> <span class='ocrx_word' id='word_1_537' title='bbox 970 3865 1076 3923; x_wconf 89' lang='lat' dir='ltr'><strong>est,</strong></span> <span class='ocrx_word' id='word_1_538' title='bbox 1106 3871 1226 3928; x_wconf 84' lang='lat' dir='ltr'><strong>quae</strong></span> <span class='ocrx_word' id='word_1_539' title='bbox 1256 3855 1503 3912; x_wconf 85' lang='lat' dir='ltr'><strong>videlicet</strong></span> <span class='ocrx_word' id='word_1_540' title='bbox 1530 3864 1637 3927; x_wconf 86' lang='lat' dir='ltr'><strong>quo</strong></span> 
     </span>
    </p>
   </div>
   <div class='ocr_carea' id='block_1_53' title="bbox 54 3946 1638 4024">
    <p class='ocr_par' dir='ltr' id='par_1_53' title="bbox 54 3946 1638 4024">
     <span class='ocr_line' id='line_1_53' title="bbox 54 3946 1638 4024; baseline -0.002 -19"><span class='ocrx_word' id='word_1_541' title='bbox 54 3952 233 4024; x_wconf 83' lang='lat' dir='ltr'><strong>magis</strong></span> <span class='ocrx_word' id='word_1_542' title='bbox 260 3950 331 4005; x_wconf 90' lang='lat' dir='ltr'><strong>ad</strong></span> <span class='ocrx_word' id='word_1_543' title='bbox 377 3963 636 4019; x_wconf 78' lang='lat' dir='ltr'><strong>prospera</strong></span> <span class='ocrx_word' id='word_1_544' title='bbox 681 3948 1028 4003; x_wconf 84' lang='lat' dir='ltr'><strong>contrahitur</strong></span> <span class='ocrx_word' id='word_1_545' title='bbox 1058 3957 1116 4002; x_wconf 88' lang='lat' dir='ltr'><strong>et</strong></span> <span class='ocrx_word' id='word_1_546' title='bbox 1146 3948 1213 4003; x_wconf 92' lang='lat' dir='ltr'><strong>ad</strong></span> <span class='ocrx_word' id='word_1_547' title='bbox 1251 3946 1475 4002; x_wconf 85' lang='lat' dir='ltr'><strong>adversa</strong></span> <span class='ocrx_word' id='word_1_548' title='bbox 1514 3962 1638 4017; x_wconf 84' lang='lat' dir='ltr'><strong>pro-</strong></span> 
     </span>
    </p>
   </div>
   <div class='ocr_carea' id='block_1_54' title="bbox 8 4038 1638 4112">
    <p class='ocr_par' dir='ltr' id='par_1_54' title="bbox 8 4038 1638 4112">
     <span class='ocr_line' id='line_1_54' title="bbox 8 4038 1638 4112; baseline 0 -19"><span class='ocrx_word' id='word_1_549' title='bbox 8 4088 9 4093; x_wconf 46' lang='grc' dir='ltr'><strong>η</strong></span> <span class='ocrx_word' id='word_1_550' title='bbox 53 4044 233 4099; x_wconf 77' lang='lat' dir='ltr'><strong>fusius</strong></span> <span class='ocrx_word' id='word_1_551' title='bbox 265 4042 558 4109; x_wconf 88' lang='lat' dir='ltr'><strong>dilatatur,</strong></span> <span class='ocrx_word' id='word_1_552' title='bbox 594 4040 833 4112; x_wconf 87' lang='lat' dir='ltr'><strong>gaudens</strong></span> <span class='ocrx_word' id='word_1_553' title='bbox 878 4039 931 4095; x_wconf 93' lang='lat' dir='ltr'><strong>in</strong></span> <span class='ocrx_word' id='word_1_554' title='bbox 982 4039 1218 4105; x_wconf 68' lang='lat' dir='ltr'><strong>«lamnis,</strong></span> <span class='ocrx_word' id='word_1_555' title='bbox 1266 4038 1545 4095; x_wconf 80' lang='lat' dir='ltr'><strong>exsultans</strong></span> <span class='ocrx_word' id='word_1_556' title='bbox 1584 4038 1638 4093; x_wconf 89' lang='lat' dir='ltr'><strong>in</strong></span> 
     </span>
    </p>
   </div>
   <div class='ocr_carea' id='block_1_55' title="bbox 52 4130 1635 4203">
    <p class='ocr_par' dir='ltr' id='par_1_55' title="bbox 52 4130 1635 4203">
     <span class='ocr_line' id='line_1_55' title="bbox 52 4130 1635 4203; baseline -0.004 -14"><span class='ocrx_word' id='word_1_557' title='bbox 52 4132 338 4203; x_wconf 84' lang='lat' dir='ltr'><strong>periculis,</strong></span> <span class='ocrx_word' id='word_1_558' title='bbox 370 4133 715 4188; x_wconf 88' lang='lat' dir='ltr'><strong>subsannans</strong></span> <span class='ocrx_word' id='word_1_559' title='bbox 760 4131 1019 4201; x_wconf 88' lang='lat' dir='ltr'><strong>supplicia</strong></span> <span class='ocrx_word' id='word_1_560' title='bbox 1043 4170 1059 4195; x_wconf 94' lang='lat'><strong>,</strong></span> <span class='ocrx_word' id='word_1_561' title='bbox 1090 4130 1340 4185; x_wconf 88' lang='lat' dir='ltr'><strong>deridens</strong></span> <span class='ocrx_word' id='word_1_562' title='bbox 1385 4138 1635 4184; x_wconf 88' lang='lat' dir='ltr'><strong>mortem.</strong></span> 
     </span>
    </p>
   </div>
   <div class='ocr_carea' id='block_1_56' title="bbox 2 4218 1647 4298">
    <p class='ocr_par' dir='ltr' id='par_1_56' title="bbox 2 4218 1647 4298">
     <span class='ocr_line' id='line_1_56' title="bbox 2 4218 1647 4298; baseline -0.004 -18"><span class='ocrx_word' id='word_1_563' title='bbox 2 4280 5 4287; x_wconf 31' lang='grc' dir='ltr'><em>λ</em></span> <span class='ocrx_word' id='word_1_564' title='bbox 55 4222 213 4279; x_wconf 83' lang='lat' dir='ltr'><strong>Unde</strong></span> <span class='ocrx_word' id='word_1_565' title='bbox 256 4229 492 4279; x_wconf 88' lang='lat' dir='ltr'><strong>resonat</strong></span> <span class='ocrx_word' id='word_1_566' title='bbox 529 4235 631 4274; x_wconf 83' lang='lat' dir='ltr'><strong>vox</strong></span> <span class='ocrx_word' id='word_1_567' title='bbox 682 4220 769 4274; x_wconf 87' lang='lat' dir='ltr'><strong>illa</strong></span> <span class='ocrx_word' id='word_1_568' title='bbox 813 4219 1105 4298; x_wconf 69' lang='lat' dir='ltr'><strong>gratiiica:</strong></span> <span class='ocrx_word' id='word_1_569' title='bbox 1150 4236 1168 4269; x_wconf 76' lang='grc' dir='ltr'>ι</span> <span class='ocrx_word' id='word_1_570' title='bbox 1204 4218 1261 4273; x_wconf 87' lang='grc' dir='ltr'><strong>1η</strong></span> <span class='ocrx_word' id='word_1_571' title='bbox 1297 4218 1647 4273; x_wconf 76' lang='lat' dir='ltr'><strong>tribulatione</strong></span> 
     </span>
    </p>
   </div>
   <div class='ocr_carea' id='block_1_57' title="bbox 54 4310 1641 4382">
    <p class='ocr_par' dir='ltr' id='par_1_57' title="bbox 54 4310 1641 4382">
     <span class='ocr_line' id='line_1_57' title="bbox 54 4310 1641 4382; baseline -0.003 -14"><span class='ocrx_word' id='word_1_572' title='bbox 54 4315 301 4370; x_wconf 81' lang='lat' dir='ltr'><strong>dilatasti</strong></span> <span class='ocrx_word' id='word_1_573' title='bbox 330 4327 446 4369; x_wconf 92' lang='lat' dir='ltr'><strong>me.</strong></span> <span class='ocrx_word' id='word_1_574' title='bbox 481 4331 500 4365; x_wconf 72' lang='grc' dir='ltr'><strong><em>ι</em></strong></span> <span class='ocrx_word' id='word_1_575' title='bbox 534 4311 685 4367; x_wconf 83' lang='lat' dir='ltr'><strong>Hanc</strong></span> <span class='ocrx_word' id='word_1_576' title='bbox 715 4312 863 4382; x_wconf 88' lang='lat' dir='ltr'><strong>pacis</strong></span> <span class='ocrx_word' id='word_1_577' title='bbox 879 4311 1275 4380; x_wconf 90' lang='lat' dir='ltr'><strong>jucunditatem</strong></span> <span class='ocrx_word' id='word_1_578' title='bbox 1301 4322 1357 4366; x_wconf 91' lang='lat' dir='ltr'><strong>et</strong></span> <span class='ocrx_word' id='word_1_579' title='bbox 1379 4310 1641 4366; x_wconf 70' lang='lat' dir='ltr'><strong>securita~</strong></span> 
     </span>
    </p>
   </div>
   <div class='ocr_carea' id='block_1_58' title="bbox 1728 2933 3309 3013">
    <p class='ocr_par' dir='ltr' id='par_1_58' title="bbox 1728 2933 3309 3013">
     <span class='ocr_line' id='line_1_58' title="bbox 1728 2933 3309 3013; baseline -0.005 -15"><span class='ocrx_word' id='word_1_580' title='bbox 1728 2944 1818 2998; x_wconf 87' lang='lat' dir='ltr'><strong>hic</strong></span> <span class='ocrx_word' id='word_1_581' title='bbox 1844 2944 2057 3013; x_wconf 86' lang='lat' dir='ltr'><strong>requies</strong></span> <span class='ocrx_word' id='word_1_582' title='bbox 2082 2940 2346 2998; x_wconf 87' lang='lat' dir='ltr'><strong>creditur.</strong></span> <span class='ocrx_word' id='word_1_583' title='bbox 2368 2938 2479 2992; x_wconf 84' lang='lat' dir='ltr'><strong>Pax</strong></span> <span class='ocrx_word' id='word_1_584' title='bbox 2510 2952 2640 3008; x_wconf 91' lang='lat' dir='ltr'><strong>ergo</strong></span> <span class='ocrx_word' id='word_1_585' title='bbox 2661 2937 2789 3002; x_wconf 89' lang='lat' dir='ltr'><strong>ista,</strong></span> <span class='ocrx_word' id='word_1_586' title='bbox 2826 2935 2881 2990; x_wconf 91' lang='lat' dir='ltr'><strong>in</strong></span> <span class='ocrx_word' id='word_1_587' title='bbox 2908 2949 3015 3005; x_wconf 89' lang='lat' dir='ltr'><strong>qua</strong></span> <span class='ocrx_word' id='word_1_588' title='bbox 3048 2933 3194 2990; x_wconf 90' lang='lat' dir='ltr'><strong>nulla</strong></span> <span class='ocrx_word' id='word_1_589' title='bbox 3219 2942 3309 2990; x_wconf 82' lang='lat' dir='ltr'><strong>est</strong></span> 
     </span>
    </p>
   </div>
   <div class='ocr_carea' id='block_1_59' title="bbox 1731 3026 3306 3103">
    <p class='ocr_par' dir='ltr' id='par_1_59' title="bbox 1731 3026 3306 3103">
     <span class='ocr_line' id='line_1_59' title="bbox 1731 3026 3306 3103; baseline -0.003 -14"><span class='ocrx_word' id='word_1_590' title='bbox 1731 3035 1873 3090; x_wconf 84' lang='lat' dir='ltr'><strong>inter</strong></span> <span class='ocrx_word' id='word_1_591' title='bbox 1897 3051 2117 3090; x_wconf 87' lang='lat' dir='ltr'><strong>carnem</strong></span> <span class='ocrx_word' id='word_1_592' title='bbox 2150 3042 2204 3089; x_wconf 89' lang='lat' dir='ltr'><strong>et</strong></span> <span class='ocrx_word' id='word_1_593' title='bbox 2234 3032 2485 3103; x_wconf 87' lang='lat' dir='ltr'><strong>spiritum</strong></span> <span class='ocrx_word' id='word_1_594' title='bbox 2512 3029 2892 3102; x_wconf 89' lang='lat' dir='ltr'><strong>repugnantia,</strong></span> <span class='ocrx_word' id='word_1_595' title='bbox 2919 3028 2973 3082; x_wconf 93' lang='lat' dir='ltr'><strong>in</strong></span> <span class='ocrx_word' id='word_1_596' title='bbox 3003 3026 3183 3084; x_wconf 89' lang='lat' dir='ltr'><strong>futuro</strong></span> <span class='ocrx_word' id='word_1_597' title='bbox 3208 3043 3306 3084; x_wconf 89' lang='lat' dir='ltr'><strong>no-</strong></span> 
     </span>
    </p>
   </div>
   <div class='ocr_carea' id='block_1_60' title="bbox 1729 3108 3310 3197">
    <p class='ocr_par' dir='ltr' id='par_1_60' title="bbox 1729 3108 3310 3197">
     <span class='ocr_line' id='line_1_60' title="bbox 1729 3108 3310 3197; baseline -0.004 -13"><span class='ocrx_word' id='word_1_598' title='bbox 1729 3130 1815 3184; x_wconf 90' lang='lat' dir='ltr'><strong>bis</strong></span> <span class='ocrx_word' id='word_1_599' title='bbox 1850 3112 2189 3197; x_wconf 89' lang='lat' dir='ltr'><strong>promittitur</strong></span> <span class='ocrx_word' id='word_1_600' title='bbox 2213 3108 2591 3191; x_wconf 65' lang='lat' dir='ltr'><strong>condonanda&#39;,</strong></span> <span class='ocrx_word' id='word_1_601' title='bbox 2621 3123 2838 3179; x_wconf 88' lang='lat' dir='ltr'><strong>dicente</strong></span> <span class='ocrx_word' id='word_1_602' title='bbox 2859 3123 3091 3178; x_wconf 91' lang='lat' dir='ltr'><strong>Domino</strong></span> <span class='ocrx_word' id='word_1_603' title='bbox 3115 3140 3130 3178; x_wconf 93' lang='lat'><strong>:</strong></span> <span class='ocrx_word' id='word_1_604' title='bbox 3160 3141 3179 3176; x_wconf 72' lang='grc' dir='ltr'>ι</span> <span class='ocrx_word' id='word_1_605' title='bbox 3208 3122 3310 3178; x_wconf 87' lang='lat' dir='ltr'><strong>Pa-</strong></span> 
     </span>
    </p>
   </div>
   <div class='ocr_carea' id='block_1_61' title="bbox 1729 3215 3307 3291">
    <p class='ocr_par' dir='ltr' id='par_1_61' title="bbox 1729 3215 3307 3291">
     <span class='ocr_line' id='line_1_61' title="bbox 1729 3215 3307 3291; baseline -0.004 -14"><span class='ocrx_word' id='word_1_606' title='bbox 1729 3236 1848 3277; x_wconf 87' lang='lat' dir='ltr'><strong>cem</strong></span> <span class='ocrx_word' id='word_1_607' title='bbox 1871 3221 2114 3291; x_wconf 90' lang='lat' dir='ltr'><strong>relinquo</strong></span> <span class='ocrx_word' id='word_1_608' title='bbox 2140 3220 2313 3285; x_wconf 92' lang='lat' dir='ltr'><strong>vobis,</strong></span> <span class='ocrx_word' id='word_1_609' title='bbox 2334 3234 2520 3289; x_wconf 85' lang='lat' dir='ltr'><strong>pacem</strong></span> <span class='ocrx_word' id='word_1_610' title='bbox 2550 3230 2725 3273; x_wconf 89' lang='lat' dir='ltr'><strong>meam</strong></span> <span class='ocrx_word' id='word_1_611' title='bbox 2750 3216 2817 3271; x_wconf 92' lang='lat' dir='ltr'><strong>do</strong></span> <span class='ocrx_word' id='word_1_612' title='bbox 2844 3215 3020 3272; x_wconf 85' lang='lat' dir='ltr'><strong>vobis.</strong></span> <span class='ocrx_word' id='word_1_613' title='bbox 3050 3234 3071 3269; x_wconf 77' lang='grc' dir='ltr'><strong><em>ι</em></strong></span> <span class='ocrx_word' id='word_1_614' title='bbox 3103 3215 3181 3271; x_wconf 93' lang='lat' dir='ltr'><strong>Do</strong></span> <span class='ocrx_word' id='word_1_615' title='bbox 3210 3231 3307 3271; x_wconf 89' lang='lat' dir='ltr'><strong>au-</strong></span> 
     </span>
    </p>
   </div>
   <div class='ocr_carea' id='block_1_62' title="bbox 1735 3308 3308 3381">
    <p class='ocr_par' dir='ltr' id='par_1_62' title="bbox 1735 3308 3308 3381">
     <span class='ocr_line' id='line_1_62' title="bbox 1735 3308 3308 3381; baseline -0.001 -15"><span class='ocrx_word' id='word_1_616' title='bbox 1735 3322 1842 3367; x_wconf 90' lang='lat' dir='ltr'><strong>tem</strong></span> <span class='ocrx_word' id='word_1_617' title='bbox 1872 3327 1972 3381; x_wconf 93' lang='lat' dir='ltr'><strong>pro</strong></span> <span class='ocrx_word' id='word_1_618' title='bbox 2015 3312 2153 3365; x_wconf 88' lang='lat' dir='ltr'><strong>dabo</strong></span> <span class='ocrx_word' id='word_1_619' title='bbox 2198 3312 2401 3366; x_wconf 90' lang='lat' dir='ltr'><strong>dictum</strong></span> <span class='ocrx_word' id='word_1_620' title='bbox 2448 3316 2660 3380; x_wconf 89' lang='lat' dir='ltr'><strong>oportet</strong></span> <span class='ocrx_word' id='word_1_621' title='bbox 2689 3308 2966 3379; x_wconf 87' lang='lat' dir='ltr'><strong>cognosci,</strong></span> <span class='ocrx_word' id='word_1_622' title='bbox 3008 3308 3308 3364; x_wconf 86' lang='lat' dir='ltr'><strong>secundum</strong></span> 
     </span>
    </p>
   </div>
   <div class='ocr_carea' id='block_1_63' title="bbox 1733 3397 3311 3473">
    <p class='ocr_par' dir='ltr' id='par_1_63' title="bbox 1733 3397 3311 3473">
     <span class='ocr_line' id='line_1_63' title="bbox 1733 3397 3311 3473; baseline 0 -18"><span class='ocrx_word' id='word_1_623' title='bbox 1733 3418 1895 3473; x_wconf 88' lang='lat' dir='ltr'><strong>quam</strong></span> <span class='ocrx_word' id='word_1_624' title='bbox 1929 3402 2157 3457; x_wconf 85' lang='lat' dir='ltr'><strong>formam</strong></span> <span class='ocrx_word' id='word_1_625' title='bbox 2202 3401 2414 3456; x_wconf 90' lang='lat' dir='ltr'><strong>dicendi</strong></span> <span class='ocrx_word' id='word_1_626' title='bbox 2442 3410 2497 3455; x_wconf 90' lang='lat' dir='ltr'><strong>et</strong></span> <span class='ocrx_word' id='word_1_627' title='bbox 2540 3414 2723 3469; x_wconf 88' lang='lat' dir='ltr'><strong>supra,</strong></span> <span class='ocrx_word' id='word_1_628' title='bbox 2756 3413 2879 3453; x_wconf 92' lang='lat' dir='ltr'><strong>cum</strong></span> <span class='ocrx_word' id='word_1_629' title='bbox 2928 3398 2995 3454; x_wconf 86' lang='lat' dir='ltr'><strong>de</strong></span> <span class='ocrx_word' id='word_1_630' title='bbox 3019 3399 3207 3454; x_wconf 91' lang='lat' dir='ltr'><strong>ovibus</strong></span> <span class='ocrx_word' id='word_1_631' title='bbox 3234 3397 3311 3455; x_wconf 88' lang='lat' dir='ltr'><strong>lo-</strong></span> 
     </span>
    </p>
   </div>
   <div class='ocr_carea' id='block_1_64' title="bbox 1735 3489 3309 3565">
    <p class='ocr_par' dir='ltr' id='par_1_64' title="bbox 1735 3489 3309 3565">
     <span class='ocr_line' id='line_1_64' title="bbox 1735 3489 3309 3565; baseline -0.001 -16"><span class='ocrx_word' id='word_1_632' title='bbox 1735 3504 2013 3565; x_wconf 85' lang='lat' dir='ltr'><strong>queretur,</strong></span> <span class='ocrx_word' id='word_1_633' title='bbox 2057 3491 2388 3549; x_wconf 81' lang='lat' dir='ltr'><strong>subnexuit:</strong></span> <span class='ocrx_word' id='word_1_634' title='bbox 2424 3506 2444 3543; x_wconf 76' lang='grc'><strong>(</strong></span> <span class='ocrx_word' id='word_1_635' title='bbox 2477 3489 2545 3546; x_wconf 86' lang='grc' dir='ltr'><strong>Ει</strong></span> <span class='ocrx_word' id='word_1_636' title='bbox 2585 3504 2685 3560; x_wconf 91' lang='lat' dir='ltr'><strong>ego</strong></span> <span class='ocrx_word' id='word_1_637' title='bbox 2731 3490 2899 3544; x_wconf 89' lang='lat' dir='ltr'><strong>vitam</strong></span> <span class='ocrx_word' id='word_1_638' title='bbox 2945 3497 3202 3545; x_wconf 66' lang='lat' dir='ltr'><strong>aeternam</strong></span> <span class='ocrx_word' id='word_1_639' title='bbox 3239 3492 3309 3547; x_wconf 89' lang='lat' dir='ltr'><strong>do</strong></span> 
     </span>
    </p>
   </div>
   <div class='ocr_carea' id='block_1_65' title="bbox 1735 3582 3311 3654">
    <p class='ocr_par' dir='ltr' id='par_1_65' title="bbox 1735 3582 3311 3654">
     <span class='ocr_line' id='line_1_65' title="bbox 1735 3582 3311 3654; baseline -0.003 -12"><span class='ocrx_word' id='word_1_640' title='bbox 1735 3588 1835 3643; x_wconf 89' lang='lat' dir='ltr'><strong>eis.</strong></span> <span class='ocrx_word' id='word_1_641' title='bbox 1865 3605 1884 3638; x_wconf 73' lang='grc' dir='ltr'><strong><em>ι</em></strong></span> <span class='ocrx_word' id='word_1_642' title='bbox 1916 3586 2168 3641; x_wconf 83' lang='lat' dir='ltr'><strong>Christus</strong></span> <span class='ocrx_word' id='word_1_643' title='bbox 2214 3585 2395 3654; x_wconf 89' lang='lat' dir='ltr'><strong>itaque</strong></span> <span class='ocrx_word' id='word_1_644' title='bbox 2436 3583 2596 3638; x_wconf 90' lang='lat' dir='ltr'><strong>aliam</strong></span> <span class='ocrx_word' id='word_1_645' title='bbox 2628 3596 2815 3652; x_wconf 91' lang='lat' dir='ltr'><strong>pacem</strong></span> <span class='ocrx_word' id='word_1_646' title='bbox 2846 3582 3041 3638; x_wconf 89' lang='lat' dir='ltr'><strong>electis</strong></span> <span class='ocrx_word' id='word_1_647' title='bbox 3082 3582 3194 3638; x_wconf 88' lang='lat' dir='ltr'><strong>suis</strong></span> <span class='ocrx_word' id='word_1_648' title='bbox 3224 3599 3311 3638; x_wconf 87' lang='lat' dir='ltr'><strong>re-</strong></span> 
     </span>
    </p>
   </div>
   <div class='ocr_carea' id='block_1_66' title="bbox 1737 3671 3311 3746">
    <p class='ocr_par' dir='ltr' id='par_1_66' title="bbox 1737 3671 3311 3746">
     <span class='ocr_line' id='line_1_66' title="bbox 1737 3671 3311 3746; baseline -0.001 -14"><span class='ocrx_word' id='word_1_649' title='bbox 1737 3674 1933 3746; x_wconf 88' lang='lat' dir='ltr'><strong>linquit</strong></span> <span class='ocrx_word' id='word_1_650' title='bbox 1966 3677 2020 3730; x_wconf 91' lang='lat' dir='ltr'><strong>in</strong></span> <span class='ocrx_word' id='word_1_651' title='bbox 2068 3675 2172 3730; x_wconf 87' lang='lat' dir='ltr'><strong>hoc</strong></span> <span class='ocrx_word' id='word_1_652' title='bbox 2211 3674 2427 3738; x_wconf 67' lang='lat' dir='ltr'><strong>sarculo,</strong></span> <span class='ocrx_word' id='word_1_653' title='bbox 2456 3681 2511 3728; x_wconf 91' lang='lat' dir='ltr'><strong>et</strong></span> <span class='ocrx_word' id='word_1_654' title='bbox 2556 3672 2716 3728; x_wconf 89' lang='lat' dir='ltr'><strong>aliam</strong></span> <span class='ocrx_word' id='word_1_655' title='bbox 2745 3671 2896 3727; x_wconf 89' lang='lat' dir='ltr'><strong>dabit</strong></span> <span class='ocrx_word' id='word_1_656' title='bbox 2927 3671 3115 3743; x_wconf 91' lang='lat' dir='ltr'><strong>procul</strong></span> <span class='ocrx_word' id='word_1_657' title='bbox 3145 3673 3311 3730; x_wconf 91' lang='lat' dir='ltr'><strong>dubio</strong></span> 
     </span>
    </p>
   </div>
   <div class='ocr_carea' id='block_1_67' title="bbox 1739 3764 3312 3835">
    <p class='ocr_par' dir='ltr' id='par_1_67' title="bbox 1739 3764 3312 3835">
     <span class='ocr_line' id='line_1_67' title="bbox 1739 3764 3312 3835; baseline -0.001 -13"><span class='ocrx_word' id='word_1_658' title='bbox 1739 3764 1793 3823; x_wconf 92' lang='lat' dir='ltr'><strong>in</strong></span> <span class='ocrx_word' id='word_1_659' title='bbox 1837 3767 2040 3821; x_wconf 75' lang='lat' dir='ltr'><strong>futuro.</strong></span> <span class='ocrx_word' id='word_1_660' title='bbox 2088 3764 2367 3835; x_wconf 82' lang='lat' dir='ltr'><strong>Relinquit</strong></span> <span class='ocrx_word' id='word_1_661' title='bbox 2412 3764 2558 3819; x_wconf 88' lang='lat' dir='ltr'><strong>illam</strong></span> <span class='ocrx_word' id='word_1_662' title='bbox 2604 3764 2856 3830; x_wconf 89' lang='lat' dir='ltr'><strong>mediam,</strong></span> <span class='ocrx_word' id='word_1_663' title='bbox 2889 3778 3011 3835; x_wconf 76' lang='lat' dir='ltr'><strong>qua:</strong></span> <span class='ocrx_word' id='word_1_664' title='bbox 3044 3764 3312 3820; x_wconf 86' lang='lat' dir='ltr'><strong>bonorum</strong></span> 
     </span>
    </p>
   </div>
   <div class='ocr_carea' id='block_1_68' title="bbox 1739 3856 3314 3930">
    <p class='ocr_par' dir='ltr' id='par_1_68' title="bbox 1739 3856 3314 3930">
     <span class='ocr_line' id='line_1_68' title="bbox 1739 3856 3314 3930; baseline 0 -13"><span class='ocrx_word' id='word_1_665' title='bbox 1739 3870 1843 3927; x_wconf 91' lang='lat' dir='ltr'><strong>est,</strong></span> <span class='ocrx_word' id='word_1_666' title='bbox 1889 3861 2038 3917; x_wconf 90' lang='lat' dir='ltr'><strong>dabit</strong></span> <span class='ocrx_word' id='word_1_667' title='bbox 2085 3860 2225 3916; x_wconf 89' lang='lat' dir='ltr'><strong>hanc</strong></span> <span class='ocrx_word' id='word_1_668' title='bbox 2276 3861 2514 3926; x_wconf 88' lang='lat' dir='ltr'><strong>tertiam,</strong></span> <span class='ocrx_word' id='word_1_669' title='bbox 2543 3874 2701 3930; x_wconf 90' lang='lat' dir='ltr'><strong>quam</strong></span> <span class='ocrx_word' id='word_1_670' title='bbox 2742 3874 2864 3916; x_wconf 89' lang='lat' dir='ltr'><strong>esse</strong></span> <span class='ocrx_word' id='word_1_671' title='bbox 2902 3860 3139 3918; x_wconf 80' lang='lat' dir='ltr'><strong>diximus</strong></span> <span class='ocrx_word' id='word_1_672' title='bbox 3183 3856 3314 3919; x_wconf 82' lang='lat' dir='ltr'><strong>bea-</strong></span> 
     </span>
    </p>
   </div>
   <div class='ocr_carea' id='block_1_69' title="bbox 1741 3962 1939 4011">
    <p class='ocr_par' dir='ltr' id='par_1_69' title="bbox 1741 3962 1939 4011">
     <span class='ocr_line' id='line_1_69' title="bbox 1741 3962 1939 4011; baseline -0.02 0"><span class='ocrx_word' id='word_1_673' title='bbox 1741 3962 1939 4011; x_wconf 86' lang='lat' dir='ltr'><strong>torum.</strong></span> 
     </span>
    </p>
   </div>
   <div class='ocr_carea' id='block_1_70' title="bbox 1811 4043 3314 4114">
    <p class='ocr_par' dir='ltr' id='par_1_70' title="bbox 1811 4043 3314 4114">
     <span class='ocr_line' id='line_1_70' title="bbox 1811 4043 3314 4114; baseline 0 -13"><span class='ocrx_word' id='word_1_674' title='bbox 1811 4045 2037 4101; x_wconf 78' lang='lat' dir='ltr'><strong>Mirifice</strong></span> <span class='ocrx_word' id='word_1_675' title='bbox 2077 4060 2207 4101; x_wconf 90' lang='lat' dir='ltr'><strong>vero</strong></span> <span class='ocrx_word' id='word_1_676' title='bbox 2237 4060 2339 4100; x_wconf 89' lang='lat' dir='ltr'><strong>non</strong></span> <span class='ocrx_word' id='word_1_677' title='bbox 2383 4043 2551 4110; x_wconf 91' lang='lat' dir='ltr'><strong>illam,</strong></span> <span class='ocrx_word' id='word_1_678' title='bbox 2580 4058 2743 4114; x_wconf 87' lang='lat' dir='ltr'><strong>quam</strong></span> <span class='ocrx_word' id='word_1_679' title='bbox 2773 4043 2863 4097; x_wconf 89' lang='lat' dir='ltr'><strong>hic</strong></span> <span class='ocrx_word' id='word_1_680' title='bbox 2908 4043 3184 4114; x_wconf 91' lang='lat' dir='ltr'><strong>relinquit,</strong></span> <span class='ocrx_word' id='word_1_681' title='bbox 3217 4043 3314 4101; x_wconf 88' lang='lat' dir='ltr'><strong>sed</strong></span> 
     </span>
    </p>
   </div>
   <div class='ocr_carea' id='block_1_71' title="bbox 1741 4135 3316 4206">
    <p class='ocr_par' dir='ltr' id='par_1_71' title="bbox 1741 4135 3316 4206">
     <span class='ocr_line' id='line_1_71' title="bbox 1741 4135 3316 4206; baseline -0.001 -14"><span class='ocrx_word' id='word_1_682' title='bbox 1741 4137 1884 4193; x_wconf 88' lang='lat' dir='ltr'><strong>hanc</strong></span> <span class='ocrx_word' id='word_1_683' title='bbox 1928 4135 2401 4206; x_wconf 80' lang='lat' dir='ltr'><strong>perfectissimam,</strong></span> <span class='ocrx_word' id='word_1_684' title='bbox 2451 4150 2612 4206; x_wconf 87' lang='lat' dir='ltr'><strong>quam</strong></span> <span class='ocrx_word' id='word_1_685' title='bbox 2654 4142 2778 4189; x_wconf 92' lang='lat' dir='ltr'><strong>tunc</strong></span> <span class='ocrx_word' id='word_1_686' title='bbox 2822 4136 2989 4200; x_wconf 88' lang='lat' dir='ltr'><strong>dabit,</strong></span> <span class='ocrx_word' id='word_1_687' title='bbox 3032 4136 3316 4192; x_wconf 89' lang='lat' dir='ltr'><strong>nominare</strong></span> 
     </span>
    </p>
   </div>
   <div class='ocr_carea' id='block_1_72' title="bbox 1742 4226 3308 4297">
    <p class='ocr_par' dir='ltr' id='par_1_72' title="bbox 1742 4226 3308 4297">
     <span class='ocr_line' id='line_1_72' title="bbox 1742 4226 3308 4297; baseline -0.001 -13"><span class='ocrx_word' id='word_1_688' title='bbox 1742 4243 1896 4284; x_wconf 90' lang='lat' dir='ltr'><strong>suam</strong></span> <span class='ocrx_word' id='word_1_689' title='bbox 1933 4228 2138 4283; x_wconf 90' lang='lat' dir='ltr'><strong>voluit:</strong></span> <span class='ocrx_word' id='word_1_690' title='bbox 2176 4248 2195 4280; x_wconf 86' lang='grc'><strong><em>‹</em></strong></span> <span class='ocrx_word' id='word_1_691' title='bbox 2226 4227 2444 4292; x_wconf 88' lang='lat' dir='ltr'><strong>Pacem,</strong></span> <span class='ocrx_word' id='word_1_692' title='bbox 2499 4226 2696 4297; x_wconf 90' lang='lat' dir='ltr'><strong>inquit,</strong></span> <span class='ocrx_word' id='word_1_693' title='bbox 2746 4242 2922 4284; x_wconf 92' lang='lat' dir='ltr'><strong>meam</strong></span> <span class='ocrx_word' id='word_1_694' title='bbox 2970 4230 3039 4285; x_wconf 91' lang='lat' dir='ltr'><strong>do</strong></span> <span class='ocrx_word' id='word_1_695' title='bbox 3084 4228 3257 4284; x_wconf 88' lang='lat' dir='ltr'><strong>vobis.</strong></span> <span class='ocrx_word' id='word_1_696' title='bbox 3288 4248 3308 4282; x_wconf 76' lang='grc' dir='ltr'>ι</span> 
     </span>
    </p>
   </div>
   <div class='ocr_carea' id='block_1_73' title="bbox 1741 4315 3312 4386">
    <p class='ocr_par' dir='ltr' id='par_1_73' title="bbox 1741 4315 3312 4386">
     <span class='ocr_line' id='line_1_73' title="bbox 1741 4315 3312 4386; baseline 0 -14"><span class='ocrx_word' id='word_1_697' title='bbox 1741 4316 1898 4373; x_wconf 87' lang='lat' dir='ltr'><strong>Nunc</strong></span> <span class='ocrx_word' id='word_1_698' title='bbox 1938 4318 2082 4373; x_wconf 89' lang='lat' dir='ltr'><strong>enim</strong></span> <span class='ocrx_word' id='word_1_699' title='bbox 2129 4315 2225 4372; x_wconf 90' lang='lat' dir='ltr'><strong>Dei</strong></span> <span class='ocrx_word' id='word_1_700' title='bbox 2260 4331 2469 4386; x_wconf 89' lang='lat' dir='ltr'><strong>pacem,</strong></span> <span class='ocrx_word' id='word_1_701' title='bbox 2500 4316 2552 4371; x_wconf 93' lang='lat' dir='ltr'><strong>id</strong></span> <span class='ocrx_word' id='word_1_702' title='bbox 2582 4324 2685 4383; x_wconf 88' lang='lat' dir='ltr'><strong>est,</strong></span> <span class='ocrx_word' id='word_1_703' title='bbox 2716 4317 2931 4386; x_wconf 89' lang='lat' dir='ltr'><strong>qualem</strong></span> <span class='ocrx_word' id='word_1_704' title='bbox 2964 4317 3105 4375; x_wconf 86' lang='lat' dir='ltr'><strong>Deus</strong></span> <span class='ocrx_word' id='word_1_705' title='bbox 3131 4318 3312 4386; x_wconf 91' lang='lat' dir='ltr'><strong>habet,</strong></span> 
     </span>
    </p>
   </div>
   <div class='ocr_carea' id='block_1_74' title="bbox 54 4401 3314 4480">
    <p class='ocr_par' dir='ltr' id='par_1_74' title="bbox 54 4401 3314 4480">
     <span class='ocr_line' id='line_1_74' title="bbox 54 4401 3314 4480; baseline 0.001 -20"><span class='ocrx_word' id='word_1_706' title='bbox 54 4415 162 4462; x_wconf 91' lang='lat' dir='ltr'><strong>tem</strong></span> <span class='ocrx_word' id='word_1_707' title='bbox 192 4406 415 4479; x_wconf 88' lang='lat' dir='ltr'><strong>pariter</strong></span> <span class='ocrx_word' id='word_1_708' title='bbox 441 4405 695 4474; x_wconf 83' lang='lat' dir='ltr'><strong>exprimit</strong></span> <span class='ocrx_word' id='word_1_709' title='bbox 726 4405 890 4460; x_wconf 86' lang='lat' dir='ltr'><strong>homo</strong></span> <span class='ocrx_word' id='word_1_710' title='bbox 916 4406 1087 4459; x_wconf 81' lang='lat' dir='ltr'><strong>bonus</strong></span> <span class='ocrx_word' id='word_1_711' title='bbox 1116 4402 1302 4458; x_wconf 88' lang='lat' dir='ltr'><strong>dicens</strong></span> <span class='ocrx_word' id='word_1_712' title='bbox 1328 4420 1341 4456; x_wconf 91' lang='lat'><strong>:</strong></span> <span class='ocrx_word' id='word_1_713' title='bbox 1381 4420 1401 4453; x_wconf 73' lang='grc' dir='ltr'><strong><em>ι</em></strong></span> <span class='ocrx_word' id='word_1_714' title='bbox 1431 4401 1547 4457; x_wconf 81' lang='lat' dir='ltr'><strong>Non</strong></span> <span class='ocrx_word' id='word_1_715' title='bbox 1577 4402 1643 4456; x_wconf 88' lang='lat' dir='ltr'><strong>ti-</strong></span> <span class='ocrx_word' id='word_1_716' title='bbox 1668 4410 1721 4472; x_wconf 83' lang='grc' dir='ltr'>Ῑ)</span> <span class='ocrx_word' id='word_1_717' title='bbox 1748 4410 1949 4465; x_wconf 84' lang='lat' dir='ltr'><strong>habere</strong></span> <span class='ocrx_word' id='word_1_718' title='bbox 1994 4423 2101 4462; x_wconf 88' lang='lat' dir='ltr'><strong>non</strong></span> <span class='ocrx_word' id='word_1_719' title='bbox 2146 4423 2457 4477; x_wconf 88' lang='lat' dir='ltr'><strong>possumus,</strong></span> <span class='ocrx_word' id='word_1_720' title='bbox 2497 4406 2609 4477; x_wconf 88' lang='lat' dir='ltr'><strong>qui,</strong></span> <span class='ocrx_word' id='word_1_721' title='bbox 2655 4406 2796 4462; x_wconf 90' lang='lat' dir='ltr'><strong>sicut</strong></span> <span class='ocrx_word' id='word_1_722' title='bbox 2831 4410 3164 4479; x_wconf 80' lang='lat' dir='ltr'><strong>praemissum</strong></span> <span class='ocrx_word' id='word_1_723' title='bbox 3207 4418 3314 4480; x_wconf 90' lang='lat' dir='ltr'><strong>est,</strong></span> 
     </span>
    </p>
   </div>
   <div class='ocr_carea' id='block_1_75' title="bbox 53 4494 1640 4562">
    <p class='ocr_par' dir='ltr' id='par_1_75' title="bbox 53 4494 1640 4562">
     <span class='ocr_line' id='line_1_75' title="bbox 53 4494 1640 4562; baseline -0.003 -10"><span class='ocrx_word' id='word_1_724' title='bbox 53 4500 231 4555; x_wconf 89' lang='lat' dir='ltr'><strong>mebis</strong></span> <span class='ocrx_word' id='word_1_725' title='bbox 264 4496 668 4562; x_wconf 81' lang='lat' dir='ltr'><strong>calamitatem,</strong></span> <span class='ocrx_word' id='word_1_726' title='bbox 712 4512 835 4551; x_wconf 91' lang='lat' dir='ltr'><strong>cum</strong></span> <span class='ocrx_word' id='word_1_727' title='bbox 867 4496 1099 4560; x_wconf 84' lang='lat' dir='ltr'><strong>venerit;</strong></span> <span class='ocrx_word' id='word_1_728' title='bbox 1134 4497 1186 4551; x_wconf 90' lang='lat' dir='ltr'><strong>in</strong></span> <span class='ocrx_word' id='word_1_729' title='bbox 1224 4496 1366 4550; x_wconf 90' lang='lat' dir='ltr'><strong>fame</strong></span> <span class='ocrx_word' id='word_1_730' title='bbox 1392 4504 1446 4550; x_wconf 92' lang='lat' dir='ltr'><strong>et</strong></span> <span class='ocrx_word' id='word_1_731' title='bbox 1469 4494 1640 4549; x_wconf 83' lang='lat' dir='ltr'><strong>vasti-</strong></span> 
     </span>
    </p>
   </div>
   <div class='ocr_carea' id='block_1_76' title="bbox 52 4584 1645 4649">
    <p class='ocr_par' dir='ltr' id='par_1_76' title="bbox 52 4584 1645 4649">
     <span class='ocr_line' id='line_1_76' title="bbox 52 4584 1645 4649; baseline -0.004 -4"><span class='ocrx_word' id='word_1_732' title='bbox 52 4599 168 4646; x_wconf 89' lang='lat' dir='ltr'><strong>tate</strong></span> <span class='ocrx_word' id='word_1_733' title='bbox 195 4589 414 4647; x_wconf 88' lang='lat' dir='ltr'><strong>ridebis</strong></span> <span class='ocrx_word' id='word_1_734' title='bbox 438 4597 495 4643; x_wconf 88' lang='lat' dir='ltr'><strong>et</strong></span> <span class='ocrx_word' id='word_1_735' title='bbox 520 4588 721 4643; x_wconf 87' lang='lat' dir='ltr'><strong>bestias</strong></span> <span class='ocrx_word' id='word_1_736' title='bbox 743 4596 900 4643; x_wconf 74' lang='lat' dir='ltr'><strong>terra:</strong></span> <span class='ocrx_word' id='word_1_737' title='bbox 924 4601 1031 4641; x_wconf 89' lang='lat' dir='ltr'><strong>non</strong></span> <span class='ocrx_word' id='word_1_738' title='bbox 1062 4585 1401 4649; x_wconf 87' lang='lat' dir='ltr'><strong>formidabis,</strong></span> <span class='ocrx_word' id='word_1_739' title='bbox 1422 4595 1475 4639; x_wconf 89' lang='lat' dir='ltr'><strong>et</strong></span> <span class='ocrx_word' id='word_1_740' title='bbox 1505 4584 1645 4639; x_wconf 86' lang='lat' dir='ltr'><strong>scies</strong></span> 
     </span>
    </p>
   </div>
   <div class='ocr_carea' id='block_1_77' title="bbox 51 4675 1644 4754">
    <p class='ocr_par' dir='ltr' id='par_1_77' title="bbox 51 4675 1644 4754">
     <span class='ocr_line' id='line_1_77' title="bbox 51 4675 1644 4754; baseline -0.004 -19"><span class='ocrx_word' id='word_1_741' title='bbox 51 4684 197 4751; x_wconf 82' lang='lat' dir='ltr'><strong>quod</strong></span> <span class='ocrx_word' id='word_1_742' title='bbox 230 4694 431 4754; x_wconf 88' lang='lat' dir='ltr'><strong>pacem</strong></span> <span class='ocrx_word' id='word_1_743' title='bbox 460 4679 659 4735; x_wconf 88' lang='lat' dir='ltr'><strong>habeat</strong></span> <span class='ocrx_word' id='word_1_744' title='bbox 694 4677 1103 4733; x_wconf 84' lang='lat' dir='ltr'><strong>tabernaculum</strong></span> <span class='ocrx_word' id='word_1_745' title='bbox 1134 4686 1307 4731; x_wconf 90' lang='lat' dir='ltr'><strong>tuum.</strong></span> <span class='ocrx_word' id='word_1_746' title='bbox 1333 4695 1351 4727; x_wconf 75' lang='grc' dir='ltr'><strong><em>ι</em></strong></span> <span class='ocrx_word' id='word_1_747' title='bbox 1385 4675 1429 4731; x_wconf 91' lang='grc' dir='ltr'>Ο</span> <span class='ocrx_word' id='word_1_748' title='bbox 1456 4688 1644 4746; x_wconf 85' lang='lat' dir='ltr'><strong>pacem</strong></span> 
     </span>
    </p>
   </div>
   <div class='ocr_carea' id='block_1_78' title="bbox 51 4766 1643 4839">
    <p class='ocr_par' dir='ltr' id='par_1_78' title="bbox 51 4766 1643 4839">
     <span class='ocr_line' id='line_1_78' title="bbox 51 4766 1643 4839; baseline -0.004 -12"><span class='ocrx_word' id='word_1_749' title='bbox 51 4773 475 4836; x_wconf 89' lang='lat' dir='ltr'><strong>admirabilem,</strong></span> <span class='ocrx_word' id='word_1_750' title='bbox 508 4785 669 4839; x_wconf 89' lang='lat' dir='ltr'><strong>quam</strong></span> <span class='ocrx_word' id='word_1_751' title='bbox 699 4779 756 4824; x_wconf 91' lang='lat' dir='ltr'><strong>et</strong></span> <span class='ocrx_word' id='word_1_752' title='bbox 779 4771 870 4838; x_wconf 90' lang='lat' dir='ltr'><strong>qui</strong></span> <span class='ocrx_word' id='word_1_753' title='bbox 903 4784 1009 4823; x_wconf 87' lang='lat' dir='ltr'><strong>non</strong></span> <span class='ocrx_word' id='word_1_754' title='bbox 1041 4769 1263 4832; x_wconf 83' lang='lat' dir='ltr'><strong>habent,</strong></span> <span class='ocrx_word' id='word_1_755' title='bbox 1290 4776 1415 4822; x_wconf 86' lang='lat' dir='ltr'><strong>sunt</strong></span> <span class='ocrx_word' id='word_1_756' title='bbox 1440 4766 1643 4828; x_wconf 85' lang='lat' dir='ltr'><strong>miseri,</strong></span> 
     </span>
    </p>
   </div>
   <div class='ocr_carea' id='block_1_79' title="bbox 53 4858 1646 4937">
    <p class='ocr_par' dir='ltr' id='par_1_79' title="bbox 53 4858 1646 4937">
     <span class='ocr_line' id='line_1_79' title="bbox 53 4858 1646 4937; baseline -0.004 -18"><span class='ocrx_word' id='word_1_757' title='bbox 53 4874 109 4920; x_wconf 90' lang='lat' dir='ltr'><strong>et</strong></span> <span class='ocrx_word' id='word_1_758' title='bbox 128 4867 223 4937; x_wconf 90' lang='lat' dir='ltr'><strong>qui</strong></span> <span class='ocrx_word' id='word_1_759' title='bbox 251 4866 492 4928; x_wconf 87' lang='lat' dir='ltr'><strong>habent,</strong></span> <span class='ocrx_word' id='word_1_760' title='bbox 521 4861 615 4915; x_wconf 85' lang='lat' dir='ltr'><strong>ﬁlii</strong></span> <span class='ocrx_word' id='word_1_761' title='bbox 645 4860 738 4915; x_wconf 86' lang='lat' dir='ltr'><strong>Dei</strong></span> <span class='ocrx_word' id='word_1_762' title='bbox 765 4871 1039 4914; x_wconf 87' lang='lat' dir='ltr'><strong>merentur</strong></span> <span class='ocrx_word' id='word_1_763' title='bbox 1073 4860 1393 4930; x_wconf 88' lang='lat' dir='ltr'><strong>nuncupari.</strong></span> <span class='ocrx_word' id='word_1_764' title='bbox 1445 4877 1464 4910; x_wconf 77' lang='lat' dir='ltr'><strong>r</strong></span> <span class='ocrx_word' id='word_1_765' title='bbox 1496 4858 1646 4913; x_wconf 86' lang='lat' dir='ltr'><strong>Beati</strong></span> 
     </span>
    </p>
   </div>
   <div class='ocr_carea' id='block_1_80' title="bbox 52 4949 1452 5034">
    <p class='ocr_par' dir='ltr' id='par_1_80' title="bbox 52 4949 1452 5034">
     <span class='ocr_line' id='line_1_80' title="bbox 52 4949 1452 5034; baseline -0.006 -24"><span class='ocrx_word' id='word_1_766' title='bbox 52 4955 201 5011; x_wconf 89' lang='lat' dir='ltr'><strong>enim</strong></span> <span class='ocrx_word' id='word_1_767' title='bbox 225 4952 475 5034; x_wconf 72' lang='lat' dir='ltr'><strong>pacifici,</strong></span> <span class='ocrx_word' id='word_1_768' title='bbox 503 4949 759 5021; x_wconf 91' lang='lat' dir='ltr'><strong>quoniam</strong></span> <span class='ocrx_word' id='word_1_769' title='bbox 790 4949 885 5003; x_wconf 82' lang='lat' dir='ltr'><strong>filii</strong></span> <span class='ocrx_word' id='word_1_770' title='bbox 921 4949 1012 5004; x_wconf 87' lang='lat' dir='ltr'><strong>Dei</strong></span> <span class='ocrx_word' id='word_1_771' title='bbox 1040 4949 1398 5005; x_wconf 88' lang='lat' dir='ltr'><strong>vocabuntur!</strong></span> <span class='ocrx_word' id='word_1_772' title='bbox 1435 4968 1452 5001; x_wconf 79' lang='grc' dir='ltr'><strong><em>ι</em></strong></span> 
     </span>
    </p>
   </div>
   <div class='ocr_carea' id='block_1_81' title="bbox 90 5046 1613 5184">
    <p class='ocr_par' dir='ltr' id='par_1_81' title="bbox 90 5046 1613 5184">
     <span class='ocr_line' id='line_1_81' title="bbox 90 5046 1613 5184; baseline -0.005 -63"><span class='ocrx_word' id='word_1_773' title='bbox 90 5064 226 5121; x_wconf 74' lang='lat' dir='ltr'><strong>CAP.</strong></span> <span class='ocrx_word' id='word_1_774' title='bbox 260 5046 411 5120; x_wconf 63' lang='lat' dir='ltr'><strong>XVI.</strong></span> <span class='ocrx_word' id='word_1_775' title='bbox 444 5093 517 5103; x_wconf 94' lang='lat'><strong>—</strong></span> <span class='ocrx_word' id='word_1_776' title='bbox 550 5056 630 5117; x_wconf 84' lang='lat' dir='ltr'><strong>De</strong></span> <span class='ocrx_word' id='word_1_777' title='bbox 656 5059 1088 5184; x_wconf 58' lang='lat' dir='ltr'><strong>paIcebbeztorum</strong></span> <span class='ocrx_word' id='word_1_778' title='bbox 1121 5060 1191 5113; x_wconf 87' lang='lat' dir='ltr'><strong>ad</strong></span> <span class='ocrx_word' id='word_1_779' title='bbox 1228 5075 1283 5114; x_wconf 84' lang='lat' dir='ltr'><strong>se</strong></span> <span class='ocrx_word' id='word_1_780' title='bbox 1322 5059 1461 5128; x_wconf 80' lang='lat' dir='ltr'><strong>ipsos</strong></span> <span class='ocrx_word' id='word_1_781' title='bbox 1490 5069 1613 5127; x_wconf 70' lang='lat' dir='ltr'><strong>tunc</strong></span> 
     </span>
     <span class='ocr_line' id='line_1_82' title="bbox 730 5148 974 5184; baseline -0.004 0"><span class='ocrx_word' id='word_1_782' title='bbox 730 5149 780 5184; x_wconf 79' lang='lat' dir='ltr'><strong>ta</strong></span> <span class='ocrx_word' id='word_1_783' title='bbox 817 5148 878 5184; x_wconf 84' lang='lat' dir='ltr'><strong>en</strong></span> <span class='ocrx_word' id='word_1_784' title='bbox 920 5148 974 5184; x_wconf 88' lang='lat' dir='ltr'><strong>a.</strong></span> 
     </span>
    </p>
   </div>
   <div class='ocr_carea' id='block_1_82' title="bbox 730 5148 974 5185">
    <p class='ocr_par' dir='ltr' id='par_1_82' title="bbox 730 5148 974 5185">
     <span class='ocr_line' id='line_1_83' title="bbox 730 5148 974 5185; baseline -0.004 -1"><span class='ocrx_word' id='word_1_785' title='bbox 730 5148 974 5185; x_wconf 78' lang='lat' dir='ltr'><strong>maenaa.</strong></span> 
     </span>
    </p>
   </div>
   <div class='ocr_carea' id='block_1_83' title="bbox 130 5222 1651 5295">
    <p class='ocr_par' dir='ltr' id='par_1_83' title="bbox 130 5222 1651 5295">
     <span class='ocr_line' id='line_1_84' title="bbox 130 5222 1651 5295; baseline -0.007 -8"><span class='ocrx_word' id='word_1_786' title='bbox 130 5232 501 5289; x_wconf 84' lang='lat' dir='ltr'><strong>Vocabuntur</strong></span> <span class='ocrx_word' id='word_1_787' title='bbox 534 5235 716 5282; x_wconf 84' lang='lat' dir='ltr'><strong>autem</strong></span> <span class='ocrx_word' id='word_1_788' title='bbox 746 5235 873 5280; x_wconf 90' lang='lat' dir='ltr'><strong>tunc</strong></span> <span class='ocrx_word' id='word_1_789' title='bbox 905 5225 998 5280; x_wconf 88' lang='lat' dir='ltr'><strong>Dei</strong></span> <span class='ocrx_word' id='word_1_790' title='bbox 1026 5224 1145 5289; x_wconf 84' lang='lat' dir='ltr'><strong>ﬁlii,</strong></span> <span class='ocrx_word' id='word_1_791' title='bbox 1174 5224 1390 5295; x_wconf 89' lang='lat' dir='ltr'><strong>quando</strong></span> <span class='ocrx_word' id='word_1_792' title='bbox 1420 5222 1509 5279; x_wconf 90' lang='lat' dir='ltr'><strong>illa</strong></span> <span class='ocrx_word' id='word_1_793' title='bbox 1544 5231 1651 5278; x_wconf 90' lang='lat' dir='ltr'><strong>ter-</strong></span> 
     </span>
    </p>
   </div>
   <div class='ocr_carea' id='block_1_84' title="bbox 52 5313 1650 5392">
    <p class='ocr_par' dir='ltr' id='par_1_84' title="bbox 52 5313 1650 5392">
     <span class='ocr_line' id='line_1_85' title="bbox 52 5313 1650 5392; baseline -0.007 -15"><span class='ocrx_word' id='word_1_794' title='bbox 52 5318 134 5377; x_wconf 77' lang='lat' dir='ltr'><strong>tia</strong></span> <span class='ocrx_word' id='word_1_795' title='bbox 155 5335 295 5392; x_wconf 85' lang='lat' dir='ltr'><strong>pax,</strong></span> <span class='ocrx_word' id='word_1_796' title='bbox 323 5317 542 5374; x_wconf 89' lang='lat' dir='ltr'><strong>scilicet</strong></span> <span class='ocrx_word' id='word_1_797' title='bbox 569 5314 797 5369; x_wconf 89' lang='lat' dir='ltr'><strong>rationis</strong></span> <span class='ocrx_word' id='word_1_798' title='bbox 825 5322 881 5369; x_wconf 91' lang='lat' dir='ltr'><strong>et</strong></span> <span class='ocrx_word' id='word_1_799' title='bbox 909 5313 1296 5375; x_wconf 82' lang='lat' dir='ltr'><strong>sensualitatis.</strong></span> <span class='ocrx_word' id='word_1_800' title='bbox 1326 5313 1487 5369; x_wconf 87' lang='lat' dir='ltr'><strong>beata</strong></span> <span class='ocrx_word' id='word_1_801' title='bbox 1519 5328 1650 5367; x_wconf 90' lang='lat' dir='ltr'><strong>con-</strong></span> 
     </span>
    </p>
   </div>
   <div class='ocr_carea' id='block_1_85' title="bbox 55 5402 1652 5483">
    <p class='ocr_par' dir='ltr' id='par_1_85' title="bbox 55 5402 1652 5483">
     <span class='ocr_line' id='line_1_86' title="bbox 55 5402 1652 5483; baseline -0.008 -12"><span class='ocrx_word' id='word_1_802' title='bbox 55 5411 245 5471; x_wconf 82' lang='lat' dir='ltr'><strong>sensio</strong></span> <span class='ocrx_word' id='word_1_803' title='bbox 292 5402 627 5483; x_wconf 75' lang='lat' dir='ltr'><strong>prorucebit.</strong></span> <span class='ocrx_word' id='word_1_804' title='bbox 683 5407 790 5463; x_wconf 88' lang='lat' dir='ltr'><strong>Ista</strong></span> <span class='ocrx_word' id='word_1_805' title='bbox 846 5422 973 5476; x_wconf 88' lang='lat' dir='ltr'><strong>pax,</strong></span> <span class='ocrx_word' id='word_1_806' title='bbox 1020 5407 1473 5476; x_wconf 88' lang='lat' dir='ltr'><strong>quemadmodum</strong></span> <span class='ocrx_word' id='word_1_807' title='bbox 1512 5420 1652 5475; x_wconf 73' lang='lat' dir='ltr'><strong>pra:-</strong></span> 
     </span>
    </p>
   </div>
   <div class='ocr_carea' id='block_1_86' title="bbox 56 5496 1653 5567">
    <p class='ocr_par' dir='ltr' id='par_1_86' title="bbox 56 5496 1653 5567">
     <span class='ocr_line' id='line_1_87' title="bbox 56 5496 1653 5567; baseline -0.005 -7"><span class='ocrx_word' id='word_1_808' title='bbox 56 5514 435 5562; x_wconf 80' lang='lat' dir='ltr'><strong>monstratum</strong></span> <span class='ocrx_word' id='word_1_809' title='bbox 490 5508 605 5567; x_wconf 88' lang='lat' dir='ltr'><strong>est,</strong></span> <span class='ocrx_word' id='word_1_810' title='bbox 659 5515 768 5554; x_wconf 90' lang='lat' dir='ltr'><strong>non</strong></span> <span class='ocrx_word' id='word_1_811' title='bbox 821 5498 1071 5554; x_wconf 87' lang='lat' dir='ltr'><strong>omnibus</strong></span> <span class='ocrx_word' id='word_1_812' title='bbox 1108 5498 1298 5563; x_wconf 89' lang='lat' dir='ltr'><strong>bonis,</strong></span> <span class='ocrx_word' id='word_1_813' title='bbox 1339 5498 1433 5552; x_wconf 90' lang='lat' dir='ltr'><strong>sed</strong></span> <span class='ocrx_word' id='word_1_814' title='bbox 1481 5496 1653 5553; x_wconf 89' lang='lat' dir='ltr'><strong>beatis</strong></span> 
     </span>
    </p>
   </div>
   <div class='ocr_carea' id='block_1_87' title="bbox 58 5590 1654 5662">
    <p class='ocr_par' dir='ltr' id='par_1_87' title="bbox 58 5590 1654 5662">
     <span class='ocr_line' id='line_1_88' title="bbox 58 5590 1654 5662; baseline -0.002 -12"><span class='ocrx_word' id='word_1_815' title='bbox 58 5597 476 5661; x_wconf 76' lang='lat' dir='ltr'><strong>tantummode,</strong></span> <span class='ocrx_word' id='word_1_816' title='bbox 518 5593 573 5647; x_wconf 90' lang='lat' dir='ltr'><strong>id</strong></span> <span class='ocrx_word' id='word_1_817' title='bbox 594 5601 697 5657; x_wconf 90' lang='lat' dir='ltr'><strong>est,</strong></span> <span class='ocrx_word' id='word_1_818' title='bbox 729 5591 839 5661; x_wconf 84' lang='lat' dir='ltr'><strong>jam</strong></span> <span class='ocrx_word' id='word_1_819' title='bbox 872 5594 937 5647; x_wconf 90' lang='lat' dir='ltr'><strong>de</strong></span> <span class='ocrx_word' id='word_1_820' title='bbox 973 5590 1175 5647; x_wconf 87' lang='lat' dir='ltr'><strong>mundo</strong></span> <span class='ocrx_word' id='word_1_821' title='bbox 1202 5606 1454 5662; x_wconf 71' lang='lat' dir='ltr'><strong>egressrs,</strong></span> <span class='ocrx_word' id='word_1_822' title='bbox 1485 5606 1654 5647; x_wconf 76' lang='lat' dir='ltr'><strong>ascri-</strong></span> 
     </span>
    </p>
   </div>
   <div class='ocr_carea' id='block_1_88' title="bbox 58 5684 1652 5764">
    <p class='ocr_par' dir='ltr' id='par_1_88' title="bbox 58 5684 1652 5764">
     <span class='ocr_line' id='line_1_89' title="bbox 58 5684 1652 5764; baseline 0 -23"><span class='ocrx_word' id='word_1_823' title='bbox 58 5691 233 5764; x_wconf 70' lang='lat' dir='ltr'><strong>bitur,</strong></span> <span class='ocrx_word' id='word_1_824' title='bbox 262 5706 435 5764; x_wconf 76' lang='lat' dir='ltr'><strong>quam</strong></span> <span class='ocrx_word' id='word_1_825' title='bbox 479 5687 562 5740; x_wconf 85' lang='lat' dir='ltr'><strong>vir</strong></span> <span class='ocrx_word' id='word_1_826' title='bbox 585 5684 765 5754; x_wconf 87' lang='lat' dir='ltr'><strong>justus</strong></span> <span class='ocrx_word' id='word_1_827' title='bbox 791 5684 842 5737; x_wconf 89' lang='lat' dir='ltr'><strong>in</strong></span> <span class='ocrx_word' id='word_1_828' title='bbox 871 5694 1044 5740; x_wconf 89' lang='lat' dir='ltr'><strong>morte</strong></span> <span class='ocrx_word' id='word_1_829' title='bbox 1068 5685 1281 5739; x_wconf 89' lang='lat' dir='ltr'><strong>demum</strong></span> <span class='ocrx_word' id='word_1_830' title='bbox 1313 5700 1370 5740; x_wconf 86' lang='lat' dir='ltr'><strong>se</strong></span> <span class='ocrx_word' id='word_1_831' title='bbox 1399 5699 1652 5741; x_wconf 87' lang='lat' dir='ltr'><strong>consecu-</strong></span> 
     </span>
    </p>
   </div>
   <div class='ocr_carea' id='block_1_89' title="bbox 486 5798 919 5861">
    <p class='ocr_par' dir='ltr' id='par_1_89' title="bbox 486 5798 919 5861">
     <span class='ocr_line' id='line_1_90' title="bbox 486 5798 919 5861; baseline -0.005 0"><span class='ocrx_word' id='word_1_832' title='bbox 486 5802 753 5861; x_wconf 61' lang='lat' dir='ltr'><strong>Psrnon.</strong></span> <span class='ocrx_word' id='word_1_833' title='bbox 801 5798 919 5859; x_wconf 87' lang='lat' dir='ltr'><strong>CL.</strong></span> 
     </span>
    </p>
   </div>
   <div class='ocr_carea' id='block_1_90' title="bbox 1745 4498 3305 4571">
    <p class='ocr_par' dir='ltr' id='par_1_90' title="bbox 1745 4498 3305 4571">
     <span class='ocr_line' id='line_1_91' title="bbox 1745 4498 3305 4571; baseline 0.002 -15"><span class='ocrx_word' id='word_1_834' title='bbox 1745 4501 1920 4557; x_wconf 80' lang='lat' dir='ltr'><strong>rixam</strong></span> <span class='ocrx_word' id='word_1_835' title='bbox 1942 4501 2227 4571; x_wconf 89' lang='lat' dir='ltr'><strong>quamdam</strong></span> <span class='ocrx_word' id='word_1_836' title='bbox 2253 4498 2576 4554; x_wconf 91' lang='lat' dir='ltr'><strong>intrinsecus</strong></span> <span class='ocrx_word' id='word_1_837' title='bbox 2589 4499 2935 4557; x_wconf 90' lang='lat' dir='ltr'><strong>sustinemus.</strong></span> <span class='ocrx_word' id='word_1_838' title='bbox 2960 4500 3111 4558; x_wconf 87' lang='lat' dir='ltr'><strong>Tunc</strong></span> <span class='ocrx_word' id='word_1_839' title='bbox 3126 4512 3305 4559; x_wconf 91' lang='lat' dir='ltr'><strong>autem</strong></span> 
     </span>
    </p>
   </div>
   <div class='ocr_carea' id='block_1_91' title="bbox 1745 4591 3317 4663">
    <p class='ocr_par' dir='ltr' id='par_1_91' title="bbox 1745 4591 3317 4663">
     <span class='ocr_line' id='line_1_92' title="bbox 1745 4591 3317 4663; baseline 0 -15"><span class='ocrx_word' id='word_1_840' title='bbox 1745 4608 1897 4648; x_wconf 88' lang='lat' dir='ltr'><strong>suam</strong></span> <span class='ocrx_word' id='word_1_841' title='bbox 1936 4607 2127 4663; x_wconf 86' lang='lat' dir='ltr'><strong>pacem</strong></span> <span class='ocrx_word' id='word_1_842' title='bbox 2168 4591 2321 4646; x_wconf 91' lang='lat' dir='ltr'><strong>nobis</strong></span> <span class='ocrx_word' id='word_1_843' title='bbox 2354 4591 2507 4646; x_wconf 86' lang='lat' dir='ltr'><strong>dabit</strong></span> <span class='ocrx_word' id='word_1_844' title='bbox 2551 4591 2833 4659; x_wconf 83' lang='lat' dir='ltr'><strong>Dominus,</strong></span> <span class='ocrx_word' id='word_1_845' title='bbox 2861 4610 2983 4651; x_wconf 90' lang='lat' dir='ltr'><strong>cum</strong></span> <span class='ocrx_word' id='word_1_846' title='bbox 3027 4596 3080 4650; x_wconf 92' lang='lat' dir='ltr'><strong>in</strong></span> <span class='ocrx_word' id='word_1_847' title='bbox 3108 4595 3317 4650; x_wconf 86' lang='lat' dir='ltr'><strong>similli-</strong></span> 
     </span>
    </p>
   </div>
   <div class='ocr_carea' id='block_1_92' title="bbox 1745 4684 3318 4757">
    <p class='ocr_par' dir='ltr' id='par_1_92' title="bbox 1745 4684 3318 4757">
     <span class='ocr_line' id='line_1_93' title="bbox 1745 4684 3318 4757; baseline 0.001 -17"><span class='ocrx_word' id='word_1_848' title='bbox 1745 4700 1889 4740; x_wconf 90' lang='lat' dir='ltr'><strong>mam</strong></span> <span class='ocrx_word' id='word_1_849' title='bbox 1935 4685 2130 4740; x_wconf 65' lang='lat' dir='ltr'><strong>divinae</strong></span> <span class='ocrx_word' id='word_1_850' title='bbox 2177 4684 2293 4754; x_wconf 88' lang='lat' dir='ltr'><strong>paci</strong></span> <span class='ocrx_word' id='word_1_851' title='bbox 2337 4686 2681 4740; x_wconf 84' lang='lat' dir='ltr'><strong>concordiam</strong></span> <span class='ocrx_word' id='word_1_852' title='bbox 2733 4702 2950 4757; x_wconf 91' lang='lat' dir='ltr'><strong>corpus,</strong></span> <span class='ocrx_word' id='word_1_853' title='bbox 3000 4686 3220 4755; x_wconf 91' lang='lat' dir='ltr'><strong>spiritus</strong></span> <span class='ocrx_word' id='word_1_854' title='bbox 3261 4694 3318 4741; x_wconf 87' lang='lat' dir='ltr'><strong>et</strong></span> 
     </span>
    </p>
   </div>
   <div class='ocr_carea' id='block_1_93' title="bbox 1746 4775 3313 4846">
    <p class='ocr_par' dir='ltr' id='par_1_93' title="bbox 1746 4775 3313 4846">
     <span class='ocr_line' id='line_1_94' title="bbox 1746 4775 3313 4846; baseline -0.001 -13"><span class='ocrx_word' id='word_1_855' title='bbox 1746 4777 1927 4833; x_wconf 91' lang='lat' dir='ltr'><strong>anima</strong></span> <span class='ocrx_word' id='word_1_856' title='bbox 1958 4775 2350 4845; x_wconf 89' lang='lat' dir='ltr'><strong>conspirabunt</strong></span> <span class='ocrx_word' id='word_1_857' title='bbox 2374 4815 2388 4840; x_wconf 91' lang='lat'><strong>,</strong></span> <span class='ocrx_word' id='word_1_858' title='bbox 2420 4775 2669 4832; x_wconf 83' lang='lat' dir='ltr'><strong>videlicet</strong></span> <span class='ocrx_word' id='word_1_859' title='bbox 2696 4784 2755 4831; x_wconf 91' lang='lat' dir='ltr'><strong>ut</strong></span> <span class='ocrx_word' id='word_1_860' title='bbox 2783 4776 3232 4846; x_wconf 88' lang='lat' dir='ltr'><strong>quemadmodum</strong></span> <span class='ocrx_word' id='word_1_861' title='bbox 3261 4776 3313 4831; x_wconf 90' lang='lat' dir='ltr'><strong>in</strong></span> 
     </span>
    </p>
   </div>
   <div class='ocr_carea' id='block_1_94' title="bbox 1746 4864 3313 4937">
    <p class='ocr_par' dir='ltr' id='par_1_94' title="bbox 1746 4864 3313 4937">
     <span class='ocr_line' id='line_1_95' title="bbox 1746 4864 3313 4937; baseline -0.002 -12"><span class='ocrx_word' id='word_1_862' title='bbox 1746 4869 1948 4925; x_wconf 89' lang='lat' dir='ltr'><strong>deitate</strong></span> <span class='ocrx_word' id='word_1_863' title='bbox 1975 4876 2125 4922; x_wconf 90' lang='lat' dir='ltr'><strong>tanta</strong></span> <span class='ocrx_word' id='word_1_864' title='bbox 2155 4882 2257 4937; x_wconf 90' lang='lat' dir='ltr'><strong>pax</strong></span> <span class='ocrx_word' id='word_1_865' title='bbox 2293 4878 2400 4933; x_wconf 89' lang='lat' dir='ltr'><strong>est,</strong></span> <span class='ocrx_word' id='word_1_866' title='bbox 2447 4869 2588 4923; x_wconf 90' lang='lat' dir='ltr'><strong>sient</strong></span> <span class='ocrx_word' id='word_1_867' title='bbox 2617 4868 2669 4920; x_wconf 91' lang='lat' dir='ltr'><strong>in</strong></span> <span class='ocrx_word' id='word_1_868' title='bbox 2696 4865 2868 4921; x_wconf 91' lang='lat' dir='ltr'><strong>initiis</strong></span> <span class='ocrx_word' id='word_1_869' title='bbox 2895 4864 3313 4935; x_wconf 74' lang='lat' dir='ltr'><strong>pnelibavimus,</strong></span> 
     </span>
    </p>
   </div>
   <div class='ocr_carea' id='block_1_95' title="bbox 1747 4940 3313 5029">
    <p class='ocr_par' dir='ltr' id='par_1_95' title="bbox 1747 4940 3313 5029">
     <span class='ocr_line' id='line_1_96' title="bbox 1747 4940 3313 5029; baseline -0.004 -16"><span class='ocrx_word' id='word_1_870' title='bbox 1747 4958 1893 5029; x_wconf 86' lang='lat' dir='ltr'><strong>quod</strong></span> <span class='ocrx_word' id='word_1_871' title='bbox 1923 4958 1975 5012; x_wconf 91' lang='lat' dir='ltr'><strong>in</strong></span> <span class='ocrx_word' id='word_1_872' title='bbox 2015 4957 2190 5012; x_wconf 87' lang='lat' dir='ltr'><strong>tribus</strong></span> <span class='ocrx_word' id='word_1_873' title='bbox 2218 4972 2323 5011; x_wconf 89' lang='lat' dir='ltr'><strong>una</strong></span> <span class='ocrx_word' id='word_1_874' title='bbox 2353 4957 2669 5019; x_wconf 89' lang='lat' dir='ltr'><strong>substantia,</strong></span> <span class='ocrx_word' id='word_1_875' title='bbox 2702 4940 2805 5011; x_wconf 72' lang='lat' dir='ltr'><strong>uita</strong></span> <span class='ocrx_word' id='word_1_876' title='bbox 2835 4956 3103 5020; x_wconf 84' lang='lat' dir='ltr'><strong>voluntas,</strong></span> <span class='ocrx_word' id='word_1_877' title='bbox 3131 4967 3186 5011; x_wconf 84' lang='lat' dir='ltr'><strong>et</strong></span> <span class='ocrx_word' id='word_1_878' title='bbox 3212 4974 3313 5021; x_wconf 82' lang='lat' dir='ltr'><strong>una</strong></span> 
     </span>
    </p>
   </div>
   <div class='ocr_carea' id='block_1_96' title="bbox 1749 5045 3314 5121">
    <p class='ocr_par' dir='ltr' id='par_1_96' title="bbox 1749 5045 3314 5121">
     <span class='ocr_line' id='line_1_97' title="bbox 1749 5045 3314 5121; baseline -0.003 -16"><span class='ocrx_word' id='word_1_879' title='bbox 1749 5050 1964 5121; x_wconf 91' lang='lat' dir='ltr'><strong>penitus</strong></span> <span class='ocrx_word' id='word_1_880' title='bbox 2003 5047 2187 5117; x_wconf 90' lang='lat' dir='ltr'><strong>operis</strong></span> <span class='ocrx_word' id='word_1_881' title='bbox 2230 5048 2487 5100; x_wconf 86' lang='lat' dir='ltr'><strong>adoratnr</strong></span> <span class='ocrx_word' id='word_1_882' title='bbox 2515 5045 2836 5111; x_wconf 91' lang='lat' dir='ltr'><strong>auctoritas,</strong></span> <span class='ocrx_word' id='word_1_883' title='bbox 2872 5045 2941 5099; x_wconf 91' lang='lat' dir='ltr'><strong>ita</strong></span> <span class='ocrx_word' id='word_1_884' title='bbox 2987 5053 3044 5100; x_wconf 88' lang='lat' dir='ltr'><strong>et</strong></span> <span class='ocrx_word' id='word_1_885' title='bbox 3072 5045 3188 5100; x_wconf 57' lang='lat' dir='ltr'><strong>hate</strong></span> <span class='ocrx_word' id='word_1_886' title='bbox 3217 5048 3314 5101; x_wconf 77' lang='lat' dir='ltr'><strong>tria</strong></span> 
     </span>
    </p>
   </div>
   <div class='ocr_carea' id='block_1_97' title="bbox 1751 5135 3318 5208">
    <p class='ocr_par' dir='ltr' id='par_1_97' title="bbox 1751 5135 3318 5208">
     <span class='ocr_line' id='line_1_98' title="bbox 1751 5135 3318 5208; baseline -0.003 -13"><span class='ocrx_word' id='word_1_887' title='bbox 1751 5150 1900 5196; x_wconf 88' lang='lat' dir='ltr'><strong>tanta</strong></span> <span class='ocrx_word' id='word_1_888' title='bbox 1928 5140 2029 5195; x_wconf 85' lang='lat' dir='ltr'><strong>sibi</strong></span> <span class='ocrx_word' id='word_1_889' title='bbox 2066 5148 2193 5193; x_wconf 91' lang='lat' dir='ltr'><strong>tunc</strong></span> <span class='ocrx_word' id='word_1_890' title='bbox 2237 5137 2529 5192; x_wconf 87' lang='lat' dir='ltr'><strong>credantur</strong></span> <span class='ocrx_word' id='word_1_891' title='bbox 2571 5137 2718 5205; x_wconf 86' lang='lat' dir='ltr'><strong>pacis</strong></span> <span class='ocrx_word' id='word_1_892' title='bbox 2746 5138 2984 5192; x_wconf 79' lang='lat' dir='ltr'><strong>amicitia</strong></span> <span class='ocrx_word' id='word_1_893' title='bbox 3019 5135 3318 5208; x_wconf 89' lang='lat' dir='ltr'><strong>conjugari,</strong></span> 
     </span>
    </p>
   </div>
   <div class='ocr_carea' id='block_1_98' title="bbox 1750 5227 3320 5302">
    <p class='ocr_par' dir='ltr' id='par_1_98' title="bbox 1750 5227 3320 5302">
     <span class='ocr_line' id='line_1_99' title="bbox 1750 5227 3320 5302; baseline -0.005 -15"><span class='ocrx_word' id='word_1_894' title='bbox 1750 5241 1808 5287; x_wconf 90' lang='lat' dir='ltr'><strong>ut</strong></span> <span class='ocrx_word' id='word_1_895' title='bbox 1836 5240 2031 5302; x_wconf 56' lang='lat' dir='ltr'><strong>praeter</strong></span> <span class='ocrx_word' id='word_1_896' title='bbox 2059 5234 2182 5296; x_wconf 87' lang='lat' dir='ltr'><strong>hoc,</strong></span> <span class='ocrx_word' id='word_1_897' title='bbox 2230 5230 2373 5298; x_wconf 89' lang='lat' dir='ltr'><strong>quod</strong></span> <span class='ocrx_word' id='word_1_898' title='bbox 2398 5227 2556 5282; x_wconf 89' lang='lat' dir='ltr'><strong>unius</strong></span> <span class='ocrx_word' id='word_1_899' title='bbox 2582 5228 2976 5296; x_wconf 88' lang='lat' dir='ltr'><strong>quodammodo</strong></span> <span class='ocrx_word' id='word_1_900' title='bbox 3004 5236 3213 5282; x_wconf 73' lang='lat' dir='ltr'><strong>naturae</strong></span> <span class='ocrx_word' id='word_1_901' title='bbox 3239 5227 3320 5280; x_wconf 84' lang='lat' dir='ltr'><strong>in-</strong></span> 
     </span>
    </p>
   </div>
   <div class='ocr_carea' id='block_1_99' title="bbox 1752 5314 3321 5392">
    <p class='ocr_par' dir='ltr' id='par_1_99' title="bbox 1752 5314 3321 5392">
     <span class='ocr_line' id='line_1_100' title="bbox 1752 5314 3321 5392; baseline -0.005 -16"><span class='ocrx_word' id='word_1_902' title='bbox 1752 5320 2062 5391; x_wconf 87' lang='lat' dir='ltr'><strong>telligentur</strong></span> <span class='ocrx_word' id='word_1_903' title='bbox 2087 5321 2169 5392; x_wconf 67' lang='lat' dir='ltr'><strong>lc.</strong></span> <span class='ocrx_word' id='word_1_904' title='bbox 2204 5317 2266 5371; x_wconf 91' lang='lat' dir='ltr'><strong>T.</strong></span> <span class='ocrx_word' id='word_1_905' title='bbox 2286 5359 2301 5385; x_wconf 93' lang='lat'><strong>,</strong></span> <span class='ocrx_word' id='word_1_906' title='bbox 2336 5315 2734 5387; x_wconf 89' lang='lat' dir='ltr'><strong>quodammodo</strong></span> <span class='ocrx_word' id='word_1_907' title='bbox 2763 5331 2980 5372; x_wconf 77' lang='lat' dir='ltr'><strong>nomine</strong></span> <span class='ocrx_word' id='word_1_908' title='bbox 3006 5314 3145 5388; x_wconf 88' lang='lat' dir='ltr'><strong>int.]</strong></span> <span class='ocrx_word' id='word_1_909' title='bbox 3180 5314 3321 5380; x_wconf 82' lang='lat' dir='ltr'><strong>ﬁeri,</strong></span> 
     </span>
    </p>
   </div>
   <div class='ocr_carea' id='block_1_100' title="bbox 1752 5407 3322 5485">
    <p class='ocr_par' dir='ltr' id='par_1_100' title="bbox 1752 5407 3322 5485">
     <span class='ocr_line' id='line_1_101' title="bbox 1752 5407 3322 5485; baseline -0.006 -17"><span class='ocrx_word' id='word_1_910' title='bbox 1752 5416 1869 5485; x_wconf 91' lang='lat' dir='ltr'><strong>ipso</strong></span> <span class='ocrx_word' id='word_1_911' title='bbox 1898 5413 2084 5481; x_wconf 88' lang='lat' dir='ltr'><strong>utique</strong></span> <span class='ocrx_word' id='word_1_912' title='bbox 2119 5424 2345 5479; x_wconf 91' lang='lat' dir='ltr'><strong>corpore</strong></span> <span class='ocrx_word' id='word_1_913' title='bbox 2386 5409 2439 5463; x_wconf 89' lang='lat' dir='ltr'><strong>in</strong></span> <span class='ocrx_word' id='word_1_914' title='bbox 2472 5418 2719 5462; x_wconf 87' lang='lat' dir='ltr'><strong>naturam</strong></span> <span class='ocrx_word' id='word_1_915' title='bbox 2759 5407 3003 5477; x_wconf 89' lang='lat' dir='ltr'><strong>spiritus,</strong></span> <span class='ocrx_word' id='word_1_916' title='bbox 3034 5408 3170 5470; x_wconf 87' lang='lat' dir='ltr'><strong>sicut</strong></span> <span class='ocrx_word' id='word_1_917' title='bbox 3200 5422 3322 5466; x_wconf 74' lang='lat' dir='ltr'><strong>San-</strong></span> 
     </span>
    </p>
   </div>
   <div class='ocr_carea' id='block_1_101' title="bbox 1753 5498 3324 5565">
    <p class='ocr_par' dir='ltr' id='par_1_101' title="bbox 1753 5498 3324 5565">
     <span class='ocr_line' id='line_1_102' title="bbox 1753 5498 3324 5565; baseline -0.003 -6"><span class='ocrx_word' id='word_1_918' title='bbox 1753 5515 1871 5559; x_wconf 92' lang='lat' dir='ltr'><strong>etus</strong></span> <span class='ocrx_word' id='word_1_919' title='bbox 1909 5502 2107 5557; x_wconf 85' lang='lat' dir='ltr'><strong>Paulus</strong></span> <span class='ocrx_word' id='word_1_920' title='bbox 2143 5500 2365 5565; x_wconf 84' lang='lat' dir='ltr'><strong>asserit,</strong></span> <span class='ocrx_word' id='word_1_921' title='bbox 2406 5498 2723 5563; x_wconf 86' lang='lat' dir='ltr'><strong>transiture,</strong></span> <span class='ocrx_word' id='word_1_922' title='bbox 2767 5499 2909 5554; x_wconf 90' lang='lat' dir='ltr'><strong>idem</strong></span> <span class='ocrx_word' id='word_1_923' title='bbox 2946 5501 3164 5553; x_wconf 90' lang='lat' dir='ltr'><strong>omnino</strong></span> <span class='ocrx_word' id='word_1_924' title='bbox 3197 5510 3324 5555; x_wconf 84' lang='lat' dir='ltr'><strong>tunc</strong></span> 
     </span>
    </p>
   </div>
   <div class='ocr_carea' id='block_1_102' title="bbox 1755 5588 3323 5665">
    <p class='ocr_par' dir='ltr' id='par_1_102' title="bbox 1755 5588 3323 5665">
     <span class='ocr_line' id='line_1_103' title="bbox 1755 5588 3323 5665; baseline -0.003 -16"><span class='ocrx_word' id='word_1_925' title='bbox 1755 5595 1969 5665; x_wconf 85' lang='lat' dir='ltr'><strong>sapiant</strong></span> <span class='ocrx_word' id='word_1_926' title='bbox 1997 5600 2053 5645; x_wconf 85' lang='lat' dir='ltr'><strong>et</strong></span> <span class='ocrx_word' id='word_1_927' title='bbox 2082 5591 2225 5645; x_wconf 89' lang='lat' dir='ltr'><strong>circa</strong></span> <span class='ocrx_word' id='word_1_928' title='bbox 2256 5590 2394 5645; x_wconf 85' lang='lat' dir='ltr'><strong>idem</strong></span> <span class='ocrx_word' id='word_1_929' title='bbox 2426 5604 2641 5659; x_wconf 84' lang='lat' dir='ltr'><strong>semper</strong></span> <span class='ocrx_word' id='word_1_930' title='bbox 2665 5603 2822 5661; x_wconf 88' lang='lat' dir='ltr'><strong>opus,</strong></span> <span class='ocrx_word' id='word_1_931' title='bbox 2848 5602 3095 5660; x_wconf 81' lang='lat' dir='ltr'><strong>supernae</strong></span> <span class='ocrx_word' id='word_1_932' title='bbox 3117 5588 3323 5646; x_wconf 86' lang='lat' dir='ltr'><strong>scilicet</strong></span> 
     </span>
    </p>
   </div>
   <div class='ocr_carea' id='block_1_103' title="bbox 1755 5680 2663 5751">
    <p class='ocr_par' dir='ltr' id='par_1_103' title="bbox 1755 5680 2663 5751">
     <span class='ocr_line' id='line_1_104' title="bbox 1755 5680 2663 5751; baseline -0.008 -11"><span class='ocrx_word' id='word_1_933' title='bbox 1755 5685 1930 5740; x_wconf 78' lang='lat' dir='ltr'><strong>laudis</strong></span> <span class='ocrx_word' id='word_1_934' title='bbox 1963 5680 2289 5739; x_wconf 77' lang='lat' dir='ltr'><strong>sacrificium</strong></span> <span class='ocrx_word' id='word_1_935' title='bbox 2313 5688 2663 5751; x_wconf 85' lang='lat' dir='ltr'><strong>occupentur.</strong></span> 
     </span>
    </p>
   </div>
   <div class='ocr_carea' id='block_1_104' title="bbox 2918 5793 2990 5852">
    <p class='ocr_par' dir='ltr' id='par_1_104' title="bbox 2918 5793 2990 5852">
     <span class='ocr_line' id='line_1_105' title="bbox 2918 5793 2990 5852; baseline 0 0"><span class='ocrx_word' id='word_1_936' title='bbox 2918 5793 2990 5852; x_wconf 81' lang='grc'><strong>51</strong></span> 
     </span>
    </p>
   </div>
   <div class='ocr_carea' id='block_1_105' title="bbox 1250 6224 1253 6231">
    <p class='ocr_par' dir='ltr' id='par_1_105' title="bbox 1250 6224 1253 6231">
     <span class='ocr_line' id='line_1_106' title="bbox 1250 6224 1253 6231; baseline 0 0"><span class='ocrx_word' id='word_1_937' title='bbox 1250 6224 1253 6231; x_wconf 72' lang='grc' dir='ltr'>ι</span> 
     </span>
    </p>
   </div>
  </div>
