3834 6462
189 277 298 335 615

1390 241 1476 322 ι)ιᾷ
1506 262 1684 321 nexo
1723 258 1940 316 PACIS.
1981 288 2049 299 -
2090 259 2217 314 LIB.
2254 258 2315 312 ιι.

3257 250 3391 304 ili”

158 387 519 457 .tujusprava‘.
542 380 817 439 societatis
853 379 1027 435 Medus
1060 378 1402 434 invitantium
1431 396 1447 432 :
1505 396 1524 429 ι
1563 376 1718 441 Veni,
1746 377 1796 436 Α
1822 372 2108 427 multitudo
2148 372 2522 427 ventilantinm
2549 381 2621 424 te.
2658 367 2810 424 i-Ubi
2840 367 3090 423 subaudit
3121 367 3392 423 Romano-

162 481 420 552 nquiunt,
453 476 575 533 veni
601 475 900 540 nobiscum,
943 475 1261 530 insidiemur
1286 474 1554 545 sanguini,
1594 473 1721 527 abs-

161 573 448 628 :ondamus
503 567 798 626 teudiculas
822 576 1009 623 contra
1039 568 1326 634 insontem,
1366 566 1725 638 deglutiamus

158 679 298 729 sum,
332 663 473 719 sicut
518 660 782 724 infernus,
828 658 1118 725 viventem,
1168 673 1383 713 omnem
1434 658 1723 728 pretiosam

155 754 507 811 substantiam
532 750 826 822 rapiemus,
876 750 1219 820 implebimus
1259 749 1451 805 domus
1506 756 1725 805 nostras

153 845 361 915 spoliis.
395 844 607 900 Sortem
657 846 811 898 mitte
858 841 1154 906 nobiscum,
1184 842 1513 911 marsupium
1559 855 1722 895 unum

151 934 222 988 sit
247 933 486 987 omnium
514 939 780 986 nostrum.
820 949 853 982 ο.
1299 1000 1305 1005 “

86 1086 93 1095 ν
158 1064 167 1069 -
224 1021 348 1077 Haec
377 1020 771 1077 communicata
794 1019 996 1077 scelera
1028 1020 1150 1076 ideo
1175 1022 1242 1077 ab
1268 1022 1348 1078 eis
1371 1020 1721 1077 committun-

152 1122 244 1165 tur
275 1111 556 1176 audacius,
582 1109 709 1180 quia
732 1126 837 1166 non
877 1119 963 1167 est
983 1112 1225 1178 interim,
1276 1127 1384 1182 quo
1422 1111 1604 1182 judice
1627 1128 1727 1183 pu-

150 1203 395 1261 niantur.
430 1220 449 1255 t
480 1202 615 1270 Quia
638 1202 804 1266 enim,
833 1210 895 1257 ut
913 1202 990 1257 ait
1016 1202 1390 1271 Ecclesiastes,
1452 1218 1556 1259 non
1601 1218 1726 1274 pro-

149 1293 327 1349 fertur
345 1294 456 1349 cito
483 1302 670 1349 contra
701 1291 869 1348 malos
896 1293 1186 1355 sententia,
1228 1275 1358 1348 ideo
1387 1296 1592 1363 absque
1619 1292 1726 1348 ullo

152 1389 349 1442 timore
382 1386 473 1441 ﬁlii
510 1386 787 1447 hominum
811 1395 1122 1456 perpetrant
1154 1386 1314 1441 mala.
1352 1406 1369 1438 ι

146 1523 286 1578 CAP.
322 1521 383 1576 V.
416 1552 483 1564 -—
515 1521 786 1589 Quomodo
815 1521 924 1576 hwc
945 1538 1049 1591 prta:
1085 1537 1180 1591 per
1216 1523 1599 1576 contumacium
1626 1520 1723 1588 ﬁr-

850 1602 1037 1645 metur.

1825 479 1941 517 rum
1962 464 2280 524 exercitum.
2309 478 2416 517 non
2443 473 2663 532 propter
2680 460 3051 531 exiguitatem,
3081 460 3174 514 sed
3204 474 3393 513 nume—

1824 554 2101 609 rositatem
2154 552 2294 625 [cod.
2330 550 2730 623 numerositati]
2763 550 2967 620 pulveri
3001 557 3393 619 comparatum.

1893 646 2042 701 Sicut
2063 655 2242 701 autem
2263 644 2516 715 quaslibet
2543 641 2939 698 combustibilis
2974 642 3198 696 materia
3222 640 3399 709 majus

1822 735 2098 806 profundit
2122 735 2449 801 incendium,
2487 736 2531 790 si
2563 744 2672 788 tota
2694 734 2853 789 simul
2889 749 3047 803 quam
3075 734 3119 788 si
3169 732 3399 787 diversis

1822 826 2067 895 partibus
2093 834 2355 880 exuratur
2381 838 2396 878 :
2424 823 2504 879 sic
2536 832 2591 879 et
2620 823 2884 899 malorum
2916 823 3196 878 collectam
3219 819 3401 875 multi-

1823 916 2059 970 tudinem
2093 930 2157 969 eo
2183 915 2398 985 gravior
2420 913 2691 969 districtio
2723 922 2847 969 uret
2884 912 2937 967 in
2968 912 3251 983 supplicio,
3292 925 3399 981 quo

1822 1007 1995 1077 major
2041 1021 2159 1061 eam
2200 1021 2459 1063 numerus
2497 1013 2760 1061 nexuerat
2793 1004 2845 1058 in
2896 1013 3135 1075 peccato.
3166 1003 3293 1059 lude
3313 1010 3399 1058 est

1824 1098 2000 1154 divina
2031 1098 2123 1153 illa
2150 1096 2509 1167 Praeceptoris
2525 1095 2798 1152 sententia
2833 1113 2845 1149 :
2880 1113 2899 1147 ι
2933 1092 3398 1173 Colligitezizania

1822 1198 1877 1244 et
1906 1189 2068 1258 ligate
2092 1203 2155 1246 ea
2180 1188 2233 1243 in
2260 1187 2547 1245 fasciculos
2578 1188 2647 1243 ad
2683 1187 3125 1243 comburendum.
3176 1205 3193 1237 ι

1825 1339 1950 1395 CAP.
1978 1340 2085 1397 VII.
2114 1371 2181 1381 —
2220 1339 2375 1406 Quod
2407 1342 2659 1395 adversus
2682 1342 2815 1395 hanc
2844 1358 3021 1410 pacem
3062 1357 3153 1397 nos
3201 1356 3399 1410 semper

2245 1427 2355 1465 esse
2379 1423 2615 1481 oporteat
2653 1412 2959 1481 impacatos.

1896 1517 2034 1597 Ecce
2070 1556 2259 1611 pacem
2310 1541 2530 1621 A-ngpti
2584 1542 2734 1598 vides
2777 1543 3099 1613 expositam,
3149 1557 3308 1612 quam
3349 1552 3401 1596 te

1826 1634 2072 1702 persequi
2104 1642 2366 1703 oporteat.
2393 1649 2502 1689 non
2526 1634 2799 1705 amplecti.
2848 1633 2999 1689 Tunc
3040 1637 3185 1690 enim
3226 1635 3400 1690 solum

152 1704 155 1705 ⁷
226 1707 468 1777 Denique
494 1706 537 1762 si
566 1708 646 1762 vis
675 1706 816 1761 scire
852 1706 1087 1777 qualiter
1107 1708 1247 1763 hanc
1292 1706 1582 1776 pessimam
1627 1720 1719 1775 pa-

1828 1724 1934 1780 Deo
1963 1726 2072 1781 eris
2103 1726 2380 1796 paciﬁcus,
2410 1741 2531 1781 cum
2567 1727 2827 1782 adversus
2866 1727 3007 1783 hanc
3037 1742 3221 1798 pacem
3272 1742 3397 1796 per-

146 1814 264 1853 cem
296 1799 471 1852 ﬁrmet
491 1797 850 1861 contumacia,
893 1798 1175 1853 Dominum
1212 1799 1387 1867 ipsum
1421 1800 1487 1853 de
1518 1798 1715 1853 diaboli

145 1884 371 1956 corpore
396 1888 585 1942 audias
612 1897 1041 1958 proponeutem:
1075 1906 1095 1941 ι
1130 1889 1339 1959 Corpus
1378 1889 1523 1945 illius
1564 1890 1717 1959 quasi

143 1987 297 2033 Scuta
317 1976 513 2033 fusilia.
542 1998 560 2030 ι
595 1977 650 2031 lu
688 1977 857 2032 scutis
892 1978 1010 2033 iStis
1028 1976 1274 2034 fusilibus
1294 1978 1423 2048 quid
1447 1979 1589 2033 aliud
1614 1978 1717 2034 nisi

144 2068 499 2137 reprobarum
549 2068 806 2122 mentium
862 2068 1057 2129 duritia
1099 2069 1455 2141 designatur?
1492 2070 1565 2125 De
1610 2084 1718 2140 qua

141 2154 198 2211 ξι
228 2156 539 2211 lamentatio
560 2155 807 2211 Jeremize
842 2172 947 2211 non
979 2158 1147 2213 tacuit
1189 2157 1499 2213 Judteorum
1548 2159 1716 2229 perti~

149 2247 353 2302 eaciam
378 2246 430 2299 in
456 2246 705 2315 passione
755 2247 967 2301 Domini
1016 2262 1325 2303 memorans
1375 2257 1428 2304 et
1466 2250 1719 2306 condem-

148 2350 316 2393 uans:
354 2357 372 2389 ι
411 2337 572 2393 Dabis
596 2338 674 2392 eis
725 2347 935 2393 scutum
987 2339 1166 2394 cordis
1215 2340 1453 2395 laborem
1483 2349 1655 2396 tuum.
1690 2360 1711 2395 ι

151 2428 308 2485 Scuta
339 2438 516 2483 autem
546 2427 722 2483 fusilia
749 2428 803 2484 in
830 2429 1160 2498 excipiendis
1182 2431 1501 2502 sagittarum
1523 2432 1718 2488 ictibus

152 2522 365 2577 robusta
391 2529 537 2587 sunt,
571 2521 664 2577 sed
689 2536 818 2577 casu
844 2520 1054 2593 fragilia
1080 2539 1094 2586 ;
1121 2522 1247 2577 ictui
1276 2525 1491 2594 quidem
1520 2524 1718 2579 ferien-

153 2612 283 2665 tium
314 2612 526 2667 minime
554 2611 775 2677 cedunt,
794 2612 885 2667 sed
912 2627 1010 2667 suo
1036 2626 1095 2667 se
1122 2613 1273 2682 lapsu
1301 2629 1397 2684 per
1417 2613 1717 2685 fragmenta

150 2700 540 2754 comminuunt.
573 2699 780 2771 Corpus
807 2716 939 2773 ergo
964 2701 1162 2757 diaboli
1194 2703 1438 2760 collectio
1462 2713 1545 2760 est
1568 2705 1716 2775 pravi

145 2787 378 2852 concilii,
406 2787 534 2843 dum
569 2788 737 2844 malos
759 2804 856 2859 per
881 2790 1296 2847 obstinationem
1327 2793 1494 2850 duros
1518 2795 1716 2866 sagitta

134 2878 308 2933 'divini
344 2879 491 2934 verbi
533 2893 637 2934 non
663 2879 880 2949 trajicit,
912 2896 1049 2963 quos
1082 2890 1262 2937 tamen
1288 2884 1411 2940 vita:
1448 2885 1716 2955 fragilitas

142 2969 383 3040 quotidie
417 2968 636 3039 frangit.

216 3056 367 3115 Mane
392 3076 575 3130 prava:
609 3065 827 3120 unitatis
851 3067 1193 3121 concordiam
1226 3067 1485 3123 Dominus
1524 3069 1576 3124 in
1616 3067 1718 3125 Job
1744 3060 1786 3117 C

136 3150 374 3215 "nztavit,
410 3167 532 3207 cum
575 3154 640 3208 de
667 3153 958 3211 Leviathau
991 3173 1088 3227 per
1124 3158 1712 3230 ﬁguramproposuit:

148 3257 170 3289 ι
211 3238 442 3296 Membra
471 3245 711 3299 carnium
744 3246 859 3317 ejus
896 3249 1221 3305 coluerentia
1264 3269 1281 3301 ο
1330 3250 1454 3304 sibi.
1512 3251 1717 3307 Carues

142 3332 405 3400 siquidem
451 3334 744 3393 Leviathau
799 3356 990 3396 omnes
1029 3342 1287 3411 reprohos
1339 3343 1715 3414 intelligimus,

142 3437 281 3490 quos
327 3425 393 3480 ad
426 3427 747 3484 soliditatem
801 3431 1097 3501 spiritualis
1140 3433 1264 3486 vitae
1308 3448 1589 3504 assurgere
1623 3449 1719 3502 per

144 3515 466 3572 desiderium
512 3535 620 3576 non
672 3521 937 3593 videmus.
985 3522 1221 3579 Membra
1273 3525 1516 3579 carnium
1567 3533 1715 3591 sunt,

142 3608 237 3677 qui
278 3610 476 3664 eisdem
500 3622 750 3681 perverSe
779 3616 1064 3684 agentibus
1087 3658 1100 3679 ,
1120 3624 1174 3671 et
1195 3631 1252 3672 se
1288 3618 1354 3671 ad
1378 3616 1715 3686 iniquitatem

128 3698 569 3770 'przecedentibus
604 3703 1020 3776 conjunguntur,
1070 3708 1213 3763 sicut
1240 3708 1403 3763 etiam
1440 3723 1536 3778 per
1568 3708 1714 3779 Apo-

144 3793 340 3848 stolum
370 3795 436 3850 de
468 3794 747 3853 Dominico
796 3814 1022 3869 corpore
1067 3801 1308 3857 dicitur:
1359 3821 1378 3854 ι
1434 3802 1540 3858 Vos
1586 3804 1723 3860 estis

144 3900 339 3957 corpus
368 3888 590 3956 Christi,
623 3900 678 3944 et
702 3892 941 3946 membra
980 3892 1045 3947 de
1078 3894 1337 3950 membro.
1393 3914 1413 3950 ι
1454 3895 1535 3951 Ad
1580 3896 1718 3952 hanc

142 3980 526 4035 exsecrabilem
561 3988 745 4051 pacem
794 3982 880 4038 iila
924 3986 1155 4055 pertinet
1184 3986 1419 4041 amicitia
1466 4003 1625 4059 quam
1661 3989 1715 4044 in

140 4073 392 4143 passione
416 4074 576 4128 etiam
605 4074 842 4131 Herodes
866 4092 986 4132 cum
1034 4078 1209 4134 Pilato
1239 4079 1435 4149 legitur
1461 4081 1711 4135 inivisse.

142 4162 277 4217 Nam
314 4181 333 4215 ι
388 4164 512 4219 facti
560 4176 687 4220 sunt
732 4169 895 4224 amici
925 4169 977 4223 in
1008 4169 1093 4223 illa
1119 4170 1224 4236 die,
1258 4186 1380 4226 cum
1420 4179 1577 4226 antea
1609 4172 1715 4226 ini-

142 4254 269 4308 mici
301 4256 539 4308 erantad
573 4256 823 4311 invicem.
862 4277 881 4308 ι

1819 1813 2022 1869 stiteris
2046 1814 2365 1884 impacatos.
2398 1814 2519 1870 llzec
2540 1828 2623 1870 est
2642 1816 2787 1869 enim
2818 1829 2923 1886 pax
2954 1816 3064 1881 illa,
3099 1817 3397 1871 secundum

1822 1906 2036 1960 modum
2070 1892 2392 1972 theoricum,
2428 1922 2587 1976 quam
2624 1905 2933 1962 Sichemitte
2970 1922 3095 1961 cum
3148 1906 3315 1962 Jacob
3344 1919 3400 1961 e:

1820 1996 1946 2052 ﬁliis
1971 1997 2087 2067 ejus
2109 1986 2435 2055 contrahere
2460 1988 2750 2071 cupiebant
2781 2019 2796 2056 :
2845 2019 2863 2052 ι
2903 1999 3272 2072 Negotienlur,
3314 2000 3400 2054 in-

1819 2091 2031 2161 quiunt,
2058 2091 2111 2146 in
2145 2100 2313 2158 terra,
2342 2100 2398 2147 et
2416 2103 2701 2149 exerceant
2732 2109 2875 2160 eam,
2918 2093 3045 2163 quia
3074 2093 3311 2163 spatiosa
3341 2103 3402 2147 et

1819 2180 1926 2236 lata
1973 2182 2272 2239 cultoribus
2329 2184 2554 2254 indiget.
2613 2184 2780 2240 Filias
2830 2199 3018 2240 eorum
3070 2182 3401 2252 accipiemus

1819 2286 2037 2339 uxores,
2066 2282 2120 2327 et
2147 2283 2359 2328 nostras
2392 2273 2496 2329 illis
2531 2273 2795 2329 dabimus.
2837 2295 2856 2328 ι
2885 2273 2992 2330 Sed
3022 2288 3128 2344 quo
3157 2272 3274 2328 zelo
3299 2271 3401 2326 hu-

1815 2363 1904 2435 jus
1930 2358 2079 2434 pacis
2102 2364 2302 2421 ftedera
2329 2377 2508 2435 spreta
2538 2367 2667 2431 sint,
2695 2367 2888 2421 divinas
2933 2365 3182 2421 lectionis
3217 2365 3401 2420 scien-

1820 2457 1951 2514 tiam
1981 2473 2087 2512 non
2111 2459 2313 2513 evadit.

1888 2548 1969 2603 Ab
1992 2549 2150 2621 hujus
2188 2551 2338 2620 pacis
2368 2548 2653 2606 concordia
2705 2559 2760 2605 et
2787 2549 2873 2604 illa
2922 2564 3027 2604 non
3073 2549 3402 2604 abhorrebat

1818 2641 2070 2710 aﬂinitas,
2107 2657 2269 2711 quam
2293 2641 2573 2712 Josaphat,
2606 2658 2699 2697 rex
2735 2640 2895 2708 Juda,
2939 2657 3059 2697 cum
3086 2640 3250 2711 impio
3276 2656 3403 2711 rege

1816 2728 2004 2785 Achab
2024 2729 2304 2800 copulasse
2324 2730 2672 2786 describitur.
2704 2749 2722 2781 ι
2752 2729 2897 2793 Fuit,
2924 2730 3120 2799 inquit,
3141 2728 3402 2799 Josaphat

1817 2819 1968 2875 dives
1994 2828 2049 2876 et
2070 2819 2303 2891 inclytus
2330 2821 2580 2884 multum,
2610 2830 2666 2876 et
2687 2819 2950 2880 aﬂioitate
2976 2821 3295 2890 conjunctus
3319 2827 3402 2873 est

1816 2910 2021 2976 Achab,
2063 2911 2449 2981 descenditque
2489 2912 2557 2966 ad
2588 2916 2865 2982 etun‘post
2905 2926 3077 2967 annos
3112 2911 3165 2965 in
3209 2910 3402 2965 Sama-

1819 3000 1976 3054 riam.
2014 2999 2200 3054 rPro
2253 3015 2355 3069 qua
2417 3014 2477 3055 re
2526 3015 2649 3055 eum
2709 2999 2967 3055 Dominus
3022 3000 3263 3070 increpat
3306 3012 3402 3069 per

1816 3090 2128 3149 videntem:
2177 3112 2196 3145 ι
2245 3093 2414 3164 lmpio
2458 3095 2666 3166 przebes
2716 3094 2997 3159 auxilium,
3045 3102 3102 3149 et
3156 3094 3262 3159 his,
3308 3095 3401 3163 qui

1818 3185 2048 3240 oderunt
2076 3181 2378 3254 Dominum,
2410 3187 2646 3241 amicitia
2690 3184 2985 3256 jungeris?
3018 3204 3037 3237 ι
3091 3184 3205 3240 Non
3253 3186 3400 3239 enim

1818 3290 1939 3330 cum
1978 3277 2283 3332 odientibus
2338 3279 2507 3333 Deum
2538 3277 2700 3332 ullius
2740 3276 2997 3331 amicitia:
3026 3276 3269 3332 habenda
3315 3282 3400 3353 est

1817 3366 2129 3432 concordia,
2162 3369 2332 3439 magis
2363 3378 2543 3423 autem
2568 3369 2944 3439 opponendum
2969 3369 3174 3436 odium,
3208 3382 3399 3440 quein-

1819 3455 2102 3511 admodum
2140 3458 2369 3515 faciebat
2394 3460 2561 3516 David
2585 3461 2771 3515 dicens
2801 3478 2815 3514 :
2852 3479 2871 3512 ι
2912 3459 3102 3515 Nonne
3131 3462 3222 3531 qui
3276 3461 3400 3515 ode-

1819 3557 1945 3602 runt
1962 3559 2031 3613 te,
2058 3548 2302 3615 Domine,
2327 3552 2546 3607 oderam
2582 3551 2723 3617 illos,
2748 3561 2805 3607 et
2826 3567 2987 3622 super
3010 3552 3257 3607 inimicos
3279 3561 3399 3608 tuos

1805 3640 2160 3721 tabescebatn
2184 3640 2208 3694 ?
2235 3640 2481 3697 Perfecto
2507 3642 2631 3698 odio
2652 3642 2871 3698 oderam
2905 3643 3044 3708 illos,
3088 3651 3143 3698 et
3193 3643 3398 3698 inimici

1820 3731 1944 3786 facti
1965 3742 2091 3787 sunt
2117 3732 2268 3788 mihi.
2307 3752 2327 3786 ι

1891 3820 2040 3877 Hauc
2076 3822 2257 3891 itaque
2301 3824 2658 3893 perniciosam
2691 3840 2878 3896 paCem
2915 3826 3093 3897 gladio
3144 3825 3295 3880 verbi
3338 3833 3397 3878 et

1818 3915 2013 3971 ardore
2035 3916 2197 3970 divini
2221 3916 2342 3984 zeli,
2366 3918 2674 3990 ubicunque
2696 3919 2939 3975 invenies
2963 3929 3018 3974 et
3046 3920 3268 3989 poteris,
3298 3933 3396 3988 pro

1820 4010 1893 4063 tui
1927 4002 2123 4081 gradus
2150 4009 2323 4065 oﬂicio
2370 4011 2561 4080 disjice
2592 4021 2647 4065 et
2693 4012 2861 4067 adure
2883 4013 3130 4081 exemplo
3158 4006 3399 4082 magistri

1818 4097 1895 4151 tui
1924 4106 1979 4151 et
2004 4097 2237 4171 Domini,
2266 4098 2381 4168 qui,
2418 4099 2556 4153 sicut
2576 4100 2958 4169 praemismtus,
2988 4102 3221 4171 gladium
3252 4108 3399 4161 venit

1820 4189 1873 4243 in
1904 4199 2102 4243 terram
2130 4190 2363 4255 mittere,
2395 4205 2501 4261 quo
2533 4190 2691 4260 hujus
2737 4193 2886 4262 pacis
2920 4194 3171 4266 ligamina
3221 4198 3398 4254 disco-

1821 4278 1996 4345 irent;
2024 4281 2164 4350 quod
2199 4296 2321 4336 eum
2348 4297 2560 4352 quoque
2610 4282 2879 4339 facturum
2912 4286 3068 4357 longo
3100 4298 3225 4343 ante
3256 4297 3395 4347 tem-

140 4359 269 4415 CAP.
292 4354 383 4416 Ἦ.
413 4394 483 4402 -
515 4361 699 4429 Qualis
735 4366 893 4435 hujus
922 4367 1065 4437 pacis
1095 4368 1162 4421 sit
1190 4366 1391 4437 fructus
1425 4380 1475 4423 et
1518 4371 1711 4424 exitus.
1745 4393 1795 4453 ι)
1820 4383 1949 4438 pore
1976 4369 2130 4426 testis
2167 4368 2509 4427 fidelissimus
2549 4376 2782 4429 asseruit
2816 4354 3025 4430 Isaias;
3060 4397 3076 4430 ι
3114 4378 3254 4436 Ecce
3294 4382 3396 4437 Do-

212 4470 362 4527 Hanc
382 4475 624 4530 eamdem
650 4476 924 4548 sacrilegas
947 4479 1097 4549 pacis
1127 4480 1379 4536 unionem
1401 4490 1574 4552 stupa:
1601 4483 1716 4538 col-

114 4564 353 4630 ,lectitiaz
390 4564 524 4622 liber
570 4566 979 4627 Ecclesiasticus
1019 4570 1324 4643 conﬁgurat
1363 4591 1376 4626 :
1433 4590 1451 4623 ι
1522 4570 1713 4642 Stupa,

134 4656 337 4726 inquit,
376 4656 597 4713 collecta
636 4675 907 4732 synagoga
963 4665 1327 4733 peccantium,
1376 4672 1431 4718 et
1460 4679 1713 4719 consum-

110 4744 306 4806 -matio
336 4744 544 4801 illorum
576 4747 790 4803 flamma
820 4751 980 4818 ignis.
1025 4772 1043 4804 ι
1076 4753 1233 4816 Ecce,
1270 4753 1323 4807 in
1365 4766 1526 4822 quem
1556 4753 1716 4808 linem

110 4835 457 4913 porrigitur,
490 4846 546 4892 et
572 4854 730 4911 quem
761 4850 1001 4896 meretur
1036 4842 1270 4898 fructum
1300 4842 1585 4898 concordia
1629 4859 1711 4898 re-

129 4928 461 4997 proborum!
489 4929 786 4985 Flammam
809 4932 1056 4987 videlicet
1080 4936 1216 5006 ignis
1243 4935 1714 5004 inexstinguihilis,

131 5027 192 5072 et
226 5025 333 5071 tam
372 5018 617 5076 immensi
669 5035 831 5090 quam
878 5018 1231 5093 importabilis
1285 5025 1521 5079 incendii
1551 5026 1715 5080 ustio-

106 5172 109 5175 _
142 5119 294 5160 nem.
328 5102 442 5161 Non
482 5106 625 5160 enim
656 5116 827 5178 stupa:
857 5112 1248 5167 consummatio
1277 5112 1364 5167 hic
1398 5112 1463 5165 ad
1493 5125 1715 5181 peccan-

133 5198 278 5251 tium
310 5196 554 5254 ardorem
586 5201 927 5271 componitur
972 5219 1071 5272 pro
1109 5206 1368 5260 tenuitate
1409 5213 1466 5260 et
1521 5219 1717 5259 evane-

97 5285 346 5357 _scentia
403 5287 658 5355 incendii,
713 5291 809 5346 sed
858 5307 957 5363 pro
1006 5293 1288 5349 velocitate
1317 5310 1380 5348 ac
1410 5295 1717 5365 integritate

130 5378 410 5457 supplicii,
451 5382 902 5449 quemadmodum
941 5393 1093 5454 stupa
1140 5386 1206 5440 ad
1251 5387 1518 5456 integrum
1556 5384 1715 5440 simul

100 5542 105 5551 _
130 5470 479 5545 etvelociter
501 5486 900 5541 concrematur,
925 5475 1078 5545 juxta
1108 5492 1266 5546 quem
1300 5478 1513 5532 modum
1538 5491 1716 5531 sermo

133 5560 267 5616 alibi
304 5561 436 5617 dicit
465 5565 813 5634 propheticus
847 5582 861 5620 :
900 5585 919 5618 ι
966 5567 1057 5623 Va:
1080 5566 1269 5623 Ariel!
1320 5566 1488 5638 tAriel
1526 5567 1715 5623 civitas

134 5661 224 5707 est
263 5666 424 5720 quam
460 5655 786 5725 expugnavit
815 5656 1157 5728 David.)Erit
1180 5658 1320 5714 sicut
1341 5656 1514 5728 pulvis
1538 5656 1713 5713 tenuis

1822 4460 1998 4516 minus
2027 4462 2281 4517 ascendet
2304 4478 2466 4534 super
2494 4465 2687 4520 nubem
2734 4466 2927 4533 levem,
2963 4478 3018 4522 et
3063 4471 3395 4541 ingredietur

1826 4549 2138 4621 IEgypIum,
2167 4562 2221 4606 et
2246 4555 2602 4609 movebuntur
2631 4557 2918 4612 simulacra
2949 4558 3167 4632 Egypti
3197 4577 3226 4615 a
3258 4562 3394 4618 facie

1827 4641 1966 4711 ejus,
2007 4654 2059 4698 et
2082 4660 2177 4699 cor
2202 4643 2420 4716 Egypti
2447 4648 2683 4703 tabescet
2711 4649 2762 4703 in
2792 4652 2965 4706 medio
2995 4654 3130 4720 ejus,
3178 4662 3234 4708 et
3259 4669 3393 4709 con-

1825 4753 2047 4793 currere
2072 4739 2263 4794 faciam
2291 4741 2571 4813 Egyptios
2600 4746 2857 4800 adversus
2884 4744 3180 4815 IEgyptios.
3220 4765 3238 4797 ι

1823 4896 1957 4951 CAP.
1992 4896 2121 4952 Vlll.
2153 4927 2223 4936 —
2253 4897 2331 4951 De
2369 4915 2495 4969 pace
2538 4899 2860 4969 babyIOJtia’,
2920 4907 2967 4951 et
3006 4908 3231 4968 quenter
3275 4915 3389 4952 eam
3458 4938 3461 4939 ν

2385 4968 2545 5034 faciat
2577 4968 2810 5037 justitia.

1892 5102 2086 5158 Pacem
2120 5101 2358 5174 Egypti,
2392 5113 2447 5157 nt
2469 5104 2535 5159 ab
2557 5104 2770 5168 animis,
2795 5104 2873 5159 sic
2904 5120 2933 5158 a
2982 5102 3165 5161 verbis
3200 5106 3391 5160 amcdo

1817 5192 2179 5260 secludeutes,
2234 5196 2301 5250 ad
2358 5195 2847 5250 considerationem
2893 5198 3043 5267 pacis
3089 5196 3391 5267 Babylonia:

1790 5284 2114 5343 veniamus.
2149 5288 2317 5358 Hujus
2345 5286 2494 5356 pacis
2540 5288 2907 5343 testimonium
2953 5305 3267 5361 expressum
3307 5300 3390 5345 est

1819 5379 1870 5434 in
1921 5377 2173 5443 Jeremia,
2224 5392 2332 5447 quo
2379 5377 2518 5431 ﬁlios
2570 5380 3066 5451 transmigrationis
3112 5381 3389 5435 admonuit

1784 5467 1914 5543 'pro
1940 5489 2069 5543 pace
2117 5471 2418 5544 Babylonia:
2475 5472 2800 5541 deprecari:
2868 5491 2887 5525 ι
2938 5472 3174 5540 ριιωινίιε
3201 5488 3385 5543 pacem

1818 5565 2069 5629 civitatis,
2097 5562 2163 5616 ad
2195 5579 2357 5632 quam
2399 5565 2787 5635 transmigrare
2816 5581 2915 5622 vos
2945 5565 3071 5629 feci,
3127 5574 3183 5619 et
3236 5574 3389 5620 orate

1817 5672 1914 5728 pro
1944 5673 2005 5712 ea
2037 5655 2104 5711 ad
2135 5656 2435 5723 Dominum,
2501 5656 2626 5727 quia
2684 5656 2736 5711 in
2782 5671 2915 5727 pace
2965 5657 3107 5714 illius
3153 5659 3255 5715 erit
3284 5640 3395 5729 pax:
