3834 6462
74 338 205 395 1617

1300 338 1387 395 DE
1421 337 1603 394 BONO
1632 333 1845 393 PACIS.
1885 370 1955 380 —
1990 341 2119 401 Lm.
2160 343 2220 398 11.

3174 302 3349 394 λίπεθ’

67 453 267 524 lapides
296 451 618 518 innituntur,
651 454 695 509 si
725 454 893 511 muris
922 454 1198 510 hiantibus
1241 471 1300 509 se
1345 454 1631 526 complecti
1663 463 1706 522 Α
1737 440 1966 511 consilio
2003 473 2120 512 suo.
2160 477 2180 510 ι
2212 457 2342 514 item
2376 474 2536 531 super
2578 461 2765 515 eodem
2818 458 3097 529 Scriptura
3145 456 3313 512 dicit:

65 544 337 610 desierint,
369 543 618 600 universa
645 554 914 601 structura
941 546 1113 600 citius
1131 544 1451 601 subruetur.‘

136 632 202 688 Ut
228 648 410 688 autem
434 632 559 694 huic
588 634 907 690 humanitati
934 637 1082 691 locus
1107 635 1221 699 fiat,
1277 646 1402 690 ante
1452 636 1634 691 omnia

64 739 196 794 epus
236 734 320 779 est
362 724 558 796 lingua:
606 725 744 781 inire
787 726 1056 794 notitiam,
1110 727 1226 783 sine
1280 743 1385 798 qua
1448 742 1639 797 parum

66 816 281 887 prodest
315 817 382 871 ad
410 816 694 873 sociandos
724 816 968 873 homines
1002 817 1116 873 haec
1139 817 1423 872 subventio
1474 817 1642 871 colla-

66 908 192 962 tiva.
223 906 503 974 Quomodo
546 909 689 963 enim
720 908 804 964 vel
847 909 1047 964 mutuis
1084 909 1362 965 sublevare
1415 908 1638 973 oliiciis,

64 996 145 1050 vel
170 997 320 1051 utilia
347 1007 593 1055 mutuare
619 1000 940 1055 commercia
968 1008 1239 1070 poterunt,
1283 1002 1370 1069 qui
1394 1000 1514 1056 aliis
1544 1016 1641 1055 ne-

65 1091 344 1145 cessitates
373 1108 497 1148 suas
529 1092 814 1148 verborum
843 1102 1117 1163 nequeunt
1156 1092 1643 1165 signiﬁcationibus

65 1181 376 1251 explicare?
405 1184 866 1251 Quemadmodum
898 1201 1005 1240 non
1038 1186 1433 1241 humanitatem
1472 1186 1643 1254 magis

62 1290 223 1343 quam
250 1274 638 1333 immanitatem
671 1277 865 1347 ignotae
903 1277 1097 1349 linguai
1147 1278 1429 1335 consuevit
1480 1291 1644 1347 gene-

67 1382 198 1420 rare.
241 1366 549 1437 diversitas,
607 1368 749 1424 sicut
818 1370 1145 1441 prophetica
1214 1370 1645 1427 comminationis

63 1457 286 1511 oraculo
326 1466 658 1512 monstratur
685 1476 699 1513 :
733 1477 752 1512 ι
784 1459 922 1515 Ecce
948 1474 1048 1531 ego
1076 1460 1345 1516 adducam
1368 1474 1531 1529 super
1550 1474 1645 1515 vos

63 1558 272 1618 geniem
302 1550 367 1603 de
396 1549 708 1621 longinquo,
758 1551 950 1607 domus
1005 1551 1191 1617 israel,
1244 1544 1640 1615 ait'Dominus,

62 1650 271 1707 gentem
299 1641 593 1708 robustam,
614 1651 830 1711 gentem
853 1643 1154 1713 antiquam.
1182 1640 1333 1711 cujus
1362 1642 1644 1712 ignorabis

64 1728 319 1802 linguam,
352 1746 451 1787 nec
488 1733 752 1804 intelliges
785 1734 912 1804 quid
941 1734 1209 1805 loquatur.
1251 1754 1268 1786 ι

1743 564 1762 598 ς
1801 546 1915 601 Rex
1957 547 2214 617 insipiens
2236 549 2425 618 perdet
2451 549 2703 619 populum
2738 564 2915 614 suum,
2968 555 3023 603 et
3069 548 3322 602 civitates

1741 636 2185 692 iuhabitabuntur
2209 652 2307 704 per
2325 653 2541 692 sensum
2572 638 2934 708 prudentium.
2973 656 2990 689 ι
3020 636 3085 692 Et
3108 636 3160 691 in
3185 634 3324 689 libro

1741 727 2031 796 Sapientia:
2056 741 2072 780 :
2101 745 2120 779 ο
2161 726 2215 783 Si
2232 726 2576 783 delectamini
2606 728 2825 783 sedibus
2840 737 2892 784 et
2914 727 3143 797 sceptris
3165 739 3322 796 reges

1741 818 1941 889 populi,
1967 819 2175 890 diligite
2199 818 2539 889 sapientiam,
2565 828 2624 874 ut
2643 819 2878 890 regnetis
2903 836 2955 873 tn
2979 826 3320 889 perpetuum.

1740 909 1892 964 Tunc
1932 928 1951 961 ι
1994 910 2165 974 enim,
2205 910 2347 965 sicut
2412 908 2827 963 facundissimus
2872 909 3062 964 doctor
3106 904 3317 970 scribit,

1749 1018 1769 1050 ι
1807 1008 1932 1054 tunc
1961 997 2144 1054 felices
2166 1008 2292 1054 sunt
2312 999 2673 1070 jrespublicm,
2718 1014 2840 1053 cum
2887 1008 2980 1054 aut
3019 995 3317 1068 philosophi

1743 1099 1989 1161 regnant,
2015 1099 2110 1143 aut
2138 1105 2288 1159 reges
2320 1090 2788 1161 philosophantur.
2820 1107 2838 1142 ι
2869 1121 2935 1130 -
2971 1109 2990 1143 ι
3022 1088 3320 1145 Erudimini

1742 1196 1892 1249 ergo,
1923 1181 2290 1252 qni'jndieatis
2318 1192 2536 1237 terram.
2582 1201 2601 1234 ι

1814 1271 2007 1326 Pacem
2039 1282 2221 1325 autem
2252 1272 2416 1326 ist-am
2449 1272 2589 1341 regis
2616 1272 2853 1326 maxime
2883 1270 3161 1342 prudentia
3190 1286 3321 1327 cono

1746 1362 2001 1425 ﬁrmabit,
2029 1362 2072 1417 si
2119 1378 2211 1417 rex
2264 1364 2380 1433 ipse
2427 1363 2601 1433 perito
2647 1348 3063 1433 dispensationis
3097 1362 3322 1417 consilio

1744 1453 1888 1507 omni
1918 1452 2098 1523 generi
2132 1454 2435 1518 hominum,
2462 1455 2660 1523 quibus
2692 1462 2904 1525 prmest,
2933 1453 3084 1508 omni
3115 1453 3317 1518 ordini,

1743 1545 1889 1599 omni
1920 1545 2098 1614 sexui,
2122 1545 2267 1600 omni
2294 1546 2460 1612 atati,
2485 1546 2633 1601 saivu
2680 1555 2857 1601 tamen
2888 1545 3168 1617 privilegio
3215 1547 3323 1601 dis-

1745 1636 1954 1705 ciplinae
1988 1635 2267 1706 (scriptum
2304 1646 2386 1692 est
2447 1638 2590 1692 enim
2624 1655 2636 1691 :
2668 1656 2686 1690 t
2718 1637 3063 1705 Disciplinam
3108 1636 3160 1690 in
3187 1649 3323 1707 pace

1746 1735 1959 1780 servate
1993 1726 2084 1780 lilii
2116 1725 2163 1797 ι)
2196 1726 2268 1780 ita
2296 1741 2353 1781 se
2381 1725 2720 1781 tractabilem
2748 1734 2803 1779 et
2832 1726 2974 1779 velut
3009 1724 3319 1795 popularem

132 1822 402 1889 Quantum
432 1825 544 1880 haec
580 1826 888 1881 humanitas
928 1827 994 1881 ad
1046 1827 1386 1882 nntriendam
1447 1842 1635 1896 pacem

1749 1816 2039 1883 indulserit,
2068 1828 2127 1873 ut
2154 1816 2391 1873 favorem
2416 1834 2630 1889 semper
2659 1819 2928 1888 publicum
2962 1819 3161 1875 habere
3207 1835 3321 1875 me-

65 1914 371 1972 necessaria
415 1924 498 1971 est
546 1916 689 1971 inter
742 1932 896 1987 reges
922 1926 976 1971 et
999 1918 1241 1988 populos,
1292 1918 1541 1987 praelatos
1585 1928 1641 1973 et

64 2006 324 2072 subditos,
356 2018 414 2062 ut
448 2022 477 2061 a
528 2024 652 2079 rege
706 2010 1011 2079 praebeatur
1054 2010 1249 2080 populo
1301 2010 1479 2077 tuitio,
1531 2020 1638 2066 eta

62 2099 256 2166 populo
284 2100 394 2169 regi
432 2098 669 2154 civilium
703 2098 1039 2155 functionum
1070 2102 1379 2171 pensitatio,
1439 2101 1641 2157 refera-

64 2199 166 2242 tur.
206 2206 224 2238 ε
262 2189 387 2244 ideo
410 2191 573 2253 enim,
621 2190 796 2260 inquit
838 2191 1150 2262 Apostolus,
1201 2201 1254 2248 et
1283 2194 1480 2248 tributa
1506 2210 1645 2263 prte-

57 2280 230 2334 statis.
266 2300 287 2332 ι
325 2280 586 2336 Prmlatus
640 2282 871 2338 subditis
914 2283 1268 2353 providentia:
1324 2284 1643 2341 sollicitudi-

53 2383 200 2432 nem,
243 2370 453 2424 subditi
485 2370 705 2441 pmlato
753 2371 1093 2427 devotionem
1130 2373 1449 2431 obedientite
1480 2376 1643 2432 debe-

51 2461 182 2515 bunt
210 2460 501 2517 exhibere.
529 2461 658 2530 Qtne
683 2462 868 2532 utique
890 2464 1019 2520 hinc
1041 2464 1167 2521 inde
1193 2474 1302 2522 tam
1329 2469 1640 2524 necessaria

47 2553 420 2608 subventione
441 2563 793 2621 concurrunt,
832 2563 890 2610 ut
916 2554 1148 2612 alterum
1190 2559 1308 2615 sine
1343 2559 1517 2617 altero
1543 2576 1643 2616 ne-

49 2656 211 2714 queat
238 2647 567 2715 perdurare.
604 2646 811 2717 Quippe
838 2647 958 2702 sine
989 2650 1326 2718 providentia
1358 2667 1547 2724 regum
1578 2669 1642 2709 ac

55 2737 352 2805 praesidum
376 2751 474 2807 pro
500 2739 645 2792 caede
680 2747 905 2809 paratur
932 2740 1180 2812 populus,
1224 2749 1280 2798 et
1309 2741 1428 2799 sine
1462 2744 1640 2814 populi

61 2827 319 2895 obsequio
369 2842 552 2898 regum
602 2845 665 2886 ac
716 2834 1061 2900 prmlatorum
1114 2834 1354 2889 omnium
1407 2833 1641 2905 dignitas

62 2918 355 2973 evanescit.
388 2917 539 2975 Unde
563 2936 684 2978 cum
710 2939 803 2979 rex
828 2924 1148 2990 instituitur,
1179 2925 1361 2994 pactio
1392 2926 1639 2996 quaedam

64 3009 226 3064 tacita
248 3009 388 3065 inter
412 3026 533 3065 eum
554 3024 608 3067 et
623 3015 874 3084 populum
906 3014 1094 3081 initur,
1118 3026 1177 3070 ut
1204 3022 1258 3069 et
1284 3030 1376 3070 rex
1404 3015 1641 3071 humane

64 3108 213 3168 regat
240 3101 517 3171 populum,
545 3111 600 3157 et
621 3104 849 3173 populus
881 3119 1064 3174 regem
1100 3106 1317 3160 statutis
1344 3107 1559 3161 tributis
1583 3115 1639 3161 et

65 3190 413 3249 inlationibus
442 3195 751 3251 meminerit
778 3196 1047 3252 venerari.
1071 3195 1184 3251 [ioc
1204 3206 1287 3251 est
1314 3196 1438 3250 illud
1468 3196 1641 3252 foedus
1668 3167 1710 3225 θ

66 3284 209 3353 quod
242 3282 463 3342 Joiadas
491 3287 755 3343 sacerdos
779 3287 919 3342 inter
950 3302 1129 3358 regem
1159 3285 1283 3342 Joas
1309 3297 1364 3342 et
1390 3288 1641 3357 populum

66 3373 198 3428 .lnda
230 3377 450 3449 pepigit,
490 3378 629 3434 sicut
653 3380 879 3436 historia
920 3379 1127 3449 Regum
1152 3380 1334 3435 tradit.

139 3465 369 3524 Fovetur
412 3486 541 3542 ergo
575 3486 672 3541 per
718 3473 858 3528 hanc
897 3473 1251 3529 immanitatis
1299 3472 1642 3528 collationem

69 3557 209 3613 inter
243 3576 396 3633 reges
435 3571 491 3618 et
524 3564 767 3635 populos,
814 3566 957 3622 inter
1003 3565 1258 3637 praelatos
1303 3575 1357 3620 ct
1396 3565 1643 3620 subditos

68 3645 395 3719 Babylonia;
465 3653 516 3708 id
552 3663 634 3709 est
680 3656 964 3710 mundame
1009 3656 1157 3727 pacis
1181 3656 1492 3718 concordia,
1524 3670 1645 3724 quae

68 3739 111 3790 si
141 3740 450 3811 aliquando,
478 3754 536 3798 ut
583 3744 741 3811 solet,
789 3746 1022 3802 ducatur
1054 3746 1404 3817 contemptui,
1447 3755 1506 3802 ut
1560 3745 1645 3801 vel

70 3830 158 3897 qui
194 3833 444 3900 subsunt,
475 3835 652 3889 debita
682 3837 900 3892 servitia
927 3844 1120 3910 negent
1143 3838 1532 3909 superioribus,
1561 3838 1645 3892 vel

70 3923 372 3990 superiores
399 3925 687 3982 inferiores
710 3929 916 3995 legibus
941 3930 1232 3999 subjiciunt
1262 3940 1641 4002 tyrannorum,

69 4010 485 4084 ohsurgentihus
543 4017 667 4071 inde
710 4020 1118 4089 oppressionutn
1181 4035 1261 4081 ac,
1294 4019 1644 4074 rebellionnm

72 4102 243 4168 mulis,
278 4116 499 4175 repente
528 4107 687 4162 simul
712 4125 833 4162 cum
882 4125 1014 4179 pace
1043 4111 1124 4164 vis
1172 4110 1499 4179 praelationis
1538 4109 1648 4164 sol-
1682 4178 1683 4185 κ

70 4193 231 4261 vitur,
261 4206 317 4250 et
339 4213 560 4268 regnum
583 4198 743 4253 etiam
771 4208 1186 4267 transmutatur,
1213 4202 1352 4256 sicut
1383 4200 1644 4270 scriptum

71 4294 170 4350 est,
197 4289 320 4356 quia
355 4304 581 4360 regnum
603 4305 633 4343 a
657 4299 819 4361 gente
844 4291 896 4345 in
923 4302 1138 4361 gentem
1170 4291 1498 4348 transfertur
1521 4307 1648 4361 pro-

71 4380 189 4439 pter
213 4375 528 4446 injusntias,
553 4388 609 4437 et
645 4378 894 4449 injurias,
916 4390 971 4436 et
998 4380 1375 4448 contumelias,
1396 4390 1453 4437 et
1470 4382 1647 4437 diver-

70 4477 159 4519 sus
191 4466 362 4525 dolos.
816 4496 817 4499 η

73 4614 198 4676 Car.
228 4622 301 4680 Χ.
338 4657 409 4668 —
452 4626 724 4704 Quomodo
748 4646 841 4704 per
864 4630 1195 4701 prudentiam
1229 4633 1341 4687 lucc
1365 4650 1473 4704 pas:
1509 4636 1651 4689 acci-

634 4702 745 4769 piat
774 4701 1095 4770 ﬁrmitatem.

142 4824 407 4888 Caeterum
432 4835 665 4905 qualiter
691 4852 793 4907 pax
815 4838 915 4892 ista
943 4852 1040 4909 per
1062 4839 1399 4909 prudentiam
1424 4840 1655 4913 accipiat

76 4912 406 5007 firmitatem,
447 4940 540 4981 rex
567 4925 818 4983 Salomon
854 4929 945 4985 tibi
968 4930 1215 5001 exemplo
1244 4931 1339 4997 sit,
1387 4933 1480 5004 qui
1522 4912 1652 5007 pru-

79 5003 424 5095 dentissimus
463 5019 739 5090 sapientia:
787 5036 899 5077 suae
940 5022 1179 5080 consiliis
1228 5040 1327 5095 per
1377 5003 1653 5097 octoginta

83 5111 340 5161 annorum
366 5111 661 5179 volumina,
710 5113 850 5169 sicut
890 5113 1113 5188 Joseplti
1160 5126 1348 5172 narrat
1403 5118 1654 5188 historia,

86 5200 302 5278 regnum
331 5200 433 5256 sibi
460 5202 512 5256 in
547 5218 677 5273 pace
706 5205 1149 5275 tranquillissima
1195 5209 1401 5278 pariter
1431 5209 1655 5266 robora-

84 5276 159 5370 vit
186 5292 239 5337 et
279 5286 612 5349 felicissima»
651 5293 817 5364 Cujus
860 5297 1008 5365 pacis
1050 5276 1250 5351 bonum
1307 5314 1491 5354 semen
1540 5299 1657 5370 ejus

86 5364 322 5432 lloboam
368 5397 463 5450 per
502 5364 873 5456 insipientiam
897 5387 1149 5458 perdidit,
1199 5406 1418 5460 regnum
1452 5364 1657 5450 faciens

88 5459 418 5542 bipartitutn,
470 5478 536 5533 de
580 5495 687 5548 quo
745 5480 879 5536 liber
928 5480 1005 5535 ait
1049 5459 1480 5551 Ecclesiasticns,
1529 5486 1656 5555 quia

98 5571 115 5603 t
152 5559 305 5618 bnetn
339 5569 526 5627 habuit
558 5572 815 5628 Salomon
844 5589 966 5627 cum
996 5563 1236 5643 patribus
1261 5574 1394 5640 suis,
1434 5585 1490 5631 et
1531 5576 1657 5631 reli-

92 5650 206 5713 ηιιίι
233 5667 353 5723 post
372 5678 429 5718 se
459 5664 523 5719 de
551 5664 755 5722 semine
776 5681 872 5720 suo
900 5664 1181 5721 stultitiam
1204 5666 1380 5736 genti,
1404 5677 1459 5723 et
1480 5666 1655 5723 immi-

96 5748 278 5800 nutum
311 5765 339 5803 a
391 5756 695 5825 prudentia,
746 5756 1003 5824 iloboam,
1051 5755 1142 5828 qui
1200 5756 1395 5813 avertit
1442 5766 1653 5827 gentem

1742 1919 1944 1973 reatur,
1981 1909 2121 1963 sicut
2150 1909 2503 1963 Octavianum
2550 1910 2744 1964 fecisse
2791 1913 3089 1980 Augustum
3123 1910 3320 1965 Roma-

1741 2014 1931 2054 norum
1962 2000 2310 2070 vulgaverunt
2352 2000 2620 2067 historhe,
2673 2011 2895 2073 propter
2928 2003 3070 2074 quod
3121 2002 3319 2073 longa:-

1740 2090 1876 2145 viori
1898 2090 2094 2145 sarculo
2121 2108 2243 2147 eum
2277 2091 2560 2162 pacificum
2592 2094 2830 2147 tenuisse
2885 2093 3171 2164 itnperium
3203 2105 3316 2148 tra-

1743 2190 2046 2238 ctaverunt.
2091 2182 2293 2240 Caveat
2345 2200 2475 2255 ergo
2525 2186 2820 2255 prudenter
2847 2186 2937 2256 qui
2987 2185 3181 2256 populo
3234 2186 3321 2239 vel

1742 2274 1887 2344 genti
1910 2273 2221 2343 pradicitur,
2254 2289 2322 2329 ne
2349 2274 2471 2328 dum
2500 2275 2588 2329 uni
2621 2274 2852 2330 consulit
2883 2277 3044 2345 parti,
3097 2284 3313 2345 partem

1743 2366 1902 2421 aliam
1940 2365 2193 2435 negligat.
2229 2364 2340 2420 Hoc
2367 2365 2511 2420 enim
2540 2382 2653 2420 rem
2695 2367 3210 2441 perniciosissimam
3265 2368 3318 2421 iu

1743 2457 1938 2529 populo
1964 2466 2171 2522 causat,
2210 2456 2423 2514 scilicet
2464 2458 2742 2525 invidiam,
2795 2458 3116 2514 seditionem
3157 2468 3321 2530 atque

1743 2550 2087 2614 discordiam,
2115 2551 2239 2605 dum
2266 2551 2356 2621 qui
2402 2550 2650 2606 omnibus
2684 2552 2933 2622 imperat.
2993 2567 3096 2605 non
3149 2553 3321 2618 ontui,

1743 2642 1835 2698 sed
1859 2643 2020 2698 unius
2040 2642 2318 2713 cujusdam
2345 2643 2494 2714 eligit
2528 2644 2863 2698 utilitatibus
2908 2643 3212 2715 providere.

1811 2733 1942 2791 Item
1967 2750 2155 2805 pacem
2179 2736 2339 2791 istam
2362 2736 2589 2791 aliorum
2634 2737 2916 2806 prudentia
2950 2735 3318 2802 conﬁrmabit,

1742 2828 1811 2896 si,
1841 2829 1981 2883 inter
2003 2844 2139 2899 quos
2158 2844 2260 2898 pax
2285 2829 2398 2884 haec
2427 2828 2711 2884 conciliata
2734 2840 2840 2894 est,
2887 2830 2958 2883 ita
2988 2838 3195 2895 cautos,
3246 2828 3319 2883 ita

1742 2919 2039 2991 morigeros
2060 2936 2119 2976 se
2139 2921 2423 2978 habuerint
2444 2922 2497 2977 in
2522 2922 2845 2978 alterutrum
2868 2931 2927 2975 nt
2948 2920 3076 2975 nihil
3098 2922 3321 2977 omnino

1740 3010 1834 3078 sit,
1862 3011 1914 3066 in
1935 3027 2042 3081 quo
2063 3027 2158 3082 per
2181 3027 2273 3067 eos
2290 3013 2440 3083 pacis
2468 3011 2590 3067 lzesa
2617 3012 2817 3069 hedera
2842 3012 3156 3077 videantur;
3181 3028 3320 3084 quo-

1742 3102 1887 3156 niam
1918 3100 2017 3156 etsi
2044 3116 2140 3173 per
2165 3101 2393 3173 alicujus
2422 3102 2695 3159 levitatem
2729 3103 2999 3160 modicum
3042 3102 3157 3158 laedi
3185 3103 3322 3159 forte

1744 3193 2049 3264 contigerit,
2096 3209 2205 3251 non
2255 3200 2378 3264 post
2420 3195 2556 3261 dies,
2602 3195 2697 3250 sed
2738 3196 3018 3264 continuo,
3067 3211 3188 3251 cum
3235 3211 3321 3253 res

1743 3284 1919 3338 adhuc
1946 3298 2083 3338 nova
2115 3294 2218 3349 est,
2261 3301 2362 3339 nec
2391 3286 2687 3354 majoribus
2715 3287 3035 3343 exacerbata
3088 3286 3320 3363 injuriis,

1744 3374 1993 3444 prudenti
2026 3375 2243 3431 debebit
2272 3378 2512 3433 remedio
2546 3378 2825 3447 integrari,
2853 3380 3025 3433 instar
3054 3379 3324 3437 membro-

1744 3481 1885 3530 rum,
1918 3482 2035 3537 quae
2060 3467 2233 3537 primo
2256 3468 2459 3531 inﬂicto
2486 3470 2709 3526 vulnere
2746 3486 2776 3525 a
2819 3471 3116 3525 continenti
3170 3487 3324 3527 com-

1744 3572 1877 3630 page
1895 3558 2159 3628 incipiunt
2187 3559 2338 3616 hiatu
2360 3561 2590 3631 quodam
2622 3562 2838 3627 dirimi;
2872 3562 3066 3632 quibus
3109 3561 3154 3617 si
3192 3577 3322 3617 con-

1746 3651 1924 3707 festim
1963 3651 2153 3722 peritia
2183 3653 2841 3721 accesseritmedicantis,
2869 3654 2937 3708 ad
2977 3668 3195 3709 carnem
3236 3669 3323 3710 re-

1746 3744 1945 3817 liquam
1975 3744 2260 3801 resolidari
2294 3746 2413 3802 sine
2454 3745 2796 3802 deformitate
2850 3755 3121 3816 potetunt.
3169 3745 3323 3813 Quod

1746 3852 1853 3891 non
1880 3837 2004 3902 erit,
2042 3837 2088 3892 si
2121 3838 2173 3893 in
2210 3847 2421 3910 tempus
2467 3839 2753 3909 plurimum
2805 3839 3108 3907 hujusmodi
3151 3853 3326 3893 remes

1747 3928 2219 3987 dituudiil‘eratur.
2269 3928 2315 3983 Α
2365 3945 2469 4001 qua
2492 3930 2761 3984 sententia
2808 3929 3040 3985 alienum
3074 3944 3183 3983 non
3236 3937 3323 3983 est

1746 4019 1887 4090 quod
1916 4020 1992 4074 ait
2028 4018 2323 4090 Apostolus
2354 4038 2368 4073 :
2428 4038 2447 4071 ι
2502 4019 2593 4074 Sol
2628 4036 2734 4074 non
2771 4020 2983 4075 occidat
3020 4033 3182 4090 super
3220 4019 3327 4074 ira-

1747 4112 1999 4168 cundiam
2034 4124 2293 4168 vestram.
2326 4132 2347 4164 ι

1748 4270 1877 4326 CAP.
1918 4267 2633 4393 111.--ιὶὶΙΪενιτιηιἱαΑὲηιαες⁹
2662 4282 2839 4337 pacem
2910 4265 3215 4336 Babylonia:
3275 4273 3325 4321 et

2495 4355 2657 4393 aunt.

2494 4355 2657 4408 gyru-

1677 4504 1729 4565 ο
1827 4473 2019 4546 Magna
2046 4462 2348 4528 dill‘erentia
2370 4485 2471 4540 pax
2498 4471 2613 4525 haec
2640 4469 2708 4525 ab
2729 4468 2951 4558 Egypti
2979 4452 3113 4540 pace
3136 4468 3311 4565 discri-

1755 4565 2018 4630 minatur,
2068 4579 2227 4629 cum,
2276 4562 2415 4619 sicut
2470 4560 2674 4615 dictum
2724 4551 2855 4626 est,
2895 4561 3189 4632 respuenda
3238 4558 3326 4614 illa

1754 4670 1967 4727 semper
1992 4654 2096 4719 sit,
2126 4655 2243 4709 haec
2270 4651 2567 4723 appetenda
2595 4651 2790 4722 satpius
2834 4660 2889 4709 et
2929 4651 3150 4707 colenda
3172 4690 3189 4717 ,
3218 4665 3327 4707 non

1756 4756 1965 4803 tantum
1988 4762 2110 4802 cum
2141 4745 2451 4801 domesticis
2474 4753 2530 4801 et
2558 4744 2838 4811 ﬁdelibus',
2867 4744 2961 4799 sed
2995 4744 3158 4799 etiam
3200 4758 3327 4799 cum

1756 4838 2065 4905 extraneis,
2101 4854 2223 4893 cum
2269 4836 2515 4893 barbaris
2543 4846 2599 4892 et
2628 4837 2869 4909 paganis.
2926 4835 2984 4891 Si
3030 4836 3176 4891 enim
3223 4850 3327 4907 pax

1756 4929 1856 4985 ista
1885 4928 1987 4983 coli
2032 4944 2152 4984 cum
2203 4927 2510 4983 inﬁdelibus
2560 4942 2665 4982 non
2715 4926 2969 4992 deberet,
3011 4926 3162 4982 Isaac
3203 4942 3325 4983 cum

1754 5022 2056 5087 Abimelec,
2086 5021 2361 5079 Ochozath
2388 5030 2444 5076 et
2470 5019 2693 5075 Phichol
2735 5019 3000 5076 Geraritis
3032 5021 3207 5078 fcedus
3231 5038 3326 5077 cur

1764 5116 1986 5188 ageret?
2016 5116 2073 5170 Si
2098 5132 2196 5186 pax
2221 5116 2321 5171 ista
2351 5130 2472 5169 cum
2500 5111 2808 5167 infidelibus
2825 5113 2929 5169 coli
2955 5130 3059 5169 non
3088 5113 3325 5179 deberet,

1761 5206 1988 5278 populus
2019 5207 2183 5263 israel
2211 5223 2241 5261 a
2287 5220 2413 5276 rege
2454 5202 2622 5258 Edom
2664 5215 2719 5263 et
2765 5204 2945 5262 Sehon
2982 5221 3108 5278 rege
3137 5206 3308 5263 Amor

1762 5300 2026 5354 rhteorum
2054 5300 2155 5355 iter
2184 5299 2465 5370 pacificum
2495 5313 2593 5353 cur
2625 5300 2963 5369 quaesiisset?
3003 5297 3061 5355 Si
3093 5316 3193 5371 pax
3228 5302 3328 5356 ista

1757 5390 1857 5446 coli
1885 5406 2007 5446 cum
2040 5389 2345 5444 inﬁdelibus
2383 5405 2489 5444 non
2521 5389 2770 5458 deberet,
2802 5390 3058 5446 Dominus
3101 5389 3155 5445 in
3186 5390 3327 5445 Deu-

1760 5482 2058 5538 teronomio
2087 5495 2183 5551 per
2204 5478 2419 5552 Moysen
2445 5495 2614 5550 quare
2637 5479 2841 5535 diceret
2872 5494 2887 5533 :
2922 5499 2941 5533 ‹
2976 5479 3035 5536 Si
3064 5479 3227 5536 iveris
3261 5481 3327 5535 ad

1757 5562 2165 5643 expugnandam
2188 5570 2486 5633 civitatem,
2518 5568 2715 5625 oti‘eres
2748 5569 2797 5625 ei
2847 5570 3082 5640 primum
3114 5582 3324 5642 pacem.

1758 5663 1816 5721 Si
1846 5661 2132 5733 receperit,
2162 5670 2215 5717 et
2241 5661 2515 5733 aperuerit
2544 5662 2639 5718 tibi
2669 5672 2871 5734 portas,
2899 5671 3126 5721 cunctus
3153 5678 3325 5737 popu-

1759 5756 1870 5824 lus,
1893 5756 1983 5828 qui
2012 5754 2065 5811 in
2094 5770 2158 5811 ea
2183 5764 2265 5813 est
2286 5795 2307 5823 ι
2332 5754 2644 5812 salvabitur.
2679 5774 2699 5809 ι
