3902 6316
563 363 692 439 Ilii!)

1923 371 2151 428 RUFINI
2193 367 2494 425 EPISCOPI

3587 381 3681 439 16⁵20

621 503 674 553 In
705 506 907 552 tantum
933 507 1108 552 autem
1132 511 1230 565 pax
1262 498 1358 550 ista
1387 509 1506 549 cum
1540 491 1844 548 inﬁdelibus
1870 491 2116 545 habenda
2149 492 2192 547 A
2223 488 2385 541 citam
2439 486 2539 540 sibi
2588 499 2847 555 usurpare
2868 525 2888 563 ,_
2936 484 3143 554 legatos
3187 484 3406 553 publicos
3437 491 3568 546 etiam
3595 501 3684 567 reji-

552 600 630 643 cst
652 630 664 652 ,
700 598 756 640 ιιι
784 602 879 655 pro
907 587 1045 640 bono
1074 585 1191 654 cjus
1218 595 1463 639 sanctum
1503 583 1667 638 Jacob
1708 597 1933 637 munera
1962 581 2114 636 fratri

553 680 762 733 misisse
794 676 1098 745 legerimus.

547 831 673 885 CAP.
717 829 828 882 XII.
858 861 922 868 —
950 828 1022 881 De
1049 827 1211 880 tribus
1244 827 1513 895 generibus
1545 827 1832 883 hominum.
1864 842 1977 878 cum
2001 826 2114 891 qui-

794 901 886 952 bus
925 897 1226 966 Babylonia:
1256 913 1359 966 pax
1387 897 1602 949 colenda
1641 912 1742 948 non
1770 905 1864 949 est.

620 1034 738 1086 ldco
767 1043 942 1087 autem
962 1049 1143 1102 pacem
1168 1048 1268 1085 non
1296 1047 1526 1101 semper,
1543 1032 1634 1086 sed
1657 1031 2113 1096 SthIUSCUlIIOﬂl-

548 1127 620 1176 ml
645 1141 674 1176 u
691 1154 704 1172 ς
725 1125 1002 1180 colendam
1018 1139 1138 1178 esse
1159 1123 1412 1187 diximus,
1433 1122 1675 1192 quianon
1697 1139 1966 1190 nunquam
1991 1136 2110 1175 cum

550 1216 746 1268 talibus
789 1230 1008 1269 servare
1056 1229 1243 1283 pacem
1289 1214 1509 1268 minime
1551 1215 1837 1279 debemus,
1883 1223 1939 1265 ut
1985 1229 2109 1281 erga

549 1306 894 1374 pestilentes,
940 1319 1064 1375 erga
1116 1315 1534 1374 persequentes,
1590 1318 1716 1372 erga
1762 1303 2108 1368 rebellantes,

548 1411 682 1463 quos
714 1395 897 1462 utique
932 1408 1063 1464 pace
1095 1408 1198 1447 non
1249 1407 1477 1456 vovere,
1519 1393 1612 1448 sed
1662 1390 1800 1447 bello
1850 1391 2112 1446 lacessere

548 1484 718 1553 magis
753 1484 1017 1553 expediet.
1055 1483 1205 1550 Quod
1238 1484 1450 1538 intuens
1490 1484 1736 1554 egregius
1774 1483 1961 1537 doctor
1988 1483 2062 1536 ait
2093 1500 2106 1537 :

554 1595 570 1626 ι
609 1575 663 1629 Si
718 1575 833 1629 ﬁeri
879 1584 1090 1645 potest,
1119 1575 1260 1643 quod
1293 1589 1358 1628 ex
1386 1574 1539 1628 vobis
1568 1585 1681 1638 est,
1715 1589 1835 1627 cum
1863 1574 2111 1628 omnibus

547 1666 851 1720 hominibus
897 1681 1084 1734 pacem
1126 1667 1405 1720 habentes.
1444 1684 1461 1716 ι
1497 1665 1629 1732 Quia
1661 1665 1805 1719 enim
1850 1666 2108 1734 quosdam

547 1765 790 1820 noverat,
815 1773 934 1810 cum
961 1757 1156 1826 quibus
1178 1755 1344 1826 ligare
1365 1757 1710 1810 concordiam
1741 1755 1822 1809 fas
1845 1771 1946 1808 non
1971 1764 2104 1817 erat,

547 1847 666 1901 ideo
703 1849 942 1903 dicturus
980 1866 992 1901 :
1033 1867 1050 1899 ι
1088 1849 1220 1903 Cum
1261 1848 1512 1901 omnibus
1541 1862 1726 1917 pacem
1756 1847 2043 1911 habentes,
2087 1865 2104 1898 ι
2145 1833 2185 1886 Β

545 1940 902 1994 conditionem
934 1940 1150 1994 attulit:
1189 1959 1210 1991 ι
1246 1940 1304 1995 Si
1345 1940 1458 1994 ﬁeri
1495 1948 1692 2009 potest.
1730 1960 1746 1990 ι

614 2032 931 2087 Pestilentes
959 2048 1084 2087 vero
1111 2049 1204 2088 eos
1234 2032 1469 2103 intellige
1489 2073 1503 2098 ,
1551 2034 1643 2102 qui
1674 2033 1944 2087 mediante
1980 2049 2111 2102 pace

542 2122 895 2192 Babylonica,
931 2123 1198 2194 Egyptim
1228 2125 1410 2193 pacis,
1443 2124 1543 2178 hoc
1575 2135 1657 2178 est
1681 2164 1695 2188 ,
1727 2125 1978 2177 vitiorum
2009 2142 2106 2179 no-

541 2213 749 2268 biscutn
777 2215 963 2268 voluttt
990 2215 1162 2269 foedus
1190 2215 1462 2280 intexere,
1492 2229 1612 2269 cum
1657 2214 1851 2284 quibus
1895 2226 2106 2283 pactum

540 2302 748 2355 nullum
782 2303 1119 2373 pungendum
1147 2312 1264 2368 est,
1292 2304 1385 2357 sed
1413 2303 1539 2357 totis
1565 2303 1787 2357 omnino
1815 2303 2020 2357 viribus
2040 2302 2106 2356 ad

542 2394 966 2448 internecionem
1017 2395 1468 2449 contendendum.
1525 2394 1606 2447 Ad
1661 2393 1803 2463 quod
1874 2393 2108 2462 pertinet

539 2484 679 2552 quod
713 2483 922 2554 Moyses
970 2485 1021 2538 in
1069 2484 1185 2554 lege
1233 2485 1509 2554 proposuit
1539 2484 1719 2539 Israeli
1755 2501 1768 2538 :
1808 2504 1826 2536 ι
1863 2483 1994 2538 Cum
2028 2485 2108 2537 in-

541 2577 845 2629 troduxerit
874 2586 922 2628 te
950 2575 1206 2630 Dominus
1238 2577 1380 2631 Deus
1427 2584 1549 2630 tuus
1578 2577 1630 2630 itt
1665 2585 1866 2631 terram
1887 2615 1901 2640 ,
1946 2592 2104 2644 quam

538 2683 887 2735 possessurus
934 2667 1231 2738 ingrederis
1255 2709 1269 2733 ,
1301 2679 1355 2724 et
1384 2669 1643 2724 deleverit
1684 2669 1876 2723 multas
1920 2679 2107 2739 gentes

540 2774 722 2811 coram
757 2768 826 2821 te,
856 2757 1130 2813 Iletltzcum
1150 2801 1163 2822 ,
1192 2759 1522 2824 Geresmum,
1545 2760 1937 2823 Amorrhaaum,
1962 2759 2103 2814 Chu-

538 2863 783 2901 nanznum
809 2887 823 2911 ,
852 2847 1194 2903 Pherezzeum
1212 2889 1227 2914 ,
1255 2848 1524 2914 [IIevzeum
1551 2858 1605 2903 et
1631 2848 1947 2904 Gebusazum
1969 2889 1984 2913 ,
2017 2864 2104 2902 se-

539 2948 682 3005 ptem
709 2949 893 3007 gentes
915 2981 928 3004 ,
963 2940 1130 2992 multo
1169 2937 1399 3007 majores
1434 2954 1687 3005 numero,
1734 2955 1894 3009 quam
1931 2951 1986 2992 tu
2013 2955 2102 3002 es,

541 3035 594 3078 et
620 3026 950 3081 robustiores
1001 3036 1078 3091 te,
1122 3028 1508 3096 tradideritqtte
1537 3042 1630 3081 eos
1678 3027 1934 3082 Dominus
1966 3028 2106 3081 Deus

541 3130 662 3173 tuus
722 3119 848 3182 tibi,
916 3121 1182 3188 percuties
1223 3135 1318 3175 eos
1387 3137 1556 3190 usque
1640 3121 1705 3174 ad
1775 3119 2102 3176 internecio-

540 3225 682 3264 nevn.
713 3211 826 3264 Non
859 3211 1017 3264 inibis
1045 3226 1166 3265 cum
1187 3213 1265 3266 eis
1293 3211 1494 3277 fmdus,
1523 3227 1619 3268 nec
1647 3213 1989 3268 misereberis
2017 3229 2107 3268 co-

541 3316 690 3366 rutn,
721 3317 893 3370 neque
925 3301 1154 3357 sociabis
1184 3318 1303 3357 cuin
1327 3302 1406 3357 eis
1431 3304 1718 3358 connubia.
1739 3304 1928 3359 Filiam
1959 3313 2104 3358 tuam

540 3409 645 3446 non
685 3393 835 3446 dabis
874 3394 981 3448 ﬁlio
1026 3392 1171 3462 ejus,
1223 3410 1318 3450 nec
1368 3395 1530 3449 tiliant
1561 3395 1675 3464 ejus
1724 3397 1956 3465 accipies
1997 3396 2107 3452 ﬁlio

541 3492 662 3544 tuo,
712 3483 836 3552 quia
869 3484 1085 3537 seducet
1129 3483 1298 3538 ﬁlium
1345 3493 1530 3550 tuum,
1585 3502 1650 3541 ne
1694 3495 1954 3556 sequatur
1983 3501 2103 3552 me,

541 3573 631 3626 sed
665 3581 721 3628 ut
748 3574 916 3642 magis
948 3573 1148 3628 serviat
1175 3575 1279 3628 diis
1305 3575 1516 3629 alienis.
1556 3595 1574 3627 ι

610 3666 723 3721 Non
749 3668 916 3721 solum
953 3678 1132 3722 autem
1185 3685 1302 3722 cum
1357 3670 1601 3725 extranei
1631 3679 1755 3724 sunt
1801 3670 2102 3740 ltujusmotli

539 3760 871 3829 contagiosi,
904 3761 994 3814 sed
1045 3762 1204 3814 etiam
1256 3776 1376 3814 cum
1422 3761 1601 3825 cives,
1645 3761 1958 3825 domestici,
1993 3761 2099 3814 fra-

540 3863 652 3905 tres
671 3892 684 3915 ,
718 3852 811 3904 lilii
837 3861 927 3905 attt
949 3863 1197 3920 parentes
1223 3853 1561 3917 exstiterint,
1595 3853 1741 3922 pacis
1773 3853 1879 3906 into
1904 3853 2104 3906 sancti-

541 3942 667 3994 tatis
714 3942 820 3995 erit
864 3940 1095 3996 oﬁiciutn
1144 3943 1281 3996 tales
1332 3942 1477 3997 ferro
1507 3943 1752 3997 vindicta:
1807 3942 2098 4005 debellare,

537 4035 753 4102 quando
777 4035 840 4089 de
866 4034 989 4090 ﬁliis
1020 4035 1144 4089 Levi
1179 4036 1370 4105 legitur
1403 4055 1414 4091 :
1451 4055 1471 4088 ι
1510 4038 1562 4090 In
1596 4038 1849 4092 ultionem
1880 4037 2101 4092 idolola-

537 4126 658 4181 tria:
683 4126 913 4194 arreptis
944 4127 1135 4196 gladiis
1164 4143 1261 4196 per
1285 4138 1583 4183 castrorum
1614 4129 1785 4183 media
1819 4139 2101 4183 transeun-

537 4226 617 4272 tes
663 4217 892 4286 quisque
925 4218 1146 4273 fratrem
1195 4234 1379 4281 suum,
1411 4220 1664 4274 'amicum
1695 4230 1751 4274 et
1797 4219 2096 4288 proximum

536 4309 638 4364 sibi
669 4310 856 4366 obvios
877 4311 1206 4366 occiderunt.
1243 4330 1260 4362 ι
1293 4311 1517 4380 Propter
1560 4311 1702 4380 quod
1745 4326 1936 4364 manus
1975 4326 2098 4365 suas

535 4401 761 4456 Domino
803 4418 1150 4458 consecrasse
1189 4403 1385 4460 laudati
1433 4414 1576 4456 sunt.
1635 4421 1653 4452 t
1688 4401 2091 4466 Consecrastis,

536 4491 740 4560 inquit,
776 4508 962 4548 manus
992 4504 1196 4548 vestras
1223 4493 1379 4548 hodie
1422 4493 1788 4563 unusquisque
1826 4493 1877 4546 in
1908 4491 2016 4546 ﬁlio
2041 4502 2094 4545 et
2128 4521 2179 4582 υ

535 4580 706 4636 fratre
731 4597 858 4644 suo,
890 4593 946 4635 ιιι
991 4583 1145 4637 detur
1172 4584 1324 4637 vobis
1364 4583 1684 4638 benedictio.
1721 4601 1740 4634 ι
1775 4581 1865 4636 Sic
1896 4591 1949 4636 et
1973 4581 2098 4636 Phi-

534 4685 692 4735 nccs,
736 4671 973 4740 peccatis
1016 4671 1210 4733 civium
1253 4687 1356 4725 non
1403 4671 1704 4741 indulgens,
1753 4671 1877 4724 dum
1907 4686 2100 4726 coeun-

535 4768 646 4814 tem
679 4776 801 4814 cum
836 4760 1121 4815 Moabitide
1164 4760 1405 4816 .ludteum
1455 4762 1755 4834 percussit,
1788 4761 1871 4816 sui
1903 4759 2100 4818 furoris

533 4851 785 4908 incendio
815 4851 1074 4906 Dominici
1106 4852 1304 4906 furoris
1331 4852 1633 4908 incendium
1662 4854 1941 4912 exstinxit.

613 4948 994 5002 Persecutores
1027 4953 1163 5002 sunt
1203 4947 1293 5017 qui
1325 4947 1407 5001 vel
1456 4950 1756 5011 communis
1796 4951 2098 5010 concordia

523 5049 763 5102 statum,
817 5039 897 5094 vel
947 5040 1142 5107 publici
1191 5039 1411 5109 pudoris
1438 5042 1790 5101 reverentiam
1839 5053 2096 5098 conantes

515 5137 774 5184 evertere
798 5169 811 5189 .
859 5141 951 5182 aut
986 5129 1221 5183 crudelia
1259 5143 1544 5194 exercere,
1589 5128 1825 5183 facinora
1850 5145 1953 5188 non
1985 5145 2096 5184 me-

515 5228 567 5270 ttt
588 5228 683 5271 ttnt
705 5259 719 5281 ,
751 5227 843 5272 aut
869 5220 1206 5274 solemniorts
1243 5218 1482 5274 infamia:
1527 5229 1741 5289 patrare
1769 5219 1968 5290 ﬂagitia
2001 5235 2094 5275 ne-

512 5325 796 5379 quaquam
827 5309 1180 5375 erubescnnt;
1230 5311 1283 5366 in
1323 5328 1458 5384 quos
1479 5320 1532 5365 et
1558 5311 1731 5382 legum
1757 5311 1876 5381 jura
1921 5320 1973 5365 et
2004 5328 2090 5367 re-

515 5418 582 5466 μιι
603 5419 651 5454 ιιι
683 5417 832 5454 arma
873 5402 1103 5470 rigorem
1133 5418 1404 5475 opponere
1442 5402 1824 5460 inexorabilem
1857 5417 2088 5458 consue-

525 5503 740 5546 verunt.
775 5511 792 5544 ι
828 5493 941 5547 Non
969 5496 1112 5548 enim
1137 5497 1252 5559 sine
1286 5511 1446 5551 causa
1479 5505 1656 5565 portat
1684 5494 1914 5564 gladium
1945 5535 1960 5561 ,
1995 5496 2086 5549 sed

529 5583 594 5635 ad
624 5583 912 5637 vindictam
938 5584 1342 5642 malefactortun
1368 5595 1424 5641 et
1442 5588 1508 5642 ad
1529 5587 1739 5642 laudem
1767 5585 2081 5640 bonorum.»

600 5671 844 5726 ltebelles
890 5690 986 5727 nos
1025 5684 1424 5744 computamus,
1471 5676 1562 5746 qui
1607 5675 1793 5745 jugum
1842 5673 2088 5746 legitima:

528 5761 906 5818 dominationis
935 5776 1232 5821 uuaerentes
1259 5777 1541 5824 excutere.
1569 5777 1622 5822 et
1651 5766 1948 5827 libertatem
1981 5765 2081 5822 illi-

2219 579 2404 643 ciunt,
2438 578 2635 649 regalia
2663 579 2882 632 decreta
2904 586 3280 641 contemnunt,
3309 593 3404 632 non
3429 587 3686 649 pensitantes
3728 629 3736 640 .

2218 671 2420 726 ﬁscalia
2446 711 2459 734 ,
2488 685 2586 725 nec
2615 670 2813 724 tributa
2848 668 3166 739 prmbentes.
3202 668 3386 724 Contra
3417 687 3530 740 quos
3551 678 3686 734 Domi.

2224 777 2371 817 nus:
2434 782 2450 811 ι
2487 759 2712 815 Reddite
2760 773 2878 828 qua:
2923 767 3048 813 sttttt
3094 759 3346 823 Caesaris,
3389 761 3571 819 Catsari.
3608 768 3690 825 »Ει

2217 851 2414 907 Paulus
2444 853 2518 905 ait
2547 870 2558 904 :
2587 869 2606 902 ι
2642 850 2861 904 Reddite
2883 849 3129 902 omnibus
3151 849 3350 902 debita:
3377 851 3452 905 cui
3480 853 3689 923 ll'ibulu,

2221 941 2478 995 tributum
2515 958 2528 994 :
2557 941 2638 995 cui
2676 939 2903 1008 vectigal
2924 978 2937 999 .
2961 939 3203 1006 vectigal.
3244 958 3261 990 ι
3291 941 3475 1006 Quibus
3491 945 3691 1012 cubaret,

2213 1033 2352 1103 quod
2383 1041 2663 1102 poetarum
2695 1032 2926 1086 eximius
2977 1034 3027 1084 in
3079 1031 3302 1085 Romani
3341 1033 3503 1089 laudes
3537 1037 3689 1106 imperii

2214 1139 2320 1178 non
2345 1123 2524 1178 minus
2549 1122 2773 1194 provido
2797 1121 3012 1192 ingenio
3033 1137 3192 1190 quam
3219 1120 3360 1176 lauto
3382 1132 3533 1181 metro
3546 1141 3692 1185 canens

2213 1214 2289 1268 ait
2317 1233 2330 1268 :
3169 1203 3175 1214 ’

2284 1346 2361 1420 Tu
2388 1362 2562 1420 regere
2585 1347 2798 1420 imperio
2828 1346 3064 1420 populos,
3097 1345 3322 1420 Romane
3344 1387 3357 1409 ,
3382 1360 3613 1412 memento,

2285 1415 2409 1484 (Ha:
2433 1415 2523 1470 tibi
2541 1415 2691 1470 erunt
2715 1417 2873 1486 artes)
2907 1417 3122 1486 pacique
3147 1418 3401 1484 imponere
3423 1435 3612 1475 morem:

2284 1487 2511 1542 Parcere
2535 1487 2778 1556 subjectis
2808 1498 2854 1540 et
2883 1486 3138 1539 debellare
3162 1486 3422 1554 superbos.

2661 1578 2818 1633 Vino.
2851 1577 3005 1642 xEn.,
3033 1577 3127 1632 lib.
3164 1593 3249 1631 vt.
3279 1592 3419 1632 vers.
3445 1577 3646 1636 85L857.

2211 1710 2338 1764 CAP.
2381 1709 2512 1763 XIII.
2535 1739 2603 1749 —
2628 1708 2780 1774 Quod
2811 1724 3042 1777 regnum,
3074 1724 3173 1760 non
3205 1707 3428 1776 legitime
3449 1722 3680 1777 susceptum

2303 1781 2634 1834 latrocinium
2663 1780 2826 1848 magis
2847 1795 3002 1847 quam
3028 1794 3243 1845 regnum
3267 1779 3533 1844 putandum
3553 1790 3625 1832 est.

2283 1868 2480 1922 Verum
2504 1867 2644 1937 quod
2670 1881 2775 1920 non
2798 1864 3115 1934 simpliciter
3139 1880 3382 1935 regnum,
3404 1865 3487 1919 sed
3512 1865 3695 1936 legitima

2210 1961 2414 2014 scilicet
2457 1958 2839 2013 dominationis
2885 1958 3214 2024 adjecitnus,
3264 1972 3326 2010 ea
3375 1957 3556 2010 ratione
3594 1958 3695 2030 [feci-

2210 2048 2350 2120 mus]
2375 2091 2389 2115 ,
2420 2048 2674 2118 quoniam
2705 2048 2919 2102 extima:
2952 2047 3187 2118 regionis
3216 2055 3456 2114 gentem.
3485 2062 3580 2117 qua:
3604 2065 3694 2102 nun-

2209 2155 2367 2209 quam
2419 2139 2607 2194 ditioni
2641 2147 2744 2192 tute
2795 2138 2992 2192 collum
3045 2138 3336 2202 submisit,
3385 2137 3470 2190 tibi
3498 2155 3690 2208 nunquam

2210 2229 2511 2284 molestiam
2560 2229 2774 2292 intulit,
2824 2228 2937 2280 sola
2982 2228 3297 2282 dominandi
3346 2226 3547 2280 libidine
3583 2243 3688 2298 etpu-

2209 2337 2374 2392 gnare
2404 2320 2538 2374 velle
2567 2329 2622 2374 et
2649 2319 2880 2374 subdere
2931 2334 3035 2372 non
3088 2319 3232 2388 regis
3261 2319 3484 2372 officium
3526 2330 3606 2383 est,
3627 2321 3686 2374 sed

2213 2414 2458 2484 tyranni,
2492 2414 2598 2468 itno
2626 2413 2850 2468 latronis
2878 2423 2930 2468 et
2970 2414 3329 2484 sanguinarii.
3383 2413 3575 2484 Propter
3598 2413 3692 2482 quod

2207 2504 2397 2558 doctor
2423 2504 2656 2572 optimus
2681 2504 3075 2570 (AUGUSTINUS,
3107 2503 3202 2558 lib.
3253 2518 3306 2557 tv
3352 2502 3426 2558 De
3463 2505 3573 2557 ciril.
3609 2503 3696 2567 Dei,

2207 2608 2259 2647 (τ.
2303 2595 2358 2665 4)
2407 2594 2596 2648 scribit
2635 2594 2819 2650 dicens
2853 2613 2864 2647 :
2927 2613 2944 2645 t
2984 2596 3210 2649 Remota
3260 2593 3464 2662 justitia
3495 2595 3592 2662 quid
3611 2604 3698 2647 sunt

2208 2701 2370 2756 regna
2408 2687 2509 2740 nisi
2543 2686 2821 2742 latrocinia
2844 2726 2859 2751 ,
2908 2687 3030 2756 quia
3083 2696 3137 2740 et
3169 2687 3292 2756 ipsa
3348 2687 3588 2742 latrocinia
3615 2686 3702 2754 quid

2207 2789 2334 2832 sunt
2362 2779 2464 2832 nisi
2494 2794 2658 2849 parva
2689 2780 2891 2850 regna?
2917 2779 3106 2833 Manus
3136 2789 3191 2833 et
3221 2780 3345 2849 ipsa
3373 2779 3605 2833 hominum
3626 2787 3701 2840 est,

2211 2869 2436 2939 imperio
2467 2871 2727 2941 principis
2776 2873 2997 2941 regitur,
3049 2873 3337 2926 societatis
3379 2882 3511 2940 pacto
3539 2871 3704 2940 ligatur,

2207 2961 2385 3028 placiti
2415 2963 2527 3031 lege
2550 2962 2725 3030 praeda
2751 2962 3030 3018 dividitur.
3060 2964 3172 3019 Hoc
3198 2964 3401 3017 malum
3427 2964 3462 3017 si
3484 2965 3526 3016 in
3547 2972 3698 3015 tauttt:

2207 3054 2540 3124 perditorum
2570 3056 2850 3110 hominum
2888 3056 3231 3110 successibus
3277 3056 3521 3117 creverit,
3543 3063 3590 3106 ut
3624 3054 3700 3106 loca

2210 3151 2422 3210 teneat,
2451 3144 2606 3199 sedes
2647 3146 2974 3209 constituat,
3004 3146 3323 3214 provincias
3368 3143 3608 3214 subjuget,
3637 3159 3697 3197 oc-

2209 3246 2367 3303 cupet
2392 3234 2672 3299 civitates,
2700 3235 3003 3290 evidentius
3052 3235 3152 3289 sibi
3208 3235 3364 3306 regni
3407 3249 3575 3288 nomen
3598 3248 3699 3285 assu-

2207 3325 2336 3389 mit,
2361 3326 2501 3393 quod
2530 3325 2578 3379 ei
2601 3327 2712 3393 jam
2748 3326 3036 3380 manifesto
3082 3341 3186 3380 non
3237 3327 3454 3395 dempta
3485 3324 3688 3392 cupiditas.

2205 3417 2298 3470 sed
2331 3415 2582 3484 adjuncta
2613 3418 2904 3487 impunitas
2936 3417 3166 3472 confert.
3204 3436 3221 3468 ι
3274 3418 3423 3473 Unde
3455 3417 3516 3472 ab
3537 3416 3692 3470 Alexan-

2208 3507 2305 3562 dro
2330 3507 2422 3563 illo
2452 3507 2642 3578 Magno
2669 3508 2887 3578 quidam
2917 3509 3346 3578 comprehensus
3381 3509 3566 3579 pirata,
3588 3507 3698 3560 inter-

2206 3607 2530 3669 rogatusque
2557 3600 2624 3654 ab
2651 3615 2714 3655 eo
2741 3613 2838 3653 cur
2863 3601 2996 3653 mari
3022 3600 3092 3653 ita
3119 3609 3266 3654 esset
3318 3599 3559 3663 infestus,
3582 3599 3700 3650 libera

2203 3689 2304 3742 sibi
2328 3697 2385 3742 et
2408 3688 2636 3757 eleganti
2659 3688 2856 3759 legitur
2879 3690 3217 3743 contumacia
3255 3691 3599 3758 respondisse:
3622 3707 3633 3736 t
3655 3686 3699 3738 Et

2205 3789 2259 3834 tu
2292 3795 2460 3848 quare
2509 3781 2606 3835 toti
2659 3782 2774 3836 orbi
2834 3783 3136 3852 terrarum?
3171 3782 3280 3836 Sed
3315 3784 3548 3852 quoniam
3573 3780 3614 3835 id
3635 3794 3702 3849 ego

2202 3887 2367 3941 parvo
2399 3873 2609 3943 navigio
2661 3872 2827 3936 facio,
2860 3873 2998 3953 latro
3048 3888 3248 3940 vocor;
3304 3875 3427 3943 quia
3474 3884 3521 3929 tu
3565 3887 3701 3941 magna

2202 3965 2374 4020 classe
2393 4007 2407 4030 ,
2436 3967 2729 4036 imperator
2755 3968 2980 4024 diceris.
3014 3987 3033 4020 ι

2270 4055 2470 4110 Inferre
2516 4072 2644 4125 ergo
2693 4057 2829 4112 bella
2858 4058 3131 4122 ﬁnitimis,
3185 4068 3240 4113 ct
3300 4060 3352 4114 in
3411 4069 3582 4113 caetera
3618 4056 3704 4110 inde

2200 4149 2491 4219 procedere
2517 4189 2532 4214 ,
2564 4164 2626 4203 ac
2661 4149 2882 4218 populos
2913 4150 3013 4204 sibi
3047 4166 3151 4203 non
3196 4151 3452 4205 molestos
3475 4150 3571 4204 sola
3593 4147 3701 4216 regni

2201 4239 2496 4307 cupiditate
2524 4248 2838 4304 conterere,
2865 4239 2995 4294 nihil
3022 4241 3166 4295 aliud
3192 4250 3275 4297 est
3298 4241 3401 4296 nisi
3426 4240 3702 4295 latrocinium

2199 4329 2606 4385 nominandum.

2197 4441 2325 4496 CAP.
2370 4442 2504 4496 XIV.
2529 4471 2599 4484 --
2624 4443 2860 4508 Qualiter
2905 4445 2973 4498 ad
3020 4445 3182 4512 ipsius
3208 4448 3353 4510 pacis
3402 4448 3574 4500 bonum
3615 4457 3699 4510 pro-

2271 4513 2378 4579 licit
2406 4552 2420 4575 ,
2455 4518 2664 4582 quando
2703 4530 2820 4566 cum
2859 4516 3120 4584 pra'dt'ctt's
3159 4518 3429 4588 generibus
3465 4514 3701 4586 Babylonia

2272 4599 2377 4649 pax
2407 4599 2508 4635 non
2537 4593 2787 4641 servatur.

2269 4670 2408 4726 Ecce
2444 4671 2624 4742 igitur,
2671 4673 2902 4741 qualiter
2941 4689 3063 4729 cum
3116 4675 3221 4731 illis
3269 4677 3438 4732 tribus
3479 4675 3698 4746 generibus

2200 4762 2478 4818 hominum
2504 4780 2608 4834 pax
2641 4764 2880 4819 habenda
2919 4783 3025 4821 non
3072 4779 3184 4834 est,
3217 4772 3309 4825 sed
3362 4771 3544 4825 bellum
3571 4770 3699 4839 potius

2200 4854 2329 4923 ipsis
2382 4855 2756 4921 indicendum,
2806 4859 2946 4926 quod
2999 4859 3246 4915 videlicet
3292 4863 3358 4915 ad
3407 4863 3557 4930 ipsius
3593 4859 3696 4930 pacis

2197 4946 2398 5000 bonum
2430 4946 2687 5018 proﬁcere
2737 4963 2894 5002 nemo
2942 4952 3159 5019 sapiens
3201 4953 3486 5022 ignorabit.
3526 4954 3590 5006 Ad
3631 4953 3699 5004 hoc

2194 5036 2336 5114 enim
2369 5036 2498 5091 istos
2532 5052 2732 5112 paucos
2758 5039 3063 5094 severitatis
3111 5041 3263 5110 vigor
3305 5044 3632 5114 persequitur,
3659 5049 3698 5089 ut

2195 5126 2247 5180 in
2296 5128 2507 5188 caeteris
2576 5143 2676 5198 pax
2726 5129 2987 5200 integrior
3047 5140 3102 5186 et
3169 5134 3330 5186 tutior
3387 5143 3696 5188 conservetur.

2193 5216 2346 5282 Quod
2369 5219 2627 5274 Dominus
2659 5221 2707 5272 in
2733 5222 2993 5294 propheta
3024 5230 3209 5276 contra
3243 5223 3448 5292 plebem
3473 5221 3692 5277 Judaicam

2193 5308 2419 5377 loquens
2468 5309 2601 5370 satis
2654 5311 2891 5375 notavit,
2943 5327 3064 5368 cum
3097 5313 3313 5382 protulit
3344 5332 3357 5366 :
3400 5333 3417 5365 ι
3451 5313 3566 5379 Quis
3588 5308 3692 5363 dabit

2191 5413 2278 5452 me
2321 5399 2531 5474 spinam
2580 5407 2636 5456 et
2676 5413 2891 5468 veprem
2940 5401 2991 5453 in
3044 5402 3261 5470 praelio?
3309 5404 3519 5472 gradiar
3573 5411 3692 5465 super

2189 5503 2338 5553 eam,
2368 5490 2689 5546 succendam
2715 5505 2833 5545 eam
2862 5491 3080 5561 pariter.
3108 5493 3193 5546 An
3221 5493 3394 5562 potius
3419 5490 3595 5546 tenebit
3617 5485 3690 5538 for-

2191 5581 2472 5635 titudinem
2517 5597 2721 5646 meam,
2769 5583 2925 5636 faciet
2955 5598 3142 5654 pacem
3188 5583 3348 5649 mihi,
3376 5582 3526 5636 faciet
3546 5589 3685 5649 parem

2189 5674 2359 5729 mihi?
2387 5693 2406 5726 ι
2439 5673 2674 5729 Subaudi
2697 5714 2710 5736 ,
2743 5674 2855 5730 haec
2880 5674 2996 5745 ipsa
3023 5675 3319 5741 succensio,
3345 5689 3448 5752 qua
3476 5687 3577 5729 eam
3601 5680 3689 5739 pro.

2187 5767 2375 5824 nuntio
2403 5766 2750 5824 exurendum.
