3834 6462
36 261 231 315 1621
1199 260 1287 314 DE
1329 254 1507 313 ΒΟΝο
1537 252 1753 310 PACIS.
1790 283 1856 293 -—
1899 258 2023 313 LIB.
2064 260 2121 314 ll.
3222 266 3373 322 “22'

136 376 253 428 Ad
311 368 422 428 huc
476 374 638 442 igitur
678 372 979 441 huiusmodi
1044 374 1292 429 homines
1338 367 1682 441 impugnandi
1713 373 1758 429 Α
1790 370 2025 425 tumdem
2056 372 2110 427 in
2142 382 2195 428 te
2225 374 2455 429 Domino
2490 381 2580 428 tuo
2605 375 2822 429 licere.»
2855 375 2917 429 Et
2935 375 3090 432 Jesus
3120 379 3307 437 Sirach
3342 398 3359 433 :

35 474 259 531 sunt,
295 476 362 519 ut
392 465 473 519 vel
508 481 629 519 cum
657 466 786 534 ipsis
814 480 1092 534 pcenarum
1119 464 1485 534 experimento
1528 477 1685 516 coer-
1794 482 1812 514 ι
1853 462 1909 519 Si
1942 473 2024 519 est
2050 465 2146 521 tibi
2203 481 2420 530 servus,
2474 468 2545 522 sit
2583 469 2676 523 tibi
2727 469 2880 537 quasi
2930 471 3112 526 anima
3150 482 3236 526 tua
3259 514 3273 535 ,
3305 485 3361 529 et

34 558 216 612 citis
242 598 261 622 ,
301 556 394 611 vel
425 556 615 611 saltem
645 572 767 611 cum
797 556 950 622 aliis,
982 570 1168 611 eorum
1195 554 1439 625 exemplo
1465 553 1707 609 eruditis
1787 556 1938 626 quasi
1972 556 2224 623 fratrem,
2250 559 2330 613 sic
2358 573 2479 613 eum
2515 568 2708 614 tracta.
2742 580 2761 612 ι

36 664 190 716 pax
248 658 513 702 servetur
558 646 858 703 incolumis.
906 647 988 701 Ad
1037 647 1141 702 hoc
1165 646 1310 701 enim
1353 646 1687 701 solummodo
1858 648 1934 703 lta
1969 657 2144 703 tamen
2170 649 2291 720 quis
2324 649 2718 720 benignitatem
2763 666 2892 723 erga
2924 650 3179 707 familiam
3208 668 3380 707 suam—

38 740 310 793 bcllum
349 739 622 809 publicum
670 739 895 808 geritur,
926 739 995 793 ob
1026 740 1127 794 hoc
1174 747 1472 794 tractantur
1500 753 1687 801 arma,
1787 750 2074 806 exerceat,
2122 757 2189 796 ne
2237 740 2536 811 disciplina:
2580 742 2818 812 vigorem
2865 745 3079 814 penitus
3125 745 3360 799 amittat.

32 833 135 884 ινιι
180 832 316 887 hoc
356 831 501 901 leges
531 831 737 886 dictant
758 831 1018 901 supplicia
1039 871 1054 897 ,
1087 840 1144 884 ut
1194 832 1394 886 bonum
1417 831 1581 902 pacis‘
1593 843 1689 897 per
1790 832 1905 887 Non
1931 833 2073 887 enim
2104 834 2283 888 minus
2314 833 2491 888 mollis
2517 835 2769 889 remissio
2794 850 2956 905 quam
3001 851 3187 891 severa
3233 852 3364 892 exa—

35 924 286 977 omnia
323 933 539 978 maneat
566 923 850 979 illibatum.
1790 926 2033 980 cerbatio
2058 927 2205 995 pacis
2232 926 2543 982 domestica:
2572 927 2917 982 concordiam
2954 929 3231 995 vacuabit,
3259 930 3363 985 sic-

113 1078 288 1132 CAP.
340 1079 458 1134 XV.
486 1110 555 1119 --
579 1079 651 1134 De
679 1079 842 1133 tribus
871 1080 946 1133 vel
973 1091 1200 1149 quatuor
1226 1080 1472 1150 gradibus
1493 1081 1635 1150 pacis

752 1150 1053 1205 mandatur.

141 1281 391 1338 Tribus
419 1290 601 1336 autem
647 1280 903 1353 gradibus
929 1297 1034 1352 pax
1074 1281 1175 1335 ista
1204 1280 1470 1335 mundana
1499 1262 1687 1349 prece;

46 1372 181 1426 dit.
224 1371 432 1427 Primo
459 1373 603 1427 enim
644 1381 729 1427 est
761 1386 864 1442 pax
912 1373 1092 1437 orbis,
1127 1382 1311 1441 postea
1360 1386 1461 1442 pax
1510 1372 1686 1436 urbis,

54 1467 305 1522 deinde
336 1483 441 1537 pax
472 1467 682 1523 domus.
714 1467 805 1522 Illa
854 1466 1157 1539 generalis,
1188 1467 1292 1521 ista
1343 1466 1545 1530 civilis,
1574 1466 1701 1520 haec

54 1561 433 1615 domestica.
466 1558 575 1613 Pax
607 1574 735 1629 ergo
760 1559 909 1614 orbis
965 1558 1211 1613 habenda
1259 1567 1344 1613 est
1370 1558 1532 1611 etiam
1565 1572 1685 1611 cum

59 1650 452 1720 peregrinis,
492 1665 592 1719 pax
632 1650 781 1704 urbis
822 1665 945 1704 cum
988 1649 1227 1713 civibus,
1261 1664 1365 1719 pax
1392 1648 1684 1703 domestica

56 1759 212 1799 cum
252 1740 608 1813 prepinquis.

148 1836 233 1889 Et
262 1836 531 1905 quoniam
580 1851 741 1906 supra
793 1835 993 1890 dictum
1022 1843 1134 1897 est,
1166 1833 1473 1905 Babylonia:
1501 1848 1689 1903 pacem

61 1926 548 1981 communionem
580 1942 759 1981 rerum
787 1927 1040 1996 exigere,
1088 1927 1290 1981 idcirco
1336 1926 1479 1980 scire
1528 1927 1687 1991 licet,

66 2019 240 2089 quod
281 2018 341 2071 in
371 2016 612 2087 quolibet
643 2017 834 2072 herum
880 2019 1142 2087 graduum
1188 2034 1365 2072 rerum
1392 2020 1680 2073 communi-

65 2110 380 2165 cationem
413 2124 517 2178 pax
553 2109 777 2179 ﬂagitat.
812 2108 916 2163 Pax
969 2110 1272 2181 generalis,
1306 2120 1359 2164 ut
1393 2121 1517 2180 puta
1554 2113 1691 2167 inter

67 2218 269 2273 regna
316 2211 373 2256 et
424 2202 732 2272 provincias
781 2203 1051 2258 nundinas
1092 2219 1407 2259 communes
1456 2204 1585 2259 facit
1635 2214 1692 2259 et

68 2292 363 2362 linguas;
403 2309 502 2363 pax
533 2293 707 2348 civilis
745 2292 951 2360 forum,
985 2297 1202 2357 fanum,
1240 2294 1386 2365 leges
1429 2306 1484 2350 et
1527 2311 1689 2366 quas-

66 2388 215 2441 tlatn
245 2386 706 2451 consuetudines;
735 2401 832 2455 pax
858 2386 1154 2441 domestica
1179 2386 1422 2450 fundum,
1446 2388 1687 2453 domum,

68 2481 417 2535 convictum
451 2489 507 2533 et
553 2479 604 2532 in
658 2479 927 2551 conjugiis
964 2479 1289 2546 thalamum,
1334 2481 1693 2553 sepulcraqne

64 2583 130 2628 et
164 2581 541 2627 monumenta
568 2573 852 2643 majorum.

158 2665 283 2719 Pax
318 2680 453 2719 vero
480 2665 778 2735 generalis,
818 2681 980 2736 quam
1017 2667 1180 2720 etiam
1214 2682 1338 2720 cum
1389 2668 1689 2737 peregrinis

75 2756 419 2812 habenulam
449 2771 570 2811 esse
601 2757 868 2825 diximus,
899 2758 1025 2811 item
1057 2767 1113 2812 et
1136 2772 1229 2823 ca,
1261 2774 1380 2828 qua:
1404 2760 1549 2815 cives
1589 2760 1687 2817 fa)-

81 2851 250 2905 derat
285 2888 302 2912 ,
342 2849 483 2912 lucc,
513 2849 734 2918 inquam
764 2864 864 2919 pax
889 2891 903 2914 ,
924 2851 1176 2919 quamvis
1205 2852 1555 2907 domesticam
1582 2869 1684 2907 non

80 2940 384 2995 contineat
410 2936 833 3006 habitationem,
865 2940 907 2993 si
938 2948 1114 2992 tamen
1162 2940 1302 2995 inter
1347 2940 1556 3012 aliquos
1585 2944 1683 2998 do-

1794 1028 1845 1072 at
1878 1018 1929 1072 in
1989 1018 2158 1072 David
2185 1028 2394 1089 gestum
2430 1034 2552 1074 esse
2585 1020 2919 1090 agnoscitur.
2948 1019 3082 1086 Quia
3110 1022 3256 1077 enim
3303 1021 3366 1076 ii-

1791 1107 1892 1162 lios
1919 1107 2137 1163 licentia
2163 1108 2415 1164 molliore
2445 1118 2791 1175 tractaverat,
2815 1113 3379 1181 quantamconfusio-

1796 1213 1946 1261 nem,
1973 1208 2233 1268 quantutn
2281 1200 2627 1265 scandalum,
2682 1211 2941 1270 quantum
2975 1203 3269 1271 periculum
3297 1220 3365 1259 ex

1793 1289 1877 1343 his
1906 1300 2090 1359 postea
2119 1306 2311 1361 passus
2339 1290 2543 1358 fuerit,
2590 1308 2776 1362 regum
2809 1310 2915 1348 non
2943 1304 3159 1350 veretur
3192 1296 3365 1351 histo-

1792 1380 1870 1432 ria
1900 1379 2198 1436 dilfamare.

1860 1470 2030 1526 Porro
2077 1488 2200 1528 cum
2248 1489 2352 1544 pax
2403 1474 2698 1529 domestica
2729 1475 3028 1530 membrum
3078 1477 3146 1531 sit
3193 1477 3368 1532 civilis

1791 1564 1975 1634 pacis,
2009 1567 2052 1620 si
2083 1580 2187 1635 pax
2211 1565 2506 1623 domestica
2540 1582 2570 1620 a
2610 1567 2931 1631 domesticis
2979 1567 3228 1624 violanda
3260 1570 3366 1635 sit,

1792 1673 1859 1713 ne
1883 1657 2058 1713 civilis
2084 1667 2305 1726 pereat,
2331 1659 2438 1714 erit
2469 1668 2597 1714 tunc
2627 1675 2731 1729 pax
2760 1661 3057 1715 domestica
3093 1661 3237 1716 inter
3275 1676 3371 1731 pa-
3444 1698 3447 1701 -
3502 1664 3505 1669 ’

1719 1719 1766 1780 Β
1794 1758 1928 1805 trem
1957 1760 2012 1805 et
2038 1750 2205 1805 filium
2230 1752 2596 1813 distrahenda,
2619 1732 3072 1821 quemadmodum
3099 1753 3216 1811 illos
3234 1756 3371 1809 scri-

1790 1841 1967 1911 psisse
1994 1841 2257 1910 legimus,
2305 1842 2395 1911 qui
2442 1842 2508 1898 dc
2556 1851 2701 1897 statu
2737 1843 3047 1912 reipublicae
3089 1843 3372 1899 facundius

1791 1931 2225 2000 disputaverunt.

1859 2022 1939 2076 Ne
1993 2037 2122 2077 vero
2179 2030 2401 2092 putares
2444 2024 2799 2079 domesticam
2854 2038 3044 2094 pacem
3097 2024 3298 2078 nullam
3339 2038 3372 2078 a

1791 2114 2069 2184 Scriptura
2099 2130 2251 2169 sacra
2281 2114 2491 2169 laudem
2521 2115 2798 2185 recipere,
2824 2115 2941 2168 ideo
2965 2113 3377 2175 Ecclesiasticus

1790 2207 1856 2259 de
1886 2205 2002 2275 ipsa
2055 2205 2293 2276 loquitur
2332 2224 2344 2259 :
2380 2224 2398 2257 ι
2437 2206 2490 2260 In
2524 2207 2696 2262 tribus
2725 2216 2808 2262 est
2837 2206 3229 2275 heneplacilum
3266 2206 3375 2275 spi-

1788 2298 1915 2351 ritui
1947 2312 2069 2352 meo
2093 2313 2251 2367 ,qua:
2278 2307 2405 2353 sunt
2435 2300 2659 2369 probata
2704 2315 2887 2355 coram
2922 2299 3030 2353 Deo
3060 2310 3114 2352 et
3141 2299 3375 2353 homini»

1788 2389 1890 2443 bus
1920 2406 1932 2442 :
1968 2388 2270 2444 Concordia
2297 2391 2526 2445 fratrum
2548 2431 2561 2455 ,
2593 2406 2747 2446 amor
2774 2391 3141 2462 proximorum
3162 2431 3177 2456 ,
3208 2401 3263 2445 et
3293 2391 3376 2446 vir

1789 2490 1844 2536 et
1869 2481 2062 2537 mulier
2085 2483 2186 2538 sibi
2218 2484 2643 2540 consentientes.
2685 2504 2702 2538 ι

1787 2633 1918 2691 CAP.
1960 2634 2119 2689 XVII.
2142 2635 2309 2709 -έυε
2355 2638 2670 2709 quibusdam
2715 2639 3100 2701 accidentibus,
3130 2655 3220 2706 per
3258 2654 3376 2709 qua:

1985 2723 2090 2775 pax
2111 2707 2315 2777 privata
2341 2708 2602 2767 turbatur,
2634 2719 2681 2762 et
2711 2725 2890 2762 eorum
2930 2710 3175 2763 remedio.

1859 2824 2321 2913 Denique'duplex
2368 2843 2501 2899 haec
2532 2858 2670 2913 pax,
2716 2844 3011 2899 domestica
3058 2844 3290 2905 scilicet,
3323 2855 3380 2897 et

1783 2931 1976 2988 affectu
2008 2934 2305 2990 domestico
2341 2935 2569 2990 amicata
2616 2936 2765 3005 (lucc
2795 2943 2879 2990 est
2908 2935 3051 2990 enim
3084 2935 3201 3004 ipsa
3248 2936 3380 2989 ami-

87 3031 335 3087 mestico
365 3038 745 3099 promoventur
774 3029 965 3085 alfectu
985 3070 1001 3094 ,
1032 3030 1238 3100 privata
1272 3047 1373 3103 pax
1418 3034 1511 3098 tit,
1544 3036 1681 3090 ami-

1803 3023 1936 3096 :itia)
1984 3025 2129 3089 haec,
2174 3026 2426 3096 inquam,
2476 3042 2577 3096 pax
2634 3035 2837 3095 quanto
2875 3036 2961 3083 est
3015 3025 3378 3094 coniunctior,

85 3124 356 3191 citimque
385 3122 487 3175 sibi
523 3120 676 3175 dulce
716 3135 908 3175 nomen
951 3122 1207 3177 attitulat.
1239 3123 1391 3182 Unde
1415 3129 1597 3183 evenit
1626 3137 1685 3183 ut

90 3219 268 3271 etiam
319 3222 548 3283 quartus
575 3213 776 3284 gradus
823 3214 1079 3284 exsurgat
1108 3217 1279 3272 tribus
1310 3220 1687 3288 superioribus

92 3309 462 3373 adunandus,
508 3307 788 3371 videlicet,
820 3316 879 3361 ut
921 3308 1012 3377 qui
1060 3319 1216 3363 antea
1260 3325 1449 3381 pacem
1497 3314 1681 3377 orbis,

109 3402 266 3456 urbis
310 3410 368 3454 et
405 3400 596 3453 domus
641 3399 856 3455 familia:
884 3402 1351 3471 computavimus,
1404 3405 1455 3458 in
1495 3417 1691 3475 quarto

104 3495 283 3564 gradu
311 3506 502 3561 parem
525 3488 774 3543 amicitiae
798 3506 1145 3548 numeremus
1172 3512 1183 3547 :
1210 3510 1330 3565 quae
1354 3496 1537 3565 utique
1557 3497 1691 3550 ami-

99 3585 229 3639 citia
266 3579 640 3635 vicissitudine
665 3579 965 3634 stndiormn
993 3580 1399 3655 olliciorumque
1420 3586 1616 3640 colitur
1635 3598 1691 3641 et

98 3687 343 3731 tenetur.
373 3675 628 3745 Alioquin
662 3677 804 3730 nullo
828 3684 985 3745 pacto
1010 3672 1264 3731 amicitiai.
1298 3686 1567 3731 momenta
1593 3678 1692 3732 du-

98 3769 330 3832 rabunt,
365 3766 472 3821 nisi
503 3782 567 3823 ex
619 3777 848 3838 utraque
896 3777 1049 3837 parte
1085 3766 1326 3824 olliciosa
1356 3779 1566 3825 constet
1607 3769 1690 3823 af-

98 3856 299 3918 factio.

304 3993 443 4049 Car.
483 3991 623 4048 XVI.
645 4023 715 4034 —
734 3993 813 4048 De
840 4003 976 4048 statu
1002 3994 1146 4064 pacis
1172 3995 1489 4051 domestica.

166 4130 305 4195 Quia
326 4140 476 4181 .vcro
508 4127 687 4181 omnis
726 4127 917 4182 domus
963 4128 1228 4197 particula
1275 4130 1521 4197 qumdam
1564 4130 1693 4183 civi-

103 4222 225 4275 tatis
246 4230 356 4284 est,
395 4219 577 4274 omnis
621 4227 801 4274 autem
831 4234 955 4287 pars
987 4220 1050 4273 ad
1083 4219 1318 4274 universi
1361 4218 1515 4288 cujus
1566 4236 1691 4289 pars

101 4322 210 4375 est,
245 4298 621 4380 integritatem
654 4308 905 4369 refertur.
934 4309 1094 4363 debet
1120 4310 1187 4364 ad
1220 4326 1467 4365 normam
1515 4312 1691 4366 civilis

1786 3128 1853 3169 eo
1928 3116 2211 3170 consuevit
2285 3115 2746 3186 frequentioribus
2817 3117 3244 3173 dissensionibus
3308 3117 3382 3176 la.

1788 3206 1994 3271 cerari,
2043 3216 2134 3273 ut,
2186 3207 2339 3262 verbi
2390 3209 2594 3279 gratia,
2649 3207 2964 3272 iracundia,
3015 3208 3376 3269 verliositate,

1790 3296 1960 3366 magis
1988 3304 2167 3350 autem
2196 3299 2439 3352 susurrio
2463 3338 2478 3363 ,
2504 3299 2624 3368 plus
2671 3298 2920 3353 convicio
2969 3298 3053 3351 vel
3110 3298 3380 3368 imprope-

1791 3386 1894 3449 rio,
1917 3395 1972 3439 et
2000 3385 2168 3440 multo
2194 3388 2426 3456 amplius
2468 3390 2751 3457 superbia,
2783 3388 3071 3443 dolositate
3107 3405 3173 3443 ac
3211 3390 3380 3444 denu-

1790 3483 2011 3538 datioue
2036 3484 2310 3553 mysterii,
2347 3494 2438 3548 et,
2478 3485 2620 3553 quod
2651 3500 2814 3553 super
2841 3485 2954 3538 hare
2994 3484 3174 3537 omnia
3226 3483 3381 3537 ntali-

1790 3573 1978 3642 gnius,
2026 3590 2121 3643 per
2157 3575 2435 3629 mulierem
2467 3590 2728 3644 nequam;
2760 3590 2882 3644 quae
2910 3573 3117 3645 singula
3148 3572 3371 3643 Sapien-

1794 3666 1862 3721 tis
1890 3666 2180 3722 Proverbia
2215 3676 2493 3721 notarunt.

1866 3758 2076 3814 Dicitur
2122 3760 2268 3815 enim
2316 3760 2368 3813 in
2401 3758 2759 3819 Proverbiis:
2810 3776 2828 3809 ι
2871 3757 3044 3813 Homo
3092 3771 3380 3826 perversus

1794 3855 2020 3912 suscitat
2047 3851 2203 3918 lites,
2232 3865 2288 3905 et
2314 3851 2577 3905 verbosus
2605 3859 2824 3920 separat
2865 3849 3161 3920 principes.
3196 3868 3215 3900 ι
3247 3847 3378 3902 Item

1803 3945 2216 4002 Ecclesiasticus
2259 3961 2271 3997 :
2305 3964 2324 3995 ι
2358 3942 2594 3998 Susurro
2627 3953 2683 3997 et
2730 3942 2988 4012 bilinguis
3037 3940 3377 3995 maledictus.

1798 4039 1999 4094 Multos
2054 4039 2201 4092 enim
2263 4035 2503 4089 turbavit
2549 4050 2735 4103 parem
2788 4036 3069 4089 habentes.
3109 4053 3126 4083 ι
3182 4033 3311 4086 Item
3363 4050 3375 4085 :

1800 4148 1819 4180 ι
1859 4130 2033 4183 Homo
2059 4127 2353 4182 iracundus
2378 4126 2614 4180 incendit
2644 4125 2829 4189 litem,
2875 4134 2932 4179 et
2980 4126 3035 4178 iit
3081 4124 3259 4178 tnedio
3288 4140 3381 4192 pa-

1794 4236 1911 4277 cem
1956 4217 2273 4274 habentium
2310 4217 2567 4271 immittet
2628 4215 2964 4270 inimicitias.
3001 4234 3019 4266 ι
3075 4213 3139 4268 Et
3184 4213 3307 4267 item
3362 4231 3373 4267 :

1799 4329 1817 4361 ι
1851 4310 2071 4365 Mittens
2107 4306 2336 4376 lapidem
2364 4307 2417 4360 in
2441 4305 2674 4360 volatilia
2698 4304 2916 4374 dejiciet
2941 4305 3052 4359 illa.
3085 4305 3177 4360 Sic
3204 4313 3259 4359 et
3286 4304 3377 4373 qui

108 4404 254 4472 pacis
295 4418 404 4472 pax
449 4399 674 4455 formari
695 4385 701 4391 ’
725 4401 1023 4455 domestica
1046 4441 1059 4465 ,
1110 4410 1168 4455 ut
1202 4401 1343 4456 sicut
1381 4402 1556 4457 civilis
1584 4418 1686 4472 pax
1717 4429 1769 4489 ι)
1793 4402 2130 4457 conviciatur
2154 4400 2330 4454 amico
2358 4414 2482 4464 suo,
2530 4399 2775 4454 dissolvit
2797 4400 3113 4454 amicitiam.
3145 4402 3224 4454 Ad
3251 4401 3382 4457 auti-

109 4495 336 4565 publicis
386 4501 742 4548 conservatur
775 4492 982 4562 legibus
1005 4532 1019 4556 ,
1066 4495 1145 4548 sic
1172 4502 1227 4547 et
1255 4507 1357 4561 pax
1390 4492 1689 4549 domestica

116 4587 336 4655 privatis
365 4584 749 4641 traditionibus
768 4584 1004 4655 legitime
1022 4585 1371 4654 gubernetur.
1404 4583 1557 4641 Unde
1581 4586 1690 4639 sic-
1728 4650 1735 4657 ι

120 4688 172 4730 ιιι
208 4678 291 4732 ille
321 4678 409 4747 qui
438 4691 625 4746 pacem
654 4674 921 4746 publicam
954 4685 1153 4740 tuetur,
1215 4686 1371 4747 pater
1395 4677 1583 4745 patriae
1609 4677 1688 4730 di-

122 4770 256 4823 citur
282 4785 297 4836 ;
328 4770 405 4823 sic
432 4775 489 4821 et
515 4768 605 4837 qui
635 4782 823 4837 pacem
877 4768 1224 4822 domesticam
1258 4770 1421 4839 regit,
1454 4770 1690 4838 paterfa-

123 4862 289 4915 milias
321 4860 515 4914 meruit
545 4874 791 4927 nuncupa
804 4859 869 4912 ri.
1075 4918 1081 4924 ,

192 4956 255 5008 Ει
298 4953 551 5023 quoniam
593 4961 836 5021 respectu
887 4951 1107 5007 familiw
1136 4969 1248 5008 sua:
1274 4955 1444 5023 patris
1475 4958 1692 5013 nomine

129 5058 381 5110 censetur,
412 5048 568 5100 decet
589 5044 773 5108 etiam,
802 5046 1056 5099 omnibus
1080 5046 1253 5100 servis
1280 5048 1417 5112 suis,
1444 5049 1534 5117 qui
1566 5064 1691 5118 pars

128 5142 335 5195 familia:
381 5149 506 5193 sunt
552 5139 765 5209 paterni
800 5138 1001 5193 favoris
1028 5139 1371 5193 clementiam
1398 5142 1687 5205 exhibere,

126 5243 381 5299 quatenus
414 5233 631 5286 occasio
661 5231 941 5286 turbanda:
966 5232 1274 5287 domesticae
1300 5234 1450 5302 pacis
1477 5236 1692 5288 subtra-

132 5321 300 5376 batur.
330 5323 371 5376 A
413 5340 517 5392 qua
549 5324 817 5378 sententia
867 5339 972 5376 non
1008 5324 1271 5388 discedit,
1304 5325 1442 5392 quod
1472 5327 1689 5395 quidam

135 5413 351 5482 vulgata!
376 5415 712 5469 auctoritatis
739 5416 954 5484 sapiens
987 5414 1206 5468 tradidit
1230 5432 1244 5467 :
1280 5433 1297 5464 ι
1334 5416 1424 5469 Sic
1453 5432 1575 5470 cum
1604 5418 1676 5470 in-

140 5502 328 5559 lcriore
375 5508 554 5571 vivas,
616 5507 1065 5576 quemadmodmn
1116 5507 1445 5574 superiorem
1515 5517 1690 5562 tecum

144 5596 311 5653 vivere
351 5600 529 5655 velles.
562 5599 783 5667 Quoties
819 5600 869 5654 in
906 5610 1138 5653 mentem
1190 5600 1369 5662 venit,
1420 5611 1687 5668 quantum

148 5686 233 5740 tibi
262 5689 309 5741 in
334 5703 537 5745 servum
573 5702 720 5745 tuum
754 5690 943 5755 liceat,
972 5693 1145 5746 veniat
1185 5693 1236 5746 in
1274 5703 1536 5758 nicntcm,
1572 5701 1684 5748 tan-

1795 4510 1919 4549 cum
1952 4502 2008 4548 et
2050 4492 2095 4547 si
2142 4491 2465 4562 produxeris
2490 4491 2757 4562 gladium,
2810 4509 2916 4546 non
2965 4493 3256 4562 desperes;
3298 4503 3382 4549 est

1801 4587 1948 4640 enim
1981 4599 2279 4656 regressus.
2316 4584 2397 4638 Ad
2434 4585 2667 4639 amicum
2718 4584 2761 4640 si
2797 4586 3075 4656 aperueris
3103 4603 3164 4640 ns
3194 4586 3379 4647 triSte.

1796 4696 1903 4735 non
1932 4680 2152 4742 timeas;
2186 4688 2272 4733 est
2310 4678 2455 4732 enim
2502 4679 2890 4743 concordatio,
2921 4688 3148 4747 excepto
3192 4681 3379 4733 convi-

1809 4773 1917 4837 cio,
1968 4771 2325 4840 improperio,
2364 4779 2420 4825 et
2470 4770 2752 4840 superbia,
2803 4780 2859 4824 et
2901 4770 3140 4839 mysterii
3178 4771 3382 4825 revela.

1802 4865 1952 4917 tione
1983 4872 2039 4918 et
2068 4862 2220 4932 plaga
2250 4862 2436 4916 dolosa
2471 4879 2484 4915 :
2515 4862 2567 4915 in
2600 4860 2685 4916 his
2727 4860 2977 4915 omnibus
3002 4859 3218 4929 ell'ugiet
3247 4863 3383 4913 anti-

1794 4971 1909 5012 cus.
1943 4955 1999 5010 Si
2042 4955 2407 5010 denudavcris
2437 4953 2700 5008 absconsa
2733 4952 2877 5004 illius
2898 4991 2913 5014 ,
2950 4966 3058 5005 non
3091 4966 3384 5020 pet-seque,-

1799 5046 1876 5101 ris
1903 5055 2025 5116 post
2050 5062 2197 5099 eum.
2230 5045 2383 5099 Sicut
2413 5046 2503 5114 qui
2537 5043 2762 5098 dimittit
2788 5058 2943 5103 avent
2975 5043 3042 5096 de
3073 5058 3236 5096 manu
3261 5058 3381 5107 sua,

1795 5140 1876 5193 sic
1907 5139 2241 5209 dereliquisti
2283 5140 2589 5207 proximum
2622 5148 2805 5202 tuum,
2858 5146 2912 5191 et
2959 5153 3063 5191 non
3114 5153 3239 5193 eum
3288 5154 3383 5190 ca-

1794 5229 1929 5298 pies.
1985 5228 2252 5283 Maledicti
2289 5238 2374 5283 est
2434 5226 2817 5290 concordatio;
2876 5225 3150 5281 denudare
3219 5227 3381 5281 amici

1798 5322 2053 5390 mysteria
2075 5362 2091 5385 ,
2121 5320 2428 5389 desperatio
2453 5329 2537 5373 est
2561 5319 2754 5372 animae
2792 5318 3041 5373 infidelis.
3083 5339 3097 5368 I

1868 5413 1943 5467 De
1969 5414 2194 5467 muliere
2224 5427 2350 5465 vero
2386 5411 2582 5465 ibidem
2610 5410 2942 5480 adjnugitur,
2981 5412 3104 5479 quia
3133 5430 3150 5461 ι
3172 5394 3384 5463 ἰιιιιιίθι-

1798 5506 1952 5560 fortis
1987 5505 2220 5559 oblectat
2250 5504 2421 5557 virum
2451 5519 2607 5557 suum
2631 5542 2647 5565 ,
2672 5514 2725 5556 et
2755 5519 2926 5557 annos
2959 5504 3080 5556 vitae
3129 5502 3274 5557 illius
3322 5503 3375 5555 in
3430 5554 3433 5555 ν

1798 5614 1928 5669 pace
1953 5596 2215 5665 implebit.
2258 5616 2274 5644 ι
2317 5596 2467 5648 Sicut
2495 5605 2674 5648 autem
2709 5595 2896 5663 beatus
2921 5594 3135 5664 estuqui
3172 5593 3380 5651 habitat

1794 5707 1914 5745 cum
1945 5689 2166 5745 muliere
2197 5698 2443 5757 scusata.
2490 5687 2567 5743 sic
2613 5702 2642 5740 e
2692 5686 2907 5763 diverso
2960 5685 3403 5763 t,(‘0lltlll.0|'3l'i..
