  <div class='ocr_page' id='page_1' title='image "/cluster/home/n/w/nwhite01/storage/ocr_20150623/150/hvd.32044015473788/815.png"; bbox 0 0 3902 6316; ppageno 0'>
   <div class='ocr_carea' id='block_1_1' title="bbox 543 255 683 312">
    <p class='ocr_par' dir='ltr' id='par_1_1' title="bbox 543 255 683 312">
     <span class='ocr_line' id='line_1_1' title="bbox 543 255 683 312; baseline -0.014 0"><span class='ocrx_word' id='word_1_1' title='bbox 543 255 683 312; x_wconf 70' lang='lat'><strong>169.3</strong></span> 
     </span>
    </p>
   </div>
   <div class='ocr_carea' id='block_1_2' title="bbox 541 464 2108 537">
    <p class='ocr_par' dir='ltr' id='par_1_2' title="bbox 541 464 2108 537">
     <span class='ocr_line' id='line_1_2' title="bbox 541 464 2108 537; baseline 0.003 -20"><span class='ocrx_word' id='word_1_2' title='bbox 541 478 663 517; x_wconf 86' lang='lat' dir='ltr'><strong>cum</strong></span> <span class='ocrx_word' id='word_1_3' title='bbox 693 464 919 519; x_wconf 85' lang='lat' dir='ltr'><strong>muliere</strong></span> <span class='ocrx_word' id='word_1_4' title='bbox 951 481 1187 536; x_wconf 84' lang='lat' dir='ltr'><strong>nequam</strong></span> <span class='ocrx_word' id='word_1_5' title='bbox 1206 507 1221 530; x_wconf 94' lang='lat'><strong>,</strong></span> <span class='ocrx_word' id='word_1_6' title='bbox 1257 485 1276 518; x_wconf 73' lang='grc' dir='ltr'><strong>ο</strong></span> <span class='ocrx_word' id='word_1_7' title='bbox 1303 483 1367 522; x_wconf 88' lang='lat' dir='ltr'><strong>ea</strong></span> <span class='ocrx_word' id='word_1_8' title='bbox 1396 469 1650 533; x_wconf 78' lang='lat' dir='ltr'><strong>maxime,</strong></span> <span class='ocrx_word' id='word_1_9' title='bbox 1679 483 1798 537; x_wconf 67' lang='lat' dir='ltr'><strong>quae</strong></span> <span class='ocrx_word' id='word_1_10' title='bbox 1822 469 2108 523; x_wconf 70' lang='lat' dir='ltr'><strong>vetitorum</strong></span> 
     </span>
    </p>
   </div>
   <div class='ocr_carea' id='block_1_3' title="bbox 537 556 2113 631">
    <p class='ocr_par' dir='ltr' id='par_1_3' title="bbox 537 556 2113 631">
     <span class='ocr_line' id='line_1_3' title="bbox 537 556 2113 631; baseline 0.006 -25"><span class='ocrx_word' id='word_1_11' title='bbox 537 556 870 622; x_wconf 85' lang='lat' dir='ltr'><strong>procacitate</strong></span> <span class='ocrx_word' id='word_1_12' title='bbox 900 559 1158 613; x_wconf 90' lang='lat' dir='ltr'><strong>continua</strong></span> <span class='ocrx_word' id='word_1_13' title='bbox 1201 560 1315 613; x_wconf 86' lang='lat' dir='ltr'><strong>viro</strong></span> <span class='ocrx_word' id='word_1_14' title='bbox 1356 561 1540 629; x_wconf 86' lang='lat' dir='ltr'><strong>quieto</strong></span> <span class='ocrx_word' id='word_1_15' title='bbox 1573 569 1628 615; x_wconf 93' lang='lat' dir='ltr'><strong>et</strong></span> <span class='ocrx_word' id='word_1_16' title='bbox 1670 562 1898 631; x_wconf 89' lang='lat' dir='ltr'><strong>pacilico</strong></span> <span class='ocrx_word' id='word_1_17' title='bbox 1945 561 2113 615; x_wconf 88' lang='lat' dir='ltr'><strong>mole-</strong></span> 
     </span>
    </p>
   </div>
   <div class='ocr_carea' id='block_1_4' title="bbox 540 645 2112 725">
    <p class='ocr_par' dir='ltr' id='par_1_4' title="bbox 540 645 2112 725">
     <span class='ocr_line' id='line_1_4' title="bbox 540 645 2112 725; baseline 0.006 -27"><span class='ocrx_word' id='word_1_18' title='bbox 540 645 701 700; x_wconf 88' lang='lat' dir='ltr'><strong>stiam</strong></span> <span class='ocrx_word' id='word_1_19' title='bbox 752 646 949 718; x_wconf 88' lang='lat' dir='ltr'><strong>ingerit</strong></span> <span class='ocrx_word' id='word_1_20' title='bbox 983 665 1144 721; x_wconf 88' lang='lat' dir='ltr'><strong>quam</strong></span> <span class='ocrx_word' id='word_1_21' title='bbox 1180 666 1443 706; x_wconf 82' lang='lat' dir='ltr'><strong>amaram.</strong></span> <span class='ocrx_word' id='word_1_22' title='bbox 1476 653 1623 708; x_wconf 88' lang='lat' dir='ltr'><strong>Unde</strong></span> <span class='ocrx_word' id='word_1_23' title='bbox 1654 652 1840 725; x_wconf 86' lang='lat' dir='ltr'><strong>[sicut]</strong></span> <span class='ocrx_word' id='word_1_24' title='bbox 1870 672 1888 704; x_wconf 71' lang='grc' dir='ltr'><strong><em>ι</em></strong></span> <span class='ocrx_word' id='word_1_25' title='bbox 1921 669 2112 708; x_wconf 84' lang='lat' dir='ltr'><strong>ascen—</strong></span> 
     </span>
    </p>
   </div>
   <div class='ocr_carea' id='block_1_5' title="bbox 544 741 2111 812">
    <p class='ocr_par' dir='ltr' id='par_1_5' title="bbox 544 741 2111 812">
     <span class='ocr_line' id='line_1_5' title="bbox 544 741 2111 812; baseline 0.005 -22"><span class='ocrx_word' id='word_1_26' title='bbox 544 751 638 790; x_wconf 82' lang='lat' dir='ltr'><strong>sus</strong></span> <span class='ocrx_word' id='word_1_27' title='bbox 668 752 933 794; x_wconf 84' lang='lat' dir='ltr'><strong>arenosus</strong></span> <span class='ocrx_word' id='word_1_28' title='bbox 971 741 1023 795; x_wconf 92' lang='lat' dir='ltr'><strong>in</strong></span> <span class='ocrx_word' id='word_1_29' title='bbox 1062 742 1285 812; x_wconf 81' lang='lat' dir='ltr'><strong>pedibus</strong></span> <span class='ocrx_word' id='word_1_30' title='bbox 1312 746 1587 809; x_wconf 86' lang='lat' dir='ltr'><strong>veterani,</strong></span> <span class='ocrx_word' id='word_1_31' title='bbox 1640 745 1719 801; x_wconf 89' lang='lat' dir='ltr'><strong>sic</strong></span> <span class='ocrx_word' id='word_1_32' title='bbox 1770 745 1965 799; x_wconf 81' lang='lat' dir='ltr'><strong>mulier</strong></span> <span class='ocrx_word' id='word_1_33' title='bbox 2004 744 2111 798; x_wconf 91' lang='lat' dir='ltr'><strong>liu-</strong></span> 
     </span>
    </p>
   </div>
   <div class='ocr_carea' id='block_1_6' title="bbox 537 831 1227 903">
    <p class='ocr_par' dir='ltr' id='par_1_6' title="bbox 537 831 1227 903">
     <span class='ocr_line' id='line_1_6' title="bbox 537 831 1227 903; baseline 0.009 -22"><span class='ocrx_word' id='word_1_34' title='bbox 537 838 699 898; x_wconf 82' lang='lat' dir='ltr'><strong>guata</strong></span> <span class='ocrx_word' id='word_1_35' title='bbox 733 831 938 886; x_wconf 86' lang='lat' dir='ltr'><strong>homini</strong></span> <span class='ocrx_word' id='word_1_36' title='bbox 970 834 1172 903; x_wconf 92' lang='lat' dir='ltr'><strong>quieto.</strong></span> <span class='ocrx_word' id='word_1_37' title='bbox 1209 855 1227 887; x_wconf 73' lang='grc' dir='ltr'><strong><em>ι</em></strong></span> 
     </span>
    </p>
   </div>
   <div class='ocr_carea' id='block_1_7' title="bbox 608 916 2111 997">
    <p class='ocr_par' dir='ltr' id='par_1_7' title="bbox 608 916 2111 997">
     <span class='ocr_line' id='line_1_7' title="bbox 608 916 2111 997; baseline 0.005 -24"><span class='ocrx_word' id='word_1_38' title='bbox 608 916 687 974; x_wconf 80' lang='lat' dir='ltr'><strong>Ne</strong></span> <span class='ocrx_word' id='word_1_39' title='bbox 715 920 877 991; x_wconf 88' lang='lat' dir='ltr'><strong>igitur</strong></span> <span class='ocrx_word' id='word_1_40' title='bbox 907 936 1004 991; x_wconf 87' lang='lat' dir='ltr'><strong>per</strong></span> <span class='ocrx_word' id='word_1_41' title='bbox 1040 923 1343 992; x_wconf 77' lang='lat' dir='ltr'><strong>huiusmodi</strong></span> <span class='ocrx_word' id='word_1_42' title='bbox 1373 941 1474 996; x_wconf 87' lang='lat' dir='ltr'><strong>pax</strong></span> <span class='ocrx_word' id='word_1_43' title='bbox 1501 928 1751 983; x_wconf 74' lang='lat' dir='ltr'><strong>amicitia:</strong></span> <span class='ocrx_word' id='word_1_44' title='bbox 1788 927 2111 997; x_wconf 66' lang='lat' dir='ltr'><strong>famiiiatque</strong></span> 
     </span>
    </p>
   </div>
   <div class='ocr_carea' id='block_1_8' title="bbox 538 1016 2114 1092">
    <p class='ocr_par' dir='ltr' id='par_1_8' title="bbox 538 1016 2114 1092">
     <span class='ocr_line' id='line_1_8' title="bbox 538 1016 2114 1092; baseline 0.004 -24"><span class='ocrx_word' id='word_1_45' title='bbox 538 1023 839 1085; x_wconf 85' lang='lat' dir='ltr'><strong>rumpatur,</strong></span> <span class='ocrx_word' id='word_1_46' title='bbox 885 1016 1163 1073; x_wconf 86' lang='lat' dir='ltr'><strong>iracundia</strong></span> <span class='ocrx_word' id='word_1_47' title='bbox 1214 1035 1310 1089; x_wconf 90' lang='lat' dir='ltr'><strong>per</strong></span> <span class='ocrx_word' id='word_1_48' title='bbox 1360 1022 1857 1086; x_wconf 85' lang='lat' dir='ltr'><strong>mansuetudinem,</strong></span> <span class='ocrx_word' id='word_1_49' title='bbox 1903 1038 1999 1092; x_wconf 91' lang='lat' dir='ltr'><strong>per</strong></span> <span class='ocrx_word' id='word_1_50' title='bbox 2041 1022 2114 1075; x_wconf 84' lang='lat' dir='ltr'><strong>Io-</strong></span> 
     </span>
    </p>
   </div>
   <div class='ocr_carea' id='block_1_9' title="bbox 537 1108 2112 1178">
    <p class='ocr_par' dir='ltr' id='par_1_9' title="bbox 537 1108 2112 1178">
     <span class='ocr_line' id='line_1_9' title="bbox 537 1108 2112 1178; baseline 0.005 -18"><span class='ocrx_word' id='word_1_51' title='bbox 537 1108 734 1176; x_wconf 85' lang='lat' dir='ltr'><strong>quendi</strong></span> <span class='ocrx_word' id='word_1_52' title='bbox 764 1110 1152 1178; x_wconf 89' lang='lat' dir='ltr'><strong>parcimoniam</strong></span> <span class='ocrx_word' id='word_1_53' title='bbox 1205 1113 1504 1167; x_wconf 82' lang='lat' dir='ltr'><strong>verbositas</strong></span> <span class='ocrx_word' id='word_1_54' title='bbox 1551 1113 1885 1168; x_wconf 87' lang='lat' dir='ltr'><strong>exclmlatur.</strong></span> <span class='ocrx_word' id='word_1_55' title='bbox 1941 1116 2112 1169; x_wconf 83' lang='lat' dir='ltr'><strong>Aures</strong></span> 
     </span>
    </p>
   </div>
   <div class='ocr_carea' id='block_1_10' title="bbox 537 1198 2113 1273">
    <p class='ocr_par' dir='ltr' id='par_1_10' title="bbox 537 1198 2113 1273">
     <span class='ocr_line' id='line_1_10' title="bbox 537 1198 2113 1273; baseline 0.001 -21"><span class='ocrx_word' id='word_1_56' title='bbox 537 1198 813 1268; x_wconf 86' lang='lat' dir='ltr'><strong>sepiamus</strong></span> <span class='ocrx_word' id='word_1_57' title='bbox 841 1215 870 1254; x_wconf 92' lang='lat' dir='ltr'><strong>a</strong></span> <span class='ocrx_word' id='word_1_58' title='bbox 896 1203 1186 1268; x_wconf 85' lang='lat' dir='ltr'><strong>susurriis,</strong></span> <span class='ocrx_word' id='word_1_59' title='bbox 1225 1218 1287 1255; x_wconf 88' lang='lat' dir='ltr'><strong>os</strong></span> <span class='ocrx_word' id='word_1_60' title='bbox 1334 1204 1404 1257; x_wconf 87' lang='lat' dir='ltr'><strong>ab</strong></span> <span class='ocrx_word' id='word_1_61' title='bbox 1444 1204 1697 1257; x_wconf 89' lang='lat' dir='ltr'><strong>omnibus</strong></span> <span class='ocrx_word' id='word_1_62' title='bbox 1727 1204 1984 1258; x_wconf 84' lang='lat' dir='ltr'><strong>conv‘ciis</strong></span> <span class='ocrx_word' id='word_1_63' title='bbox 2017 1220 2113 1273; x_wconf 82' lang='lat' dir='ltr'><strong>op-</strong></span> 
     </span>
    </p>
   </div>
   <div class='ocr_carea' id='block_1_11' title="bbox 534 1289 2109 1364">
    <p class='ocr_par' dir='ltr' id='par_1_11' title="bbox 534 1289 2109 1364">
     <span class='ocr_line' id='line_1_11' title="bbox 534 1289 2109 1364; baseline 0.002 -21"><span class='ocrx_word' id='word_1_64' title='bbox 534 1289 796 1357; x_wconf 85' lang='lat' dir='ltr'><strong>pilemus,</strong></span> <span class='ocrx_word' id='word_1_65' title='bbox 830 1292 976 1347; x_wconf 90' lang='lat' dir='ltr'><strong>nullo</strong></span> <span class='ocrx_word' id='word_1_66' title='bbox 1002 1309 1162 1364; x_wconf 86' lang='lat' dir='ltr'><strong>super</strong></span> <span class='ocrx_word' id='word_1_67' title='bbox 1206 1294 1436 1350; x_wconf 78' lang='lat' dir='ltr'><strong>anticum</strong></span> <span class='ocrx_word' id='word_1_68' title='bbox 1472 1294 1760 1350; x_wconf 70' lang='lat' dir='ltr'><strong>efferamur</strong></span> <span class='ocrx_word' id='word_1_69' title='bbox 1786 1296 2073 1364; x_wconf 79' lang='lat' dir='ltr'><strong>supercilio</strong></span> <span class='ocrx_word' id='word_1_70' title='bbox 2094 1336 2109 1361; x_wconf 89' lang='lat'><strong>,</strong></span> 
     </span>
    </p>
   </div>
   <div class='ocr_carea' id='block_1_12' title="bbox 538 1381 2104 1452">
    <p class='ocr_par' dir='ltr' id='par_1_12' title="bbox 538 1381 2104 1452">
     <span class='ocr_line' id='line_1_12' title="bbox 538 1381 2104 1452; baseline 0.003 -18"><span class='ocrx_word' id='word_1_71' title='bbox 538 1381 711 1436; x_wconf 90' lang='lat' dir='ltr'><strong>nullas</strong></span> <span class='ocrx_word' id='word_1_72' title='bbox 737 1383 792 1437; x_wconf 90' lang='lat' dir='ltr'><strong>in</strong></span> <span class='ocrx_word' id='word_1_73' title='bbox 823 1400 946 1440; x_wconf 90' lang='lat' dir='ltr'><strong>eum</strong></span> <span class='ocrx_word' id='word_1_74' title='bbox 978 1386 1184 1442; x_wconf 80' lang='lat' dir='ltr'><strong>fraudis</strong></span> <span class='ocrx_word' id='word_1_75' title='bbox 1230 1387 1515 1442; x_wconf 87' lang='lat' dir='ltr'><strong>moliamur</strong></span> <span class='ocrx_word' id='word_1_76' title='bbox 1559 1388 1818 1452; x_wconf 81' lang='lat' dir='ltr'><strong>insidias,</strong></span> <span class='ocrx_word' id='word_1_77' title='bbox 1849 1402 1948 1442; x_wconf 81' lang='lat' dir='ltr'><strong>nec</strong></span> <span class='ocrx_word' id='word_1_78' title='bbox 1976 1388 2104 1441; x_wconf 79' lang='lat' dir='ltr'><strong>ami-</strong></span> 
     </span>
    </p>
   </div>
   <div class='ocr_carea' id='block_1_13' title="bbox 533 1480 2111 1550">
    <p class='ocr_par' dir='ltr' id='par_1_13' title="bbox 533 1480 2111 1550">
     <span class='ocr_line' id='line_1_13' title="bbox 533 1480 2111 1550; baseline 0.003 -21"><span class='ocrx_word' id='word_1_79' title='bbox 533 1491 724 1532; x_wconf 84' lang='lat' dir='ltr'><strong>corum</strong></span> <span class='ocrx_word' id='word_1_80' title='bbox 758 1489 966 1534; x_wconf 90' lang='lat' dir='ltr'><strong>secreta</strong></span> <span class='ocrx_word' id='word_1_81' title='bbox 986 1519 1000 1543; x_wconf 93' lang='lat'><strong>,</strong></span> <span class='ocrx_word' id='word_1_82' title='bbox 1037 1495 1157 1550; x_wconf 61' lang='lat' dir='ltr'><strong>qure</strong></span> <span class='ocrx_word' id='word_1_83' title='bbox 1182 1480 1429 1535; x_wconf 87' lang='lat' dir='ltr'><strong>novimus</strong></span> <span class='ocrx_word' id='word_1_84' title='bbox 1450 1521 1465 1545; x_wconf 92' lang='lat'><strong>,</strong></span> <span class='ocrx_word' id='word_1_85' title='bbox 1514 1480 1694 1549; x_wconf 79' lang='lat' dir='ltr'><strong>lingua</strong></span> <span class='ocrx_word' id='word_1_86' title='bbox 1720 1482 1997 1550; x_wconf 80' lang='lat' dir='ltr'><strong>pruriente</strong></span> <span class='ocrx_word' id='word_1_87' title='bbox 2019 1481 2111 1533; x_wconf 78' lang='lat' dir='ltr'><strong>de-</strong></span> 
     </span>
    </p>
   </div>
   <div class='ocr_carea' id='block_1_14' title="bbox 534 1569 2110 1637">
    <p class='ocr_par' dir='ltr' id='par_1_14' title="bbox 534 1569 2110 1637">
     <span class='ocr_line' id='line_1_14' title="bbox 534 1569 2110 1637; baseline 0.003 -15"><span class='ocrx_word' id='word_1_88' title='bbox 534 1569 819 1624; x_wconf 87' lang='lat' dir='ltr'><strong>nudentus.</strong></span> <span class='ocrx_word' id='word_1_89' title='bbox 851 1570 978 1625; x_wconf 79' lang='lat' dir='ltr'><strong>Hth</strong></span> <span class='ocrx_word' id='word_1_90' title='bbox 1006 1572 1148 1626; x_wconf 91' lang='lat' dir='ltr'><strong>enim</strong></span> <span class='ocrx_word' id='word_1_91' title='bbox 1182 1571 1313 1637; x_wconf 91' lang='lat' dir='ltr'><strong>tria,</strong></span> <span class='ocrx_word' id='word_1_92' title='bbox 1364 1572 1573 1627; x_wconf 90' lang='lat' dir='ltr'><strong>scilicet</strong></span> <span class='ocrx_word' id='word_1_93' title='bbox 1605 1572 1946 1627; x_wconf 81' lang='lat' dir='ltr'><strong>inimicitiam</strong></span> <span class='ocrx_word' id='word_1_94' title='bbox 1970 1611 1985 1637; x_wconf 95' lang='lat'><strong>,</strong></span> <span class='ocrx_word' id='word_1_95' title='bbox 2015 1571 2110 1626; x_wconf 84' lang='lat' dir='ltr'><strong>du-</strong></span> 
     </span>
    </p>
   </div>
   <div class='ocr_carea' id='block_1_15' title="bbox 532 1660 2108 1735">
    <p class='ocr_par' dir='ltr' id='par_1_15' title="bbox 532 1660 2108 1735">
     <span class='ocr_line' id='line_1_15' title="bbox 532 1660 2108 1735; baseline 0.005 -24"><span class='ocrx_word' id='word_1_96' title='bbox 532 1660 823 1729; x_wconf 87' lang='lat' dir='ltr'><strong>plicitatem</strong></span> <span class='ocrx_word' id='word_1_97' title='bbox 857 1671 912 1717; x_wconf 91' lang='lat' dir='ltr'><strong>et</strong></span> <span class='ocrx_word' id='word_1_98' title='bbox 937 1662 1215 1732; x_wconf 83' lang='lat' dir='ltr'><strong>perfidiam</strong></span> <span class='ocrx_word' id='word_1_99' title='bbox 1246 1664 1500 1719; x_wconf 63' lang='lat' dir='ltr'><strong>amicitiae</strong></span> <span class='ocrx_word' id='word_1_100' title='bbox 1531 1679 1736 1719; x_wconf 88' lang='lat' dir='ltr'><strong>venena</strong></span> <span class='ocrx_word' id='word_1_101' title='bbox 1784 1663 1901 1719; x_wconf 85' lang='lat' dir='ltr'><strong>fore</strong></span> <span class='ocrx_word' id='word_1_102' title='bbox 1922 1663 2108 1735; x_wconf 82' lang='lat' dir='ltr'><strong>explo-</strong></span> 
     </span>
    </p>
   </div>
   <div class='ocr_carea' id='block_1_16' title="bbox 1817 261 2384 319">
    <p class='ocr_par' dir='ltr' id='par_1_16' title="bbox 1817 261 2384 319">
     <span class='ocr_line' id='line_1_16' title="bbox 1817 261 2384 319; baseline 0.004 -2"><span class='ocrx_word' id='word_1_103' title='bbox 1817 261 2047 319; x_wconf 76' lang='lat' dir='ltr'><strong>RUFlNl</strong></span> <span class='ocrx_word' id='word_1_104' title='bbox 2084 262 2384 319; x_wconf 76' lang='lat' dir='ltr'><strong>EPISCOPI</strong></span> 
     </span>
    </p>
   </div>
   <div class='ocr_carea' id='block_1_17' title="bbox 540 370 3679 449">
    <p class='ocr_par' dir='ltr' id='par_1_17' title="bbox 540 370 3679 449">
     <span class='ocr_line' id='line_1_17' title="bbox 540 370 3679 449; baseline 0.003 -22"><span class='ocrx_word' id='word_1_105' title='bbox 540 370 896 442; x_wconf 85' lang='lat' dir='ltr'><strong>inquit.leoni</strong></span> <span class='ocrx_word' id='word_1_106' title='bbox 922 383 979 431; x_wconf 91' lang='lat' dir='ltr'><strong>et</strong></span> <span class='ocrx_word' id='word_1_107' title='bbox 997 378 1218 431; x_wconf 83' lang='lat' dir='ltr'><strong>draconi</strong></span> <span class='ocrx_word' id='word_1_108' title='bbox 1240 377 1472 445; x_wconf 84' lang='lat' dir='ltr'><strong>placebit</strong></span> <span class='ocrx_word' id='word_1_109' title='bbox 1492 379 1661 449; x_wconf 85' lang='lat' dir='ltr'><strong>magis</strong></span> <span class='ocrx_word' id='word_1_110' title='bbox 1679 393 1840 449; x_wconf 87' lang='lat' dir='ltr'><strong>quam</strong></span> <span class='ocrx_word' id='word_1_111' title='bbox 1870 378 2115 433; x_wconf 82' lang='lat' dir='ltr'><strong>habitare</strong></span> <span class='ocrx_word' id='word_1_112' title='bbox 2144 381 2189 440; x_wconf 83' lang='grc' dir='ltr'><strong>Α</strong></span> <span class='ocrx_word' id='word_1_113' title='bbox 2222 377 2420 433; x_wconf 84' lang='lat' dir='ltr'><strong>divinis</strong></span> <span class='ocrx_word' id='word_1_114' title='bbox 2460 376 2689 447; x_wconf 87' lang='lat' dir='ltr'><strong>eloquiis</strong></span> <span class='ocrx_word' id='word_1_115' title='bbox 2734 378 2941 449; x_wconf 81' lang='lat' dir='ltr'><strong>respice</strong></span> <span class='ocrx_word' id='word_1_116' title='bbox 2984 377 3250 433; x_wconf 87' lang='lat' dir='ltr'><strong>lsraeletn.</strong></span> <span class='ocrx_word' id='word_1_117' title='bbox 3281 377 3447 434; x_wconf 75' lang='lat' dir='ltr'><strong>Nonne</strong></span> <span class='ocrx_word' id='word_1_118' title='bbox 3481 381 3552 445; x_wconf 89' lang='lat' dir='ltr'><strong>hi,</strong></span> <span class='ocrx_word' id='word_1_119' title='bbox 3590 386 3679 444; x_wconf 73' lang='lat' dir='ltr'><strong>dum</strong></span> 
     </span>
    </p>
   </div>
   <div class='ocr_carea' id='block_1_18' title="bbox 3580 273 3679 333">
    <p class='ocr_par' dir='ltr' id='par_1_18' title="bbox 3580 273 3679 333">
     <span class='ocr_line' id='line_1_18' title="bbox 3580 273 3679 333; baseline 0.061 -6"><span class='ocrx_word' id='word_1_120' title='bbox 3580 273 3679 333; x_wconf 60' lang='grc'><strong>1624</strong></span> 
     </span>
    </p>
   </div>
   <div class='ocr_carea' id='block_1_19' title="bbox 2217 469 3682 539">
    <p class='ocr_par' dir='ltr' id='par_1_19' title="bbox 2217 469 3682 539">
     <span class='ocr_line' id='line_1_19' title="bbox 2217 469 3682 539; baseline 0.005 -17"><span class='ocrx_word' id='word_1_121' title='bbox 2217 482 2403 539; x_wconf 90' lang='lat' dir='ltr'><strong>pacem</strong></span> <span class='ocrx_word' id='word_1_122' title='bbox 2432 470 2572 525; x_wconf 89' lang='lat' dir='ltr'><strong>inter</strong></span> <span class='ocrx_word' id='word_1_123' title='bbox 2594 484 2654 525; x_wconf 89' lang='lat' dir='ltr'><strong>se</strong></span> <span class='ocrx_word' id='word_1_124' title='bbox 2680 470 2940 526; x_wconf 83' lang='lat' dir='ltr'><strong>haberent</strong></span> <span class='ocrx_word' id='word_1_125' title='bbox 2982 477 3041 524; x_wconf 91' lang='lat' dir='ltr'><strong>et</strong></span> <span class='ocrx_word' id='word_1_126' title='bbox 3084 469 3148 524; x_wconf 88' lang='lat' dir='ltr'><strong>ad</strong></span> <span class='ocrx_word' id='word_1_127' title='bbox 3184 469 3444 526; x_wconf 84' lang='lat' dir='ltr'><strong>Dominum</strong></span> <span class='ocrx_word' id='word_1_128' title='bbox 3470 476 3682 536; x_wconf 71' lang='lat' dir='ltr'><strong>unanimes</strong></span> 
     </span>
    </p>
   </div>
   <div class='ocr_carea' id='block_1_20' title="bbox 2214 559 3685 634">
    <p class='ocr_par' dir='ltr' id='par_1_20' title="bbox 2214 559 3685 634">
     <span class='ocr_line' id='line_1_20' title="bbox 2214 559 3685 634; baseline 0.005 -19"><span class='ocrx_word' id='word_1_129' title='bbox 2214 559 2661 631; x_wconf 83' lang='lat' dir='ltr'><strong>ingemiscerent,</strong></span> <span class='ocrx_word' id='word_1_130' title='bbox 2698 560 2764 615; x_wconf 85' lang='lat' dir='ltr'><strong>de</strong></span> <span class='ocrx_word' id='word_1_131' title='bbox 2787 559 3027 632; x_wconf 64' lang='lat' dir='ltr'><strong>Egypto</strong></span> <span class='ocrx_word' id='word_1_132' title='bbox 3049 559 3210 614; x_wconf 82' lang='lat' dir='ltr'><strong>eximi</strong></span> <span class='ocrx_word' id='word_1_133' title='bbox 3244 560 3400 631; x_wconf 79' lang='lat' dir='ltr'><strong>signis</strong></span> <span class='ocrx_word' id='word_1_134' title='bbox 3427 562 3685 634; x_wconf 81' lang='lat' dir='ltr'><strong>triumphan-</strong></span> 
     </span>
    </p>
   </div>
   <div class='ocr_carea' id='block_1_21' title="bbox 2213 648 3683 731">
    <p class='ocr_par' dir='ltr' id='par_1_21' title="bbox 2213 648 3683 731">
     <span class='ocr_line' id='line_1_21' title="bbox 2213 648 3683 731; baseline 0.005 -26"><span class='ocrx_word' id='word_1_135' title='bbox 2213 652 2357 705; x_wconf 83' lang='lat' dir='ltr'><strong>tibus</strong></span> <span class='ocrx_word' id='word_1_136' title='bbox 2389 648 2739 707; x_wconf 84' lang='lat' dir='ltr'><strong>tncruerunt?</strong></span> <span class='ocrx_word' id='word_1_137' title='bbox 2770 650 2915 706; x_wconf 78' lang='lat' dir='ltr'><strong>Mare</strong></span> <span class='ocrx_word' id='word_1_138' title='bbox 2944 651 3081 706; x_wconf 88' lang='lat' dir='ltr'><strong>vidit</strong></span> <span class='ocrx_word' id='word_1_139' title='bbox 3102 666 3194 707; x_wconf 90' lang='lat' dir='ltr'><strong>eos</strong></span> <span class='ocrx_word' id='word_1_140' title='bbox 3214 652 3432 709; x_wconf 83' lang='lat' dir='ltr'><strong>sociatos</strong></span> <span class='ocrx_word' id='word_1_141' title='bbox 3452 664 3499 710; x_wconf 88' lang='lat' dir='ltr'><strong>et</strong></span> <span class='ocrx_word' id='word_1_142' title='bbox 3518 658 3683 731; x_wconf 81' lang='lat' dir='ltr'><strong>aufugit,</strong></span> 
     </span>
    </p>
   </div>
   <div class='ocr_carea' id='block_1_22' title="bbox 2213 741 3685 820">
    <p class='ocr_par' dir='ltr' id='par_1_22' title="bbox 2213 741 3685 820">
     <span class='ocr_line' id='line_1_22' title="bbox 2213 741 3685 820; baseline 0.008 -27"><span class='ocrx_word' id='word_1_143' title='bbox 2213 751 2604 797; x_wconf 83' lang='lat' dir='ltr'><strong>convertuntur</strong></span> <span class='ocrx_word' id='word_1_144' title='bbox 2650 751 2776 798; x_wconf 82' lang='lat' dir='ltr'><strong>ante</strong></span> <span class='ocrx_word' id='word_1_145' title='bbox 2820 758 2916 798; x_wconf 86' lang='lat' dir='ltr'><strong>eos</strong></span> <span class='ocrx_word' id='word_1_146' title='bbox 2960 741 3178 797; x_wconf 81' lang='lat' dir='ltr'><strong>ﬂumina</strong></span> <span class='ocrx_word' id='word_1_147' title='bbox 3222 753 3492 800; x_wconf 83' lang='lat' dir='ltr'><strong>retrorsum</strong></span> <span class='ocrx_word' id='word_1_148' title='bbox 3531 754 3685 820; x_wconf 71' lang='lat' dir='ltr'><strong>cognati</strong></span> 
     </span>
    </p>
   </div>
   <div class='ocr_carea' id='block_1_23' title="bbox 2218 832 3686 898">
    <p class='ocr_par' dir='ltr' id='par_1_23' title="bbox 2218 832 3686 898">
     <span class='ocr_line' id='line_1_23' title="bbox 2218 832 3686 898; baseline 0.003 -11"><span class='ocrx_word' id='word_1_149' title='bbox 2218 835 2388 891; x_wconf 88' lang='lat' dir='ltr'><strong>maris</strong></span> <span class='ocrx_word' id='word_1_150' title='bbox 2419 834 2687 893; x_wconf 86' lang='lat' dir='ltr'><strong>imitantia</strong></span> <span class='ocrx_word' id='word_1_151' title='bbox 2716 833 3074 895; x_wconf 82' lang='lat' dir='ltr'><strong>famulatum,</strong></span> <span class='ocrx_word' id='word_1_152' title='bbox 3106 832 3296 889; x_wconf 70' lang='lat' dir='ltr'><strong>etclam</strong></span> <span class='ocrx_word' id='word_1_153' title='bbox 3333 849 3490 891; x_wconf 84' lang='lat' dir='ltr'><strong>escam</strong></span> <span class='ocrx_word' id='word_1_154' title='bbox 3511 841 3686 898; x_wconf 77' lang='lat' dir='ltr'><strong>esurien-</strong></span> 
     </span>
    </p>
   </div>
   <div class='ocr_carea' id='block_1_24' title="bbox 2214 923 3687 994">
    <p class='ocr_par' dir='ltr' id='par_1_24' title="bbox 2214 923 3687 994">
     <span class='ocr_line' id='line_1_24' title="bbox 2214 923 3687 994; baseline 0.004 -16"><span class='ocrx_word' id='word_1_155' title='bbox 2214 924 2385 992; x_wconf 71' lang='lat' dir='ltr'><strong>tibus,</strong></span> <span class='ocrx_word' id='word_1_156' title='bbox 2414 934 2566 994; x_wconf 89' lang='lat' dir='ltr'><strong>petra</strong></span> <span class='ocrx_word' id='word_1_157' title='bbox 2597 934 2780 994; x_wconf 91' lang='lat' dir='ltr'><strong>potum</strong></span> <span class='ocrx_word' id='word_1_158' title='bbox 2833 924 3147 979; x_wconf 87' lang='lat' dir='ltr'><strong>sitientibus</strong></span> <span class='ocrx_word' id='word_1_159' title='bbox 3194 923 3547 981; x_wconf 83' lang='lat' dir='ltr'><strong>subministrat.</strong></span> <span class='ocrx_word' id='word_1_160' title='bbox 3571 928 3687 989; x_wconf 79' lang='lat' dir='ltr'><strong>Beata</strong></span> 
     </span>
    </p>
   </div>
   <div class='ocr_carea' id='block_1_25' title="bbox 2214 1013 3686 1091">
    <p class='ocr_par' dir='ltr' id='par_1_25' title="bbox 2214 1013 3686 1091">
     <span class='ocr_line' id='line_1_25' title="bbox 2214 1013 3686 1091; baseline 0.006 -22"><span class='ocrx_word' id='word_1_161' title='bbox 2214 1015 2330 1070; x_wconf 65' lang='lat' dir='ltr'><strong>haac</strong></span> <span class='ocrx_word' id='word_1_162' title='bbox 2358 1032 2490 1086; x_wconf 89' lang='lat' dir='ltr'><strong>gens</strong></span> <span class='ocrx_word' id='word_1_163' title='bbox 2515 1026 2636 1070; x_wconf 89' lang='lat' dir='ltr'><strong>erat</strong></span> <span class='ocrx_word' id='word_1_164' title='bbox 2656 1055 2672 1080; x_wconf 94' lang='lat'><strong>,</strong></span> <span class='ocrx_word' id='word_1_165' title='bbox 2706 1013 2861 1083; x_wconf 88' lang='lat' dir='ltr'><strong>cujus</strong></span> <span class='ocrx_word' id='word_1_166' title='bbox 2894 1015 3150 1069; x_wconf 90' lang='lat' dir='ltr'><strong>Dominus</strong></span> <span class='ocrx_word' id='word_1_167' title='bbox 3197 1014 3332 1069; x_wconf 86' lang='lat' dir='ltr'><strong>Deus</strong></span> <span class='ocrx_word' id='word_1_168' title='bbox 3373 1031 3558 1084; x_wconf 88' lang='lat' dir='ltr'><strong>eorum,</strong></span> <span class='ocrx_word' id='word_1_169' title='bbox 3578 1021 3686 1091; x_wconf 81' lang='lat' dir='ltr'><strong>plena</strong></span> 
     </span>
    </p>
   </div>
   <div class='ocr_carea' id='block_1_26' title="bbox 2214 1105 3688 1177">
    <p class='ocr_par' dir='ltr' id='par_1_26' title="bbox 2214 1105 3688 1177">
     <span class='ocr_line' id='line_1_26' title="bbox 2214 1105 3688 1177; baseline 0.003 -16"><span class='ocrx_word' id='word_1_170' title='bbox 2214 1105 2460 1176; x_wconf 88' lang='lat' dir='ltr'><strong>populis,</strong></span> <span class='ocrx_word' id='word_1_171' title='bbox 2507 1105 2688 1177; x_wconf 90' lang='lat' dir='ltr'><strong>opima</strong></span> <span class='ocrx_word' id='word_1_172' title='bbox 2738 1105 2971 1164; x_wconf 82' lang='lat' dir='ltr'><strong>divitiis.</strong></span> <span class='ocrx_word' id='word_1_173' title='bbox 3013 1114 3068 1159; x_wconf 91' lang='lat' dir='ltr'><strong>et</strong></span> <span class='ocrx_word' id='word_1_174' title='bbox 3111 1105 3310 1159; x_wconf 89' lang='lat' dir='ltr'><strong>viribus</strong></span> <span class='ocrx_word' id='word_1_175' title='bbox 3337 1105 3594 1164; x_wconf 81' lang='lat' dir='ltr'><strong>fortissimis</strong></span> <span class='ocrx_word' id='word_1_176' title='bbox 3614 1121 3688 1169; x_wconf 82' lang='lat' dir='ltr'><strong>tam</strong></span> 
     </span>
    </p>
   </div>
   <div class='ocr_carea' id='block_1_27' title="bbox 2218 1198 3688 1270">
    <p class='ocr_par' dir='ltr' id='par_1_27' title="bbox 2218 1198 3688 1270">
     <span class='ocr_line' id='line_1_27' title="bbox 2218 1198 3688 1270; baseline 0.005 -18"><span class='ocrx_word' id='word_1_177' title='bbox 2218 1201 2477 1269; x_wconf 87' lang='lat' dir='ltr'><strong>roborosa</strong></span> <span class='ocrx_word' id='word_1_178' title='bbox 2504 1208 2564 1253; x_wconf 90' lang='lat' dir='ltr'><strong>ut</strong></span> <span class='ocrx_word' id='word_1_179' title='bbox 2588 1214 2726 1253; x_wconf 91' lang='lat' dir='ltr'><strong>unus</strong></span> <span class='ocrx_word' id='word_1_180' title='bbox 2748 1198 3218 1270; x_wconf 86' lang='lat' dir='ltr'><strong>mille_iuvaderet,</strong></span> <span class='ocrx_word' id='word_1_181' title='bbox 3242 1207 3297 1254; x_wconf 92' lang='lat' dir='ltr'><strong>et</strong></span> <span class='ocrx_word' id='word_1_182' title='bbox 3316 1199 3413 1252; x_wconf 92' lang='lat' dir='ltr'><strong>duo</strong></span> <span class='ocrx_word' id='word_1_183' title='bbox 3438 1200 3587 1255; x_wconf 84' lang='lat' dir='ltr'><strong>decem</strong></span> <span class='ocrx_word' id='word_1_184' title='bbox 3605 1204 3688 1259; x_wconf 87' lang='lat' dir='ltr'><strong>mil-</strong></span> 
     </span>
    </p>
   </div>
   <div class='ocr_carea' id='block_1_28' title="bbox 2214 1290 3689 1345">
    <p class='ocr_par' dir='ltr' id='par_1_28' title="bbox 2214 1290 3689 1345">
     <span class='ocr_line' id='line_1_28' title="bbox 2214 1290 3689 1345; baseline 0.001 -3"><span class='ocrx_word' id='word_1_185' title='bbox 2214 1290 2282 1343; x_wconf 67' lang='lat' dir='ltr'><strong>lia</strong></span> <span class='ocrx_word' id='word_1_186' title='bbox 2316 1300 2769 1345; x_wconf 84' lang='lat' dir='ltr'><strong>transmovereut.</strong></span> <span class='ocrx_word' id='word_1_187' title='bbox 3680 1304 3689 1314; x_wconf 72' lang='lat'><strong><em>‘</em></strong></span> 
     </span>
    </p>
   </div>
   <div class='ocr_carea' id='block_1_29' title="bbox 2285 1379 3688 1450">
    <p class='ocr_par' dir='ltr' id='par_1_29' title="bbox 2285 1379 3688 1450">
     <span class='ocr_line' id='line_1_29' title="bbox 2285 1379 3688 1450; baseline 0.004 -15"><span class='ocrx_word' id='word_1_188' title='bbox 2285 1380 2476 1435; x_wconf 83' lang='lat' dir='ltr'><strong>Postea</strong></span> <span class='ocrx_word' id='word_1_189' title='bbox 2508 1395 2675 1446; x_wconf 89' lang='lat' dir='ltr'><strong>vero,</strong></span> <span class='ocrx_word' id='word_1_190' title='bbox 2715 1380 2934 1450; x_wconf 89' lang='lat' dir='ltr'><strong>quando</strong></span> <span class='ocrx_word' id='word_1_191' title='bbox 2979 1379 3250 1435; x_wconf 88' lang='lat' dir='ltr'><strong>scandalis</strong></span> <span class='ocrx_word' id='word_1_192' title='bbox 3288 1380 3443 1450; x_wconf 53' lang='lat' dir='ltr'><strong>carpit</strong></span> <span class='ocrx_word' id='word_1_193' title='bbox 3467 1396 3521 1437; x_wconf 84' lang='lat' dir='ltr'><strong>ac</strong></span> <span class='ocrx_word' id='word_1_194' title='bbox 3542 1383 3688 1441; x_wconf 70' lang='lat' dir='ltr'><strong>dissen-</strong></span> 
     </span>
    </p>
   </div>
   <div class='ocr_carea' id='block_1_30' title="bbox 2212 1471 3689 1542">
    <p class='ocr_par' dir='ltr' id='par_1_30' title="bbox 2212 1471 3689 1542">
     <span class='ocr_line' id='line_1_30' title="bbox 2212 1471 3689 1542; baseline 0.003 -15"><span class='ocrx_word' id='word_1_195' title='bbox 2212 1473 2457 1527; x_wconf 82' lang='lat' dir='ltr'><strong>sionibus</strong></span> <span class='ocrx_word' id='word_1_196' title='bbox 2483 1472 2696 1542; x_wconf 89' lang='lat' dir='ltr'><strong>urgeri,</strong></span> <span class='ocrx_word' id='word_1_197' title='bbox 2722 1481 2778 1526; x_wconf 91' lang='lat' dir='ltr'><strong>et</strong></span> <span class='ocrx_word' id='word_1_198' title='bbox 2805 1472 2856 1525; x_wconf 91' lang='lat' dir='ltr'><strong>in</strong></span> <span class='ocrx_word' id='word_1_199' title='bbox 2887 1480 3070 1541; x_wconf 89' lang='lat' dir='ltr'><strong>partes</strong></span> <span class='ocrx_word' id='word_1_200' title='bbox 3100 1471 3291 1537; x_wconf 82' lang='lat' dir='ltr'><strong>dividi,</strong></span> <span class='ocrx_word' id='word_1_201' title='bbox 3318 1480 3614 1542; x_wconf 76' lang='lat' dir='ltr'><strong>posteaquam</strong></span> <span class='ocrx_word' id='word_1_202' title='bbox 3633 1476 3689 1542; x_wconf 73' lang='lat' dir='ltr'><strong>le-</strong></span> 
     </span>
    </p>
   </div>
   <div class='ocr_carea' id='block_1_31' title="bbox 2212 1564 3689 1638">
    <p class='ocr_par' dir='ltr' id='par_1_31' title="bbox 2212 1564 3689 1638">
     <span class='ocr_line' id='line_1_31' title="bbox 2212 1564 3689 1638; baseline 0.005 -19"><span class='ocrx_word' id='word_1_203' title='bbox 2212 1566 2437 1619; x_wconf 83' lang='lat' dir='ltr'><strong>rohoatu</strong></span> <span class='ocrx_word' id='word_1_204' title='bbox 2461 1575 2516 1621; x_wconf 91' lang='lat' dir='ltr'><strong>et</strong></span> <span class='ocrx_word' id='word_1_205' title='bbox 2544 1565 2787 1619; x_wconf 79' lang='lat' dir='ltr'><strong>Roboam</strong></span> <span class='ocrx_word' id='word_1_206' title='bbox 2811 1564 3048 1619; x_wconf 71' lang='lat' dir='ltr'><strong>diarcha:</strong></span> <span class='ocrx_word' id='word_1_207' title='bbox 3069 1565 3409 1634; x_wconf 88' lang='lat' dir='ltr'><strong>prodierunt,</strong></span> <span class='ocrx_word' id='word_1_208' title='bbox 3432 1577 3689 1638; x_wconf 78' lang='lat' dir='ltr'><strong>posteaquam</strong></span> 
     </span>
    </p>
   </div>
   <div class='ocr_carea' id='block_1_32' title="bbox 2219 1655 3693 1729">
    <p class='ocr_par' dir='ltr' id='par_1_32' title="bbox 2219 1655 3693 1729">
     <span class='ocr_line' id='line_1_32' title="bbox 2219 1655 3693 1729; baseline 0.003 -18"><span class='ocrx_word' id='word_1_209' title='bbox 2219 1656 2480 1711; x_wconf 81' lang='lat' dir='ltr'><strong>factiones</strong></span> <span class='ocrx_word' id='word_1_210' title='bbox 2507 1665 2561 1711; x_wconf 92' lang='lat' dir='ltr'><strong>et</strong></span> <span class='ocrx_word' id='word_1_211' title='bbox 2593 1655 2891 1710; x_wconf 88' lang='lat' dir='ltr'><strong>seditiones</strong></span> <span class='ocrx_word' id='word_1_212' title='bbox 2910 1696 2924 1719; x_wconf 96' lang='lat'><strong>,</strong></span> <span class='ocrx_word' id='word_1_213' title='bbox 2970 1666 3321 1725; x_wconf 82' lang='lat' dir='ltr'><strong>posteaquam</strong></span> <span class='ocrx_word' id='word_1_214' title='bbox 3351 1671 3472 1725; x_wconf 89' lang='lat' dir='ltr'><strong>puer</strong></span> <span class='ocrx_word' id='word_1_215' title='bbox 3494 1662 3619 1729; x_wconf 62' lang='lat' dir='ltr'><strong>cepit</strong></span> <span class='ocrx_word' id='word_1_216' title='bbox 3638 1678 3693 1718; x_wconf 84' lang='lat' dir='ltr'><strong>se-</strong></span> 
     </span>
    </p>
   </div>
   <div class='ocr_carea' id='block_1_33' title="bbox 532 1732 3695 1823">
    <p class='ocr_par' dir='ltr' id='par_1_33' title="bbox 532 1732 3695 1823">
     <span class='ocr_line' id='line_1_33' title="bbox 532 1732 3695 1823; baseline 0.002 -24"><span class='ocrx_word' id='word_1_217' title='bbox 532 1751 637 1804; x_wconf 75' lang='lat' dir='ltr'><strong>rati</strong></span> <span class='ocrx_word' id='word_1_218' title='bbox 659 1750 846 1820; x_wconf 82' lang='lat' dir='ltr'><strong>judicii</strong></span> <span class='ocrx_word' id='word_1_219' title='bbox 878 1759 983 1807; x_wconf 82' lang='lat' dir='ltr'><strong>est.</strong></span> <span class='ocrx_word' id='word_1_220' title='bbox 1019 1752 1152 1807; x_wconf 82' lang='lat' dir='ltr'><strong>Dein</strong></span> <span class='ocrx_word' id='word_1_221' title='bbox 1176 1762 1230 1807; x_wconf 67' lang='lat' dir='ltr'><strong>ei</strong></span> <span class='ocrx_word' id='word_1_222' title='bbox 1261 1761 1338 1816; x_wconf 78' lang='lat' dir='ltr'><strong>tu,</strong></span> <span class='ocrx_word' id='word_1_223' title='bbox 1370 1753 1459 1822; x_wconf 84' lang='lat' dir='ltr'><strong>qui</strong></span> <span class='ocrx_word' id='word_1_224' title='bbox 1484 1753 1703 1823; x_wconf 63' lang='lat' dir='ltr'><strong>privam:</strong></span> <span class='ocrx_word' id='word_1_225' title='bbox 1729 1753 1921 1808; x_wconf 80' lang='lat' dir='ltr'><strong>domus</strong></span> <span class='ocrx_word' id='word_1_226' title='bbox 1956 1732 2111 1809; x_wconf 54' lang='grc' dir='ltr'><strong>θέμις</strong></span> <span class='ocrx_word' id='word_1_227' title='bbox 2140 1732 2184 1792; x_wconf 81' lang='grc' dir='ltr'><strong>Β</strong></span> <span class='ocrx_word' id='word_1_228' title='bbox 2215 1747 2452 1810; x_wconf 86' lang='lat' dir='ltr'><strong>niorem,</strong></span> <span class='ocrx_word' id='word_1_229' title='bbox 2484 1745 2735 1817; x_wconf 85' lang='lat' dir='ltr'><strong>ignobilis</strong></span> <span class='ocrx_word' id='word_1_230' title='bbox 2763 1748 3083 1803; x_wconf 87' lang='lat' dir='ltr'><strong>honoratum</strong></span> <span class='ocrx_word' id='word_1_231' title='bbox 3113 1746 3415 1811; x_wconf 74' lang='lat' dir='ltr'><strong>offendere,</strong></span> <span class='ocrx_word' id='word_1_232' title='bbox 3442 1748 3489 1801; x_wconf 90' lang='lat' dir='ltr'><strong>in</strong></span> <span class='ocrx_word' id='word_1_233' title='bbox 3519 1751 3618 1819; x_wconf 85' lang='lat' dir='ltr'><strong>quid</strong></span> <span class='ocrx_word' id='word_1_234' title='bbox 3639 1753 3695 1808; x_wconf 77' lang='lat' dir='ltr'><strong>de-</strong></span> 
     </span>
    </p>
   </div>
   <div class='ocr_carea' id='block_1_34' title="bbox 534 1841 2111 1916">
    <p class='ocr_par' dir='ltr' id='par_1_34' title="bbox 534 1841 2111 1916">
     <span class='ocr_line' id='line_1_34' title="bbox 534 1841 2111 1916; baseline 0.004 -22"><span class='ocrx_word' id='word_1_235' title='bbox 534 1841 843 1911; x_wconf 82' lang='lat' dir='ltr'><strong>dispensas,</strong></span> <span class='ocrx_word' id='word_1_236' title='bbox 882 1842 1125 1899; x_wconf 86' lang='lat' dir='ltr'><strong>mulieris</strong></span> <span class='ocrx_word' id='word_1_237' title='bbox 1153 1845 1238 1901; x_wconf 92' lang='lat' dir='ltr'><strong>vel</strong></span> <span class='ocrx_word' id='word_1_238' title='bbox 1276 1846 1464 1900; x_wconf 84' lang='lat' dir='ltr'><strong>uxoris</strong></span> <span class='ocrx_word' id='word_1_239' title='bbox 1512 1856 1617 1900; x_wconf 69' lang='lat' dir='ltr'><strong>tute</strong></span> <span class='ocrx_word' id='word_1_240' title='bbox 1655 1847 1981 1916; x_wconf 86' lang='lat' dir='ltr'><strong>proterviatn</strong></span> <span class='ocrx_word' id='word_1_241' title='bbox 2011 1847 2111 1900; x_wconf 84' lang='lat' dir='ltr'><strong>im-</strong></span> 
     </span>
    </p>
   </div>
   <div class='ocr_carea' id='block_1_35' title="bbox 531 1937 2107 2008">
    <p class='ocr_par' dir='ltr' id='par_1_35' title="bbox 531 1937 2107 2008">
     <span class='ocr_line' id='line_1_35' title="bbox 531 1937 2107 2008; baseline 0.005 -23"><span class='ocrx_word' id='word_1_242' title='bbox 531 1946 730 2001; x_wconf 86' lang='lat' dir='ltr'><strong>perare</strong></span> <span class='ocrx_word' id='word_1_243' title='bbox 775 1949 1048 2005; x_wconf 88' lang='lat' dir='ltr'><strong>nunquam</strong></span> <span class='ocrx_word' id='word_1_244' title='bbox 1098 1938 1425 1993; x_wconf 84' lang='lat' dir='ltr'><strong>consentias.</strong></span> <span class='ocrx_word' id='word_1_245' title='bbox 1476 1937 1752 2008; x_wconf 90' lang='lat' dir='ltr'><strong>Scriptum</strong></span> <span class='ocrx_word' id='word_1_246' title='bbox 1799 1946 1881 1993; x_wconf 90' lang='lat' dir='ltr'><strong>est</strong></span> <span class='ocrx_word' id='word_1_247' title='bbox 1923 1939 2107 2004; x_wconf 90' lang='lat' dir='ltr'><strong>enim,</strong></span> 
     </span>
    </p>
   </div>
   <div class='ocr_carea' id='block_1_36' title="bbox 530 2023 2110 2099">
    <p class='ocr_par' dir='ltr' id='par_1_36' title="bbox 530 2023 2110 2099">
     <span class='ocr_line' id='line_1_36' title="bbox 530 2023 2110 2099; baseline 0.008 -24"><span class='ocrx_word' id='word_1_248' title='bbox 530 2023 659 2093; x_wconf 87' lang='lat' dir='ltr'><strong>quia</strong></span> <span class='ocrx_word' id='word_1_249' title='bbox 714 2042 733 2076; x_wconf 73' lang='grc' dir='ltr'>ι</span> <span class='ocrx_word' id='word_1_250' title='bbox 766 2025 981 2093; x_wconf 90' lang='lat' dir='ltr'><strong>mulier,</strong></span> <span class='ocrx_word' id='word_1_251' title='bbox 1027 2028 1071 2082; x_wconf 90' lang='lat' dir='ltr'><strong>si</strong></span> <span class='ocrx_word' id='word_1_252' title='bbox 1111 2029 1402 2099; x_wconf 87' lang='lat' dir='ltr'><strong>primatum</strong></span> <span class='ocrx_word' id='word_1_253' title='bbox 1440 2031 1665 2095; x_wconf 84' lang='lat' dir='ltr'><strong>habeat,</strong></span> <span class='ocrx_word' id='word_1_254' title='bbox 1709 2031 1986 2086; x_wconf 87' lang='lat' dir='ltr'><strong>contraria</strong></span> <span class='ocrx_word' id='word_1_255' title='bbox 2025 2041 2110 2087; x_wconf 87' lang='lat' dir='ltr'><strong>est</strong></span> 
     </span>
    </p>
   </div>
   <div class='ocr_carea' id='block_1_37' title="bbox 535 2127 862 2173">
    <p class='ocr_par' dir='ltr' id='par_1_37' title="bbox 535 2127 862 2173">
     <span class='ocr_line' id='line_1_37' title="bbox 535 2127 862 2173; baseline 0.006 -7"><span class='ocrx_word' id='word_1_256' title='bbox 535 2127 656 2171; x_wconf 68' lang='lat' dir='ltr'><strong>varo</strong></span> <span class='ocrx_word' id='word_1_257' title='bbox 684 2129 805 2173; x_wconf 85' lang='lat' dir='ltr'><strong>suo.</strong></span> <span class='ocrx_word' id='word_1_258' title='bbox 842 2135 862 2168; x_wconf 71' lang='grc' dir='ltr'><strong><em>ι</em></strong></span> 
     </span>
    </p>
   </div>
   <div class='ocr_carea' id='block_1_38' title="bbox 582 2270 2054 2349">
    <p class='ocr_par' dir='ltr' id='par_1_38' title="bbox 582 2270 2054 2349">
     <span class='ocr_line' id='line_1_38' title="bbox 582 2270 2054 2349; baseline 0.005 -23"><span class='ocrx_word' id='word_1_259' title='bbox 582 2270 708 2327; x_wconf 78' lang='lat' dir='ltr'><strong>CAP.</strong></span> <span class='ocrx_word' id='word_1_260' title='bbox 752 2271 935 2329; x_wconf 70' lang='lat' dir='ltr'><strong>XVlll.</strong></span> <span class='ocrx_word' id='word_1_261' title='bbox 960 2306 1030 2316; x_wconf 89' lang='lat'><strong>—</strong></span> <span class='ocrx_word' id='word_1_262' title='bbox 1052 2276 1317 2341; x_wconf 79' lang='lat' dir='ltr'><strong>Quantam</strong></span> <span class='ocrx_word' id='word_1_263' title='bbox 1330 2279 1601 2349; x_wconf 23' lang='lat' dir='ltr'><strong>ibonorum</strong></span> <span class='ocrx_word' id='word_1_264' title='bbox 1632 2279 2054 2349; x_wconf 73' lang='lat' dir='ltr'><strong>consequentiam</strong></span> 
     </span>
    </p>
   </div>
   <div class='ocr_carea' id='block_1_39' title="bbox 971 2348 1664 2419">
    <p class='ocr_par' dir='ltr' id='par_1_39' title="bbox 971 2348 1664 2419">
     <span class='ocr_line' id='line_1_39' title="bbox 971 2348 1664 2419; baseline 0.001 -16"><span class='ocrx_word' id='word_1_265' title='bbox 971 2364 1077 2416; x_wconf 70' lang='lat' dir='ltr'><strong>pax</strong></span> <span class='ocrx_word' id='word_1_266' title='bbox 1104 2350 1288 2403; x_wconf 81' lang='lat' dir='ltr'><strong>habeat</strong></span> <span class='ocrx_word' id='word_1_267' title='bbox 1319 2348 1664 2419; x_wconf 80' lang='lat' dir='ltr'><strong>Babylonica.</strong></span> 
     </span>
    </p>
   </div>
   <div class='ocr_carea' id='block_1_40' title="bbox 602 2482 2114 2559">
    <p class='ocr_par' dir='ltr' id='par_1_40' title="bbox 602 2482 2114 2559">
     <span class='ocr_line' id='line_1_40' title="bbox 602 2482 2114 2559; baseline 0.003 -22"><span class='ocrx_word' id='word_1_268' title='bbox 602 2482 958 2539; x_wconf 79' lang='lat' dir='ltr'><strong>Moustratum</strong></span> <span class='ocrx_word' id='word_1_269' title='bbox 985 2494 1071 2540; x_wconf 87' lang='lat' dir='ltr'><strong>est</strong></span> <span class='ocrx_word' id='word_1_270' title='bbox 1099 2501 1227 2543; x_wconf 86' lang='lat' dir='ltr'><strong>ecce</strong></span> <span class='ocrx_word' id='word_1_271' title='bbox 1248 2528 1263 2550; x_wconf 91' lang='lat'><strong>,</strong></span> <span class='ocrx_word' id='word_1_272' title='bbox 1290 2486 1493 2558; x_wconf 88' lang='lat' dir='ltr'><strong>quibus</strong></span> <span class='ocrx_word' id='word_1_273' title='bbox 1522 2487 1698 2543; x_wconf 91' lang='lat' dir='ltr'><strong>modis</strong></span> <span class='ocrx_word' id='word_1_274' title='bbox 1732 2502 1839 2558; x_wconf 83' lang='lat' dir='ltr'><strong>pax</strong></span> <span class='ocrx_word' id='word_1_275' title='bbox 1883 2485 2114 2559; x_wconf 83' lang='lat' dir='ltr'><strong>Babylo-</strong></span> 
     </span>
    </p>
   </div>
   <div class='ocr_carea' id='block_1_41' title="bbox 528 2577 2110 2644">
    <p class='ocr_par' dir='ltr' id='par_1_41' title="bbox 528 2577 2110 2644">
     <span class='ocr_line' id='line_1_41' title="bbox 528 2577 2110 2644; baseline 0.003 -13"><span class='ocrx_word' id='word_1_276' title='bbox 528 2577 665 2641; x_wconf 75' lang='lat' dir='ltr'><strong>niae,</strong></span> <span class='ocrx_word' id='word_1_277' title='bbox 695 2578 881 2633; x_wconf 87' lang='lat' dir='ltr'><strong>mundi</strong></span> <span class='ocrx_word' id='word_1_278' title='bbox 911 2578 1146 2644; x_wconf 86' lang='lat' dir='ltr'><strong>scilicet,</strong></span> <span class='ocrx_word' id='word_1_279' title='bbox 1175 2580 1426 2634; x_wconf 88' lang='lat' dir='ltr'><strong>contrahi</strong></span> <span class='ocrx_word' id='word_1_280' title='bbox 1474 2580 1665 2637; x_wconf 87' lang='lat' dir='ltr'><strong>debeat</strong></span> <span class='ocrx_word' id='word_1_281' title='bbox 1694 2590 1752 2635; x_wconf 89' lang='lat' dir='ltr'><strong>et</strong></span> <span class='ocrx_word' id='word_1_282' title='bbox 1777 2579 2110 2636; x_wconf 81' lang='lat' dir='ltr'><strong>conservari.</strong></span> 
     </span>
    </p>
   </div>
   <div class='ocr_carea' id='block_1_42' title="bbox 529 2665 2113 2741">
    <p class='ocr_par' dir='ltr' id='par_1_42' title="bbox 529 2665 2113 2741">
     <span class='ocr_line' id='line_1_42' title="bbox 529 2665 2113 2741; baseline 0.003 -23"><span class='ocrx_word' id='word_1_283' title='bbox 529 2665 803 2733; x_wconf 83' lang='lat' dir='ltr'><strong>Quantam</strong></span> <span class='ocrx_word' id='word_1_284' title='bbox 832 2676 1011 2722; x_wconf 89' lang='lat' dir='ltr'><strong>autem</strong></span> <span class='ocrx_word' id='word_1_285' title='bbox 1040 2670 1304 2724; x_wconf 89' lang='lat' dir='ltr'><strong>bonorum</strong></span> <span class='ocrx_word' id='word_1_286' title='bbox 1345 2669 1724 2741; x_wconf 88' lang='lat' dir='ltr'><strong>temporalium</strong></span> <span class='ocrx_word' id='word_1_287' title='bbox 1772 2683 2113 2739; x_wconf 84' lang='lat' dir='ltr'><strong>consequen-</strong></span> 
     </span>
    </p>
   </div>
   <div class='ocr_carea' id='block_1_43' title="bbox 530 2756 2115 2831">
    <p class='ocr_par' dir='ltr' id='par_1_43' title="bbox 530 2756 2115 2831">
     <span class='ocr_line' id='line_1_43' title="bbox 530 2756 2115 2831; baseline 0.002 -21"><span class='ocrx_word' id='word_1_288' title='bbox 530 2756 659 2810; x_wconf 90' lang='lat' dir='ltr'><strong>tiam</strong></span> <span class='ocrx_word' id='word_1_289' title='bbox 688 2757 887 2813; x_wconf 89' lang='lat' dir='ltr'><strong>habeat</strong></span> <span class='ocrx_word' id='word_1_290' title='bbox 912 2774 1015 2828; x_wconf 80' lang='lat' dir='ltr'><strong>pax</strong></span> <span class='ocrx_word' id='word_1_291' title='bbox 1042 2758 1147 2814; x_wconf 90' lang='lat' dir='ltr'><strong>ista</strong></span> <span class='ocrx_word' id='word_1_292' title='bbox 1174 2760 1468 2828; x_wconf 87' lang='lat' dir='ltr'><strong>mundana,</strong></span> <span class='ocrx_word' id='word_1_293' title='bbox 1488 2760 1754 2831; x_wconf 79' lang='lat' dir='ltr'><strong>exemplis</strong></span> <span class='ocrx_word' id='word_1_294' title='bbox 1787 2768 1965 2831; x_wconf 87' lang='lat' dir='ltr'><strong>potest</strong></span> <span class='ocrx_word' id='word_1_295' title='bbox 1994 2757 2115 2814; x_wconf 87' lang='lat' dir='ltr'><strong>mii-</strong></span> 
     </span>
    </p>
   </div>
   <div class='ocr_carea' id='block_1_44' title="bbox 527 2844 934 2904">
    <p class='ocr_par' dir='ltr' id='par_1_44' title="bbox 527 2844 934 2904">
     <span class='ocr_line' id='line_1_44' title="bbox 527 2844 934 2904; baseline 0.002 -3"><span class='ocrx_word' id='word_1_296' title='bbox 527 2844 669 2902; x_wconf 86' lang='lat' dir='ltr'><strong>iibus</strong></span> <span class='ocrx_word' id='word_1_297' title='bbox 697 2848 934 2904; x_wconf 81' lang='lat' dir='ltr'><strong>edoceri.</strong></span> 
     </span>
    </p>
   </div>
   <div class='ocr_carea' id='block_1_45' title="bbox 598 2937 2113 3014">
    <p class='ocr_par' dir='ltr' id='par_1_45' title="bbox 598 2937 2113 3014">
     <span class='ocr_line' id='line_1_45' title="bbox 598 2937 2113 3014; baseline 0.005 -23"><span class='ocrx_word' id='word_1_298' title='bbox 598 2937 1005 3010; x_wconf 86' lang='lat' dir='ltr'><strong>Quamprimum</strong></span> <span class='ocrx_word' id='word_1_299' title='bbox 1055 2955 1184 3012; x_wconf 89' lang='lat' dir='ltr'><strong>ergo</strong></span> <span class='ocrx_word' id='word_1_300' title='bbox 1234 2942 1286 2996; x_wconf 90' lang='lat' dir='ltr'><strong>in</strong></span> <span class='ocrx_word' id='word_1_301' title='bbox 1351 2943 1469 3014; x_wconf 91' lang='lat' dir='ltr'><strong>ipso</strong></span> <span class='ocrx_word' id='word_1_302' title='bbox 1513 2951 1626 2997; x_wconf 89' lang='lat' dir='ltr'><strong>toto</strong></span> <span class='ocrx_word' id='word_1_303' title='bbox 1676 2942 1876 2998; x_wconf 88' lang='lat' dir='ltr'><strong>mundo</strong></span> <span class='ocrx_word' id='word_1_304' title='bbox 1921 2958 2113 3013; x_wconf 88' lang='lat' dir='ltr'><strong>pacem</strong></span> 
     </span>
    </p>
   </div>
   <div class='ocr_carea' id='block_1_46' title="bbox 528 3032 2112 3106">
    <p class='ocr_par' dir='ltr' id='par_1_46' title="bbox 528 3032 2112 3106">
     <span class='ocr_line' id='line_1_46' title="bbox 528 3032 2112 3106; baseline 0.005 -22"><span class='ocrx_word' id='word_1_305' title='bbox 528 3032 824 3098; x_wconf 87' lang='lat' dir='ltr'><strong>quamdam</strong></span> <span class='ocrx_word' id='word_1_306' title='bbox 859 3034 1159 3088; x_wconf 90' lang='lat' dir='ltr'><strong>naturalem</strong></span> <span class='ocrx_word' id='word_1_307' title='bbox 1183 3036 1498 3100; x_wconf 89' lang='lat' dir='ltr'><strong>considera,</strong></span> <span class='ocrx_word' id='word_1_308' title='bbox 1527 3050 1633 3105; x_wconf 90' lang='lat' dir='ltr'><strong>qua</strong></span> <span class='ocrx_word' id='word_1_309' title='bbox 1670 3037 1892 3106; x_wconf 87' lang='lat' dir='ltr'><strong>superni</strong></span> <span class='ocrx_word' id='word_1_310' title='bbox 1922 3052 2112 3092; x_wconf 86' lang='lat' dir='ltr'><strong>manus</strong></span> 
     </span>
    </p>
   </div>
   <div class='ocr_carea' id='block_1_47' title="bbox 528 3122 2108 3185">
    <p class='ocr_par' dir='ltr' id='par_1_47' title="bbox 528 3122 2108 3185">
     <span class='ocr_line' id='line_1_47' title="bbox 528 3122 2108 3185; baseline 0.006 -9"><span class='ocrx_word' id='word_1_311' title='bbox 528 3122 768 3179; x_wconf 76' lang='lat' dir='ltr'><strong>Artificis</strong></span> <span class='ocrx_word' id='word_1_312' title='bbox 794 3124 1133 3179; x_wconf 87' lang='lat' dir='ltr'><strong>diversarum</strong></span> <span class='ocrx_word' id='word_1_313' title='bbox 1163 3135 1480 3181; x_wconf 85' lang='lat' dir='ltr'><strong>naturarum</strong></span> <span class='ocrx_word' id='word_1_314' title='bbox 1526 3126 1792 3183; x_wconf 85' lang='lat' dir='ltr'><strong>elementa</strong></span> <span class='ocrx_word' id='word_1_315' title='bbox 1842 3129 1896 3183; x_wconf 89' lang='lat' dir='ltr'><strong>in</strong></span> <span class='ocrx_word' id='word_1_316' title='bbox 1941 3145 2108 3185; x_wconf 90' lang='lat' dir='ltr'><strong>unum</strong></span> 
     </span>
    </p>
   </div>
   <div class='ocr_carea' id='block_1_48' title="bbox 528 3215 2114 3288">
    <p class='ocr_par' dir='ltr' id='par_1_48' title="bbox 528 3215 2114 3288">
     <span class='ocr_line' id='line_1_48' title="bbox 528 3215 2114 3288; baseline 0.004 -18"><span class='ocrx_word' id='word_1_317' title='bbox 528 3215 706 3287; x_wconf 86' lang='lat' dir='ltr'><strong>coegit</strong></span> <span class='ocrx_word' id='word_1_318' title='bbox 729 3230 927 3287; x_wconf 89' lang='lat' dir='ltr'><strong>corpus</strong></span> <span class='ocrx_word' id='word_1_319' title='bbox 952 3232 1245 3288; x_wconf 76' lang='lat' dir='ltr'><strong>assurgere</strong></span> <span class='ocrx_word' id='word_1_320' title='bbox 1265 3260 1279 3285; x_wconf 94' lang='lat'><strong>,</strong></span> <span class='ocrx_word' id='word_1_321' title='bbox 1312 3227 1366 3273; x_wconf 91' lang='lat' dir='ltr'><strong>et</strong></span> <span class='ocrx_word' id='word_1_322' title='bbox 1397 3234 1619 3288; x_wconf 89' lang='lat' dir='ltr'><strong>prorsus</strong></span> <span class='ocrx_word' id='word_1_323' title='bbox 1660 3218 1874 3276; x_wconf 89' lang='lat' dir='ltr'><strong>dissona</strong></span> <span class='ocrx_word' id='word_1_324' title='bbox 1907 3220 1960 3275; x_wconf 90' lang='lat' dir='ltr'><strong>in</strong></span> <span class='ocrx_word' id='word_1_325' title='bbox 1994 3230 2114 3275; x_wconf 86' lang='lat' dir='ltr'><strong>tan-</strong></span> 
     </span>
    </p>
   </div>
   <div class='ocr_carea' id='block_1_49' title="bbox 529 3308 2111 3380">
    <p class='ocr_par' dir='ltr' id='par_1_49' title="bbox 529 3308 2111 3380">
     <span class='ocr_line' id='line_1_49' title="bbox 529 3308 2111 3380; baseline 0.004 -19"><span class='ocrx_word' id='word_1_326' title='bbox 529 3317 641 3361; x_wconf 90' lang='lat' dir='ltr'><strong>tam</strong></span> <span class='ocrx_word' id='word_1_327' title='bbox 668 3308 858 3363; x_wconf 87' lang='lat' dir='ltr'><strong>statuit</strong></span> <span class='ocrx_word' id='word_1_328' title='bbox 894 3309 1303 3363; x_wconf 88' lang='lat' dir='ltr'><strong>consonantiam</strong></span> <span class='ocrx_word' id='word_1_329' title='bbox 1331 3312 1605 3380; x_wconf 88' lang='lat' dir='ltr'><strong>aspirare,</strong></span> <span class='ocrx_word' id='word_1_330' title='bbox 1646 3319 1706 3365; x_wconf 93' lang='lat' dir='ltr'><strong>ut</strong></span> <span class='ocrx_word' id='word_1_331' title='bbox 1740 3311 1843 3366; x_wconf 91' lang='lat' dir='ltr'><strong>nisi</strong></span> <span class='ocrx_word' id='word_1_332' title='bbox 1885 3312 2111 3368; x_wconf 81' lang='lat' dir='ltr'><strong>alterius</strong></span> 
     </span>
    </p>
   </div>
   <div class='ocr_carea' id='block_1_50' title="bbox 528 3399 2111 3470">
    <p class='ocr_par' dir='ltr' id='par_1_50' title="bbox 528 3399 2111 3470">
     <span class='ocr_line' id='line_1_50' title="bbox 528 3399 2111 3470; baseline 0.004 -17"><span class='ocrx_word' id='word_1_333' title='bbox 528 3399 692 3470; x_wconf 87' lang='lat' dir='ltr'><strong>ligata</strong></span> <span class='ocrx_word' id='word_1_334' title='bbox 721 3400 975 3455; x_wconf 88' lang='lat' dir='ltr'><strong>subsidiis</strong></span> <span class='ocrx_word' id='word_1_335' title='bbox 1001 3415 1108 3469; x_wconf 85' lang='lat' dir='ltr'><strong>non</strong></span> <span class='ocrx_word' id='word_1_336' title='bbox 1137 3402 1415 3457; x_wconf 87' lang='lat' dir='ltr'><strong>subsistat.</strong></span> <span class='ocrx_word' id='word_1_337' title='bbox 1442 3403 1648 3459; x_wconf 60' lang='lat' dir='ltr'><strong>Casium</strong></span> <span class='ocrx_word' id='word_1_338' title='bbox 1694 3404 1838 3459; x_wconf 87' lang='lat' dir='ltr'><strong>enim</strong></span> <span class='ocrx_word' id='word_1_339' title='bbox 1865 3405 1965 3460; x_wconf 91' lang='lat' dir='ltr'><strong>nisi</strong></span> <span class='ocrx_word' id='word_1_340' title='bbox 1995 3406 2111 3461; x_wconf 87' lang='lat' dir='ltr'><strong>exi-</strong></span> 
     </span>
    </p>
   </div>
   <div class='ocr_carea' id='block_1_51' title="bbox 528 3490 2112 3562">
    <p class='ocr_par' dir='ltr' id='par_1_51' title="bbox 528 3490 2112 3562">
     <span class='ocr_line' id='line_1_51' title="bbox 528 3490 2112 3562; baseline 0.004 -19"><span class='ocrx_word' id='word_1_341' title='bbox 528 3500 728 3562; x_wconf 83' lang='lat' dir='ltr'><strong>steret,</strong></span> <span class='ocrx_word' id='word_1_342' title='bbox 759 3506 866 3561; x_wconf 89' lang='lat' dir='ltr'><strong>quo</strong></span> <span class='ocrx_word' id='word_1_343' title='bbox 896 3490 1075 3546; x_wconf 89' lang='lat' dir='ltr'><strong>lumen</strong></span> <span class='ocrx_word' id='word_1_344' title='bbox 1106 3491 1387 3557; x_wconf 90' lang='lat' dir='ltr'><strong>funderet,</strong></span> <span class='ocrx_word' id='word_1_345' title='bbox 1420 3509 1529 3549; x_wconf 91' lang='lat' dir='ltr'><strong>non</strong></span> <span class='ocrx_word' id='word_1_346' title='bbox 1572 3494 1814 3549; x_wconf 86' lang='lat' dir='ltr'><strong>haberet.</strong></span> <span class='ocrx_word' id='word_1_347' title='bbox 1843 3494 1972 3550; x_wconf 89' lang='lat' dir='ltr'><strong>Aeri</strong></span> <span class='ocrx_word' id='word_1_348' title='bbox 2000 3509 2112 3551; x_wconf 76' lang='lat' dir='ltr'><strong>cte-</strong></span> 
     </span>
    </p>
   </div>
   <div class='ocr_carea' id='block_1_52' title="bbox 524 3580 2112 3650">
    <p class='ocr_par' dir='ltr' id='par_1_52' title="bbox 524 3580 2112 3650">
     <span class='ocr_line' id='line_1_52' title="bbox 524 3580 2112 3650; baseline 0.004 -15"><span class='ocrx_word' id='word_1_349' title='bbox 524 3580 638 3635; x_wconf 76' lang='lat' dir='ltr'><strong>lum</strong></span> <span class='ocrx_word' id='word_1_350' title='bbox 670 3582 909 3637; x_wconf 89' lang='lat' dir='ltr'><strong>colorem</strong></span> <span class='ocrx_word' id='word_1_351' title='bbox 938 3582 1191 3650; x_wconf 83' lang='lat' dir='ltr'><strong>exhibet;</strong></span> <span class='ocrx_word' id='word_1_352' title='bbox 1222 3598 1315 3638; x_wconf 89' lang='lat' dir='ltr'><strong>aer</strong></span> <span class='ocrx_word' id='word_1_353' title='bbox 1340 3593 1542 3640; x_wconf 90' lang='lat' dir='ltr'><strong>terram</strong></span> <span class='ocrx_word' id='word_1_354' title='bbox 1573 3584 1719 3639; x_wconf 88' lang='lat' dir='ltr'><strong>fovet</strong></span> <span class='ocrx_word' id='word_1_355' title='bbox 1749 3584 2034 3650; x_wconf 87' lang='lat' dir='ltr'><strong>imbribus,</strong></span> <span class='ocrx_word' id='word_1_356' title='bbox 2056 3594 2112 3641; x_wconf 91' lang='lat' dir='ltr'><strong>et</strong></span> 
     </span>
    </p>
   </div>
   <div class='ocr_carea' id='block_1_53' title="bbox 527 3674 2109 3746">
    <p class='ocr_par' dir='ltr' id='par_1_53' title="bbox 527 3674 2109 3746">
     <span class='ocr_line' id='line_1_53' title="bbox 527 3674 2109 3746; baseline 0.002 -18"><span class='ocrx_word' id='word_1_357' title='bbox 527 3674 742 3730; x_wconf 88' lang='lat' dir='ltr'><strong>cunctis</strong></span> <span class='ocrx_word' id='word_1_358' title='bbox 770 3674 1135 3731; x_wconf 87' lang='lat' dir='ltr'><strong>animantibus</strong></span> <span class='ocrx_word' id='word_1_359' title='bbox 1168 3676 1337 3731; x_wconf 89' lang='lat' dir='ltr'><strong>vitam</strong></span> <span class='ocrx_word' id='word_1_360' title='bbox 1368 3676 1560 3731; x_wconf 89' lang='lat' dir='ltr'><strong>tribuit</strong></span> <span class='ocrx_word' id='word_1_361' title='bbox 1602 3676 1924 3746; x_wconf 86' lang='lat' dir='ltr'><strong>respiratus.</strong></span> <span class='ocrx_word' id='word_1_362' title='bbox 1954 3677 2109 3745; x_wconf 88' lang='lat' dir='ltr'><strong>Aqua</strong></span> 
     </span>
    </p>
   </div>
   <div class='ocr_carea' id='block_1_54' title="bbox 526 3763 2106 3840">
    <p class='ocr_par' dir='ltr' id='par_1_54' title="bbox 526 3763 2106 3840">
     <span class='ocr_line' id='line_1_54' title="bbox 526 3763 2106 3840; baseline 0.001 -20"><span class='ocrx_word' id='word_1_363' title='bbox 526 3763 707 3821; x_wconf 77' lang='lat' dir='ltr'><strong>ﬂuviis</strong></span> <span class='ocrx_word' id='word_1_364' title='bbox 757 3765 984 3837; x_wconf 83' lang='lat' dir='ltr'><strong>irrigat;</strong></span> <span class='ocrx_word' id='word_1_365' title='bbox 1015 3784 1136 3839; x_wconf 77' lang='lat' dir='ltr'><strong>qua:</strong></span> <span class='ocrx_word' id='word_1_366' title='bbox 1166 3769 1355 3837; x_wconf 88' lang='lat' dir='ltr'><strong>utique</strong></span> <span class='ocrx_word' id='word_1_367' title='bbox 1383 3776 1440 3823; x_wconf 89' lang='lat' dir='ltr'><strong>et</strong></span> <span class='ocrx_word' id='word_1_368' title='bbox 1476 3768 1589 3840; x_wconf 90' lang='lat' dir='ltr'><strong>ipsa</strong></span> <span class='ocrx_word' id='word_1_369' title='bbox 1619 3784 1728 3823; x_wconf 91' lang='lat' dir='ltr'><strong>non</strong></span> <span class='ocrx_word' id='word_1_370' title='bbox 1760 3768 2106 3834; x_wconf 87' lang='lat' dir='ltr'><strong>subsisteret,</strong></span> 
     </span>
    </p>
   </div>
   <div class='ocr_carea' id='block_1_55' title="bbox 527 3854 2111 3914">
    <p class='ocr_par' dir='ltr' id='par_1_55' title="bbox 527 3854 2111 3914">
     <span class='ocr_line' id='line_1_55' title="bbox 527 3854 2111 3914; baseline 0.003 -6"><span class='ocrx_word' id='word_1_371' title='bbox 527 3854 574 3909; x_wconf 91' lang='lat' dir='ltr'><strong>si</strong></span> <span class='ocrx_word' id='word_1_372' title='bbox 605 3870 727 3911; x_wconf 92' lang='lat' dir='ltr'><strong>eam</strong></span> <span class='ocrx_word' id='word_1_373' title='bbox 776 3865 935 3913; x_wconf 75' lang='lat' dir='ltr'><strong>terra:</strong></span> <span class='ocrx_word' id='word_1_374' title='bbox 964 3856 1161 3913; x_wconf 86' lang='lat' dir='ltr'><strong>fundus</strong></span> <span class='ocrx_word' id='word_1_375' title='bbox 1205 3858 1428 3913; x_wconf 91' lang='lat' dir='ltr'><strong>ultimus</strong></span> <span class='ocrx_word' id='word_1_376' title='bbox 1478 3873 1582 3914; x_wconf 90' lang='lat' dir='ltr'><strong>non</strong></span> <span class='ocrx_word' id='word_1_377' title='bbox 1615 3867 1844 3914; x_wconf 88' lang='lat' dir='ltr'><strong>teneret.</strong></span> <span class='ocrx_word' id='word_1_378' title='bbox 1890 3857 2111 3913; x_wconf 87' lang='lat' dir='ltr'><strong>Talibus</strong></span> 
     </span>
    </p>
   </div>
   <div class='ocr_carea' id='block_1_56' title="bbox 525 3944 2111 4022">
    <p class='ocr_par' dir='ltr' id='par_1_56' title="bbox 525 3944 2111 4022">
     <span class='ocr_line' id='line_1_56' title="bbox 525 3944 2111 4022; baseline 0.003 -19"><span class='ocrx_word' id='word_1_379' title='bbox 525 3944 695 4016; x_wconf 80' lang='lat' dir='ltr'><strong>igitur</strong></span> <span class='ocrx_word' id='word_1_380' title='bbox 715 3947 923 4020; x_wconf 83' lang='lat' dir='ltr'><strong>legibus</strong></span> <span class='ocrx_word' id='word_1_381' title='bbox 951 3949 1215 4006; x_wconf 65' lang='lat' dir='ltr'><strong>foederata</strong></span> <span class='ocrx_word' id='word_1_382' title='bbox 1248 3950 1516 4008; x_wconf 82' lang='lat' dir='ltr'><strong>elementa</strong></span> <span class='ocrx_word' id='word_1_383' title='bbox 1563 3967 1751 4022; x_wconf 90' lang='lat' dir='ltr'><strong>pacem</strong></span> <span class='ocrx_word' id='word_1_384' title='bbox 1782 3949 1989 4007; x_wconf 87' lang='lat' dir='ltr'><strong>habent</strong></span> <span class='ocrx_word' id='word_1_385' title='bbox 2012 3952 2111 4007; x_wconf 81' lang='lat' dir='ltr'><strong>de-</strong></span> 
     </span>
    </p>
   </div>
   <div class='ocr_carea' id='block_1_57' title="bbox 523 4050 1152 4113">
    <p class='ocr_par' dir='ltr' id='par_1_57' title="bbox 523 4050 1152 4113">
     <span class='ocr_line' id='line_1_57' title="bbox 523 4050 1152 4113; baseline 0 -17"><span class='ocrx_word' id='word_1_386' title='bbox 523 4053 708 4096; x_wconf 81' lang='lat' dir='ltr'><strong>coram</strong></span> <span class='ocrx_word' id='word_1_387' title='bbox 736 4050 792 4096; x_wconf 89' lang='lat' dir='ltr'><strong>et</strong></span> <span class='ocrx_word' id='word_1_388' title='bbox 820 4052 1152 4113; x_wconf 84' lang='lat' dir='ltr'><strong>perpetuam.</strong></span> 
     </span>
    </p>
   </div>
   <div class='ocr_carea' id='block_1_58' title="bbox 593 4132 2108 4205">
    <p class='ocr_par' dir='ltr' id='par_1_58' title="bbox 593 4132 2108 4205">
     <span class='ocr_line' id='line_1_58' title="bbox 593 4132 2108 4205; baseline 0.003 -18"><span class='ocrx_word' id='word_1_389' title='bbox 593 4132 748 4200; x_wconf 91' lang='lat' dir='ltr'><strong>Quod</strong></span> <span class='ocrx_word' id='word_1_390' title='bbox 777 4134 822 4187; x_wconf 91' lang='lat' dir='ltr'><strong>si</strong></span> <span class='ocrx_word' id='word_1_391' title='bbox 849 4132 1116 4189; x_wconf 88' lang='lat' dir='ltr'><strong>dissensio</strong></span> <span class='ocrx_word' id='word_1_392' title='bbox 1140 4134 1316 4205; x_wconf 90' lang='lat' dir='ltr'><strong>aliqua</strong></span> <span class='ocrx_word' id='word_1_393' title='bbox 1344 4134 1605 4193; x_wconf 89' lang='lat' dir='ltr'><strong>adversus</strong></span> <span class='ocrx_word' id='word_1_394' title='bbox 1627 4150 1686 4191; x_wconf 91' lang='lat' dir='ltr'><strong>se</strong></span> <span class='ocrx_word' id='word_1_395' title='bbox 1707 4135 1835 4191; x_wconf 85' lang='lat' dir='ltr'><strong>huic</strong></span> <span class='ocrx_word' id='word_1_396' title='bbox 1862 4135 2108 4192; x_wconf 72' lang='lat' dir='ltr'><strong>materia:</strong></span> 
     </span>
    </p>
   </div>
   <div class='ocr_carea' id='block_1_59' title="bbox 522 4226 2105 4297">
    <p class='ocr_par' dir='ltr' id='par_1_59' title="bbox 522 4226 2105 4297">
     <span class='ocr_line' id='line_1_59' title="bbox 522 4226 2105 4297; baseline 0.004 -20"><span class='ocrx_word' id='word_1_397' title='bbox 522 4233 836 4295; x_wconf 80' lang='lat' dir='ltr'><strong>generetur,</strong></span> <span class='ocrx_word' id='word_1_398' title='bbox 876 4234 932 4280; x_wconf 90' lang='lat' dir='ltr'><strong>et</strong></span> <span class='ocrx_word' id='word_1_399' title='bbox 979 4226 1245 4283; x_wconf 89' lang='lat' dir='ltr'><strong>seditione</strong></span> <span class='ocrx_word' id='word_1_400' title='bbox 1294 4226 1471 4297; x_wconf 89' lang='lat' dir='ltr'><strong>aliqua</strong></span> <span class='ocrx_word' id='word_1_401' title='bbox 1519 4227 1842 4283; x_wconf 91' lang='lat' dir='ltr'><strong>solutionem</strong></span> <span class='ocrx_word' id='word_1_402' title='bbox 1874 4228 1956 4283; x_wconf 91' lang='lat' dir='ltr'><strong>sui</strong></span> <span class='ocrx_word' id='word_1_403' title='bbox 1988 4244 2105 4283; x_wconf 86' lang='lat' dir='ltr'><strong>me-</strong></span> 
     </span>
    </p>
   </div>
   <div class='ocr_carea' id='block_1_60' title="bbox 527 4316 2104 4389">
    <p class='ocr_par' dir='ltr' id='par_1_60' title="bbox 527 4316 2104 4389">
     <span class='ocr_line' id='line_1_60' title="bbox 527 4316 2104 4389; baseline 0.002 -19"><span class='ocrx_word' id='word_1_404' title='bbox 527 4317 735 4371; x_wconf 87' lang='lat' dir='ltr'><strong>ditetur</strong></span> <span class='ocrx_word' id='word_1_405' title='bbox 770 4316 885 4372; x_wconf 73' lang='lat' dir='ltr'><strong>haec</strong></span> <span class='ocrx_word' id='word_1_406' title='bbox 916 4318 1186 4383; x_wconf 86' lang='lat' dir='ltr'><strong>machina,</strong></span> <span class='ocrx_word' id='word_1_407' title='bbox 1220 4318 1306 4373; x_wconf 90' lang='lat' dir='ltr'><strong>vel</strong></span> <span class='ocrx_word' id='word_1_408' title='bbox 1332 4320 1375 4375; x_wconf 93' lang='lat' dir='ltr'><strong>si</strong></span> <span class='ocrx_word' id='word_1_409' title='bbox 1419 4319 1603 4374; x_wconf 89' lang='lat' dir='ltr'><strong>divino</strong></span> <span class='ocrx_word' id='word_1_410' title='bbox 1636 4329 1769 4373; x_wconf 88' lang='lat' dir='ltr'><strong>nutu</strong></span> <span class='ocrx_word' id='word_1_411' title='bbox 1800 4317 2001 4389; x_wconf 85' lang='lat' dir='ltr'><strong>aliquid</strong></span> <span class='ocrx_word' id='word_1_412' title='bbox 2036 4334 2104 4373; x_wconf 81' lang='lat' dir='ltr'><strong>ex</strong></span> 
     </span>
    </p>
   </div>
   <div class='ocr_carea' id='block_1_61' title="bbox 2214 1837 3695 1907">
    <p class='ocr_par' dir='ltr' id='par_1_61' title="bbox 2214 1837 3695 1907">
     <span class='ocr_line' id='line_1_61' title="bbox 2214 1837 3695 1907; baseline 0.005 -18"><span class='ocrx_word' id='word_1_413' title='bbox 2214 1837 2450 1901; x_wconf 84' lang='lat' dir='ltr'><strong>venerit,</strong></span> <span class='ocrx_word' id='word_1_414' title='bbox 2490 1837 2619 1906; x_wconf 90' lang='lat' dir='ltr'><strong>quid</strong></span> <span class='ocrx_word' id='word_1_415' title='bbox 2662 1838 2807 1907; x_wconf 85' lang='lat' dir='ltr'><strong>passi</strong></span> <span class='ocrx_word' id='word_1_416' title='bbox 2853 1839 2995 1903; x_wconf 80' lang='lat' dir='ltr'><strong>sint,</strong></span> <span class='ocrx_word' id='word_1_417' title='bbox 3045 1847 3101 1893; x_wconf 85' lang='lat' dir='ltr'><strong>et</strong></span> <span class='ocrx_word' id='word_1_418' title='bbox 3154 1847 3395 1893; x_wconf 81' lang='lat' dir='ltr'><strong>veterum</strong></span> <span class='ocrx_word' id='word_1_419' title='bbox 3440 1839 3628 1895; x_wconf 75' lang='lat' dir='ltr'><strong>historia:</strong></span> <span class='ocrx_word' id='word_1_420' title='bbox 3662 1852 3695 1896; x_wconf 89' lang='lat' dir='ltr'><strong>et</strong></span> 
     </span>
    </p>
   </div>
   <div class='ocr_carea' id='block_1_62' title="bbox 2214 1924 3695 1996">
    <p class='ocr_par' dir='ltr' id='par_1_62' title="bbox 2214 1924 3695 1996">
     <span class='ocr_line' id='line_1_62' title="bbox 2214 1924 3695 1996; baseline 0.003 -15"><span class='ocrx_word' id='word_1_421' title='bbox 2214 1926 2412 1981; x_wconf 84' lang='lat' dir='ltr'><strong>Threni</strong></span> <span class='ocrx_word' id='word_1_422' title='bbox 2445 1926 2677 1981; x_wconf 88' lang='lat' dir='ltr'><strong>recitant</strong></span> <span class='ocrx_word' id='word_1_423' title='bbox 2721 1924 2990 1983; x_wconf 68' lang='lat' dir='ltr'><strong>Jeremiae.</strong></span> <span class='ocrx_word' id='word_1_424' title='bbox 3021 1927 3155 1983; x_wconf 81' lang='lat' dir='ltr'><strong>Nam</strong></span> <span class='ocrx_word' id='word_1_425' title='bbox 3210 1928 3438 1996; x_wconf 86' lang='lat' dir='ltr'><strong>undique</strong></span> <span class='ocrx_word' id='word_1_426' title='bbox 3466 1927 3510 1981; x_wconf 92' lang='lat' dir='ltr'><strong>iu</strong></span> <span class='ocrx_word' id='word_1_427' title='bbox 3531 1930 3695 1985; x_wconf 83' lang='lat' dir='ltr'><strong>eosbel-</strong></span> 
     </span>
    </p>
   </div>
   <div class='ocr_carea' id='block_1_63' title="bbox 2211 2017 3694 2090">
    <p class='ocr_par' dir='ltr' id='par_1_63' title="bbox 2211 2017 3694 2090">
     <span class='ocr_line' id='line_1_63' title="bbox 2211 2017 3694 2090; baseline 0.003 -18"><span class='ocrx_word' id='word_1_428' title='bbox 2211 2017 2385 2074; x_wconf 87' lang='lat' dir='ltr'><strong>lorum</strong></span> <span class='ocrx_word' id='word_1_429' title='bbox 2436 2018 2614 2074; x_wconf 89' lang='lat' dir='ltr'><strong>rabies</strong></span> <span class='ocrx_word' id='word_1_430' title='bbox 2660 2026 2715 2072; x_wconf 89' lang='lat' dir='ltr'><strong>et</strong></span> <span class='ocrx_word' id='word_1_431' title='bbox 2740 2017 2869 2075; x_wconf 87' lang='lat' dir='ltr'><strong>ferri</strong></span> <span class='ocrx_word' id='word_1_432' title='bbox 2908 2019 3173 2075; x_wconf 77' lang='lat' dir='ltr'><strong>eﬁrenata</strong></span> <span class='ocrx_word' id='word_1_433' title='bbox 3220 2018 3461 2085; x_wconf 86' lang='lat' dir='ltr'><strong>licentia,</strong></span> <span class='ocrx_word' id='word_1_434' title='bbox 3487 2021 3589 2077; x_wconf 85' lang='lat' dir='ltr'><strong>urbs</strong></span> <span class='ocrx_word' id='word_1_435' title='bbox 3608 2037 3694 2090; x_wconf 76' lang='lat' dir='ltr'><strong>pre-</strong></span> 
     </span>
    </p>
   </div>
   <div class='ocr_carea' id='block_1_64' title="bbox 2212 2111 3689 2184">
    <p class='ocr_par' dir='ltr' id='par_1_64' title="bbox 2212 2111 3689 2184">
     <span class='ocr_line' id='line_1_64' title="bbox 2212 2111 3689 2184; baseline 0.001 -17"><span class='ocrx_word' id='word_1_436' title='bbox 2212 2113 2359 2168; x_wconf 87' lang='lat' dir='ltr'><strong>clara</strong></span> <span class='ocrx_word' id='word_1_437' title='bbox 2388 2113 2774 2183; x_wconf 88' lang='lat' dir='ltr'><strong>prosternitur,</strong></span> <span class='ocrx_word' id='word_1_438' title='bbox 2805 2112 3063 2184; x_wconf 90' lang='lat' dir='ltr'><strong>templum</strong></span> <span class='ocrx_word' id='word_1_439' title='bbox 3090 2111 3481 2168; x_wconf 83' lang='lat' dir='ltr'><strong>sanctiﬁcatum</strong></span> <span class='ocrx_word' id='word_1_440' title='bbox 3521 2112 3689 2182; x_wconf 73' lang='lat' dir='ltr'><strong>profana-</strong></span> 
     </span>
    </p>
   </div>
   <div class='ocr_carea' id='block_1_65' title="bbox 2215 2201 3686 2269">
    <p class='ocr_par' dir='ltr' id='par_1_65' title="bbox 2215 2201 3686 2269">
     <span class='ocr_line' id='line_1_65' title="bbox 2215 2201 3686 2269; baseline 0.001 -11"><span class='ocrx_word' id='word_1_441' title='bbox 2215 2211 2322 2269; x_wconf 89' lang='lat' dir='ltr'><strong>tur,</strong></span> <span class='ocrx_word' id='word_1_442' title='bbox 2350 2218 2509 2258; x_wconf 89' lang='lat' dir='ltr'><strong>nemo</strong></span> <span class='ocrx_word' id='word_1_443' title='bbox 2535 2203 2822 2260; x_wconf 88' lang='lat' dir='ltr'><strong>miseretur</strong></span> <span class='ocrx_word' id='word_1_444' title='bbox 2837 2204 3078 2269; x_wconf 89' lang='lat' dir='ltr'><strong>senibus,</strong></span> <span class='ocrx_word' id='word_1_445' title='bbox 3112 2218 3275 2259; x_wconf 91' lang='lat' dir='ltr'><strong>nemo</strong></span> <span class='ocrx_word' id='word_1_446' title='bbox 3300 2201 3585 2269; x_wconf 87' lang='lat' dir='ltr'><strong>infantibus,</strong></span> <span class='ocrx_word' id='word_1_447' title='bbox 3609 2207 3686 2260; x_wconf 78' lang='lat' dir='ltr'><strong>abs-</strong></span> 
     </span>
    </p>
   </div>
   <div class='ocr_carea' id='block_1_66' title="bbox 2211 2293 3693 2364">
    <p class='ocr_par' dir='ltr' id='par_1_66' title="bbox 2211 2293 3693 2364">
     <span class='ocr_line' id='line_1_66' title="bbox 2211 2293 3693 2364; baseline 0.001 -17"><span class='ocrx_word' id='word_1_448' title='bbox 2211 2310 2319 2364; x_wconf 91' lang='lat' dir='ltr'><strong>que</strong></span> <span class='ocrx_word' id='word_1_449' title='bbox 2356 2297 2602 2364; x_wconf 68' lang='lat' dir='ltr'><strong>respecm</strong></span> <span class='ocrx_word' id='word_1_450' title='bbox 2624 2293 2852 2364; x_wconf 85' lang='lat' dir='ltr'><strong>juvenes</strong></span> <span class='ocrx_word' id='word_1_451' title='bbox 2889 2296 3260 2358; x_wconf 81' lang='lat' dir='ltr'><strong>trucidantur,</strong></span> <span class='ocrx_word' id='word_1_452' title='bbox 3315 2294 3547 2349; x_wconf 78' lang='lat' dir='ltr'><strong>matronis</strong></span> <span class='ocrx_word' id='word_1_453' title='bbox 3568 2294 3619 2347; x_wconf 89' lang='lat' dir='ltr'><strong>nil</strong></span> <span class='ocrx_word' id='word_1_454' title='bbox 3635 2310 3693 2349; x_wconf 78' lang='lat' dir='ltr'><strong>re-</strong></span> 
     </span>
    </p>
   </div>
   <div class='ocr_carea' id='block_1_67' title="bbox 2214 2387 3690 2459">
    <p class='ocr_par' dir='ltr' id='par_1_67' title="bbox 2214 2387 3690 2459">
     <span class='ocr_line' id='line_1_67' title="bbox 2214 2387 3690 2459; baseline -0.001 -16"><span class='ocrx_word' id='word_1_455' title='bbox 2214 2388 2520 2453; x_wconf 74' lang='lat' dir='ltr'><strong>recuudiae,</strong></span> <span class='ocrx_word' id='word_1_456' title='bbox 2548 2387 2625 2441; x_wconf 92' lang='lat' dir='ltr'><strong>nil</strong></span> <span class='ocrx_word' id='word_1_457' title='bbox 2653 2388 2877 2459; x_wconf 89' lang='lat' dir='ltr'><strong>pudoris</strong></span> <span class='ocrx_word' id='word_1_458' title='bbox 2902 2388 3207 2459; x_wconf 77' lang='lat' dir='ltr'><strong>virginibus</strong></span> <span class='ocrx_word' id='word_1_459' title='bbox 3245 2395 3540 2443; x_wconf 73' lang='lat' dir='ltr'><strong>reservatur.</strong></span> <span class='ocrx_word' id='word_1_460' title='bbox 3560 2387 3690 2457; x_wconf 78' lang='lat' dir='ltr'><strong>lnipsa</strong></span> 
     </span>
    </p>
   </div>
   <div class='ocr_carea' id='block_1_68' title="bbox 2214 2481 3694 2553">
    <p class='ocr_par' dir='ltr' id='par_1_68' title="bbox 2214 2481 3694 2553">
     <span class='ocr_line' id='line_1_68' title="bbox 2214 2481 3694 2553; baseline 0 -18"><span class='ocrx_word' id='word_1_461' title='bbox 2214 2490 2395 2536; x_wconf 88' lang='lat' dir='ltr'><strong>autem</strong></span> <span class='ocrx_word' id='word_1_462' title='bbox 2428 2481 2738 2548; x_wconf 87' lang='lat' dir='ltr'><strong>obsidione,</strong></span> <span class='ocrx_word' id='word_1_463' title='bbox 2769 2491 3059 2553; x_wconf 87' lang='lat' dir='ltr'><strong>antequam</strong></span> <span class='ocrx_word' id='word_1_464' title='bbox 3090 2498 3148 2539; x_wconf 90' lang='lat' dir='ltr'><strong>se</strong></span> <span class='ocrx_word' id='word_1_465' title='bbox 3182 2484 3454 2538; x_wconf 88' lang='lat' dir='ltr'><strong>traderent</strong></span> <span class='ocrx_word' id='word_1_466' title='bbox 3487 2482 3529 2537; x_wconf 92' lang='lat' dir='ltr'><strong>in</strong></span> <span class='ocrx_word' id='word_1_467' title='bbox 3566 2496 3694 2535; x_wconf 83' lang='lat' dir='ltr'><strong>manus</strong></span> 
     </span>
    </p>
   </div>
   <div class='ocr_carea' id='block_1_69' title="bbox 2216 2572 3695 2643">
    <p class='ocr_par' dir='ltr' id='par_1_69' title="bbox 2216 2572 3695 2643">
     <span class='ocr_line' id='line_1_69' title="bbox 2216 2572 3695 2643; baseline -0.001 -16"><span class='ocrx_word' id='word_1_468' title='bbox 2216 2572 2415 2643; x_wconf 89' lang='lat' dir='ltr'><strong>gladii,</strong></span> <span class='ocrx_word' id='word_1_469' title='bbox 2446 2583 2554 2628; x_wconf 87' lang='lat' dir='ltr'><strong>tam</strong></span> <span class='ocrx_word' id='word_1_470' title='bbox 2587 2574 2787 2630; x_wconf 86' lang='lat' dir='ltr'><strong>infesta</strong></span> <span class='ocrx_word' id='word_1_471' title='bbox 2819 2575 3211 2630; x_wconf 88' lang='lat' dir='ltr'><strong>cruciabantur</strong></span> <span class='ocrx_word' id='word_1_472' title='bbox 3236 2574 3410 2631; x_wconf 87' lang='lat' dir='ltr'><strong>inedia</strong></span> <span class='ocrx_word' id='word_1_473' title='bbox 3437 2582 3487 2629; x_wconf 90' lang='lat' dir='ltr'><strong>ut</strong></span> <span class='ocrx_word' id='word_1_474' title='bbox 3523 2572 3566 2627; x_wconf 86' lang='lat' dir='ltr'><strong>in</strong></span> <span class='ocrx_word' id='word_1_475' title='bbox 3600 2572 3695 2627; x_wconf 76' lang='lat' dir='ltr'><strong>fame</strong></span> 
     </span>
    </p>
   </div>
   <div class='ocr_carea' id='block_1_70' title="bbox 2215 2664 3697 2723">
    <p class='ocr_par' dir='ltr' id='par_1_70' title="bbox 2215 2664 3697 2723">
     <span class='ocr_line' id='line_1_70' title="bbox 2215 2664 3697 2723; baseline -0.001 -4"><span class='ocrx_word' id='word_1_476' title='bbox 2215 2665 2373 2721; x_wconf 76' lang='lat' dir='ltr'><strong>fieret</strong></span> <span class='ocrx_word' id='word_1_477' title='bbox 2397 2664 2557 2722; x_wconf 83' lang='lat' dir='ltr'><strong>famis</strong></span> <span class='ocrx_word' id='word_1_478' title='bbox 2583 2667 2880 2723; x_wconf 86' lang='lat' dir='ltr'><strong>remedium</strong></span> <span class='ocrx_word' id='word_1_479' title='bbox 2909 2666 3161 2723; x_wconf 85' lang='lat' dir='ltr'><strong>solatium</strong></span> <span class='ocrx_word' id='word_1_480' title='bbox 3204 2665 3544 2723; x_wconf 85' lang='lat' dir='ltr'><strong>dulcissimum</strong></span> <span class='ocrx_word' id='word_1_481' title='bbox 3562 2664 3697 2718; x_wconf 79' lang='lat' dir='ltr'><strong>libem-</strong></span> 
     </span>
    </p>
   </div>
   <div class='ocr_carea' id='block_1_71' title="bbox 2216 2756 3698 2831">
    <p class='ocr_par' dir='ltr' id='par_1_71' title="bbox 2216 2756 3698 2831">
     <span class='ocr_line' id='line_1_71' title="bbox 2216 2756 3698 2831; baseline -0.002 -18"><span class='ocrx_word' id='word_1_482' title='bbox 2216 2773 2369 2825; x_wconf 83' lang='lat' dir='ltr'><strong>rum;</strong></span> <span class='ocrx_word' id='word_1_483' title='bbox 2418 2758 2487 2814; x_wconf 88' lang='lat' dir='ltr'><strong>ad</strong></span> <span class='ocrx_word' id='word_1_484' title='bbox 2538 2768 2841 2815; x_wconf 77' lang='lat' dir='ltr'><strong>extremum</strong></span> <span class='ocrx_word' id='word_1_485' title='bbox 2890 2776 2922 2815; x_wconf 91' lang='lat' dir='ltr'><strong>a</strong></span> <span class='ocrx_word' id='word_1_486' title='bbox 2970 2760 3160 2831; x_wconf 71' lang='lat' dir='ltr'><strong>patrias</strong></span> <span class='ocrx_word' id='word_1_487' title='bbox 3211 2759 3407 2815; x_wconf 86' lang='lat' dir='ltr'><strong>finibus</strong></span> <span class='ocrx_word' id='word_1_488' title='bbox 3449 2756 3606 2813; x_wconf 83' lang='lat' dir='ltr'><strong>turbati</strong></span> <span class='ocrx_word' id='word_1_489' title='bbox 3634 2771 3698 2826; x_wconf 81' lang='lat' dir='ltr'><strong>per</strong></span> 
     </span>
    </p>
   </div>
   <div class='ocr_carea' id='block_1_72' title="bbox 2215 2846 3701 2922">
    <p class='ocr_par' dir='ltr' id='par_1_72' title="bbox 2215 2846 3701 2922">
     <span class='ocr_line' id='line_1_72' title="bbox 2215 2846 3701 2922; baseline -0.004 -18"><span class='ocrx_word' id='word_1_490' title='bbox 2215 2863 2407 2905; x_wconf 89' lang='lat' dir='ltr'><strong>omnes</strong></span> <span class='ocrx_word' id='word_1_491' title='bbox 2435 2849 2814 2921; x_wconf 87' lang='lat' dir='ltr'><strong>disperguntur</strong></span> <span class='ocrx_word' id='word_1_492' title='bbox 2837 2850 3141 2922; x_wconf 85' lang='lat' dir='ltr'><strong>provincias</strong></span> <span class='ocrx_word' id='word_1_493' title='bbox 3160 2890 3179 2916; x_wconf 92' lang='lat'><strong>,</strong></span> <span class='ocrx_word' id='word_1_494' title='bbox 3213 2857 3422 2905; x_wconf 65' lang='lat' dir='ltr'><strong>aeternae</strong></span> <span class='ocrx_word' id='word_1_495' title='bbox 3444 2846 3701 2917; x_wconf 79' lang='lat' dir='ltr'><strong>&#39;captiviutis</strong></span> 
     </span>
    </p>
   </div>
   <div class='ocr_carea' id='block_1_73' title="bbox 2216 2939 3700 3014">
    <p class='ocr_par' dir='ltr' id='par_1_73' title="bbox 2216 2939 3700 3014">
     <span class='ocr_line' id='line_1_73' title="bbox 2216 2939 3700 3014; baseline -0.003 -17"><span class='ocrx_word' id='word_1_496' title='bbox 2216 2943 2491 2999; x_wconf 81' lang='lat' dir='ltr'><strong>miseriam</strong></span> <span class='ocrx_word' id='word_1_497' title='bbox 2521 2943 2888 3013; x_wconf 83' lang='lat' dir='ltr'><strong>deplorantes.</strong></span> <span class='ocrx_word' id='word_1_498' title='bbox 2914 2943 3076 3010; x_wconf 83' lang='lat' dir='ltr'><strong>Ecce,</strong></span> <span class='ocrx_word' id='word_1_499' title='bbox 3100 2945 3198 3014; x_wconf 89' lang='lat' dir='ltr'><strong>qui</strong></span> <span class='ocrx_word' id='word_1_500' title='bbox 3226 2950 3353 2999; x_wconf 90' lang='lat' dir='ltr'><strong>sunt</strong></span> <span class='ocrx_word' id='word_1_501' title='bbox 3373 2939 3607 2998; x_wconf 68' lang='lat' dir='ltr'><strong>discordia</strong></span> <span class='ocrx_word' id='word_1_502' title='bbox 3626 2939 3700 2993; x_wconf 81' lang='lat' dir='ltr'><strong>cti-</strong></span> 
     </span>
    </p>
   </div>
   <div class='ocr_carea' id='block_1_74' title="bbox 2219 3034 3024 3090">
    <p class='ocr_par' dir='ltr' id='par_1_74' title="bbox 2219 3034 3024 3090">
     <span class='ocr_line' id='line_1_74' title="bbox 2219 3034 3024 3090; baseline 0.001 -2"><span class='ocrx_word' id='word_1_503' title='bbox 2219 3042 2306 3089; x_wconf 90' lang='lat' dir='ltr'><strong>tus</strong></span> <span class='ocrx_word' id='word_1_504' title='bbox 2332 3044 2388 3089; x_wconf 93' lang='lat' dir='ltr'><strong>et</strong></span> <span class='ocrx_word' id='word_1_505' title='bbox 2410 3034 2618 3090; x_wconf 86' lang='lat' dir='ltr'><strong>fructus</strong></span> <span class='ocrx_word' id='word_1_506' title='bbox 2644 3034 3024 3090; x_wconf 69' lang='lat' dir='ltr'><strong>dissicliorum!</strong></span> 
     </span>
    </p>
   </div>
   <div class='ocr_carea' id='block_1_75' title="bbox 2289 3119 3695 3195">
    <p class='ocr_par' dir='ltr' id='par_1_75' title="bbox 2289 3119 3695 3195">
     <span class='ocr_line' id='line_1_75' title="bbox 2289 3119 3695 3195; baseline -0.006 -16"><span class='ocrx_word' id='word_1_507' title='bbox 2289 3123 2368 3179; x_wconf 85' lang='lat' dir='ltr'><strong>Ex</strong></span> <span class='ocrx_word' id='word_1_508' title='bbox 2412 3126 2807 3181; x_wconf 88' lang='lat' dir='ltr'><strong>contrariorum</strong></span> <span class='ocrx_word' id='word_1_509' title='bbox 2856 3124 3143 3181; x_wconf 77' lang='lat' dir='ltr'><strong>effectibus</strong></span> <span class='ocrx_word' id='word_1_510' title='bbox 3208 3122 3370 3195; x_wconf 82' lang='lat' dir='ltr'><strong>ergo&#39;,</strong></span> <span class='ocrx_word' id='word_1_511' title='bbox 3409 3129 3619 3192; x_wconf 87' lang='lat' dir='ltr'><strong>quantum</strong></span> <span class='ocrx_word' id='word_1_512' title='bbox 3651 3119 3695 3173; x_wconf 82' lang='lat' dir='ltr'><strong>sit</strong></span> 
     </span>
    </p>
   </div>
   <div class='ocr_carea' id='block_1_76' title="bbox 2212 3210 3694 3287">
    <p class='ocr_par' dir='ltr' id='par_1_76' title="bbox 2212 3210 3694 3287">
     <span class='ocr_line' id='line_1_76' title="bbox 2212 3210 3694 3287; baseline -0.004 -18"><span class='ocrx_word' id='word_1_513' title='bbox 2212 3215 2369 3283; x_wconf 86' lang='lat' dir='ltr'><strong>hujus</strong></span> <span class='ocrx_word' id='word_1_514' title='bbox 2395 3216 2544 3286; x_wconf 88' lang='lat' dir='ltr'><strong>pacis</strong></span> <span class='ocrx_word' id='word_1_515' title='bbox 2580 3217 2780 3273; x_wconf 90' lang='lat' dir='ltr'><strong>bonum</strong></span> <span class='ocrx_word' id='word_1_516' title='bbox 2800 3258 2817 3283; x_wconf 95' lang='lat'><strong>,</strong></span> <span class='ocrx_word' id='word_1_517' title='bbox 2840 3217 2953 3287; x_wconf 83' lang='lat' dir='ltr'><strong>jam</strong></span> <span class='ocrx_word' id='word_1_518' title='bbox 2978 3215 3183 3272; x_wconf 84' lang='lat' dir='ltr'><strong>clarius</strong></span> <span class='ocrx_word' id='word_1_519' title='bbox 3211 3216 3467 3270; x_wconf 85' lang='lat' dir='ltr'><strong>videmus.</strong></span> <span class='ocrx_word' id='word_1_520' title='bbox 3488 3213 3575 3267; x_wconf 82' lang='lat' dir='ltr'><strong>Pax</strong></span> <span class='ocrx_word' id='word_1_521' title='bbox 3599 3210 3694 3264; x_wconf 85' lang='lat' dir='ltr'><strong>enim</strong></span> 
     </span>
    </p>
   </div>
   <div class='ocr_carea' id='block_1_77' title="bbox 2210 3301 3692 3378">
    <p class='ocr_par' dir='ltr' id='par_1_77' title="bbox 2210 3301 3692 3378">
     <span class='ocr_line' id='line_1_77' title="bbox 2210 3301 3692 3378; baseline 0 -16"><span class='ocrx_word' id='word_1_522' title='bbox 2210 3307 2325 3365; x_wconf 71' lang='lat' dir='ltr'><strong>haec</strong></span> <span class='ocrx_word' id='word_1_523' title='bbox 2378 3308 2626 3378; x_wconf 68' lang='lat' dir='ltr'><strong>producit</strong></span> <span class='ocrx_word' id='word_1_524' title='bbox 2671 3307 3092 3377; x_wconf 87' lang='lat' dir='ltr'><strong>rempublicam,</strong></span> <span class='ocrx_word' id='word_1_525' title='bbox 3139 3314 3402 3377; x_wconf 87' lang='lat' dir='ltr'><strong>propagat</strong></span> <span class='ocrx_word' id='word_1_526' title='bbox 3457 3301 3692 3373; x_wconf 75' lang='lat' dir='ltr'><strong>potentiam.</strong></span> 
     </span>
    </p>
   </div>
   <div class='ocr_carea' id='block_1_78' title="bbox 2210 3393 3691 3469">
    <p class='ocr_par' dir='ltr' id='par_1_78' title="bbox 2210 3393 3691 3469">
     <span class='ocr_line' id='line_1_78' title="bbox 2210 3393 3691 3469; baseline -0.006 -15"><span class='ocrx_word' id='word_1_527' title='bbox 2210 3397 2467 3457; x_wconf 83' lang='lat' dir='ltr'><strong>furtifieat</strong></span> <span class='ocrx_word' id='word_1_528' title='bbox 2509 3413 2706 3469; x_wconf 84' lang='lat' dir='ltr'><strong>regna,</strong></span> <span class='ocrx_word' id='word_1_529' title='bbox 2748 3399 3028 3454; x_wconf 88' lang='lat' dir='ltr'><strong>libertates</strong></span> <span class='ocrx_word' id='word_1_530' title='bbox 3056 3397 3342 3463; x_wconf 87' lang='lat' dir='ltr'><strong>nobilitat,</strong></span> <span class='ocrx_word' id='word_1_531' title='bbox 3384 3395 3544 3451; x_wconf 88' lang='lat' dir='ltr'><strong>condit</strong></span> <span class='ocrx_word' id='word_1_532' title='bbox 3577 3393 3691 3461; x_wconf 74' lang='lat' dir='ltr'><strong>leges.</strong></span> 
     </span>
    </p>
   </div>
   <div class='ocr_carea' id='block_1_79' title="bbox 2208 3484 3678 3560">
    <p class='ocr_par' dir='ltr' id='par_1_79' title="bbox 2208 3484 3678 3560">
     <span class='ocr_line' id='line_1_79' title="bbox 2208 3484 3678 3560; baseline -0.001 -17"><span class='ocrx_word' id='word_1_533' title='bbox 2208 3488 2303 3544; x_wconf 87' lang='lat' dir='ltr'><strong>alit</strong></span> <span class='ocrx_word' id='word_1_534' title='bbox 2342 3498 2520 3558; x_wconf 89' lang='lat' dir='ltr'><strong>artes,</strong></span> <span class='ocrx_word' id='word_1_535' title='bbox 2550 3490 2785 3548; x_wconf 70' lang='lat' dir='ltr'><strong>illustrat</strong></span> <span class='ocrx_word' id='word_1_536' title='bbox 2842 3489 3106 3556; x_wconf 88' lang='lat' dir='ltr'><strong>honores,</strong></span> <span class='ocrx_word' id='word_1_537' title='bbox 3139 3488 3448 3560; x_wconf 86' lang='lat' dir='ltr'><strong>religionem</strong></span> <span class='ocrx_word' id='word_1_538' title='bbox 3474 3485 3608 3549; x_wconf 70' lang='lat' dir='ltr'><strong>fetet,</strong></span> <span class='ocrx_word' id='word_1_539' title='bbox 3630 3484 3678 3537; x_wconf 89' lang='lat' dir='ltr'><strong>im</strong></span> 
     </span>
    </p>
   </div>
   <div class='ocr_carea' id='block_1_80' title="bbox 2211 3580 3696 3652">
    <p class='ocr_par' dir='ltr' id='par_1_80' title="bbox 2211 3580 3696 3652">
     <span class='ocr_line' id='line_1_80' title="bbox 2211 3580 3696 3652; baseline -0.004 -17"><span class='ocrx_word' id='word_1_540' title='bbox 2211 3582 2322 3652; x_wconf 87' lang='lat' dir='ltr'><strong>plet</strong></span> <span class='ocrx_word' id='word_1_541' title='bbox 2366 3582 2556 3637; x_wconf 89' lang='lat' dir='ltr'><strong>urbem</strong></span> <span class='ocrx_word' id='word_1_542' title='bbox 2577 3621 2593 3647; x_wconf 95' lang='lat'><strong>,</strong></span> <span class='ocrx_word' id='word_1_543' title='bbox 2618 3580 2942 3652; x_wconf 88' lang='lat' dir='ltr'><strong>multiplicat</strong></span> <span class='ocrx_word' id='word_1_544' title='bbox 2981 3580 3261 3646; x_wconf 85' lang='lat' dir='ltr'><strong>sobolem,</strong></span> <span class='ocrx_word' id='word_1_545' title='bbox 3310 3582 3462 3637; x_wconf 89' lang='lat' dir='ltr'><strong>altrix</strong></span> <span class='ocrx_word' id='word_1_546' title='bbox 3480 3590 3551 3635; x_wconf 89' lang='lat' dir='ltr'><strong>est</strong></span> <span class='ocrx_word' id='word_1_547' title='bbox 3573 3582 3696 3649; x_wconf 76' lang='lat' dir='ltr'><strong>pueri-</strong></span> 
     </span>
    </p>
   </div>
   <div class='ocr_carea' id='block_1_81' title="bbox 2208 3668 3698 3742">
    <p class='ocr_par' dir='ltr' id='par_1_81' title="bbox 2208 3668 3698 3742">
     <span class='ocr_line' id='line_1_81' title="bbox 2208 3668 3698 3742; baseline -0.003 -14"><span class='ocrx_word' id='word_1_548' title='bbox 2208 3675 2296 3729; x_wconf 79' lang='lat' dir='ltr'><strong>tize</strong></span> <span class='ocrx_word' id='word_1_549' title='bbox 2313 3714 2328 3740; x_wconf 95' lang='lat'><strong>,</strong></span> <span class='ocrx_word' id='word_1_550' title='bbox 2356 3675 2519 3730; x_wconf 84' lang='lat' dir='ltr'><strong>tutrix</strong></span> <span class='ocrx_word' id='word_1_551' title='bbox 2544 3673 2960 3739; x_wconf 62' lang='lat' dir='ltr'><strong>adolescentiae,</strong></span> <span class='ocrx_word' id='word_1_552' title='bbox 2980 3672 3324 3742; x_wconf 76' lang='lat' dir='ltr'><strong>iuventutem</strong></span> <span class='ocrx_word' id='word_1_553' title='bbox 3350 3668 3698 3736; x_wconf 48' lang='lat' dir='ltr'><strong>l:etilicat,,casi-</strong></span> 
     </span>
    </p>
   </div>
   <div class='ocr_carea' id='block_1_82' title="bbox 2210 3765 3700 3833">
    <p class='ocr_par' dir='ltr' id='par_1_82' title="bbox 2210 3765 3700 3833">
     <span class='ocr_line' id='line_1_82' title="bbox 2210 3765 3700 3833; baseline -0.005 -13"><span class='ocrx_word' id='word_1_554' title='bbox 2210 3766 2339 3821; x_wconf 88' lang='lat' dir='ltr'><strong>Iiem</strong></span> <span class='ocrx_word' id='word_1_555' title='bbox 2389 3765 2717 3822; x_wconf 89' lang='lat' dir='ltr'><strong>condecorat</strong></span> <span class='ocrx_word' id='word_1_556' title='bbox 2765 3766 3082 3823; x_wconf 86' lang='lat' dir='ltr'><strong>senectutis.</strong></span> <span class='ocrx_word' id='word_1_557' title='bbox 3130 3765 3289 3833; x_wconf 86' lang='lat' dir='ltr'><strong>Quod</strong></span> <span class='ocrx_word' id='word_1_558' title='bbox 3338 3774 3493 3820; x_wconf 82' lang='lat' dir='ltr'><strong>totum</strong></span> <span class='ocrx_word' id='word_1_559' title='bbox 3537 3778 3588 3818; x_wconf 73' lang='lat' dir='ltr'><strong>ex</strong></span> <span class='ocrx_word' id='word_1_560' title='bbox 3629 3774 3700 3813; x_wconf 82' lang='lat' dir='ltr'><strong>uno</strong></span> 
     </span>
    </p>
   </div>
   <div class='ocr_carea' id='block_1_83' title="bbox 2210 3854 3699 3929">
    <p class='ocr_par' dir='ltr' id='par_1_83' title="bbox 2210 3854 3699 3929">
     <span class='ocr_line' id='line_1_83' title="bbox 2210 3854 3699 3929; baseline -0.003 -18"><span class='ocrx_word' id='word_1_561' title='bbox 2210 3857 2504 3928; x_wconf 70' lang='lat' dir='ltr'><strong>Scriptura:</strong></span> <span class='ocrx_word' id='word_1_562' title='bbox 2535 3859 2847 3913; x_wconf 89' lang='lat' dir='ltr'><strong>testimonio</strong></span> <span class='ocrx_word' id='word_1_563' title='bbox 2897 3858 3151 3929; x_wconf 91' lang='lat' dir='ltr'><strong>colligere</strong></span> <span class='ocrx_word' id='word_1_564' title='bbox 3197 3858 3294 3913; x_wconf 89' lang='lat' dir='ltr'><strong>tibi</strong></span> <span class='ocrx_word' id='word_1_565' title='bbox 3341 3864 3441 3912; x_wconf 86' lang='lat' dir='ltr'><strong>est.</strong></span> <span class='ocrx_word' id='word_1_566' title='bbox 3470 3854 3580 3910; x_wconf 84' lang='lat' dir='ltr'><strong>Cum</strong></span> <span class='ocrx_word' id='word_1_567' title='bbox 3600 3854 3699 3908; x_wconf 86' lang='lat' dir='ltr'><strong>enim</strong></span> 
     </span>
    </p>
   </div>
   <div class='ocr_carea' id='block_1_84' title="bbox 2208 3947 3698 4019">
    <p class='ocr_par' dir='ltr' id='par_1_84' title="bbox 2208 3947 3698 4019">
     <span class='ocr_line' id='line_1_84' title="bbox 2208 3947 3698 4019; baseline -0.005 -16"><span class='ocrx_word' id='word_1_568' title='bbox 2208 3947 2436 4004; x_wconf 88' lang='lat' dir='ltr'><strong>Genesis</strong></span> <span class='ocrx_word' id='word_1_569' title='bbox 2463 3949 2529 4004; x_wconf 90' lang='lat' dir='ltr'><strong>de</strong></span> <span class='ocrx_word' id='word_1_570' title='bbox 2549 3949 2730 4019; x_wconf 86' lang='lat' dir='ltr'><strong>jurgio</strong></span> <span class='ocrx_word' id='word_1_571' title='bbox 2765 3948 2907 4002; x_wconf 82' lang='lat' dir='ltr'><strong>inter</strong></span> <span class='ocrx_word' id='word_1_572' title='bbox 2929 3958 3175 4018; x_wconf 90' lang='lat' dir='ltr'><strong>pastores</strong></span> <span class='ocrx_word' id='word_1_573' title='bbox 3216 3947 3427 4003; x_wconf 71' lang='lat' dir='ltr'><strong>Ceratas</strong></span> <span class='ocrx_word' id='word_1_574' title='bbox 3453 3958 3501 4000; x_wconf 87' lang='lat' dir='ltr'><strong>et</strong></span> <span class='ocrx_word' id='word_1_575' title='bbox 3523 3951 3698 4015; x_wconf 64' lang='lat' dir='ltr'><strong>pastores</strong></span> 
     </span>
    </p>
   </div>
   <div class='ocr_carea' id='block_1_85' title="bbox 2210 4039 3695 4111">
    <p class='ocr_par' dir='ltr' id='par_1_85' title="bbox 2210 4039 3695 4111">
     <span class='ocr_line' id='line_1_85' title="bbox 2210 4039 3695 4111; baseline -0.008 -17"><span class='ocrx_word' id='word_1_576' title='bbox 2210 4040 2356 4096; x_wconf 89' lang='lat' dir='ltr'><strong>Isaac</strong></span> <span class='ocrx_word' id='word_1_577' title='bbox 2380 4050 2598 4111; x_wconf 89' lang='lat' dir='ltr'><strong>ageret,</strong></span> <span class='ocrx_word' id='word_1_578' title='bbox 2632 4040 2878 4110; x_wconf 75' lang='lat' dir='ltr'><strong>adiunxit</strong></span> <span class='ocrx_word' id='word_1_579' title='bbox 2938 4039 3081 4109; x_wconf 87' lang='lat' dir='ltr'><strong>quod</strong></span> <span class='ocrx_word' id='word_1_580' title='bbox 3132 4057 3150 4091; x_wconf 76' lang='grc' dir='ltr'>ι</span> <span class='ocrx_word' id='word_1_581' title='bbox 3190 4039 3418 4110; x_wconf 90' lang='lat' dir='ltr'><strong>primum</strong></span> <span class='ocrx_word' id='word_1_582' title='bbox 3459 4045 3695 4107; x_wconf 76' lang='grc' dir='ltr'><strong>ρυιευιιι,ι</strong></span> 
     </span>
    </p>
   </div>
   <div class='ocr_carea' id='block_1_86' title="bbox 2207 4127 3697 4201">
    <p class='ocr_par' dir='ltr' id='par_1_86' title="bbox 2207 4127 3697 4201">
     <span class='ocr_line' id='line_1_86' title="bbox 2207 4127 3697 4201; baseline -0.007 -13"><span class='ocrx_word' id='word_1_583' title='bbox 2207 4132 2274 4188; x_wconf 89' lang='lat' dir='ltr'><strong>de</strong></span> <span class='ocrx_word' id='word_1_584' title='bbox 2301 4147 2414 4201; x_wconf 92' lang='lat' dir='ltr'><strong>quo</strong></span> <span class='ocrx_word' id='word_1_585' title='bbox 2449 4131 2609 4186; x_wconf 78' lang='lat' dir='ltr'><strong>rixati</strong></span> <span class='ocrx_word' id='word_1_586' title='bbox 2634 4142 2782 4197; x_wconf 89' lang='lat' dir='ltr'><strong>sunt,</strong></span> <span class='ocrx_word' id='word_1_587' title='bbox 2818 4130 3060 4185; x_wconf 68' lang='lat' dir='ltr'><strong>«vocavit</strong></span> <span class='ocrx_word' id='word_1_588' title='bbox 3083 4127 3237 4185; x_wconf 80' lang='lat' dir='ltr'><strong>Isaac</strong></span> <span class='ocrx_word' id='word_1_589' title='bbox 3260 4128 3582 4187; x_wconf 76' lang='lat' dir='ltr'><strong>Calumniant,</strong></span> <span class='ocrx_word' id='word_1_590' title='bbox 3609 4136 3697 4174; x_wconf 72' lang='lat' dir='ltr'><strong>«se-</strong></span> 
     </span>
    </p>
   </div>
   <div class='ocr_carea' id='block_1_87' title="bbox 2209 4216 3697 4292">
    <p class='ocr_par' dir='ltr' id='par_1_87' title="bbox 2209 4216 3697 4292">
     <span class='ocr_line' id='line_1_87' title="bbox 2209 4216 3697 4292; baseline -0.009 -12"><span class='ocrx_word' id='word_1_591' title='bbox 2209 4224 2442 4280; x_wconf 86' lang='lat' dir='ltr'><strong>cundum</strong></span> <span class='ocrx_word' id='word_1_592' title='bbox 2471 4224 2788 4279; x_wconf 77' lang='lat' dir='ltr'><strong>Inimicitias</strong></span> <span class='ocrx_word' id='word_1_593' title='bbox 2806 4266 2820 4292; x_wconf 90' lang='lat'><strong>,</strong></span> <span class='ocrx_word' id='word_1_594' title='bbox 2860 4223 3077 4279; x_wconf 85' lang='lat' dir='ltr'><strong>tertium</strong></span> <span class='ocrx_word' id='word_1_595' title='bbox 3096 4263 3113 4291; x_wconf 91' lang='lat'><strong>,</strong></span> <span class='ocrx_word' id='word_1_596' title='bbox 3145 4222 3216 4278; x_wconf 90' lang='lat' dir='ltr'><strong>de</strong></span> <span class='ocrx_word' id='word_1_597' title='bbox 3241 4237 3349 4291; x_wconf 86' lang='lat' dir='ltr'><strong>quo</strong></span> <span class='ocrx_word' id='word_1_598' title='bbox 3376 4236 3473 4276; x_wconf 89' lang='lat' dir='ltr'><strong>non</strong></span> <span class='ocrx_word' id='word_1_599' title='bbox 3500 4217 3582 4272; x_wconf 89' lang='lat' dir='ltr'><strong>fuit</strong></span> <span class='ocrx_word' id='word_1_600' title='bbox 3604 4216 3697 4268; x_wconf 79' lang='lat' dir='ltr'><strong>rin-</strong></span> 
     </span>
    </p>
   </div>
   <div class='ocr_carea' id='block_1_88' title="bbox 2209 4308 3697 4381">
    <p class='ocr_par' dir='ltr' id='par_1_88' title="bbox 2209 4308 3697 4381">
     <span class='ocr_line' id='line_1_88' title="bbox 2209 4308 3697 4381; baseline -0.006 -11"><span class='ocrx_word' id='word_1_601' title='bbox 2209 4315 2311 4381; x_wconf 91' lang='lat' dir='ltr'><strong>tio,</strong></span> <span class='ocrx_word' id='word_1_602' title='bbox 2369 4314 2727 4370; x_wconf 80' lang='lat' dir='ltr'><strong>Latitudinem</strong></span> <span class='ocrx_word' id='word_1_603' title='bbox 2774 4316 3093 4371; x_wconf 83' lang='lat' dir='ltr'><strong>nominavit.</strong></span> <span class='ocrx_word' id='word_1_604' title='bbox 3141 4314 3211 4370; x_wconf 88' lang='lat' dir='ltr'><strong>Et</strong></span> <span class='ocrx_word' id='word_1_605' title='bbox 3248 4313 3491 4370; x_wconf 86' lang='lat' dir='ltr'><strong>Salomon</strong></span> <span class='ocrx_word' id='word_1_606' title='bbox 3532 4312 3575 4365; x_wconf 91' lang='lat' dir='ltr'><strong>iu</strong></span> <span class='ocrx_word' id='word_1_607' title='bbox 3612 4308 3697 4362; x_wconf 82' lang='lat' dir='ltr'><strong>Pro-</strong></span> 
     </span>
    </p>
   </div>
   <div class='ocr_carea' id='block_1_89' title="bbox 522 4407 3698 4501">
    <p class='ocr_par' dir='ltr' id='par_1_89' title="bbox 522 4407 3698 4501">
     <span class='ocr_line' id='line_1_89' title="bbox 522 4407 3698 4501; baseline -0.003 -39"><span class='ocrx_word' id='word_1_608' title='bbox 522 4407 624 4462; x_wconf 87' lang='lat' dir='ltr'><strong>ista</strong></span> <span class='ocrx_word' id='word_1_609' title='bbox 652 4423 784 4477; x_wconf 88' lang='lat' dir='ltr'><strong>pace</strong></span> <span class='ocrx_word' id='word_1_610' title='bbox 808 4419 1108 4473; x_wconf 89' lang='lat' dir='ltr'><strong>moveatur,</strong></span> <span class='ocrx_word' id='word_1_611' title='bbox 1142 4410 1186 4465; x_wconf 92' lang='lat' dir='ltr'><strong>si</strong></span> <span class='ocrx_word' id='word_1_612' title='bbox 1211 4410 1295 4466; x_wconf 81' lang='lat' dir='ltr'><strong>vel</strong></span> <span class='ocrx_word' id='word_1_613' title='bbox 1320 4426 1477 4466; x_wconf 88' lang='lat' dir='ltr'><strong>mare</strong></span> <span class='ocrx_word' id='word_1_614' title='bbox 1504 4409 1796 4476; x_wconf 74' lang='lat' dir='ltr'><strong>effervent,</strong></span> <span class='ocrx_word' id='word_1_615' title='bbox 1840 4409 1924 4466; x_wconf 89' lang='lat' dir='ltr'><strong>vel</strong></span> <span class='ocrx_word' id='word_1_616' title='bbox 1956 4421 2100 4465; x_wconf 87' lang='lat' dir='ltr'><strong>terra</strong></span> <span class='ocrx_word' id='word_1_617' title='bbox 2132 4440 2179 4501; x_wconf 75' lang='grc' dir='ltr'>ο</span> <span class='ocrx_word' id='word_1_618' title='bbox 2206 4409 2410 4464; x_wconf 89' lang='lat' dir='ltr'><strong>verhiis</strong></span> <span class='ocrx_word' id='word_1_619' title='bbox 2448 4423 2464 4464; x_wconf 90' lang='lat'><strong>:</strong></span> <span class='ocrx_word' id='word_1_620' title='bbox 2500 4428 2519 4460; x_wconf 71' lang='grc' dir='ltr'><strong><em>ο</em></strong></span> <span class='ocrx_word' id='word_1_621' title='bbox 2557 4408 2659 4476; x_wconf 86' lang='lat' dir='ltr'><strong>Qui</strong></span> <span class='ocrx_word' id='word_1_622' title='bbox 2687 4409 2876 4465; x_wconf 89' lang='lat' dir='ltr'><strong>ineunt</strong></span> <span class='ocrx_word' id='word_1_623' title='bbox 2903 4408 3055 4479; x_wconf 86' lang='lat' dir='ltr'><strong>pacis</strong></span> <span class='ocrx_word' id='word_1_624' title='bbox 3101 4407 3358 4472; x_wconf 88' lang='lat' dir='ltr'><strong>consilia,</strong></span> <span class='ocrx_word' id='word_1_625' title='bbox 3407 4412 3698 4474; x_wconf 75' lang='lat' dir='ltr'><strong>sequetureos</strong></span> 
     </span>
    </p>
   </div>
   <div class='ocr_carea' id='block_1_90' title="bbox 521 4496 2102 4569">
    <p class='ocr_par' dir='ltr' id='par_1_90' title="bbox 521 4496 2102 4569">
     <span class='ocr_line' id='line_1_90' title="bbox 521 4496 2102 4569; baseline 0.005 -21"><span class='ocrx_word' id='word_1_626' title='bbox 521 4496 823 4565; x_wconf 87' lang='lat' dir='ltr'><strong>quatiatur,</strong></span> <span class='ocrx_word' id='word_1_627' title='bbox 847 4499 891 4553; x_wconf 90' lang='lat' dir='ltr'><strong>si</strong></span> <span class='ocrx_word' id='word_1_628' title='bbox 913 4501 1256 4569; x_wconf 90' lang='lat' dir='ltr'><strong>perniciosus</strong></span> <span class='ocrx_word' id='word_1_629' title='bbox 1277 4501 1453 4557; x_wconf 88' lang='lat' dir='ltr'><strong>imber</strong></span> <span class='ocrx_word' id='word_1_630' title='bbox 1480 4502 1716 4567; x_wconf 87' lang='lat' dir='ltr'><strong>decidat,</strong></span> <span class='ocrx_word' id='word_1_631' title='bbox 1747 4510 1843 4556; x_wconf 90' lang='lat' dir='ltr'><strong>aut</strong></span> <span class='ocrx_word' id='word_1_632' title='bbox 1869 4500 1947 4557; x_wconf 92' lang='lat' dir='ltr'><strong>sol</strong></span> <span class='ocrx_word' id='word_1_633' title='bbox 1974 4502 2102 4557; x_wconf 82' lang='lat' dir='ltr'><strong>sub-</strong></span> 
     </span>
    </p>
   </div>
   <div class='ocr_carea' id='block_1_91' title="bbox 524 4586 2169 4661">
    <p class='ocr_par' dir='ltr' id='par_1_91' title="bbox 524 4586 2169 4661">
     <span class='ocr_line' id='line_1_91' title="bbox 524 4586 2169 4661; baseline 0.005 -22"><span class='ocrx_word' id='word_1_634' title='bbox 524 4595 698 4641; x_wconf 88' lang='lat' dir='ltr'><strong>tracta</strong></span> <span class='ocrx_word' id='word_1_635' title='bbox 726 4586 847 4642; x_wconf 86' lang='lat' dir='ltr'><strong>luce</strong></span> <span class='ocrx_word' id='word_1_636' title='bbox 873 4590 1137 4661; x_wconf 89' lang='lat' dir='ltr'><strong>refugiat,</strong></span> <span class='ocrx_word' id='word_1_637' title='bbox 1184 4591 1231 4646; x_wconf 90' lang='lat' dir='ltr'><strong>si</strong></span> <span class='ocrx_word' id='word_1_638' title='bbox 1276 4607 1371 4647; x_wconf 91' lang='lat' dir='ltr'><strong>aer</strong></span> <span class='ocrx_word' id='word_1_639' title='bbox 1396 4592 1682 4649; x_wconf 87' lang='lat' dir='ltr'><strong>ardoribus</strong></span> <span class='ocrx_word' id='word_1_640' title='bbox 1711 4594 2099 4657; x_wconf 81' lang='lat' dir='ltr'><strong>excandescat,</strong></span> <span class='ocrx_word' id='word_1_641' title='bbox 2162 4652 2169 4661; x_wconf 60' lang='grc'><strong><em>,</em></strong></span> 
     </span>
    </p>
   </div>
   <div class='ocr_carea' id='block_1_92' title="bbox 521 4675 2105 4752">
    <p class='ocr_par' dir='ltr' id='par_1_92' title="bbox 521 4675 2105 4752">
     <span class='ocr_line' id='line_1_92' title="bbox 521 4675 2105 4752; baseline 0.004 -24"><span class='ocrx_word' id='word_1_642' title='bbox 521 4684 620 4729; x_wconf 88' lang='lat' dir='ltr'><strong>aut</strong></span> <span class='ocrx_word' id='word_1_643' title='bbox 650 4675 789 4732; x_wconf 89' lang='lat' dir='ltr'><strong>ultra</strong></span> <span class='ocrx_word' id='word_1_644' title='bbox 817 4692 1130 4733; x_wconf 87' lang='lat' dir='ltr'><strong>mensuram</strong></span> <span class='ocrx_word' id='word_1_645' title='bbox 1160 4681 1241 4735; x_wconf 91' lang='lat' dir='ltr'><strong>sui</strong></span> <span class='ocrx_word' id='word_1_646' title='bbox 1290 4690 1482 4735; x_wconf 91' lang='lat' dir='ltr'><strong>natura</strong></span> <span class='ocrx_word' id='word_1_647' title='bbox 1520 4681 1660 4752; x_wconf 87' lang='lat' dir='ltr'><strong>ignis</strong></span> <span class='ocrx_word' id='word_1_648' title='bbox 1686 4690 1977 4746; x_wconf 61' lang='lat' dir='ltr'><strong>exaestuet,</strong></span> <span class='ocrx_word' id='word_1_649' title='bbox 2005 4696 2105 4735; x_wconf 54' lang='lat' dir='ltr'><strong>ex.</strong></span> 
     </span>
    </p>
   </div>
   <div class='ocr_carea' id='block_1_93' title="bbox 521 4766 2104 4843">
    <p class='ocr_par' dir='ltr' id='par_1_93' title="bbox 521 4766 2104 4843">
     <span class='ocr_line' id='line_1_93' title="bbox 521 4766 2104 4843; baseline 0.003 -23"><span class='ocrx_word' id='word_1_650' title='bbox 521 4766 725 4823; x_wconf 88' lang='lat' dir='ltr'><strong>cidium</strong></span> <span class='ocrx_word' id='word_1_651' title='bbox 754 4769 872 4825; x_wconf 88' lang='lat' dir='ltr'><strong>sine</strong></span> <span class='ocrx_word' id='word_1_652' title='bbox 896 4771 1061 4826; x_wconf 89' lang='lat' dir='ltr'><strong>dubio</strong></span> <span class='ocrx_word' id='word_1_653' title='bbox 1086 4771 1271 4826; x_wconf 90' lang='lat' dir='ltr'><strong>mundi</strong></span> <span class='ocrx_word' id='word_1_654' title='bbox 1302 4772 1661 4843; x_wconf 88' lang='lat' dir='ltr'><strong>interitusque</strong></span> <span class='ocrx_word' id='word_1_655' title='bbox 1706 4781 1950 4842; x_wconf 88' lang='lat' dir='ltr'><strong>putatur,</strong></span> <span class='ocrx_word' id='word_1_656' title='bbox 1977 4773 2104 4826; x_wconf 89' lang='lat' dir='ltr'><strong>dum</strong></span> 
     </span>
    </p>
   </div>
   <div class='ocr_carea' id='block_1_94' title="bbox 522 4858 2103 4933">
    <p class='ocr_par' dir='ltr' id='par_1_94' title="bbox 522 4858 2103 4933">
     <span class='ocr_line' id='line_1_94' title="bbox 522 4858 2103 4933; baseline 0.003 -20"><span class='ocrx_word' id='word_1_657' title='bbox 522 4858 727 4917; x_wconf 88' lang='lat' dir='ltr'><strong>bonum</strong></span> <span class='ocrx_word' id='word_1_658' title='bbox 777 4862 931 4933; x_wconf 88' lang='lat' dir='ltr'><strong>pacis</strong></span> <span class='ocrx_word' id='word_1_659' title='bbox 979 4862 1370 4919; x_wconf 88' lang='lat' dir='ltr'><strong>elementorum</strong></span> <span class='ocrx_word' id='word_1_660' title='bbox 1420 4865 1523 4921; x_wconf 90' lang='lat' dir='ltr'><strong>hac</strong></span> <span class='ocrx_word' id='word_1_661' title='bbox 1570 4865 1836 4921; x_wconf 87' lang='lat' dir='ltr'><strong>seditione</strong></span> <span class='ocrx_word' id='word_1_662' title='bbox 1881 4864 2103 4919; x_wconf 87' lang='lat' dir='ltr'><strong>subver-</strong></span> 
     </span>
    </p>
   </div>
   <div class='ocr_carea' id='block_1_95' title="bbox 448 4931 678 5020">
    <p class='ocr_par' dir='ltr' id='par_1_95' title="bbox 448 4931 678 5020">
     <span class='ocr_line' id='line_1_95' title="bbox 448 4931 678 5020; baseline 0 -15"><span class='ocrx_word' id='word_1_663' title='bbox 448 5006 459 5020; x_wconf 36' lang='grc' dir='ltr'><strong><em>ι</em></strong></span> <span class='ocrx_word' id='word_1_664' title='bbox 468 4931 491 5013; x_wconf 67' lang='lat' dir='ltr'><strong><em>J</em></strong></span> <span class='ocrx_word' id='word_1_665' title='bbox 523 4950 678 5007; x_wconf 85' lang='lat' dir='ltr'><strong>titur.</strong></span> 
     </span>
    </p>
   </div>
   <div class='ocr_carea' id='block_1_96' title="bbox 598 5045 2106 5119">
    <p class='ocr_par' dir='ltr' id='par_1_96' title="bbox 598 5045 2106 5119">
     <span class='ocr_line' id='line_1_96' title="bbox 598 5045 2106 5119; baseline -0.001 -16"><span class='ocrx_word' id='word_1_666' title='bbox 598 5045 672 5103; x_wconf 83' lang='lat' dir='ltr'><strong>Ut</strong></span> <span class='ocrx_word' id='word_1_667' title='bbox 693 5054 874 5103; x_wconf 83' lang='lat' dir='ltr'><strong>autem</strong></span> <span class='ocrx_word' id='word_1_668' title='bbox 900 5056 1146 5103; x_wconf 79' lang='lat' dir='ltr'><strong>omittam</strong></span> <span class='ocrx_word' id='word_1_669' title='bbox 1194 5063 1360 5119; x_wconf 87' lang='lat' dir='ltr'><strong>regna</strong></span> <span class='ocrx_word' id='word_1_670' title='bbox 1400 5047 1710 5117; x_wconf 91' lang='lat' dir='ltr'><strong>etpopulos</strong></span> <span class='ocrx_word' id='word_1_671' title='bbox 1756 5047 2106 5110; x_wconf 89' lang='lat' dir='ltr'><strong>innumeros,</strong></span> 
     </span>
    </p>
   </div>
   <div class='ocr_carea' id='block_1_97' title="bbox 524 5138 2109 5209">
    <p class='ocr_par' dir='ltr' id='par_1_97' title="bbox 524 5138 2109 5209">
     <span class='ocr_line' id='line_1_97' title="bbox 524 5138 2109 5209; baseline -0.003 -11"><span class='ocrx_word' id='word_1_672' title='bbox 524 5145 594 5199; x_wconf 78' lang='lat' dir='ltr'><strong>ut</strong></span> <span class='ocrx_word' id='word_1_673' title='bbox 618 5138 863 5195; x_wconf 87' lang='lat' dir='ltr'><strong>omittam</strong></span> <span class='ocrx_word' id='word_1_674' title='bbox 891 5140 1179 5209; x_wconf 90' lang='lat' dir='ltr'><strong>civitates,</strong></span> <span class='ocrx_word' id='word_1_675' title='bbox 1230 5141 1463 5196; x_wconf 88' lang='lat' dir='ltr'><strong>familias</strong></span> <span class='ocrx_word' id='word_1_676' title='bbox 1486 5155 1553 5195; x_wconf 91' lang='lat' dir='ltr'><strong>ac</strong></span> <span class='ocrx_word' id='word_1_677' title='bbox 1582 5140 1771 5195; x_wconf 89' lang='lat' dir='ltr'><strong>domos</strong></span> <span class='ocrx_word' id='word_1_678' title='bbox 1796 5179 1812 5205; x_wconf 97' lang='lat'><strong>,</strong></span> <span class='ocrx_word' id='word_1_679' title='bbox 1841 5156 1962 5209; x_wconf 81' lang='lat' dir='ltr'><strong>quae</strong></span> <span class='ocrx_word' id='word_1_680' title='bbox 1992 5156 2109 5193; x_wconf 77' lang='lat' dir='ltr'><strong>oin-</strong></span> 
     </span>
    </p>
   </div>
   <div class='ocr_carea' id='block_1_98' title="bbox 523 5230 2110 5302">
    <p class='ocr_par' dir='ltr' id='par_1_98' title="bbox 523 5230 2110 5302">
     <span class='ocr_line' id='line_1_98' title="bbox 523 5230 2110 5302; baseline -0.003 -14"><span class='ocrx_word' id='word_1_681' title='bbox 523 5230 620 5288; x_wconf 83' lang='lat' dir='ltr'><strong>nia</strong></span> <span class='ocrx_word' id='word_1_682' title='bbox 647 5245 746 5302; x_wconf 91' lang='lat' dir='ltr'><strong>per</strong></span> <span class='ocrx_word' id='word_1_683' title='bbox 774 5245 962 5302; x_wconf 88' lang='lat' dir='ltr'><strong>pacem</strong></span> <span class='ocrx_word' id='word_1_684' title='bbox 989 5241 1045 5287; x_wconf 92' lang='lat' dir='ltr'><strong>et</strong></span> <span class='ocrx_word' id='word_1_685' title='bbox 1072 5233 1417 5288; x_wconf 86' lang='lat' dir='ltr'><strong>concordiam</strong></span> <span class='ocrx_word' id='word_1_686' title='bbox 1452 5241 1734 5297; x_wconf 88' lang='lat' dir='ltr'><strong>constant,</strong></span> <span class='ocrx_word' id='word_1_687' title='bbox 1767 5247 1866 5301; x_wconf 90' lang='lat' dir='ltr'><strong>per</strong></span> <span class='ocrx_word' id='word_1_688' title='bbox 1901 5232 2110 5287; x_wconf 88' lang='lat' dir='ltr'><strong>dissen-</strong></span> 
     </span>
    </p>
   </div>
   <div class='ocr_carea' id='block_1_99' title="bbox 527 5326 2106 5399">
    <p class='ocr_par' dir='ltr' id='par_1_99' title="bbox 527 5326 2106 5399">
     <span class='ocr_line' id='line_1_99' title="bbox 527 5326 2106 5399; baseline -0.002 -16"><span class='ocrx_word' id='word_1_689' title='bbox 527 5326 741 5384; x_wconf 79' lang='lat' dir='ltr'><strong>sionem</strong></span> <span class='ocrx_word' id='word_1_690' title='bbox 765 5342 896 5383; x_wconf 86' lang='lat' dir='ltr'><strong>vero</strong></span> <span class='ocrx_word' id='word_1_691' title='bbox 930 5328 1211 5384; x_wconf 89' lang='lat' dir='ltr'><strong>solvuntur</strong></span> <span class='ocrx_word' id='word_1_692' title='bbox 1244 5338 1299 5382; x_wconf 89' lang='lat' dir='ltr'><strong>et</strong></span> <span class='ocrx_word' id='word_1_693' title='bbox 1328 5339 1585 5399; x_wconf 89' lang='lat' dir='ltr'><strong>pereunt,</strong></span> <span class='ocrx_word' id='word_1_694' title='bbox 1619 5338 1677 5383; x_wconf 93' lang='lat' dir='ltr'><strong>ut</strong></span> <span class='ocrx_word' id='word_1_695' title='bbox 1707 5338 1913 5385; x_wconf 87' lang='lat' dir='ltr'><strong>taceam</strong></span> <span class='ocrx_word' id='word_1_696' title='bbox 1943 5327 2106 5383; x_wconf 86' lang='lat' dir='ltr'><strong>etiam</strong></span> 
     </span>
    </p>
   </div>
   <div class='ocr_carea' id='block_1_100' title="bbox 524 5419 2106 5493">
    <p class='ocr_par' dir='ltr' id='par_1_100' title="bbox 524 5419 2106 5493">
     <span class='ocr_line' id='line_1_100' title="bbox 524 5419 2106 5493; baseline -0.001 -20"><span class='ocrx_word' id='word_1_697' title='bbox 524 5419 595 5474; x_wconf 87' lang='lat' dir='ltr'><strong>de</strong></span> <span class='ocrx_word' id='word_1_698' title='bbox 644 5419 763 5489; x_wconf 89' lang='lat' dir='ltr'><strong>ipsa</strong></span> <span class='ocrx_word' id='word_1_699' title='bbox 802 5420 969 5487; x_wconf 91' lang='lat' dir='ltr'><strong>urbe,</strong></span> <span class='ocrx_word' id='word_1_700' title='bbox 1016 5437 1135 5492; x_wconf 77' lang='lat' dir='ltr'><strong>qua:</strong></span> <span class='ocrx_word' id='word_1_701' title='bbox 1171 5422 1351 5492; x_wconf 87' lang='lat' dir='ltr'><strong>prius,</strong></span> <span class='ocrx_word' id='word_1_702' title='bbox 1391 5423 1518 5477; x_wconf 91' lang='lat' dir='ltr'><strong>dum</strong></span> <span class='ocrx_word' id='word_1_703' title='bbox 1555 5424 1607 5477; x_wconf 90' lang='lat' dir='ltr'><strong>in</strong></span> <span class='ocrx_word' id='word_1_704' title='bbox 1657 5438 1719 5477; x_wconf 86' lang='lat' dir='ltr'><strong>ea</strong></span> <span class='ocrx_word' id='word_1_705' title='bbox 1750 5439 1853 5493; x_wconf 82' lang='lat' dir='ltr'><strong>pax</strong></span> <span class='ocrx_word' id='word_1_706' title='bbox 1887 5422 2106 5484; x_wconf 81' lang='lat' dir='ltr'><strong>floruit,</strong></span> 
     </span>
    </p>
   </div>
   <div class='ocr_carea' id='block_1_101' title="bbox 528 5507 2109 5584">
    <p class='ocr_par' dir='ltr' id='par_1_101' title="bbox 528 5507 2109 5584">
     <span class='ocr_line' id='line_1_101' title="bbox 528 5507 2109 5584; baseline 0.002 -22"><span class='ocrx_word' id='word_1_707' title='bbox 528 5508 752 5564; x_wconf 89' lang='lat' dir='ltr'><strong>domina</strong></span> <span class='ocrx_word' id='word_1_708' title='bbox 782 5507 884 5565; x_wconf 85' lang='lat' dir='ltr'><strong>fuit</strong></span> <span class='ocrx_word' id='word_1_709' title='bbox 926 5513 1144 5578; x_wconf 90' lang='lat' dir='ltr'><strong>mundi,</strong></span> <span class='ocrx_word' id='word_1_710' title='bbox 1176 5528 1319 5567; x_wconf 86' lang='lat' dir='ltr'><strong>nunc</strong></span> <span class='ocrx_word' id='word_1_711' title='bbox 1364 5523 1545 5568; x_wconf 92' lang='lat' dir='ltr'><strong>autem</strong></span> <span class='ocrx_word' id='word_1_712' title='bbox 1593 5528 1732 5583; x_wconf 90' lang='lat' dir='ltr'><strong>pene</strong></span> <span class='ocrx_word' id='word_1_713' title='bbox 1757 5514 1904 5584; x_wconf 88' lang='lat' dir='ltr'><strong>jacet</strong></span> <span class='ocrx_word' id='word_1_714' title='bbox 1933 5512 2109 5567; x_wconf 85' lang='lat' dir='ltr'><strong>itumi-</strong></span> 
     </span>
    </p>
   </div>
   <div class='ocr_carea' id='block_1_102' title="bbox 526 5598 2105 5672">
    <p class='ocr_par' dir='ltr' id='par_1_102' title="bbox 526 5598 2105 5672">
     <span class='ocr_line' id='line_1_102' title="bbox 526 5598 2105 5672; baseline 0.002 -20"><span class='ocrx_word' id='word_1_715' title='bbox 526 5598 661 5653; x_wconf 86' lang='lat' dir='ltr'><strong>liata</strong></span> <span class='ocrx_word' id='word_1_716' title='bbox 712 5602 1093 5671; x_wconf 90' lang='lat' dir='ltr'><strong>seditionibus,</strong></span> <span class='ocrx_word' id='word_1_717' title='bbox 1138 5614 1192 5659; x_wconf 88' lang='lat' dir='ltr'><strong>et</strong></span> <span class='ocrx_word' id='word_1_718' title='bbox 1239 5605 1394 5661; x_wconf 88' lang='lat' dir='ltr'><strong>bellis</strong></span> <span class='ocrx_word' id='word_1_719' title='bbox 1439 5604 1686 5659; x_wconf 86' lang='lat' dir='ltr'><strong>civilibus</strong></span> <span class='ocrx_word' id='word_1_720' title='bbox 1715 5612 2105 5672; x_wconf 87' lang='lat' dir='ltr'><strong>conquassata,</strong></span> 
     </span>
    </p>
   </div>
   <div class='ocr_carea' id='block_1_103' title="bbox 516 5694 2106 5769">
    <p class='ocr_par' dir='ltr' id='par_1_103' title="bbox 516 5694 2106 5769">
     <span class='ocr_line' id='line_1_103' title="bbox 516 5694 2106 5769; baseline -0.008 -10"><span class='ocrx_word' id='word_1_721' title='bbox 516 5703 628 5758; x_wconf 61' lang='grc' dir='ltr'><strong>’την</strong></span> <span class='ocrx_word' id='word_1_722' title='bbox 663 5694 915 5764; x_wconf 81' lang='lat' dir='ltr'><strong>inquam,</strong></span> <span class='ocrx_word' id='word_1_723' title='bbox 942 5699 1117 5754; x_wconf 88' lang='lat' dir='ltr'><strong>omnia</strong></span> <span class='ocrx_word' id='word_1_724' title='bbox 1150 5699 1248 5753; x_wconf 88' lang='lat' dir='ltr'><strong>ista</strong></span> <span class='ocrx_word' id='word_1_725' title='bbox 1278 5708 1625 5769; x_wconf 68' lang='lat' dir='ltr'><strong>praeteream,</strong></span> <span class='ocrx_word' id='word_1_726' title='bbox 1676 5697 1741 5751; x_wconf 86' lang='lat' dir='ltr'><strong>ad</strong></span> <span class='ocrx_word' id='word_1_727' title='bbox 1788 5694 2106 5749; x_wconf 83' lang='lat' dir='ltr'><strong>familiarem</strong></span> 
     </span>
    </p>
   </div>
   <div class='ocr_carea' id='block_1_104' title="bbox 2204 4500 2537 4572">
    <p class='ocr_par' dir='ltr' id='par_1_104' title="bbox 2204 4500 2537 4572">
     <span class='ocr_line' id='line_1_104' title="bbox 2204 4500 2537 4572; baseline -0.003 -19"><span class='ocrx_word' id='word_1_728' title='bbox 2204 4500 2475 4572; x_wconf 79' lang='lat' dir='ltr'><strong>gaudium.</strong></span> <span class='ocrx_word' id='word_1_729' title='bbox 2514 4519 2537 4552; x_wconf 72' lang='grc' dir='ltr'><strong><em>ι</em></strong></span> 
     </span>
    </p>
   </div>
   <div class='ocr_carea' id='block_1_105' title="bbox 2274 4587 3699 4662">
    <p class='ocr_par' dir='ltr' id='par_1_105' title="bbox 2274 4587 3699 4662">
     <span class='ocr_line' id='line_1_105' title="bbox 2274 4587 3699 4662; baseline -0.004 -17"><span class='ocrx_word' id='word_1_730' title='bbox 2274 4592 2424 4646; x_wconf 89' lang='lat' dir='ltr'><strong>Adde</strong></span> <span class='ocrx_word' id='word_1_731' title='bbox 2451 4590 2597 4661; x_wconf 87' lang='lat' dir='ltr'><strong>quod</strong></span> <span class='ocrx_word' id='word_1_732' title='bbox 2625 4605 2733 4660; x_wconf 84' lang='lat' dir='ltr'><strong>pax</strong></span> <span class='ocrx_word' id='word_1_733' title='bbox 2760 4590 2864 4645; x_wconf 90' lang='lat' dir='ltr'><strong>ista</strong></span> <span class='ocrx_word' id='word_1_734' title='bbox 2908 4590 2995 4645; x_wconf 88' lang='lat' dir='ltr'><strong>via</strong></span> <span class='ocrx_word' id='word_1_735' title='bbox 3024 4592 3267 4662; x_wconf 60' lang='lat' dir='ltr'><strong>quadam</strong></span> <span class='ocrx_word' id='word_1_736' title='bbox 3297 4598 3352 4646; x_wconf 88' lang='lat' dir='ltr'><strong>et</strong></span> <span class='ocrx_word' id='word_1_737' title='bbox 3375 4587 3505 4645; x_wconf 84' lang='lat' dir='ltr'><strong>scala</strong></span> <span class='ocrx_word' id='word_1_738' title='bbox 3530 4594 3617 4645; x_wconf 88' lang='lat' dir='ltr'><strong>est,</strong></span> <span class='ocrx_word' id='word_1_739' title='bbox 3637 4594 3699 4651; x_wconf 75' lang='lat' dir='ltr'><strong>per</strong></span> 
     </span>
    </p>
   </div>
   <div class='ocr_carea' id='block_1_106' title="bbox 2205 4650 3811 4763">
    <p class='ocr_par' dir='ltr' id='par_1_106' title="bbox 2205 4650 3811 4763">
     <span class='ocr_line' id='line_1_106' title="bbox 2205 4650 3811 4763; baseline -0.009 -27"><span class='ocrx_word' id='word_1_740' title='bbox 2205 4698 2367 4753; x_wconf 90' lang='lat' dir='ltr'><strong>quam</strong></span> <span class='ocrx_word' id='word_1_741' title='bbox 2394 4650 2679 4757; x_wconf 47' lang='lat' dir='ltr'><strong>aid-pacein</strong></span> <span class='ocrx_word' id='word_1_742' title='bbox 2709 4680 3010 4737; x_wconf 83' lang='lat' dir='ltr'><strong>Jerusalem</strong></span> <span class='ocrx_word' id='word_1_743' title='bbox 3037 4650 3383 4737; x_wconf 76' lang='lat' dir='ltr'><strong>obtinendam</strong></span> <span class='ocrx_word' id='word_1_744' title='bbox 3420 4650 3703 4747; x_wconf 66' lang='lat' dir='ltr'><strong>perungitur;l</strong></span> <span class='ocrx_word' id='word_1_745' title='bbox 3810 4692 3811 4763; x_wconf 36' lang='grc' dir='ltr'>ι</span> 
     </span>
    </p>
   </div>
   <div class='ocr_carea' id='block_1_107' title="bbox 2207 4772 3693 4843">
    <p class='ocr_par' dir='ltr' id='par_1_107' title="bbox 2207 4772 3693 4843">
     <span class='ocr_line' id='line_1_107' title="bbox 2207 4772 3693 4843; baseline -0.009 -15"><span class='ocrx_word' id='word_1_746' title='bbox 2207 4774 2316 4829; x_wconf 91' lang='lat' dir='ltr'><strong>imo</strong></span> <span class='ocrx_word' id='word_1_747' title='bbox 2361 4773 2415 4828; x_wconf 88' lang='lat' dir='ltr'><strong>in</strong></span> <span class='ocrx_word' id='word_1_748' title='bbox 2446 4788 2581 4842; x_wconf 90' lang='lat' dir='ltr'><strong>pace</strong></span> <span class='ocrx_word' id='word_1_749' title='bbox 2627 4774 2732 4829; x_wconf 88' lang='lat' dir='ltr'><strong>ista</strong></span> <span class='ocrx_word' id='word_1_750' title='bbox 2765 4789 2869 4843; x_wconf 86' lang='lat' dir='ltr'><strong>pax</strong></span> <span class='ocrx_word' id='word_1_751' title='bbox 2898 4772 3193 4829; x_wconf 84' lang='lat' dir='ltr'><strong>Jerusalem</strong></span> <span class='ocrx_word' id='word_1_752' title='bbox 3233 4772 3525 4832; x_wconf 89' lang='lat' dir='ltr'><strong>includitur,</strong></span> <span class='ocrx_word' id='word_1_753' title='bbox 3554 4775 3595 4823; x_wconf 86' lang='lat' dir='ltr'><strong>et</strong></span> <span class='ocrx_word' id='word_1_754' title='bbox 3617 4778 3693 4817; x_wconf 80' lang='lat' dir='ltr'><strong>ser-</strong></span> 
     </span>
    </p>
   </div>
   <div class='ocr_carea' id='block_1_108' title="bbox 2205 4856 3692 4936">
    <p class='ocr_par' dir='ltr' id='par_1_108' title="bbox 2205 4856 3692 4936">
     <span class='ocr_line' id='line_1_108' title="bbox 2205 4856 3692 4936; baseline -0.009 -16"><span class='ocrx_word' id='word_1_755' title='bbox 2205 4877 2379 4929; x_wconf 86' lang='lat' dir='ltr'><strong>vatur,</strong></span> <span class='ocrx_word' id='word_1_756' title='bbox 2415 4866 2559 4921; x_wconf 87' lang='lat' dir='ltr'><strong>sicut</strong></span> <span class='ocrx_word' id='word_1_757' title='bbox 2582 4881 2743 4936; x_wconf 89' lang='lat' dir='ltr'><strong>supra</strong></span> <span class='ocrx_word' id='word_1_758' title='bbox 2778 4882 2844 4920; x_wconf 78' lang='lat' dir='ltr'><strong>ex</strong></span> <span class='ocrx_word' id='word_1_759' title='bbox 2885 4865 3069 4922; x_wconf 84' lang='lat' dir='ltr'><strong>verbis</strong></span> <span class='ocrx_word' id='word_1_760' title='bbox 3115 4866 3356 4923; x_wconf 70' lang='lat' dir='ltr'><strong>Ieremia:</strong></span> <span class='ocrx_word' id='word_1_761' title='bbox 3384 4864 3518 4919; x_wconf 88' lang='lat' dir='ltr'><strong>licuit</strong></span> <span class='ocrx_word' id='word_1_762' title='bbox 3542 4856 3692 4913; x_wconf 79' lang='lat' dir='ltr'><strong>intueri.</strong></span> 
     </span>
    </p>
   </div>
   <div class='ocr_carea' id='block_1_109' title="bbox 2156 4952 3693 5031">
    <p class='ocr_par' dir='ltr' id='par_1_109' title="bbox 2156 4952 3693 5031">
     <span class='ocr_line' id='line_1_109' title="bbox 2156 4952 3693 5031; baseline -0.012 -11"><span class='ocrx_word' id='word_1_763' title='bbox 2156 5012 2165 5020; x_wconf 86' lang='lat'><strong>.</strong></span> <span class='ocrx_word' id='word_1_764' title='bbox 2206 4959 2272 5014; x_wconf 79' lang='lat' dir='ltr'><strong>Et</strong></span> <span class='ocrx_word' id='word_1_765' title='bbox 2306 4959 2507 5015; x_wconf 81' lang='lat' dir='ltr'><strong>Paulus</strong></span> <span class='ocrx_word' id='word_1_766' title='bbox 2534 4961 2603 5013; x_wconf 88' lang='lat' dir='ltr'><strong>ad</strong></span> <span class='ocrx_word' id='word_1_767' title='bbox 2626 4958 2971 5015; x_wconf 83' lang='lat' dir='ltr'><strong>Timotheum</strong></span> <span class='ocrx_word' id='word_1_768' title='bbox 2994 4974 3094 5031; x_wconf 92' lang='lat' dir='ltr'><strong>pro</strong></span> <span class='ocrx_word' id='word_1_769' title='bbox 3118 4960 3218 5014; x_wconf 90' lang='lat' dir='ltr'><strong>hac</strong></span> <span class='ocrx_word' id='word_1_770' title='bbox 3236 4973 3364 5029; x_wconf 88' lang='lat' dir='ltr'><strong>pace</strong></span> <span class='ocrx_word' id='word_1_771' title='bbox 3389 4969 3530 5010; x_wconf 88' lang='lat' dir='ltr'><strong>orare</strong></span> <span class='ocrx_word' id='word_1_772' title='bbox 3552 4952 3693 5005; x_wconf 77' lang='lat' dir='ltr'><strong>docet:</strong></span> 
     </span>
    </p>
   </div>
   <div class='ocr_carea' id='block_1_110' title="bbox 2206 5040 3695 5122">
    <p class='ocr_par' dir='ltr' id='par_1_110' title="bbox 2206 5040 3695 5122">
     <span class='ocr_line' id='line_1_110' title="bbox 2206 5040 3695 5122; baseline -0.005 -19"><span class='ocrx_word' id='word_1_773' title='bbox 2206 5070 2230 5103; x_wconf 73' lang='grc'><strong><em>4</em></strong></span> <span class='ocrx_word' id='word_1_774' title='bbox 2268 5051 2511 5107; x_wconf 88' lang='lat' dir='ltr'><strong>Obsecro</strong></span> <span class='ocrx_word' id='word_1_775' title='bbox 2541 5051 2707 5121; x_wconf 87' lang='lat' dir='ltr'><strong>igitur</strong></span> <span class='ocrx_word' id='word_1_776' title='bbox 2742 5052 2976 5122; x_wconf 90' lang='lat' dir='ltr'><strong>primum</strong></span> <span class='ocrx_word' id='word_1_777' title='bbox 3008 5053 3246 5107; x_wconf 89' lang='lat' dir='ltr'><strong>onmium</strong></span> <span class='ocrx_word' id='word_1_778' title='bbox 3286 5049 3398 5105; x_wconf 81' lang='lat' dir='ltr'><strong>fieri</strong></span> <span class='ocrx_word' id='word_1_779' title='bbox 3438 5040 3695 5101; x_wconf 81' lang='lat' dir='ltr'><strong>obsecratio-</strong></span> 
     </span>
    </p>
   </div>
   <div class='ocr_carea' id='block_1_111' title="bbox 2207 5137 3694 5217">
    <p class='ocr_par' dir='ltr' id='par_1_111' title="bbox 2207 5137 3694 5217">
     <span class='ocr_line' id='line_1_111' title="bbox 2207 5137 3694 5217; baseline -0.009 -20"><span class='ocrx_word' id='word_1_780' title='bbox 2207 5159 2335 5209; x_wconf 90' lang='lat' dir='ltr'><strong>nes,</strong></span> <span class='ocrx_word' id='word_1_781' title='bbox 2372 5148 2692 5210; x_wconf 62' lang='lat' dir='ltr'><strong>orationes,</strong></span> <span class='ocrx_word' id='word_1_782' title='bbox 2731 5145 3153 5215; x_wconf 85' lang='lat' dir='ltr'><strong>postulationes,</strong></span> <span class='ocrx_word' id='word_1_783' title='bbox 3198 5144 3481 5217; x_wconf 85' lang='lat' dir='ltr'><strong>gratiarum</strong></span> <span class='ocrx_word' id='word_1_784' title='bbox 3522 5137 3694 5191; x_wconf 83' lang='lat' dir='ltr'><strong>actiones</strong></span> 
     </span>
    </p>
   </div>
   <div class='ocr_carea' id='block_1_112' title="bbox 2208 5227 3687 5310">
    <p class='ocr_par' dir='ltr' id='par_1_112' title="bbox 2208 5227 3687 5310">
     <span class='ocr_line' id='line_1_112' title="bbox 2208 5227 3687 5310; baseline -0.007 -19"><span class='ocrx_word' id='word_1_785' title='bbox 2208 5251 2307 5306; x_wconf 91' lang='lat' dir='ltr'><strong>pro</strong></span> <span class='ocrx_word' id='word_1_786' title='bbox 2332 5238 2582 5293; x_wconf 87' lang='lat' dir='ltr'><strong>omnibus</strong></span> <span class='ocrx_word' id='word_1_787' title='bbox 2612 5238 2922 5293; x_wconf 87' lang='lat' dir='ltr'><strong>hominibus</strong></span> <span class='ocrx_word' id='word_1_788' title='bbox 2945 5281 2964 5305; x_wconf 93' lang='lat'><strong>,</strong></span> <span class='ocrx_word' id='word_1_789' title='bbox 3009 5255 3108 5310; x_wconf 90' lang='lat' dir='ltr'><strong>pro</strong></span> <span class='ocrx_word' id='word_1_790' title='bbox 3137 5238 3349 5310; x_wconf 87' lang='lat' dir='ltr'><strong>regibus</strong></span> <span class='ocrx_word' id='word_1_791' title='bbox 3388 5244 3440 5289; x_wconf 90' lang='lat' dir='ltr'><strong>et</strong></span> <span class='ocrx_word' id='word_1_792' title='bbox 3480 5227 3687 5286; x_wconf 78' lang='lat' dir='ltr'><strong>omnibus.</strong></span> 
     </span>
    </p>
   </div>
   <div class='ocr_carea' id='block_1_113' title="bbox 2206 5323 3692 5400">
    <p class='ocr_par' dir='ltr' id='par_1_113' title="bbox 2206 5323 3692 5400">
     <span class='ocr_line' id='line_1_113' title="bbox 2206 5323 3692 5400; baseline -0.008 -17"><span class='ocrx_word' id='word_1_793' title='bbox 2206 5330 2300 5400; x_wconf 90' lang='lat' dir='ltr'><strong>qui</strong></span> <span class='ocrx_word' id='word_1_794' title='bbox 2350 5330 2404 5384; x_wconf 87' lang='lat' dir='ltr'><strong>itt</strong></span> <span class='ocrx_word' id='word_1_795' title='bbox 2454 5329 2790 5386; x_wconf 89' lang='lat' dir='ltr'><strong>sublimitate</strong></span> <span class='ocrx_word' id='word_1_796' title='bbox 2834 5340 2962 5387; x_wconf 91' lang='lat' dir='ltr'><strong>sunt</strong></span> <span class='ocrx_word' id='word_1_797' title='bbox 2992 5330 3305 5395; x_wconf 87' lang='lat' dir='ltr'><strong>constituti,</strong></span> <span class='ocrx_word' id='word_1_798' title='bbox 3352 5336 3407 5381; x_wconf 87' lang='lat' dir='ltr'><strong>ut</strong></span> <span class='ocrx_word' id='word_1_799' title='bbox 3432 5325 3625 5395; x_wconf 85' lang='lat' dir='ltr'><strong>quietam</strong></span> <span class='ocrx_word' id='word_1_800' title='bbox 3657 5323 3692 5368; x_wconf 81' lang='lat' dir='ltr'><strong>et</strong></span> 
     </span>
    </p>
   </div>
   <div class='ocr_carea' id='block_1_114' title="bbox 2209 5408 3689 5493">
    <p class='ocr_par' dir='ltr' id='par_1_114' title="bbox 2209 5408 3689 5493">
     <span class='ocr_line' id='line_1_114' title="bbox 2209 5408 3689 5493; baseline -0.009 -20"><span class='ocrx_word' id='word_1_801' title='bbox 2209 5419 2552 5491; x_wconf 86' lang='lat' dir='ltr'><strong>tranquillam</strong></span> <span class='ocrx_word' id='word_1_802' title='bbox 2591 5422 2757 5476; x_wconf 86' lang='lat' dir='ltr'><strong>vitam</strong></span> <span class='ocrx_word' id='word_1_803' title='bbox 2793 5436 3018 5493; x_wconf 90' lang='lat' dir='ltr'><strong>agamus</strong></span> <span class='ocrx_word' id='word_1_804' title='bbox 3056 5422 3112 5477; x_wconf 90' lang='lat' dir='ltr'><strong>in</strong></span> <span class='ocrx_word' id='word_1_805' title='bbox 3136 5421 3278 5477; x_wconf 90' lang='lat' dir='ltr'><strong>omni</strong></span> <span class='ocrx_word' id='word_1_806' title='bbox 3301 5420 3485 5491; x_wconf 83' lang='lat' dir='ltr'><strong>pietate</strong></span> <span class='ocrx_word' id='word_1_807' title='bbox 3508 5422 3553 5469; x_wconf 89' lang='lat' dir='ltr'><strong>et</strong></span> <span class='ocrx_word' id='word_1_808' title='bbox 3581 5408 3689 5465; x_wconf 76' lang='lat' dir='ltr'><strong>casti-</strong></span> 
     </span>
    </p>
   </div>
   <div class='ocr_carea' id='block_1_115' title="bbox 2210 5500 3689 5585">
    <p class='ocr_par' dir='ltr' id='par_1_115' title="bbox 2210 5500 3689 5585">
     <span class='ocr_line' id='line_1_115' title="bbox 2210 5500 3689 5585; baseline -0.005 -17"><span class='ocrx_word' id='word_1_809' title='bbox 2210 5524 2342 5568; x_wconf 90' lang='lat' dir='ltr'><strong>tate.</strong></span> <span class='ocrx_word' id='word_1_810' title='bbox 2388 5533 2407 5564; x_wconf 77' lang='grc' dir='ltr'><strong><em>ι</em></strong></span> <span class='ocrx_word' id='word_1_811' title='bbox 2438 5512 2568 5568; x_wconf 85' lang='lat' dir='ltr'><strong>inde</strong></span> <span class='ocrx_word' id='word_1_812' title='bbox 2614 5525 2699 5569; x_wconf 92' lang='lat' dir='ltr'><strong>est</strong></span> <span class='ocrx_word' id='word_1_813' title='bbox 2739 5515 2884 5585; x_wconf 92' lang='lat' dir='ltr'><strong>quod</strong></span> <span class='ocrx_word' id='word_1_814' title='bbox 2935 5515 3191 5571; x_wconf 84' lang='lat' dir='ltr'><strong>Dominus</strong></span> <span class='ocrx_word' id='word_1_815' title='bbox 3236 5524 3411 5569; x_wconf 87' lang='lat' dir='ltr'><strong>noster</strong></span> <span class='ocrx_word' id='word_1_816' title='bbox 3437 5520 3592 5580; x_wconf 85' lang='lat' dir='ltr'><strong>pacem</strong></span> <span class='ocrx_word' id='word_1_817' title='bbox 3623 5500 3689 5554; x_wconf 67' lang='lat' dir='ltr'><strong>Ec&#39;</strong></span> 
     </span>
    </p>
   </div>
   <div class='ocr_carea' id='block_1_116' title="bbox 2208 5590 3687 5675">
    <p class='ocr_par' dir='ltr' id='par_1_116' title="bbox 2208 5590 3687 5675">
     <span class='ocr_line' id='line_1_116' title="bbox 2208 5590 3687 5675; baseline 0.005 -14"><span class='ocrx_word' id='word_1_818' title='bbox 2208 5607 2388 5662; x_wconf 70' lang='lat' dir='ltr'><strong>elesize</strong></span> <span class='ocrx_word' id='word_1_819' title='bbox 2417 5608 2642 5663; x_wconf 89' lang='lat' dir='ltr'><strong>daturus</strong></span> <span class='ocrx_word' id='word_1_820' title='bbox 2672 5609 2966 5663; x_wconf 83' lang='lat' dir='ltr'><strong>adveniens</strong></span> <span class='ocrx_word' id='word_1_821' title='bbox 2986 5650 2999 5672; x_wconf 90' lang='lat'><strong>,</strong></span> <span class='ocrx_word' id='word_1_822' title='bbox 3039 5619 3241 5666; x_wconf 87' lang='lat' dir='ltr'><strong>tantam</strong></span> <span class='ocrx_word' id='word_1_823' title='bbox 3266 5607 3316 5662; x_wconf 90' lang='lat' dir='ltr'><strong>ei</strong></span> <span class='ocrx_word' id='word_1_824' title='bbox 3346 5617 3514 5675; x_wconf 80' lang='lat' dir='ltr'><strong>pacem</strong></span> <span class='ocrx_word' id='word_1_825' title='bbox 3540 5590 3687 5668; x_wconf 55' lang='lat' dir='ltr'><strong>Pam“</strong></span> 
     </span>
    </p>
   </div>
   <div class='ocr_carea' id='block_1_117' title="bbox 2214 5698 3687 5771">
    <p class='ocr_par' dir='ltr' id='par_1_117' title="bbox 2214 5698 3687 5771">
     <span class='ocr_line' id='line_1_117' title="bbox 2214 5698 3687 5771; baseline -0.006 -15"><span class='ocrx_word' id='word_1_826' title='bbox 2214 5712 2269 5756; x_wconf 83' lang='lat' dir='ltr'><strong>ut</strong></span> <span class='ocrx_word' id='word_1_827' title='bbox 2297 5703 2530 5757; x_wconf 81' lang='lat' dir='ltr'><strong>auferret</strong></span> <span class='ocrx_word' id='word_1_828' title='bbox 2570 5701 2708 5758; x_wconf 78' lang='lat' dir='ltr'><strong>bella</strong></span> <span class='ocrx_word' id='word_1_829' title='bbox 2749 5716 2917 5771; x_wconf 83' lang='lat' dir='ltr'><strong>usque</strong></span> <span class='ocrx_word' id='word_1_830' title='bbox 2963 5702 3029 5757; x_wconf 81' lang='lat' dir='ltr'><strong>ad</strong></span> <span class='ocrx_word' id='word_1_831' title='bbox 3062 5703 3195 5758; x_wconf 86' lang='lat' dir='ltr'><strong>lines</strong></span> <span class='ocrx_word' id='word_1_832' title='bbox 3227 5711 3404 5764; x_wconf 65' lang='lat' dir='ltr'><strong>terrae,</strong></span> <span class='ocrx_word' id='word_1_833' title='bbox 3430 5705 3582 5751; x_wconf 80' lang='lat' dir='ltr'><strong>areum</strong></span> <span class='ocrx_word' id='word_1_834' title='bbox 3602 5698 3687 5740; x_wconf 68' lang='grc' dir='ltr'><strong>ωιι·</strong></span> 
     </span>
    </p>
   </div>
  </div>
