3834 6462
114 241 264 301 1625

1256 243 1345 300 DE
1379 241 1562 301 BONO
1599 240 1814 299 PACIS.
1854 262 1923 283 ιι-
1951 242 2078 299 LIB.
2106 243 2168 299 ll.

3223 231 3364 295 τοῖς

116 364 360 422 tereret,
406 369 556 411 arma
602 355 1000 428 confringeret,
1051 366 1107 413 et
1152 365 1304 416 scuta
1349 357 1692 413 combureret
1717 355 2095 426 Ajuncturam
2119 355 2659 419 subministrationis.
2675 352 2971 412 secundum
2996 353 3364 423 operationem

112 449 254 524 igni.

107 584 250 644 CAP.
288 583 430 642 XIX.
458 616 529 627 —
551 584 626 645 De
655 601 781 656 pace
820 584 1111 641 Jerusalem
1135 625 1150 650 ,
1188 585 1285 639 hoc
1310 595 1385 639 est
1421 582 1689 639 Ecclesite.

186 697 309 754 Jam
339 698 473 754 hora
508 704 591 752 est
618 706 676 752 ut
702 696 768 753 de
799 711 933 755 Dace
981 694 1300 759 Jerusalem.
1330 692 1435 749 hoc
1481 702 1564 749 est
1592 691 1693 748 Ec-

163 793 325 856 esiaa,
373 804 493 861 qua:
521 787 748 843 dicenda
778 797 938 851 sunt,
990 796 1343 842 aunectamns
1395 784 1505 839 Pax
1548 784 1686 849 ista,

109 880 264 937 sicut
289 895 388 934 nos
409 878 766 949 praeposuisse
793 878 1136 932 meminimus
1155 917 1167 940 ,
1203 875 1521 933 Christianae
1544 873 1692 945 pacis

106 970 408 1024 concordia
456 979 573 1034 est,
627 969 781 1037 cujus
824 977 1251 1051 monstratorct
1302 967 1533 1021 monitor
1574 975 1693 1021 erat

102 1060 350 1128 Paulus,
374 1078 496 1117 cum
519 1062 721 1117 diceret
748 1078 763 1115 :
801 1079 819 1113 ι
855 1059 968 1114 Non
997 1070 1080 1116 est
1105 1073 1329 1130 regnum
1362 1058 1450 1113 Dei
1482 1072 1606 1112 esca
1636 1065 1692 1111 et

100 1156 428 1231 potus,sed
468 1152 679 1223 juslilia
727 1164 783 1209 et
813 1169 941 1224 pax.
975 1151 1162 1222 Itaque
1190 1166 1310 1221 qua:
1344 1149 1492 1221 pacis
1534 1157 1687 1217 sunt,

101 1256 404 1303 sectemur.
446 1264 465 1297 ι
511 1245 573 1301 Et
624 1261 810 1302 rursus
855 1244 921 1299 ad
973 1242 1358 1299 Timotheum:
1404 1261 1421 1294 ι
1468 1243 1691 1302 Sectam

90 1335 375 1407 justitiam
395 1376 411 1405 ,
441 1336 601 1390 ﬁdem
623 1376 638 1401 ,
676 1322 1003 1401 amicitiam,
1034 1335 1355 1389 charitatem
1402 1342 1455 1387 et
1500 1347 1686 1404 pacem

93 1444 226 1484 cum
271 1428 387 1493 his,
419 1428 506 1498 qui
534 1429 788 1483 invocant
818 1426 1105 1481 Dominum
1148 1432 1217 1480 de
1244 1425 1406 1481 corde
1433 1439 1590 1494 puro.
1628 1442 1648 1477 ι

164 1520 499 1578 Eridentius
528 1532 708 1576 autem
738 1522 806 1577 de
848 1521 950 1577 hac
977 1535 1108 1590 pace
1136 1518 1427 1589 discipulos
1452 1532 1690 1573 commu-

85 1615 275 1672 nebac
309 1614 563 1672 Dominus
591 1633 604 1669 :
639 1634 655 1666 ι
690 1614 930 1679 llabete,
963 1613 1172 1681 inquit,
1213 1610 1264 1664 in
1313 1610 1465 1664 vobis
1493 1608 1604 1676 sal,
1633 1617 1688 1663 et

88 1722 296 1778 pacem
328 1705 521 1761 habete
565 1704 706 1760 inter
731 1720 846 1758 vos.
885 1722 904 1755 ι
944 1703 999 1758 1η
1032 1701 1150 1756 sale
1192 1700 1468 1771 sapientia:
1518 1696 1686 1752 nostis
1716 1697 1761 1767 Β

95 1795 334 1869 iuteiligi
364 1795 790 1850 condimentum.
820 1795 950 1860 Qua:
983 1801 1162 1846 autem
1208 1791 1391 1845 verior
1420 1788 1683 1852 sapientia

98 1900 274 1963 quam
334 1900 429 1952 ea,
484 1885 552 1939 de
603 1901 707 1956 qua
765 1885 1040 1948 scribitur,
1091 1884 1216 1952 quia
1280 1901 1298 1935 ι
1330 1881 1685 1952 ρτωόίοεηιιιε

92 1976 385 2034 Christum
413 1976 507 2030 Dei
539 1977 791 2030 virtutem
814 1985 869 2030 et
888 1975 1244 2044 sapientiam?
1282 1993 1301 2027 ι
1335 1972 1685 2028 Mandaturus

92 2080 236 2137 ergo
262 2064 332 2120 de
362 2065 464 2119 hac
492 2079 623 2135 pace
643 2103 658 2129 ,
710 2064 776 2117 de
805 2063 917 2119 sale
960 2062 1314 2132 praemonuit,
1348 2061 1475 2133 quia
1526 2076 1686 2115 nemo

95 2169 300 2226 pacem
330 2155 487 2209 istam
522 2163 759 2209 meretur
791 2153 991 2208 habere
1012 2193 1026 2217 ,
1053 2152 1155 2208 nisi
1189 2151 1280 2222 qui
1329 2151 1482 2220 prius
1521 2149 1684 2206 Citri-

97 2254 250 2300 stum
279 2243 505 2315 elegerit
544 2258 641 2313 per
669 2243 827 2299 ﬁdem
857 2242 908 2297 in
942 2242 1105 2297 corde
1134 2256 1233 2296 suo
1268 2240 1564 2308 suscipere.
1591 2238 1685 2294 Est

96 2334 250 2391 enim
283 2333 431 2403 ipse,
463 2342 522 2387 ut
568 2333 768 2386 dudum
806 2332 1067 2392 diximus.
1116 2332 1272 2402 pacis
1320 2330 1480 2399 lmjus
1506 2331 1686 2385 concl-

92 2425 263 2482 liator
307 2432 364 2479 et
410 2434 620 2488 auctor,
658 2442 677 2479 ι
707 2423 890 2489 Pater,
916 2424 1089 2494 inquit
1132 2423 1400 2494 eloquium
1433 2438 1683 2489 sacrum,

92 2515 271 2572 futuri
301 2514 520 2582 sa‘culi,
552 2516 803 2586 princeps
835 2515 1006 2585 pacis.
1046 2533 1066 2568 ι

205 2625 349 2684 CAP.
385 2624 505 2681 XX.
525 2656 596 2667 ——-
619 2625 889 2697 Quomodo
912 2641 1017 2695 pax
1035 2625 1133 2680 ista
1155 2642 1248 2697 per
1274 2625 1581 2683 alacritatem

751 2696 1049 2765 fwderetur.

170 2806 356 2877 Qum;
363 2816 543 2862 autem
570 2822 667 2878 per
691 2807 1022 2863 charitatem
1041 2847 1059 2873 ,
1084 2816 1227 2863 sicut
1252 2807 1651 2877 praelibavimus
1667 2848 1683 2874 ,

84 2918 205 2974 pax
234 2902 340 2957 ista
364 2907 730 2966 construatur,
761 2899 1000 2971 psalmus
1022 2901 1152 2955 mihi
1172 2902 1327 2957 testis
1353 2910 1439 2956 est
1469 2919 1483 2955 :
1515 2921 1533 2954 ‹
1565 2901 1685 2956 Fiat

97 3009 207 3065 pax
246 2991 304 3047 in
356 2990 556 3047 virtute
591 3001 701 3046 tua.
739 3011 758 3044 ι
812 2992 887 3047 lbi
932 2992 1152 3047 virtutis
1186 2992 1403 3048 nomine
1443 2993 1678 3064 reginam

96 3083 373 3139 virtutum
397 3082 640 3137 omnium
667 3081 909 3152 intellige
936 3083 1253 3138 cbaritatem
1276 3122 1292 3149 ,
1322 3099 1442 3154 qua:
1468 3083 1682 3153 proprie

99 3175 282 3230 virtus
307 3172 514 3229 idcirco
543 3171 760 3237 dicitur,
785 3173 914 3242 quia
947 3171 1103 3228 fortis
1126 3182 1210 3227 est
1241 3181 1300 3226 ut
1330 3188 1477 3230 mors
1504 3172 1682 3244 (fortis

99 3266 251 3323 enim
285 3273 373 3322 est
398 3274 458 3318 ut
482 3279 629 3325 mors
660 3264 899 3336 dilectio)
951 3264 1039 3320 cui
1086 3263 1261 3319 nullus
1292 3264 1527 3329 resistit,
1558 3278 1679 3319 cum

100 3358 286 3423 venit,
315 3358 410 3429 qui
440 3357 669 3424 occidit,
701 3358 844 3428 quod
872 3357 1013 3413 male
1035 3356 1267 3424 fuimus,
1296 3366 1355 3412 ut
1381 3356 1524 3413 aliud
1547 3357 1684 3412 bene

170 3541 706 3611 Enimveroquanter
728 3554 867 3596 nanc
893 3554 1083 3610 pacem
1109 3540 1273 3594 faciat
1289 3548 1549 3604 coarttas,
1574 3553 1680 3593 non

104 3636 242 3693 latet
271 3634 513 3706 aliquem
543 3634 685 3690 sacri
719 3633 1004 3689 voluminis
1029 3632 1275 3688 notitiam
1312 3635 1677 3704 prolitentem.

101 3727 180 3783 lta
212 3742 454 3798 namque
481 3736 564 3780 est
588 3725 833 3780 charitas
865 3726 915 3778 iu
945 3724 1046 3779 hac
1082 3740 1235 3795 pace,
1280 3724 1419 3779 sicut
1460 3724 1682 3794 spiritus

100 3818 283 3875 vitalis
311 3819 367 3875 in
397 3831 650 3885 corpore.
680 3815 1139 3883 Quemadmodum
1178 3814 1322 3870 enim
1370 3815 1422 3869 in
1452 3829 1681 3885 corpore

99 3913 292 3986 spiritu
336 3919 631 3981 vegetante
670 3907 910 3964 membra
938 3910 1146 3971 vivunt,
1197 3917 1252 3964 et
1296 3909 1441 3963 velut
1495 3923 1678 3977 pacem

101 4007 392 4077 quamdam
432 4004 864 4072 soliditatemque
890 4001 1197 4072 propaginis
1225 4001 1477 4067 retinent,
1496 4003 1681 4055 absce-

99 4097 260 4154 dente
286 4107 479 4153 autem
505 4096 695 4164 θυῖε-ηπ
722 4095 854 4147 mori
886 4108 945 4147 ea
973 4107 1193 4148 necesse
1231 4099 1316 4146 est
1358 4102 1411 4147 et
1437 4092 1679 4158 dissolvi,

100 4189 179 4246 sic
202 4199 258 4246 et
291 4187 545 4245 charitas
570 4186 680 4240 sola
720 4194 823 4249 cst,
849 4200 968 4255 qua:
994 4184 1131 4240 ﬁlios
1161 4183 1416 4238 Ecclesia:
1443 4182 1495 4238 in
1522 4184 1680 4253 hujus

97 4280 246 4349 pacis
285 4278 604 4336 consolidat
657 4276 881 4338 unitate,
948 4291 1051 4344 qua
1104 4276 1388 4330 recedente
1429 4290 1532 4346 pax
1578 4277 1679 4331 ista

98 4368 449 4425 discinditur.
483 4367 563 4421 Ex
587 4382 694 4435 quo
714 4366 845 4420 licet
888 4375 1105 4434 propter
1128 4377 1467 4421 sacramenta
1504 4367 1680 4422 eccle-

104 4462 321 4518 siastica
364 4461 543 4532 ipsius
569 4459 811 4529 corporis
843 4458 1146 4513 simulatam
1188 4459 1455 4529 tantisper
1486 4460 1682 4513 retinet

109 4555 504 4626 compaginem,
538 4568 631 4622 per
676 4562 951 4622 peccatum
996 4559 1175 4606 tamen
1205 4550 1337 4615 odii,
1368 4553 1510 4621 quod
1536 4567 1683 4607 mors

110 4656 192 4702 est
217 4648 435 4708 animm.
466 4660 682 4702 sensum
708 4645 920 4713 penitus
946 4643 1201 4697 amittunt
1236 4645 1378 4697 vitae.

180 4736 331 4805 Quod
377 4738 574 4792 Doctor
622 4734 862 4805 gentium
916 4733 971 4787 in
1016 4731 1284 4786 nonnullis
1332 4731 1681 4800 epistularum

113 4844 329 4884 suarum
384 4828 522 4885 locis
575 4828 782 4897 argutis
833 4824 1129 4879 rationibus
1170 4823 1506 4894 explanavit,
1554 4821 1680 4877 dum

116 4921 253 4977 inter
293 4924 534 4978 membra
586 4921 784 4975 Christi
842 4930 895 4973 et
942 4928 1126 4987 partes
1175 4918 1393 4973 humani
1438 4918 1685 4989 corporis

115 5022 394 5082 cognatam
431 5012 723 5068 admodum
767 5010 1173 5066 similitudinem
1229 5009 1430 5079 posuit,
1474 5009 1686 5082 aquo-

116 5080 346 5160 rinthios
372 5104 593 5175 quidem
619 5104 690 5159 ita
716 5119 729 5156 :
769 5122 786 5155 ε
826 5102 978 5158 Sicut
1000 5103 1144 5157 enim
1170 5116 1368 5171 corpus
1388 5080 1682 5165 unum’est,

118 5196 173 5243 et
198 5193 440 5247 membra
478 5194 641 5248 habet
674 5191 857 5255 multa,
888 5192 1067 5246 omnia
1088 5201 1268 5248 autem
1293 5192 1534 5247 membra
1561 5207 1685 5246 cor-

117 5282 283 5348 poris,
313 5298 437 5339 cum
467 5285 577 5342 sint
605 5285 789 5349 multa,
815 5299 978 5339 unum
1020 5293 1193 5340 tamen
1223 5299 1418 5354 corpus
1438 5292 1586 5350 sunt,
1612 5284 1685 5339 ita

121 5375 177 5421 et
218 5367 488 5429 Christus.
530 5373 738 5427 Etenim
784 5374 836 5428 in
894 5389 1001 5428 uno
1040 5374 1231 5442 spiritu
1270 5388 1455 5429 omnes
1485 5388 1583 5429 nos
1630 5374 1685 5430 in

60 5486 63 5489 -
120 5470 286 5519 unum
312 5462 571 5534 baptizati
616 5480 820 5519 sumus.
857 5484 876 5518 ι
911 5465 992 5521 Ad
1034 5465 1296 5536 Ephesios
1334 5474 1514 5522 autem
1564 5465 1684 5541 sic:

129 5563 151 5599 ι
184 5548 500 5611 Crescamus
529 5555 582 5610 in
614 5556 705 5612 illo
729 5557 820 5626 qui
868 5568 950 5612 est
976 5567 1158 5627 caput,
1179 5557 1449 5625 Christus,
1484 5572 1551 5613 ex
1580 5571 1687 5627 quo

125 5646 292 5701 totum
332 5660 527 5719 corpus
553 5660 886 5719 compactum
917 5659 973 5707 et
1002 5666 1300 5708 connexum
1350 5666 1445 5721 per
1472 5658 1685 5709 Omnem

1794 446 1847 502 in
1898 462 2209 505 mensuram
2260 445 2690 517 uniuscujusque
2735 445 2966 501 membri
3020 456 3365 516 augmentum

1794 538 2043 608 corporis
2077 538 2207 595 facit
2253 539 2307 595 in
2351 539 2762 596 azdiﬁcatiouem
2815 538 2897 595 sui
2937 538 2990 594 in
3024 537 3309 594 charitate.
3340 558 3359 592 ι

1792 628 1936 685 idem
1962 645 2177 701 quoque
2196 639 2251 686 et
2279 630 2484 687 eisdem
2512 645 2651 699 pene
2698 628 2879 685 verbis
2916 643 3038 683 eum
3068 628 3135 684 ad
3176 628 3365 685 Colos-

1792 735 1979 777 seuses
2001 723 2280 792 scripsisse
2310 722 2568 793 reperies.
3417 710 3425 771 ἕ

1863 811 2117 868 Charitas
2150 827 2285 884 ergo
2312 822 2416 878 est,
2456 827 2577 882 qua:
2611 811 2851 867 membra
2884 811 3080 866 Christi
3112 803 3365 877 viviﬁcat,

1792 912 1953 974 atque
1980 904 2111 960 eain
2134 920 2297 960 unum
2321 919 2528 974 corpus
2548 903 3192 958 lmderatetconcurdatu
3214 901 3368 958 Unde

1791 995 2021 1052 sollicite
2042 1008 2256 1052 servate
2279 996 2543 1052 unitatem
2585 994 2809 1065 spiritus
2836 994 2887 1049 in
2917 992 3131 1050 vinculo
3144 994 3311 1065 pacis.
3340 1012 3361 1046 ι

1788 1088 1906 1145 Hoc
1929 1098 2012 1145 est
2039 1088 2166 1143 illud
2193 1090 2408 1145 beatum
2440 1103 2581 1145 arcae
2608 1087 2720 1143 Noe
2761 1087 3025 1152 bitumen,
3071 1101 3179 1155 quo
3224 1085 3365 1155 ligna

1792 1181 1905 1251 ipsa
1950 1180 2191 1237 collinita
2243 1179 2484 1236 tenacius
2535 1194 2704 1250 aquas
2755 1177 2993 1247 irrepere
3035 1175 3217 1231 diluvii
3260 1190 3365 1230 non

1789 1273 2021 1329 sinebat.
2058 1271 2183 1327 Huic
2207 1281 2293 1328 est
2326 1271 2580 1342 ligatura,
2613 1286 2718 1341 qua
2745 1284 2848 1324 una
2876 1268 3124 1339 superius
3150 1266 3366 1336 copula-

1789 1374 1879 1421 tur
1906 1380 2057 1429 ansa,
2089 1379 2208 1433 qua:
2248 1363 2564 1419 humanitati
2610 1362 2862 1418 deitatem
2893 1360 3162 1421 inﬁbulat,
3221 1359 3365 1413 linea

1786 1472 1952 1528 quam
1984 1440 2241 1512 Dominus
2270 1456 2323 1508 in
2373 1464 2517 1510 terra
2557 1453 2844 1524 disposuit,
2875 1460 2932 1508 et
2980 1450 3253 1506 hominem
3308 1448 3364 1505 in

1786 1546 2030 1604 cmlestia
2054 1546 2421 1602 translevarit.

1859 1639 1984 1696 llaec
2012 1653 2144 1710 ergo
2172 1637 2284 1694 sola
2306 1645 2409 1703 est,
2442 1651 2563 1706 qua:
2605 1648 2859 1691 Ecetesur
2884 1642 3141 1704 aggregat
3180 1639 3365 1685 unita.

1790 1742 1933 1796 tem,
2006 1731 2115 1786 imo
2160 1730 2275 1800 ipsa
2334 1740 2419 1785 est
2464 1727 2721 1783 Ecclesia:
2776 1726 2979 1791 unitas,
3050 1724 3228 1779 tunica
3275 1719 3367 1776 illa

1784 1827 2036 1883 videlicet
2084 1825 2451 1890 inconsutilis,
2494 1824 2715 1893 desuper
2751 1831 3003 1878 contexta
3036 1837 3133 1891 per
3168 1830 3360 1886 totum,

1784 1931 1893 1971 non
1918 1914 2181 1970 divisione
2210 1914 2277 1968 ad
2302 1913 2507 1984 plures,
2535 1911 2630 1967 sed
2671 1912 2737 1966 ad
2767 1927 2935 1967 unum
2977 1920 3123 1966 sorte
3167 1924 3361 1980 perve-

1785 2007 1961 2063 niens.
1990 2007 2047 2062 Si
2073 2006 2310 2060 tttnieam
2349 2005 2491 2059 hanc
2522 2013 2729 2059 tantum
2759 2018 2897 2058 unus
2917 2002 3167 2074 accipiat,
3203 2016 3364 2056 nemo

1783 2103 1936 2163 putet
1963 2110 2021 2150 se
2039 2094 2237 2150 habere
2260 2082 2710 2162 charitalem,qui
2739 2094 2792 2147 in
2818 2093 3027 2149 unitate
3041 2107 3151 2149 non
3180 2100 3365 2147 manet

1784 2185 2060 2243 Ecclesiae.
2114 2187 2227 2242 lmo
2277 2186 2422 2242 nulla
2456 2195 2543 2242 est
2593 2186 2680 2241 via
2730 2185 2939 2251 salutis,
2992 2184 3171 2241 nullus
3214 2182 3365 2239 locus

1785 2278 2031 2341 remedii,
2066 2277 2173 2333 illis
2201 2278 2479 2344 nimirum,
2507 2293 2644 2348 quos
2673 2277 2955 2333 catholica:
2978 2276 3202 2332 unitatis
3236 2292 3361 2347 gre-

1782 2370 1951 2425 mium
1980 2385 2085 2425 non
2115 2369 2363 2435 includit,
2386 2371 2531 2441 quod
2558 2369 2795 2440 praefatae
2825 2384 2968 2425 areae
2992 2367 3106 2424 Noe
3135 2369 3363 2440 ﬁgurata

1778 2472 1936 2519 notat
1963 2463 2210 2519 historia.
2238 2461 2440 2519 Omnes
2465 2463 2634 2526 enim,
2676 2462 2767 2532 qui
2807 2471 2962 2516 extra
3010 2477 3129 2515 eam
3163 2461 3364 2532 reperti

1785 2563 1929 2620 sunt,
1954 2554 2110 2622 aquis
2136 2552 2531 2622 castigantibus
2554 2551 2858 2623 perierunt.
2890 2549 2946 2605 ld
2975 2549 3151 2619 ipsum
3176 2548 3365 2619 loque-

1782 2647 1946 2701 batur
1986 2645 2209 2701 Pascha:
2236 2645 2597 2717 mysterium:
2633 2662 2652 2695 ι
2690 2643 2748 2699 lu
2788 2658 2923 2709 una,
2969 2642 3165 2712 inquit,
3204 2642 3366 2696 domo

1784 2736 2118 2804 comedetur,
2172 2752 2274 2794 nec
2321 2736 2579 2792 eﬁ‘eratur
2616 2736 2684 2791 de
2733 2734 2994 2790 carnibus
3044 2733 3162 2805 ejus
3208 2740 3365 2788 extra

1774 2827 1945 2883 iores
1986 2848 2006 2882 ›
2040 2828 2245 2884 Carues
2275 2829 2419 2884 enim
2450 2828 2574 2898 agni
2619 2827 2882 2883 Dominici
2909 2827 3154 2897 corporis
3198 2825 3367 2881 sacri-

1784 2917 1965 2974 ﬁcium
2012 2918 2404 2989 praeludebant.
2434 2917 2547 2973 Hoc
2575 2925 2755 2972 autem
2785 2915 3112 2972 sacriﬁcium
3136 2923 3221 2973 est
3245 2914 3368 2970 uni«-

1709 3040 1751 3097 Ο
1782 3010 1909 3067 tatis
1961 3010 2342 3068 ecclesiastica:
2405 3008 2870 3065 evidentissimum
2938 3014 3363 3063 sacramentum.

1783 3101 1927 3157 Idem
1954 3103 2117 3157 etiam
2148 3102 2202 3157 in
2228 3136 2233 3141 ο
2263 3103 2422 3155 domo
2454 3098 2605 3154 Raab
2633 3098 2816 3152 divina
2860 3097 3020 3153 lectio
3063 3096 3365 3167 prmsigna-

1783 3190 1881 3259 vit,
1910 3205 2034 3246 cum
2060 3191 2303 3246 diceret:
2360 3208 2378 3242 ι
2418 3190 2634 3245 Patrem
2667 3196 2817 3243 tuum
2846 3196 2903 3243 et
2942 3194 3179 3241 matrem
3214 3192 3366 3241 tuam

1784 3289 1840 3339 et
1861 3296 2081 3339 omnem
2109 3281 2489 3353 cognationem
2510 3290 2655 3336 tuam
2684 3279 3043 3350 congregabis
3069 3278 3122 3332 in
3144 3266 3365 3333 domum

1786 3383 1954 3427 tuam.
2049 3373 2150 3437 Qui
2203 3374 2403 3427 ostium
2461 3360 2654 3427 domus
2711 3380 2814 3425 tuae
2864 3384 3118 3441 egressus
3177 3368 3360 3433 fuerit,

1782 3460 2002 3532 sanguis
2024 3461 2190 3531 ipsius
2216 3462 2320 3516 erit
2345 3461 2399 3517 in
2427 3469 2587 3532 caput
2612 3459 2748 3531 ejus.
2797 3478 2817 3515 δ

1852 3553 2084 3622 Propter
2112 3552 2274 3624 hujus
2332 3552 2483 3623 pacis
2536 3567 2603 3607 ac
2645 3551 2867 3607 unitatis
2921 3565 3192 3605 vincutum
3246 3564 3364 3621 ipsa

1783 3654 1960 3700 mater
1990 3642 2232 3699 Ecclesia
2273 3661 2292 3695 ι
2330 3659 2436 3698 una
2461 3642 2712 3698 columba
2751 3660 2770 3693 ι
2814 3640 3032 3706 dicitur,
3086 3658 3105 3691 ι
3136 3640 3295 3695 unica
3336 3659 3359 3693 ι

1780 3738 1946 3793 etiam
1986 3736 2308 3807 simpliciter
2348 3736 2690 3807 appellatur;
2740 3753 2759 3788 ι
2802 3749 2908 3789 ttna
2944 3741 3030 3790 est
3074 3732 3220 3788 enim
3271 3748 3365 3788 eo-

1782 3827 1959 3885 lumba
2002 3844 2145 3893 mea,
2173 3828 2409 3898 perfecta
2431 3842 2571 3884 mea.
2616 3846 2635 3879 ι
2676 3825 2741 3883 Ει
2786 3825 2953 3881 David
3009 3823 3063 3879 in
3101 3838 3232 3879 voce
3284 3822 3359 3895 [ί.

1780 3917 1921 3992 vice]
1938 3918 2150 3976 Domini
2174 3920 2388 3975 unicam
2412 3933 2564 3974 suam
2604 3927 2725 3974 orat
2753 3931 2782 3971 a
2804 3916 3027 3973 canibus
3042 3925 3097 3971 et
3119 3915 3367 3971 leonibus

1779 4009 1994 4067 liberari
2025 4011 2247 4066 dicens:
2282 4027 2301 4061 ‹
2338 4010 2413 4064 De
2439 4024 2599 4063 manu
2626 4008 2781 4063 canis
2817 4007 3034 4063 unicam
3073 4021 3273 4071 meam,
3303 4017 3360 4061 et

1778 4118 1810 4157 a
1840 4102 2087 4159 leonibus
2117 4102 2331 4157 unicam
2362 4116 2559 4157 meam.
2590 4119 2610 4153 ι
2644 4099 2771 4156 llam
2797 4100 2927 4155 unio
2953 4107 3055 4163 est,
3080 4114 3186 4168 qua
3217 4098 3363 4168 apud

1781 4190 2114 4247 Ezechielem
2164 4191 2270 4247 duo
2299 4191 2464 4263 ligna,
2503 4190 2731 4262 populus
2754 4205 2948 4259 nempe
2974 4188 3279 4245 Judaeorum
3306 4197 3363 4244 et

1782 4284 2043 4353 gentium,
2095 4283 2174 4339 sic
2210 4282 2512 4355 junguntur
2560 4298 2725 4337 unum
2772 4282 2839 4338 ad
2899 4280 3129 4336 alterum
3179 4289 3237 4337 ut
3290 4294 3361 4335 ex

1716 4397 1756 4452 ι)
1781 4374 1989 4430 duobus
2037 4389 2203 4429 unum
2249 4374 2383 4444 ligni
2414 4388 2609 4444 corpus
2633 4382 2891 4443 appareat
2915 4371 3264 4442 glutinatum.

1783 4530 1916 4587 CAP.
1962 4529 2104 4586 XXI.
2134 4562 2206 4571 —
2233 4529 2373 4596 Quid
2413 4530 2477 4584 sit
2517 4530 2681 4599 pietas
2726 4528 3015 4600 proposita,
3058 4537 3105 4583 et
3138 4528 3367 4599 qualiter

2135 4603 2247 4671 ipsa
2267 4616 2447 4671 pacem
2473 4600 2668 4655 nutriat
2690 4600 3005 4655 Jerusalem.

1852 4733 2119 4789 Pietatem
2182 4750 2345 4802 vero,
2408 4750 2515 4805 qua
2577 4750 2765 4805 pacem
2821 4733 3119 4790 Jerusalem
3167 4735 3365 4791 nutriri

1784 4826 2021 4883 diximus
2053 4866 2069 4893 ,
2116 4843 2279 4897 opera
2340 4828 2724 4884 misericordire
2782 4828 3004 4883 credere
3061 4826 3363 4893 debemus,

1786 4918 1985 4988 quibus
2027 4917 2081 4973 in
2131 4919 2508 4989 temporalium
2537 4934 2632 4974 seu
2688 4917 3047 4987 spiritualium
3095 4917 3363 4973 bonorum

1785 5010 2009 5081 penuria
2043 5010 2098 5066 in
2128 5010 2362 5067 invicem
2389 5010 2629 5065 fraterna
2658 5008 2925 5065 charitate
2967 5008 3363 5075 succurrimus,

1785 5101 1852 5156 de
1880 5101 2078 5170 quibus
2104 5100 2309 5156 dictum
2356 5109 2441 5156 est
2464 5119 2478 5154 :
2516 5119 2535 5151 ι
2566 5099 2771 5171 Rogata
2796 5114 2917 5170 qua:
2940 5098 3008 5154 ad
3032 5113 3220 5168 pacem
3239 5106 3369 5152 sunt

1783 5190 2103 5249 Jerusalem.
2143 5210 2163 5245 ι
2208 5191 2371 5259 Quasi
2407 5187 2759 5262 [diceretur]:
2802 5189 2846 5246 0
2874 5205 2990 5257 vos,
3020 5188 3113 5259 qui
3159 5188 3368 5245 sedetis

1787 5283 1841 5339 in
1867 5283 2096 5355 judicio,
2123 5293 2309 5355 rogate
2351 5282 2749 5354 interrogantes
2793 5297 2933 5349 eam,
2984 5297 3104 5354 qua:
3134 5288 3261 5337 sunt
3311 5287 3369 5334 et

1785 5373 1966 5431 valent
1990 5374 2059 5428 ad
2086 5389 2270 5445 pacem
2289 5373 2629 5431 nutriendam
2654 5373 2971 5431 Jerusalem.

1859 5463 1937 5519 Ex
1967 5478 2074 5533 quo
2103 5463 2339 5529 latenter
2370 5464 2612 5520 innuitur
2641 5466 2782 5534 quod
2812 5465 2912 5532 illi,
2956 5464 3051 5536 qui
3094 5464 3355 5531 sedebunt

1786 5568 1950 5625 super
1997 5553 2152 5608 sedes
2197 5553 2478 5610 duodecim
2519 5556 2811 5626 iudicaturi
2858 5555 3140 5612 duodecim
3183 5556 3357 5612 tribus

1785 5644 1973 5714 Israel,
2002 5646 2338 5717 potissimum
2362 5646 2431 5705 de
2447 5649 2701 5720 operibus
2716 5650 3232 5723 pietatis,,utrumne
3249 5649 3361 5707 scis
