3902 6316
508 318 531 372 Ι
544 317 644 373 627

1812 312 2044 373 RUFINI
2073 315 2376 374 EPiSCOPI

3603 318 3710 376 "3'23

506 429 633 484 licet
661 442 722 483 ea
749 424 985 483 vicissim
1027 427 1128 482 sibi
1158 426 1537 497 impenderint,
1582 426 1827 483 homines
1872 429 2078 483 cxami-
2106 430 2336 497 Aquam
2368 432 2547 492 habet,
2575 445 2684 500 pra:
2710 431 2919 486 caneris
2948 445 3056 485 non
3090 430 3324 484 iulletur.
3356 428 3460 483 Per
3488 429 3715 485 incrusta-

504 518 685 573 uando
713 518 1036 587 disquirent,
1066 518 1250 587 utique
1279 520 1331 572 in
1358 518 1799 588 prredicatoribus
1837 530 1889 574 et
1915 519 2075 590 plebi-

502 612 625 676 bus,
681 627 748 665 an
797 608 1046 667 videlicet
1098 610 1189 674 hi,
1236 612 1430 681 quibus
1472 613 1733 667 seminata
1777 612 2074 683 spiritualia

505 712 649 766 sunt,
684 703 909 767 colonis,
946 702 1045 758 hoc
1071 711 1155 759 est
1198 703 1638 773 pradicatoribus
1683 705 1919 760 carnalia
1968 720 2078 759 me-

507 794 668 848 tenda
711 793 1051 858 tradiderint,
1097 802 1150 849 et
1182 804 1346 859 retro,
1393 795 1436 849 si
1481 795 1580 860 illi,
1626 795 1779 865 quia
1834 794 2078 865 plebibus

504 889 616 943 suis
638 890 872 944 carnalis
894 876 1296 945 sustentationis
1321 892 1580 961 stipendia
1601 900 1971 963 perceperant,
1987 906 2081 948 eas

505 979 824 1048 spiritalium
867 995 1114 1035 escarum
1167 981 1390 1036 reticere
1441 982 1712 1038 alimentis
1754 982 2077 1040 studuerint.

507 1069 647 1123 Sunt
695 1069 839 1123 enim
885 1082 1129 1140 pastores
1159 1071 1520 1127 Ecclesiarum
1573 1060 1924 1141 mercatores,
1955 1089 2079 1128 cum

503 1160 701 1231 popqu
748 1162 1083 1217 credentium
1124 1165 1472 1218 mercimonia
1526 1167 1831 1221 necessaria
1864 1175 2085 1220 contra-

507 1251 932 1321 hentes,quibus
962 1253 1159 1308 dicitur
1188 1271 1201 1306 :
1236 1274 1253 1304 ι
1283 1253 1662 1323 Negotiamini,
1690 1258 1816 1310 dum
1847 1258 2021 1312 venio.
2059 1277 2078 1309 ι

508 1340 968 1406 Quemadmodum
997 1345 1140 1398 enim
1170 1354 1500 1401 mercatores
1529 1348 1594 1400 de
1625 1347 1746 1401 aliis
1777 1347 2085 1418 regionibus

507 1430 562 1485 in
597 1431 769 1485 forum
798 1448 919 1488 cum
943 1433 1064 1488 aliis
1091 1435 1440 1501 conveniunt,
1472 1451 1598 1490 suas
1621 1453 1742 1491 cum
1777 1438 1908 1507 ipsis
1941 1453 2084 1492 mer-

508 1537 602 1577 ces
632 1523 791 1578 utiles
838 1534 1207 1594 permutautes
1235 1527 1315 1582 eis
1363 1529 1539 1582 dando
1581 1529 1843 1598 qntedam,
1892 1529 2088 1598 quibus

508 1614 583 1668 illi
612 1630 748 1684 Opus
779 1617 1000 1681 habent,
1046 1628 1100 1671 et
1138 1617 1205 1671 ab
1230 1617 1311 1673 eis
1368 1619 1696 1687 recipiendo,
1744 1621 1939 1688 quibus
1987 1618 2088 1688 ipsi

508 1704 782 1773 indigent;
814 1706 893 1761 sic
943 1715 997 1760 et
1051 1706 1257 1777 prmlati
1309 1724 1429 1763 cum
1480 1711 1594 1764 suis
1646 1709 1875 1764 subditis
1909 1708 2090 1764 facere

508 1797 763 1850 credendi
790 1807 937 1851 sunt.

581 1887 780 1941 Forum
832 1889 975 1944 istud
1026 1888 1266 1944 Ecclesia
1320 1900 1441 1954 est,
1498 1891 1550 1945 in
1604 1907 1765 1961 quam
1832 1900 2086 1962 tanquam

508 1978 796 2046 quemdam
829 1979 1005 2033 locum
1040 1981 1273 2035 medium
1320 1982 1387 2036 de
1419 1983 1647 2037 diversis
1687 1983 1994 2039 nationibus
2034 1985 2086 2038 in

506 2081 673 2120 unum
703 2069 1054 2133 conveniunt,
1084 2070 1290 2125 scilicet
1320 2079 1375 2125 et
1404 2087 1679 2141 praecones
1708 2073 1803 2128 Dei
1849 2072 1974 2129 illuc
2021 2075 2091 2129 de

508 2156 805 2222 montibus,
852 2158 903 2213 id
940 2169 1036 2214 est
1068 2159 1176 2215 alto
1207 2162 1464 2216 virtutum
1497 2161 1731 2217 culmine
1776 2162 2087 2229 adveniunt,

510 2247 609 2320 [et]
643 2249 870 2318 subjecti
899 2250 965 2305 de
992 2250 1348 2319 convallibus,
1380 2254 1483 2308 hoc
1525 2262 1609 2308 est
1652 2254 1719 2308 de
1749 2253 2005 2309 inferiore
2036 2262 2092 2309 et

510 2350 725 2395 terrena
748 2344 1156 2398 conversatione
1178 2344 1244 2397 ad
1277 2344 1328 2398 id
1358 2344 1752 2399 conscendunt.
1770 2344 1928 2413 Quod
1952 2344 2092 2400 forte

516 2430 726 2488 Veritas
750 2433 801 2487 in
837 2434 1123 2506 Evangelia
1161 2436 1394 2506 signavit
1424 2437 1644 2491 dicens:
1678 2456 1696 2489 ε
1733 2436 1830 2493 Cui
1860 2437 2089 2493 similem

508 2524 788 2577 aestimabo
841 2526 1245 2592 generationem
1301 2528 1477 2582 hanc?
1526 2527 1731 2584 Similis
1774 2538 1859 2584 est
1910 2530 2093 2599 pueris

512 2612 824 2669 ludentibus
868 2615 922 2670 in
955 2615 1091 2682 foro,
1145 2617 1235 2687 qui
1273 2618 1375 2672 sibi
1414 2619 1777 2688 co:equalihus
1827 2619 2094 2689 imprope-

510 2714 696 2761 ranter
725 2707 909 2761 dicunt
937 2724 951 2761 :
1012 2709 1364 2765 Cantavimus
1395 2711 1568 2774 vobis,
1609 2720 1665 2765 et
1693 2726 1796 2765 non
1824 2712 2090 2776 saltastis;

513 2795 949 2863 lamentavimus,
979 2807 1159 2854 etnon
1189 2800 1490 2870 planxistis.
1528 2821 1545 2854 ι
1575 2800 1710 2867 Quia
1735 2802 1862 2857 dum
1882 2802 2091 2871 praelati

513 2888 567 2942 in
600 2889 839 2945 Ecclesia
872 2901 1072 2946 aeterna
1104 2893 1297 2963 gaudia
1322 2894 1565 2963 reprobis
1586 2894 1926 2949 auditoribus
1957 2910 2095 2964 pra:-

515 2980 715 3046 dicant,
747 2983 944 3037 nullam
976 2984 1236 3038 ineorum
1268 2986 1519 3040 cordibus
1542 2987 1783 3041 lmtitiatu
1805 2996 2088 3056 generant,

515 3072 642 3126 dum
669 3075 929 3144 quidquid
964 3076 1044 3129 eis
1086 3076 1152 3131 de
1187 3076 1499 3134 cmlestibus
1534 3078 2088 3146 dicitur,vl'abulosum

514 3175 728 3233 putant,
772 3167 977 3221 etdum
1008 3168 1087 3222 eis
1146 3179 1329 3237 patres
1356 3185 1541 3224 eorum
1588 3170 1764 3225 futura
1823 3172 2097 3226 minantur

518 3256 803 3324 supplicia,
823 3274 926 3311 non
954 3270 1406 3331 compunguntur,
1433 3275 1536 3316 non
1571 3262 1950 3333 ingeutiscunt.
1970 3265 2095 3335 quia

518 3344 649 3397 nihil
680 3360 798 3399 esse
837 3346 1129 3414 infernum,
1162 3350 1486 3434 nullospost
1518 3352 1657 3407 hanc
1684 3353 1849 3407 vitam
1881 3354 2093 3409 crucia-

520 3448 606 3493 tus
634 3442 985 3496 arbitrantur.

590 3530 713 3584 llaec
757 3547 885 3603 ergo
916 3533 1270 3603 Spiritualium
1313 3550 1377 3591 ac
1406 3534 1704 3590 carnalium
1745 3538 2095 3605 permutatio,

517 3620 600 3673 vel
648 3624 1005 3692 quodcunque
1058 3626 1385 3680 alteruatmu
1432 3625 1574 3680 inter
1622 3625 1821 3681 fratres
1872 3626 2093 3696 pietatis

514 3710 769 3775 olIicium,
812 3715 955 3769 sicut
997 3716 1363 3770 nobilissimus
1393 3725 1574 3770 noster
1615 3725 1805 3771 auctor
1850 3714 2096 3789 exponit,

518 3803 605 3857 illa
630 3805 908 3887 azqiialitas
941 3815 1047 3868 est,
1076 3805 1229 3874 cujus
1257 3806 1533 3875 apostolus
1561 3822 1770 3863 memor
1809 3808 1930 3874 fuit,
1969 3825 2094 3864 cum

517 3893 767 3948 diceret:
815 3913 834 3945 ‹
864 3895 979 3949 Νοη
1033 3906 1092 3949 ut
1128 3898 1248 3951 aliis
1293 3898 1363 3951 sit
1393 3897 1663 3961 remissio,
1712 3900 1866 3954 nobis
1912 3912 2096 3955 autem

517 3982 815 4051 tribulatio,
846 3985 940 4040 sed
982 4001 1046 4041 ex
1077 3988 1408 4056 tequalitate.
1440 4006 1459 4039 ι
1495 3985 1803 4058 ιλΕίιιιθΙίιειε
1846 3999 1931 4045 est
1980 3992 2096 4059 ipsa

516 4088 623 4145 tax
671 4075 992 4141 Jerusalem,
1040 4087 1101 4133 ut
1147 4094 1308 4149 opera
1365 4078 1752 4135 misericorda:
1799 4081 2097 4151 corporalia

512 4167 811 4239 jungantur
854 4171 1107 4239 operibus
1164 4172 1559 4241 praedicationis
1590 4173 1996 4241 spiritualibus,
2042 4184 2098 4229 et

521 4262 618 4316 fiat
661 4278 767 4333 pax
811 4263 990 4320 dando
1028 4275 1083 4319 et
1125 4267 1458 4336 accipiendo.
1509 4267 1644 4321 Dum
1694 4268 1835 4324 enim
1869 4271 2099 4325 sumitur

517 4354 775 4423 spalmus,
798 4367 851 4411 et
891 4356 1050 4414 datur
1081 4372 1417 4433 tympanum,
1447 4364 1506 4418 lit
1550 4364 1869 4434 spalterium
1912 4365 1989 4436 (5)
2012 4364 2098 4435 ju-

517 4445 749 4500 cundum
781 4463 901 4502 cum
932 4451 1161 4505 cithara.
1201 4472 1217 4503 ι
1241 4453 1616 4509 Commuuicet
1642 4469 1769 4525 ergo
1796 4455 1887 4524 qui
1907 4456 2094 4523 verbo,
2130 4491 2173 4546 Β

516 4536 566 4591 ei
596 4539 686 4607 qui
713 4554 772 4593 se
800 4541 1117 4607 catechizat,
1150 4559 1272 4598 cum
1299 4543 1552 4599 omnibus
1578 4545 1753 4600 bonis.
1788 4563 1807 4598 s

591 4690 718 4749 Car.
760 4691 923 4749 XXII.
961 4724 1033 4736 —
1072 4695 1314 4836 Quali/ter
1359 4697 1626 4819 Itiumilims
1676 4697 1811 4752 lianc
1850 4714 2029 4769 pacem

1240 4783 1367 4821 trme
1395 4806 1411 4821 .

1240 4783 1411 4821 trmet.

462 4972 471 4981 θ
594 4899 898 4956 Novissime
933 4901 1166 4972 qualiter
1224 4903 1501 4959 humilitas
1555 4919 1740 4973 pacem
1791 4904 2093 4960 Jerusalem

524 4993 702 5049 lirmet
742 5005 797 5048 et
825 4994 1067 5062 roboret,
1098 4994 1184 5049 illa
1218 4993 1549 5050 tabernaculi
1576 4994 1796 5051 foederis
1826 5004 1876 5049 te
1905 4997 2097 5051 doceat

520 5085 725 5140 fabrica
753 5087 1079 5156 exemplata,
1112 5088 1200 5141 ubi
1227 5088 1481 5157 praecepit
1515 5087 1770 5141 Dominus
1806 5086 1993 5157 Moysi,
2042 5088 2093 5141 iu

516 5181 780 5236 Ialcrilttts
810 5181 1117 5235 tabularum
1150 5181 1307 5237 binas
1330 5181 1945 5250 iucrustaturas,quibus
1968 5181 2097 5245 ipsa:

522 5271 720 5323 tabula:
752 5271 955 5325 mutuis
981 5271 1282 5325 annexilms
1302 5270 1671 5326 convenirent.
1724 5268 1855 5323 Bina
1888 5269 2095 5322 tabula-

518 5376 635 5413 rum
668 5363 1033 5416 incrustatura
1064 5362 1276 5432 gemina
1317 5362 1603 5432 cujuslibet
1641 5360 1814 5416 ﬁdelis
1845 5360 2096 5415 credatur

519 5454 813 5515 humilitas,
846 5464 906 5507 nt
944 5454 1193 5509 videlicet
1218 5455 1284 5509 de
1331 5453 1713 5523 temporalibus
1751 5453 2092 5509 successibus

524 5562 627 5598 non
662 5555 887 5611 tumeat,
915 5555 970 5600 ct
998 5545 1065 5600 de
1094 5544 1451 5616 spiritualium
1493 5544 1754 5599 bonorum
1801 5542 1998 5614 gratia,
2046 5544 2091 5598 si

2178 529 2353 575 turam
2376 536 2526 591 ergo,
2580 538 2684 592 qua
2729 522 2923 576 tabula:
2960 522 3189 577 invicem
3231 521 3572 591 copulantur,
3616 537 3716 577 arca

2176 614 2566 683 compingitur,
2624 615 2879 684 quoniam
2944 630 3043 685 per
3092 613 3415 669 humilitatis
3463 612 3718 689 artiﬁcium

2176 720 2279 775 pax
2316 705 2569 760 Ecclesia:
2606 706 2929 761 custoditur.
2979 705 3129 772 Quod
3170 704 3526 759 considerans
3557 702 3722 759 Paulus

2180 795 2255 848 ait
2302 794 2729 864 Pbilippensibus
2773 811 2786 847 :
2848 812 2867 845 ι
2928 792 2984 849 Si
3016 808 3120 863 qua
3163 807 3305 863 ergo,
3349 790 3634 845 consolatio
3682 792 3722 845 in

2179 884 2415 950 Christo,
2450 885 2493 941 si
2526 885 2667 955 quod
2689 885 2941 942 solatium
2982 884 3286 949 charitatis,
3328 884 3373 938 si
3399 897 3506 952 qua
3526 883 3726 939 societas

2179 977 2423 1047 spiritus,
2440 977 2484 1033 si
2509 992 2613 1047 qua
2640 979 2845 1033 viscera
2868 977 3252 1042 miserationis,
3272 974 3493 1046 implete
3507 974 3726 1047 gaudium

2182 1081 2383 1132 meum,
2410 1075 2468 1123 ut
2498 1068 2637 1123 idem
2663 1068 2907 1139 sapiatis,
2928 1068 3176 1123 eamdem
3204 1065 3531 1121 charitatem
3559 1063 3727 1118 haben.

2185 1169 2265 1215 tes
2292 1162 2598 1225 unanimes,
2633 1160 2685 1216 id
2719 1142 2891 1232 ipsum
2916 1160 3230 1226 sentientes,
3257 1156 3391 1211 nihil
3419 1172 3515 1225 per
3540 1165 3730 1210 conten-

2183 1253 2411 1318 tionem,
2440 1269 2615 1323 neque
2648 1268 2745 1323 per
2777 1254 2989 1307 inanem
3016 1252 3270 1323 gloriam,
3307 1248 3404 1303 sed
3445 1248 3500 1303 in
3545 1248 3728 1301 humili-

2183 1351 2295 1399 tate
2325 1344 2632 1414 superiores
2653 1343 2753 1399 sibi
2787 1342 3019 1397 invicem
3042 1341 3392 1396 arbitrantes.
3440 1356 3461 1390 ι

2255 1436 2543 1493 Humilitas
2570 1452 2699 1507 ergo
2736 1444 2841 1501 est,
2869 1450 2988 1505 qua:
3032 1447 3218 1505 pacem
3246 1429 3550 1488 Jerusalem
3583 1439 3732 1482 servat

2186 1529 2633 1594 indissolubilem,
2677 1528 2814 1584 sicut
2839 1536 2889 1582 et
2942 1542 3095 1582 suum
3122 1524 3483 1587 contrarium,
3524 1521 3732 1576 videlicet

2186 1612 2462 1693 superbia,
2492 1636 2557 1676 ea
2587 1635 2779 1690 nempe
2807 1619 2919 1674 sola
2956 1618 3101 1689 pacis
3131 1617 3291 1688 hujus
3320 1616 3543 1671 desecat
3590 1614 3733 1667 unita-

2194 1706 2319 1768 tém.
2354 1712 2485 1780 Quis
2514 1712 2657 1767 enim
2688 1725 2794 1765 non
2820 1710 2942 1765 dico
2965 1724 2995 1763 a
3018 1708 3173 1764 bonis
3205 1705 3573 1769 solummodo,
3611 1706 3691 1758 sed
3713 1723 3735 1758 τι

2120 1781 2163 1838 Β
2191 1803 2363 1868 malis,
2392 1817 2528 1871 quos
2570 1802 2744 1855 adhuc
2790 1799 3033 1855 Ecclesia
3064 1796 3322 1857 sustinet.
3366 1806 3422 1850 et
3458 1796 3510 1848 in
3541 1808 3734 1863 quorum

2189 1894 2530 1963 separatione
2573 1892 2962 1947 ecclesiastica:
3019 1892 3168 1961 pacis
3205 1886 3575 1958 tranquillitas
3622 1885 3733 1940 Iade

2191 1995 2369 2049 retur;
2398 1984 2538 2054 quis,
2566 1983 2809 2053 iuqttam,
2830 1982 2898 2037 ab
2918 1982 2998 2037 eis
3018 1981 3244 2041 interiit,
3268 1979 3375 2033 nisi
3403 1978 3570 2047 typho
3599 1977 3731 2029 venti-

2188 2072 2331 2128 latus
2358 2072 2623 2143 superbia:
2653 2072 2723 2126 ob
2746 2072 2797 2126 id
2842 2080 3047 2125 tantum
3073 2069 3215 2140 quod
3246 2068 3373 2121 mali
3408 2075 3557 2126 sunt,
3584 2079 3735 2134 corpo-

2192 2165 2377 2219 raliter
2427 2163 2786 2235 segregatur?
2833 2160 2983 2218 Unde
3010 2170 3067 2216 et
3115 2158 3423 2230 Scripturis
3457 2157 3735 2210 testantibus

2192 2258 2489 2313 deteriores
2534 2255 2671 2311 tales
2716 2264 2843 2310 sunt
2870 2251 3210 2309 nocentibus.
3237 2248 3461 2304 Similes
3486 2247 3616 2302 enim
3634 2254 3731 2300 sunt

2192 2349 2245 2403 hi
2275 2348 2568 2405 levioribus
2599 2348 2790 2418 paleis,
2838 2361 2959 2417 qua:
3006 2355 3134 2399 ante
3186 2340 3591 2396 ventilationem
3616 2351 3733 2392 area

2193 2444 2258 2498 de
2308 2443 2421 2512 ipsa
2470 2458 2647 2497 massa
2678 2440 2863 2503 tritici,
2893 2433 3292 2507 suspirantibus
3343 2444 3492 2486 aura:
3531 2430 3733 2492 ﬂatibus,

2188 2532 2496 2604 rapiuntur,
2554 2548 2677 2588 cum
2733 2530 2827 2595 illi,
2880 2528 2972 2599 qui
3031 2542 3127 2597 per
3187 2523 3514 2580 humilitatis
3561 2518 3738 2589 pondus

2192 2644 2384 2700 graves
2404 2637 2549 2690 sunt,
2578 2624 2843 2696 generalis
2864 2621 3133 2678 examinis
3156 2618 3520 2675 ventilabrum
3548 2625 3743 2685 prasto-

2193 2717 2392 2772 lautur.
2426 2717 2652 2786 Propter
2676 2714 2820 2786 quod
2847 2714 3044 2769 dicitur
3071 2730 3086 2767 :
3120 2730 3137 2763 ι
3168 2710 3227 2773 In
3259 2707 3460 2781 populo
3481 2706 3626 2779 gravi
3652 2705 3742 2758 lau-

2192 2810 2331 2866 dabo
2362 2820 2432 2864 te.
2482 2829 2498 2862 ι

2186 2920 2187 2925 π
2265 2902 2395 2957 Item
2424 2913 2477 2956 et
2498 2901 2597 2957 Lot
2621 2899 2905 2970 prmconiis
2931 2898 3130 2954 meruit
3152 2911 3258 2950 non
3278 2891 3508 2962 indignis
3522 2890 3743 2955 subvehi,

2192 2992 2334 3062 quod
2367 2992 2514 3046 solus
2537 2992 2650 3061 ipse
2680 2990 2852 3044 bonus
2877 2989 3018 3043 inter
3042 2986 3309 3057 pessimos
3349 2982 3745 3053 perseveraverit

2197 3080 2504 3137 conversari
2537 3097 2549 3134 :
2586 3096 2603 3129 ι
2638 3078 2874 3143 Justnm,
2917 3077 3092 3147 inquit
3140 3074 3353 3140 Petrus,
3384 3084 3687 3143 oppressum
3719 3082 3742 3120 ι

2123 3141 2167 3202 C
2200 3172 2555 3227 nefandorum
2586 3169 2779 3241 injuria
2807 3180 2860 3223 et
2888 3167 3165 3222 luxuriosa
3179 3164 3591 3221 conversatione
3609 3158 3742 3216 eruit.

2195 3267 2428 3337 Aspeetu
2460 3265 2602 3319 enim
2630 3272 2685 3319 et
2712 3262 2897 3316 auditu
2940 3262 3119 3331 justus
3162 3267 3283 3313 erat
3340 3256 3589 3312 habitans
3625 3251 3745 3323 apud

2195 3373 2308 3422 eos,
2349 3357 2439 3427 qui
2467 3356 2532 3411 de
2552 3355 2639 3409 die
2670 3355 2723 3409 in
2752 3354 2893 3409 diem
2923 3353 3157 3407 animam
3182 3350 3391 3420 justam
3430 3348 3615 3419 iniquis
3634 3361 3738 3411 ope-

2198 3447 2347 3501 ribus
2369 3446 2707 3500 cruciabant.
2755 3464 2775 3496 ι

2268 3539 2479 3605 Quanta
2506 3537 2736 3607 denique
2763 3542 2849 3590 est
2876 3534 2981 3589 ista
3005 3531 3400 3589 ecclesiastica:
3421 3530 3571 3600 pacis
3593 3527 3749 3581 humi-

2197 3629 2342 3694 litas,
2371 3645 2490 3699 quae
2524 3628 2629 3697 lupi
2661 3626 2846 3681 domat
2884 3619 3112 3688 rabiem,
3137 3623 3289 3694 pardi
3319 3623 3501 3677 domat
3528 3618 3749 3675 ferocita-

2199 3732 2327 3786 tem,
2356 3730 2409 3775 et
2441 3721 2609 3775 leonis
2630 3719 2898 3787 deponere
2934 3715 3241 3786 superbiam
3290 3730 3399 3769 non
3452 3712 3669 3782 ignorat.
3704 3718 3759 3760 ut

2192 3804 2305 3882 jam
2346 3811 2498 3881 juxta
2532 3809 2994 3865 denuntiationem
3029 3805 3402 3878 propheticam
3428 3805 3482 3858 in
3508 3810 3761 3857 conventa

2200 3904 2349 3973 pacis
2392 3902 2778 3959 ecclesiasticae
2821 3900 3025 3955 habitet
3051 3898 3207 3969 lupus
3233 3913 3359 3951 cum
3387 3911 3548 3963 agno,
3578 3893 3761 3965 pardus

2198 4012 2320 4051 cum
2374 3995 2526 4050 haedo
2579 3995 2825 4057 accubet,
2877 3992 3192 4062 leonemque
3235 4000 3292 4043 et
3346 3987 3573 4043 vitulum
3615 3983 3759 4041 simul

2201 4089 2381 4145 videas
2403 4087 2846 4144 commorantes?

2199 4206 2327 4263 CAP.
2372 4203 2554 4258 XXIII.
2592 4233 2657 4246 --
2705 4201 2779 4255 De
2827 4199 3061 4269 pluribus
3096 4195 3430 4269 diﬁ'erentiis,
3459 4192 3641 4269 quibus
3668 4206 3763 4258 ps:

2393 4273 2685 4329 Jerusalem
2711 4290 2740 4323 ιι
2763 4265 3065 4339 Babylonia;-
3089 4283 3217 4335 pace
3244 4265 3583 4319 discernitur.

2271 4365 2443 4419 Nimis
2466 4363 2628 4417 multa
2652 4359 2951 4414 dill‘erentia
2980 4373 3009 4411 a
3034 4372 3163 4423 pace
3203 4353 3516 4425 Babylonia:
3536 4367 3634 4421 pax
3666 4351 3756 4402 ista

2201 4455 2563 4527 distinguitur.
2587 4451 2892 4520 Quamlibet
2920 4452 3065 4503 enim
3092 4456 3325 4517 utraque
3354 4447 3491 4499 bona
3538 4445 3626 4510 sit,
3656 4456 3757 4495 me-

2206 4546 2430 4601 lioribus
2453 4556 2630 4598 tamen
2658 4544 2772 4597 lucc
2798 4557 2902 4611 pax
2936 4539 3103 4593 titulis
3132 4544 3451 4592 exornatur.
3494 4534 3568 4587 Illi
3614 4548 3759 4585 nam-

2204 4653 2311 4710 que
2361 4637 2477 4708 paci
2528 4645 2750 4705 excepta
2802 4649 2866 4688 ea
2919 4632 3275 4693 humanitate,
3324 4644 3484 4699 quam
3518 4627 3761 4689 diximus,

2196 4733 2516 4799 nlerumqne
2535 4728 2729 4784 sullicit
2751 4743 2856 4781 non
2887 4740 3116 4788 nocere;
3149 4724 3259 4777 lucc
3288 4736 3394 4791 pax
3427 4719 3623 4789 expetit
3648 4733 3758 4769 om-

2204 4826 2360 4879 nibus
2385 4822 2640 4893 prodesse
2669 4819 2821 4880 velle,
2870 4827 2946 4882 et,
2992 4817 3295 4884 cuicunque
3349 4814 3563 4884 poterit,
3608 4811 3761 4864 bene-

2204 4916 2403 4971 facere.
2449 4912 2528 4966 Ad
2559 4911 2700 4982 quod
2744 4910 2883 4964 forte
2918 4908 3047 4962 illud
3097 4906 3335 4976 respicit,
3391 4905 3532 4974 quod
3575 4902 3760 4955 Doctor

2202 5007 2439 5078 gentium
2470 5005 2581 5059 ait:
2615 5022 2633 5055 t
2670 5003 2780 5057 Pax
2807 5001 2954 5056 omni
2984 4999 3229 5069 aperanti
3258 5001 3479 5053 bonum.
3511 5016 3531 5048 ι

2202 5100 2329 5153 Item
2354 5114 2455 5168 pax
2483 5096 2808 5167 Babyloniae,
2828 5102 2888 5147 ut
2911 5090 3175 5162 superiori
3198 5089 3406 5161 pagina:
3427 5086 3755 5142 commissum

2200 5199 2303 5255 est,
2331 5190 2500 5261 gignit
2524 5187 2809 5259 gaudium;
2842 5200 2942 5254 pax
2980 5192 3165 5238 autem
3198 5180 3498 5237 Jerusalem
3543 5179 3755 5232 beatitu-

2199 5283 2379 5337 dinem
2403 5281 2469 5335 de
2487 5279 2684 5351 gaudio
2713 5285 2992 5346 operatur.
3035 5274 3188 5330 Unde
3216 5273 3415 5329 Tobias
3453 5272 3518 5325 ad
3546 5269 3751 5325 Jerusa-

2199 5375 2306 5431 lem
2335 5375 2560 5444 loquens
2584 5371 2702 5426 ait:
2738 5389 2756 5421 ι
2790 5369 2936 5425 Beati
2966 5383 3153 5425 omnes
3208 5366 3301 5437 qui
3329 5365 3554 5434 diligunt
3588 5372 3657 5425 te,
3703 5366 3752 5411 et

2201 5466 2292 5536 qui
2329 5463 2564 5536 gaudent
2592 5476 2756 5533 super
2785 5476 2914 5533 pace
2945 5470 3055 5515 tua.
3088 5480 3107 5513 ι
3156 5460 3285 5514 Item
3319 5458 3372 5511 in
3415 5469 3546 5527 pace
3578 5448 3749 5505 mundi

2201 5558 2291 5629 qui
2320 5558 2606 5628 imperant,
2630 5554 2834 5612 domini
2860 5562 3019 5619 sunt;
3052 5553 3104 5608 in
3130 5566 3263 5623 pace
3293 5548 3750 5615 Eeclesiaapertm-

591 5717 669 5788 ('5)
710 5719 787 5773 lta
840 5719 1270 5789 plures-veteres
1315 5715 1554 5775 scribunt
1603 5716 1701 5789 pro
1742 5716 1971 5787 psalmus
2011 5721 2067 5773 et
2093 5713 2421 5784 psalterium.
