3902 6316
106 365 231 422 16Ξ9

1179 352 1266 406 DE
1303 350 1486 409 ΒΟΝο
1524 348 1741 407 PACIS.
1781 379 1851 390 —
1886 348 2014 405 LIB.
2056 350 2119 405 ll.

3190 352 3329 406 1650

106 490 221 540 nent
247 472 924 532 servi.Undeunuseorutn
950 470 1024 523 ait
1057 487 1070 522 :
1102 487 1119 520 ι
1156 466 1270 522 Non
1297 468 1657 538 nosmetipsos
1684 468 1732 528 Δ
1831 464 2061 521 Econtra
2112 479 2214 535 pax
2244 464 2544 521 Jerusalem
2580 479 2687 535 quo
2732 464 3078 536 multiplicior
3121 483 3186 522 ac
3213 470 3334 524 diu-

105 568 466 643 pnedicamus,
483 563 576 618 sed
601 561 880 616 Dominum
898 569 1137 615 nostrum
1157 558 1337 613 Jesutn
1357 558 1658 630 Christum,

105 676 200 718 nos
226 665 398 713 autem
430 666 616 708 servos
643 661 856 707 vestros
884 666 980 721 per
1012 650 1216 706 Iesum.
1258 669 1277 704 ι
1312 649 1372 717 Et
1402 649 1661 705 Dominus

104 752 168 806 ad
190 743 475 815 discipulos
505 760 517 795 :
556 760 575 794 ι
610 740 711 808 Qui
740 741 969 796 voluerit
994 742 1254 796 interrvos
1288 740 1495 810 primus
1520 751 1660 804 esse,

1762 557 1972 613 turnior
2023 557 2210 621 fuerit,
2241 558 2500 614 virtutum
2544 560 2737 615 merita
2783 561 2991 616 virilius
3038 561 3335 620 roborabit.

1757 646 1983 718 Propter
2006 650 2148 719 quod
2170 648 2362 704 Petrus
2391 651 2521 708 dicit
2551 650 2799 706 ﬁdelibus
2828 669 2841 705 :
2889 668 2907 702 ε
2952 651 3139 707 Gratia
3184 654 3339 712 vobis

1759 748 1813 793 et
1840 753 1944 809 pax
1971 739 2373 811 multiplicetur.
2405 760 2424 793 ι
2473 740 2543 796 Ει
2582 740 2779 796 Paulus
2803 743 2914 813 jam
2946 758 3051 799 non
3088 744 3339 817 longam,

103 842 203 899 erit
245 853 429 895 servus
468 843 663 891 vester.
711 852 732 889 ι
765 833 898 889 Cum
932 834 1100 899 enim,
1148 834 1288 889 sicut
1331 833 1663 902 praemissum
1762 833 1856 885 sed
1906 842 2221 902 perpetuam
2269 847 2459 902 pacem
2498 832 3072 893 Thessalonicensibus
3119 848 3346 908 exopta-

103 940 204 997 est',
235 942 416 999 pacem
435 925 593 982 istam
615 924 854 980 charitas
883 932 1027 995 agat,
1050 938 1202 977 amor
1230 930 1411 977 autem
1438 919 1664 993 gradum
1762 922 1891 978 bat:
1934 940 1954 976 ο
1990 923 2106 993 Ipse
2139 931 2317 979 autem
2343 922 2601 979 Dominus
2639 926 2788 994 pacis
2818 927 2909 983 det
2959 929 3112 985 vobis
3154 944 3346 1000 pacem

105 1021 326 1084 nesciat,
355 1032 565 1085 omnes,
596 1016 686 1088 qui
719 1014 877 1085 hujus
925 1015 1073 1085 pacis
1101 1013 1308 1071 foedere
1344 1014 1468 1069 nexi
1519 1022 1666 1079 sunt,

107 1112 319 1185 paribus
338 1108 438 1164 sibi
458 1107 750 1165 studebant
774 1105 963 1165 olliciis
991 1104 1319 1167 subservire,
1346 1105 1497 1174 juxta
1527 1102 1669 1173 quod

108 1199 298 1254 Paulus
327 1197 404 1252 ait
445 1198 511 1251 ad
556 1195 819 1252 Galatas:
868 1212 887 1247 ί
941 1193 1410 1250 Percharitatem
1450 1193 1671 1264 spiritus

109 1292 333 1349 invicem
362 1289 680 1345 servientes.
720 1306 739 1340 ι
790 1328 793 1329 ν

175 1382 305 1435 ltem
349 1395 453 1450 pax
508 1378 806 1435 Jerusalem
852 1390 1068 1445 omnem
1123 1376 1351 1431 remittit
1396 1375 1666 1444 iniuriam,

110 1473 245 1528 sicut
284 1470 437 1526 testis
464 1478 548 1531 est
571 1468 748 1524 oratio
770 1465 859 1521 illa
890 1466 1231 1537 quotidiana,
1264 1482 1373 1537 qua
1404 1466 1664 1522 dicimus:

116 1582 135 1617 ι
168 1563 383 1617 Dimitte
419 1562 574 1617 nobis
598 1560 774 1616 debita
801 1567 1004 1625 nostra,
1038 1559 1178 1614 sicut
1213 1569 1269 1614 et
1320 1574 1417 1614 nos
1455 1558 1654 1614 dimitti

112 1670 228 1709 mus
272 1652 603 1708 debitoribus
652 1654 870 1712 nostris.
910 1672 933 1707 ι
988 1652 1103 1709 Pax
1136 1651 1454 1722 Babylonia:
1505 1650 1677 1720 legem

62 1772 65 1775 λ
102 1744 319 1810 statuit,
344 1752 413 1797 ut
438 1742 653 1811 injuriis
680 1754 974 1815 apponeret
1002 1743 1278 1797 talionem.
1328 1742 1457 1796 ltem
1499 1739 1679 1811 Baby-

1765 1015 2147 1085 sempiternam
2171 1015 2223 1069 in
2255 1016 2400 1071 onmi
2428 1014 2564 1070 loco.
2614 1035 2632 1067 ι
3175 1030 3185 1043 ι

1759 1148 1763 1151 -
1836 1106 1917 1161 Ad
1959 1116 2261 1162 extremum
2288 1116 2341 1162 et
2383 1106 2472 1161 illa
2528 1122 2631 1161 non
2682 1107 2858 1162 tenuis
2897 1108 3197 1165 differentia
3240 1120 3345 1175 est,

1770 1197 1911 1267 quod
1935 1198 2219 1251 mundana:
2244 1198 2391 1268 pacis
2417 1197 2769 1263 consociatio,
2803 1200 3037 1255 maxime
3061 1216 3183 1269 qua:
3207 1201 3350 1256 inter

1771 1287 2095 1342 domesticos
2118 1299 2172 1341 et
2195 1288 2398 1343 amicos
2422 1288 2767 1359 transigitur,
2790 1305 2897 1360 quo
2930 1290 3138 1357 dulcior
3169 1291 3348 1358 fuerit,

1770 1395 1837 1435 eo
1861 1380 2029 1452 ipsius
2058 1382 2348 1453 disjunctio
2371 1383 2583 1451 ultima,
2610 1401 2727 1454 qua:
2750 1400 2847 1456 per
2869 1396 3098 1441 mortem
3125 1385 3186 1441 ﬁt
3204 1401 3354 1440 ama-

1774 1472 1886 1527 rior
1910 1483 2281 1547 computatur.
2297 1471 2409 1529 Nec
2434 1474 2579 1528 enim
2607 1474 2720 1530 ﬁeri
2747 1485 2944 1544 potest.
2977 1488 3035 1532 ut
3063 1476 3183 1546 ejus
3205 1491 3353 1531 mors

1775 1563 1932 1617 nobis
1954 1562 2115 1617 niinis
2140 1578 2326 1618 amara
2362 1578 2468 1618 non
2507 1564 2599 1629 sit,
2633 1562 2786 1631 cujus
2818 1565 2930 1620 vita
2968 1567 3131 1621 nimis
3178 1564 3355 1621 dulcis

1776 1655 2077 1710 exstiterat.
2106 1654 2266 1724 Atqui
2311 1654 2695 1710 ecclesiasticae
2725 1656 2876 1725 pacis
2916 1656 3071 1711 beata
3121 1657 3358 1713 societas

1779 1760 1876 1815 per
1898 1752 2123 1799 mortem
2155 1759 2260 1799 non
2286 1744 2624 1807 distrahitur,
2653 1746 2745 1801 sed
2782 1756 3022 1802 mutatur
3060 1749 3112 1803 in
3145 1748 3355 1804 melius.

111 1834 265 1889 ξωιιὶω
311 1832 459 1901 pacis
495 1832 749 1898 cultores,
803 1834 946 1889 sicut
976 1846 1138 1903 snpra
1179 1840 1541 1886 monstratum
1570 1839 1673 1895 est.
1707 1817 1751 1873 Β
1783 1834 1934 1891 Unde
1956 1835 2161 1901 ﬁdeles,
2191 1835 2295 1891 hac
2312 1837 2572 1892 societate
2606 1839 2926 1904 concordes,
2960 1854 3082 1895 cum
3115 1840 3351 1910 aliquem

110 1940 233 1995 erga
258 1940 371 1983 eos.
401 1924 784 1995 qtti°publicam
808 1940 995 1996 pacem
1017 1924 1236 1989 violant,
1254 1923 1503 1995 impacati
1520 1934 1675 1992 sunt;

78 2018 201 2086 qui
227 2032 357 2072 vero
389 2016 546 2086 hujus
586 2019 738 2088 pacis
786 2034 1125 2089 possessores
1172 2028 1319 2085 sunt,
1361 2019 1525 2073 etiam
1555 2035 1678 2074 cum

112 2104 418 2164 odientibus
452 2123 640 2179 pacem
683 2109 891 2178 paciﬁci
935 2098 1055 2164 esse
1092 2124 1196 2164 non
1226 2108 1496 2164 desinunt.
1546 2107 1680 2164 Nam

118 2218 136 2250 ι
174 2214 296 2252 cum
351 2199 459 2263 bis,
485 2199 577 2269 qui
631 2200 860 2255 oderunt
903 2214 1109 2271 pacem,
1156 2215 1306 2254 eram
1346 2198 1619 2269 paciﬁcus.
1657 2220 1678 2253 ι

113 2290 257 2357 Quos
309 2300 509 2357 tamen,
568 2306 691 2347 cum
727 2291 949 2363 reliquis
997 2291 1188 2348 salutis
1236 2291 1534 2361 periculum
1576 2306 1682 2347 non

113 2382 359 2446 timetur,
388 2398 509 2438 cum
534 2383 618 2454 pia
641 2384 931 2440 severitate
954 2385 1315 2455 persequitur,
1343 2400 1447 2440 non
1470 2385 1684 2455 quidem

113 2472 239 2527 mali
295 2476 466 2555 ferro,
517 2476 610 2530 sed
647 2475 913 2544 spirituali
967 2474 1146 2546 gladio
1184 2477 1384 2533 feriens
1424 2476 1686 2531 rebellan-

116 2572 246 2619 tem.
287 2562 422 2618 Nam
476 2574 534 2619 ut
562 2566 633 2619 ait
664 2566 974 2637 Apostolus,
1008 2585 1026 2618 ι
1055 2582 1207 2622 arma
1245 2577 1446 2623 nostra
1486 2567 1687 2623 militia:

114 2672 221 2712 non
245 2668 372 2711 sunt
391 2657 651 2723 carnalia,
674 2660 766 2714 sed
798 2660 1034 2731 potentia
1067 2659 1196 2715 Deo.
1233 2677 1252 2711 ›
1278 2659 1371 2715 Pia
1404 2661 1690 2716 severitate

113 2744 325 2801 idcirco
343 2747 636 2821 posuerim,
656 2750 788 2819 quia
817 2750 897 2805 sic
937 2750 989 2804 in
1019 2765 1137 2815 eos,
1179 2752 1269 2820 qui
1297 2751 1515 2806 obnoxii
1543 2760 1688 2817 sunt,

115 2837 459 2892 extrinsecus
480 2839 842 2894 anatliematis
879 2848 964 2894 cst
990 2841 1292 2895 exercenda
1324 2840 1603 2904 severitas,
1633 2849 1692 2895 ut

117 2938 299 2983 tamen
358 2931 686 2985 tntrinsccus
742 2945 871 3003 erga
928 2931 1047 2986 illos
1103 2931 1358 2987 fraternae
1404 2932 1692 2988 charitatis

115 3020 329 3075 viscera
358 3034 462 3073 non
482 3028 817 3090 rumpantur.
846 3020 998 3077 Unde
1022 3020 1220 3076 Paulus
1246 3019 1695 3077 Thessalonicen-

117 3111 270 3165 sibus
299 3124 314 3163 :
343 3128 362 3163 ι
397 3110 452 3165 Si
477 3110 619 3181 quis,
647 3111 839 3181 inquit,
873 3126 978 3166 non
1000 3112 1264 3168 obedierit
1292 3112 1457 3168 verbo
1481 3122 1690 3177 nostro,

115 3217 211 3271 per
250 3201 540 3272 epistolam
575 3203 719 3258 hunc
751 3212 935 3259 notate
960 3245 976 3271 ,
1023 3213 1077 3258 et
1124 3219 1194 3261 ne
1238 3206 1691 3261 commisceamini
1721 3183 1763 3241 (ἶ

117 3307 238 3347 cum
272 3293 391 3363 illo,
433 3303 492 3348 ut
523 3294 904 3361 confundatur,
931 3304 988 3350 et
1035 3296 1202 3352 nolite
1231 3297 1384 3367 quasi
1417 3297 1694 3352 inimicum

118 3394 401 3457 reputare,
427 3386 522 3441 sed
552 3384 810 3456 corripite
840 3394 891 3440 ut
924 3384 1167 3442 fratrem.
1215 3406 1233 3439 ι

188 3476 323 3531 Item
355 3479 505 3547 pacis
530 3476 834 3548 Babylonia:
850 3477 1086 3534 cultores
1112 3494 1200 3544 ea,
1222 3494 1342 3549 quae
1364 3478 1530 3549 ipsius
1550 3481 1697 3551 pacis

118 3566 257 3620 bona
289 3575 439 3631 sunt,
469 3566 569 3620 sibi
603 3564 850 3645 sutile-ere
873 3567 1223 3632 aestimantes,
1256 3568 1328 3622 nil
1374 3568 1513 3623 ultra
1552 3585 1700 3639 qua:-

118 3667 245 3711 runt
273 3658 362 3713 vel
384 3667 661 3728 appetunt.
688 3658 780 3713 Sic
801 3660 1019 3729 quidam
1049 3676 1115 3715 ex
1158 3660 1289 3731 ipsis
1315 3662 1516 3717 dixisse
1570 3662 1698 3733 legi-

118 3757 206 3802 tur
237 3767 253 3803 :
284 3768 302 3801 ι
334 3748 455 3803 Fiat
486 3758 689 3804 tantum
718 3765 819 3820 pax
856 3760 911 3806 et
939 3752 1138 3809 veritas
1161 3752 1213 3807 in
1252 3754 1440 3808 diebus
1479 3756 1632 3809 meis.
1673 3773 1693 3805 ι

115 3840 289 3911 llujus
331 3848 515 3896 autem
555 3841 705 3910 pacis
736 3842 1070 3898 amatoribus
1119 3843 1341 3898 meliora
1391 3853 1513 3914 post
1561 3845 1701 3899 hanc

114 3931 281 3985 vitam
311 3931 634 4001 possidenda
673 3931 1069 4002 relinquuntur,
1100 3935 1701 4004 quemadmodumscrie

114 4032 265 4092 ptum
308 4023 593 4092 reperies:
639 4042 660 4076 ι
705 4023 969 4091 Quoniam
1024 4035 1149 4081 sunt
1188 4025 1446 4097 reliquiae
1495 4027 1699 4083 homini

116 4114 371 4181 pacilico.
415 4132 437 4166 ι

188 4226 321 4279 Item
362 4240 465 4295 pax
486 4223 790 4295 Babylonia:
824 4226 1259 4295 persecutionum
1305 4228 1699 4283 immunitatem

118 4314 347 4401 tribuit,
384 4329 485 4384 pax
508 4312 802 4369 Jerusalem
828 4315 1144 4384 patientiam
1177 4324 1383 4370 tantum
1406 4317 1570 4387 exigit
1603 4318 1700 4371 ad-

116 4418 427 4461 versorum.
456 4404 607 4472 Quod
635 4404 863 4460 innuere
884 4405 1073 4477 voluit,
1123 4405 1215 4475 qui
1245 4406 1474 4462 virtutes
1514 4421 1704 4463 nume-

1785 1933 1850 1987 de
1882 1933 1997 1987 suis
2020 1932 2331 1997 extulerint,
2363 1932 2465 1987 nisi
2502 1941 2767 2002 quantum
2819 1934 3067 1989 naturale
3118 1936 3359 1991 debitum

1782 2022 2137 2077 humanitatis
2161 2021 2426 2091 exposcit,
2468 2023 2631 2078 nullis
2652 2021 2960 2078 afﬁciuntur
3009 2024 3358 2092 maeroribus,

1783 2114 1877 2169 sed
1901 2114 2071 2185 magis
2100 2113 2331 2183 quodam
2370 2113 2582 2169 interno
2628 2114 2826 2185 gaudio
2872 2116 3266 2186 prtecedentem
3304 2117 3359 2171 in

1784 2204 2015 2276 patriam
2046 2203 2254 2259 socium
2285 2213 2705 2273 prosequuntur,
2744 2205 2979 2260 scientes
3026 2205 3168 2276 quod
3214 2219 3363 2260 mors

1786 2311 1892 2350 non
1928 2293 2314 2363 scopulus,sed
2341 2303 2528 2364 portus
2548 2304 2654 2356 est,
2683 2296 2907 2351 honesta
2941 2296 3128 2351 missio
3153 2297 3361 2363 militis,

1787 2400 1997 2441 merces
2056 2385 2285 2455 operis,
2340 2386 2509 2441 aditio
2572 2387 2928 2444 hmreditatis.
2988 2387 3123 2441 Nam
3178 2406 3196 2439 ι
3240 2384 3363 2443 cum

1787 2476 1996 2530 dederit
2042 2475 2251 2532 dilectis
2302 2477 2416 2532 suis
2446 2493 2720 2545 somnum,
2767 2494 2895 2536 ecce
2940 2479 3224 2536 haereditas
3263 2480 3369 2535 Do-

1789 2584 1943 2623 ιιιιιη.
1992 2588 2013 2622 ι

1790 2680 1919 2741 CAP.
1961 2668 2151 2739 XXIV.
2197 2713 2265 2723 --
2295 2681 2370 2753 De
2399 2684 2562 2737 tribus
2613 2683 2871 2748 articulis,
2907 2683 3093 2753 quibus
3135 2698 3243 2753 pax
3268 2680 3370 2735 Ec-

2317 2752 2488 2808 clesia:
2522 2754 2835 2808 continetur.

1865 2864 2064 2921 Tribus
2101 2875 2282 2922 autem
2312 2867 2558 2923 articulis
2588 2867 2732 2922 velut
2787 2868 2941 2923 trinis
2986 2866 3367 2935 fundamentis,

1794 2960 2137 3017 scilicetﬁdei
2168 2962 2397 3027 unitate,
2420 2963 2713 3021 voluntatis
2728 2964 3100 3028 unanimitate,
3129 2961 3370 3021 morum-

1795 3068 1899 3124 que
1926 3052 2307 3109 conformitate
2333 3053 2435 3123 pax
2467 3055 2568 3110 ista
2598 3057 2907 3111 subnititur.

1871 3145 1945 3201 De
1981 3148 2158 3215 primo
2180 3147 2411 3201 articulo
2432 3149 2692 3202 scribitur
2720 3150 2785 3203 ad
2814 3149 3123 3202 Romanos:
3181 3167 3199 3199 ι
3232 3150 3373 3203 Deus

1796 3244 1975 3289 autem
2007 3236 2122 3306 spei
2152 3234 2355 3307 repleat
2382 3253 2476 3291 vos
2500 3238 2647 3291 omni
2677 3238 2874 3308 gaudio
2908 3247 2961 3292 et
2999 3251 3131 3305 pace
3172 3238 3223 3291 in
3251 3253 3371 3291 cre-

1797 3326 1994 3381 dendo.
2033 3346 2052 3379 i
2110 3326 2187 3382 De
2237 3327 2534 3397 voluntatis
2584 3328 2940 3383 unanimitate
2983 3327 3121 3382 idem
3177 3326 3374 3380 Paulus

1797 3420 2045 3488 superius
2067 3420 2315 3475 dixerat:
2355 3440 2372 3472 t
2413 3421 2553 3475 Deus
2584 3429 2763 3475 autem
2811 3408 3091 3489 patientia:
3123 3429 3176 3473 et
3195 3419 3373 3473 solatii

1798 3512 1887 3567 det
1912 3511 2066 3568 vobis
2097 3524 2287 3580 sapere
2337 3511 2388 3565 in
2423 3520 2744 3565 alterutrum
2796 3511 3025 3580 idipsum
3074 3510 3369 3564 secundum

1798 3602 1978 3658 Jesnm
2003 3602 2304 3665 Christum,
2347 3611 2402 3656 ut
2433 3603 2727 3656 unanimes
2748 3616 2855 3655 uno
2881 3616 2976 3656 ore
3004 3599 3374 3655 honoriﬁcetis

1800 3693 1988 3748 Deum.
2026 3712 2044 3744 ι
2081 3692 2155 3748 De
2185 3691 2569 3748 conformitate
2601 3706 2812 3745 morum
2846 3690 2960 3759 ipse
2993 3690 3132 3743 idem
3161 3688 3375 3743 monuit

1799 3787 2190 3857 Philippenses,
2211 3794 2301 3839 «ut
2321 3785 2484 3851 idem,
2501 3784 2694 3853 inquit,
2720 3784 3010 3853 sapiamus,
3037 3791 3085 3836 et
3110 3781 3164 3835 in
3186 3780 3375 3836 eadem

1804 3879 1984 3948 regula
2013 3892 2442 3947 permaneamus.
2468 3896 2486 3927 ι
2555 3873 2654 3930 Uhi
2688 3874 2902 3929 nomine
2941 3872 3138 3942 regula:
3161 3871 3377 3927 confor-

1799 3966 2042 4021 ntitatetn
2081 3966 2251 4020 innuit
2281 3966 2424 4019 vitm.
2460 3965 2669 4021 Etenim
2695 3965 2746 4018 in
2787 3979 2948 4017 unam
2980 3962 3107 4016 ﬁdei
3129 3975 3375 4015 normam

1799 4075 2007 4123 omnes,
2032 4060 2122 4129 qui
2169 4070 2294 4114 sunt
2320 4059 2546 4124 Christi,
2594 4060 2938 4112 conveniunt.
2984 4053 3138 4120 Quod
3177 4051 3376 4106 visibili

1797 4151 1906 4222 jam
1932 4153 2253 4207 documento
2274 4149 2760 4220 percipimus,dum
2790 4146 2972 4201 videre
2985 4154 3088 4211 est,
3112 4143 3379 4214 quomodo

1802 4252 1911 4296 tam
1940 4241 2071 4296 varii
2101 4240 2274 4295 cultus
2302 4249 2511 4311 gentes,
2538 4248 2642 4292 tam
2674 4237 2891 4291 dissona
2919 4236 3100 4289 vultus
3126 4249 3243 4299 ora,
3261 4245 3368 4287 tam
3429 4238 3446 4258 '

1802 4336 2014 4391 diversa
2046 4335 2349 4406 linguarum
2379 4334 2654 4388 schemata
2706 4332 2758 4384 in
2808 4329 3049 4397 ejusdem
3078 4342 3382 4383 consonan-

1804 4426 1932 4480 tiam
1956 4426 2235 4479 uniuntur.
2270 4422 2470 4477 Omnes
2497 4422 2662 4485 enim,
2694 4420 2784 4490 qui
2814 4419 3120 4475 Chris:iana
3168 4415 3378 4486 profes-

119 4509 272 4559 rans,
300 4503 428 4565 post
450 4509 634 4564 pacem
677 4495 743 4549 de
778 4494 1034 4564 patientia
1059 4512 1182 4551 mox
1210 4495 1477 4565 subjecit:
1517 4516 1535 4550 ‹
1569 4498 1686 4552 Fru-

1806 4520 1954 4573 sione
1982 4532 2286 4583 censemur,
2321 4515 2480 4569 unius
2510 4513 2718 4568 Domini
2744 4526 2929 4567 sumus
2972 4510 3179 4573 famuli,
3223 4509 3382 4564 unius

120 4595 240 4647 ctus
260 4596 444 4641 autem
469 4586 689 4655 spiritus
717 4588 974 4653 charitas,
1008 4589 1283 4659 gaudium,
1319 4604 1444 4661 pax,
1489 4592 1700 4661 patien-

125 4681 220 4735 tia.
265 4702 285 4735 ι
344 4680 588 4751 Amplius
634 4700 648 4736 :
710 4681 820 4737 Pax
885 4681 1196 4753 Babylonia:
1247 4683 1291 4738 si
1344 4682 1700 4754 tranquillior,

122 4774 422 4843 cupiosior,
455 4772 743 4843 perennior
765 4771 949 4839 fuerit,
994 4774 1047 4827 in
1093 4758 1425 4829 luxuriosam
1459 4774 1618 4828 nimis
1653 4783 1708 4828 et

122 4865 494 4921 effeminatam
526 4864 859 4920 remollietur
882 4864 1210 4936 voluptatem
1248 4865 1404 4937 juxta
1444 4864 1586 4919 illam
1619 4881 1707 4920 sa-

123 4960 315 5029 lyrica:
343 4956 779 5027 reprehensionis
821 4957 1202 5023 acrimoniam,
1247 4972 1365 5027 quae
1402 4956 1709 5028 aspergitur

123 5050 178 5104 in
212 5049 493 5104 Romanos
522 5065 536 5102 :

196 5207 499 5265 Prteslabat
528 5206 935 5262 castas-humilis
960 5204 1200 5260 Fortuna
1221 5202 1442 5257 Latinas

198 5297 504 5363 Quondam,
532 5314 622 5352 nec
650 5298 786 5353 vitiis
818 5296 1044 5365 contingi
1076 5312 1238 5365 parva
1265 5295 1502 5347 sinebant

200 5389 365 5444 Tecta
391 5391 539 5444 labor
564 5392 830 5461 somnique
853 5390 1023 5443 breves
1045 5398 1091 5442 et
1123 5387 1304 5441 vellere
1332 5386 1519 5450 Tusco,

198 5479 454 5547 νησίον,
479 5481 722 5551 dumque
752 5498 933 5535 manus
958 5497 1019 5533 ac
1047 5479 1313 5549 proximus
1338 5475 1466 5531 Urbi

96 5620 107 5629 ,
198 5571 455 5638 Annibal,
480 5582 526 5626 et
569 5582 763 5626 stantes
792 5571 995 5627 Collina
1017 5580 1160 5623 turre
1187 5568 1383 5622 mariti.

203 5663 261 5717 N
266 5678 371 5715 unc
397 5663 624 5733 patimur
647 5662 814 5732 longa:
833 5663 975 5732 pacis
1004 5661 1161 5722 mala,
1185 5661 1371 5714 sa'vior
1390 5658 1552 5712 armis

205 5752 447 5816 Luxuria
470 5754 738 5820 incumbit,
764 5754 1049 5824 victamqne
1078 5750 1347 5806 ulciscitur
1376 5746 1571 5804 orbein.

1804 4609 2037 4680 pastoris
2066 4623 2215 4672 oves,
2244 4605 2403 4659 unius
2432 4605 2611 4675 gregis
2643 4603 2861 4658 milites.
2902 4601 3052 4657 Unus
3093 4616 3195 4679 nos
3221 4599 3382 4654 Pater

1806 4701 2009 4772 genuit,
2038 4714 2143 4753 una
2173 4708 2344 4752 mater
2374 4696 2611 4753 Ecclesia
2635 4695 2903 4765 concepit,
2944 4695 3103 4749 unius
3134 4691 3383 4764 agnosci-

1806 4806 1929 4846 tnur
1953 4789 2196 4859 corporis
2215 4787 2481 4844 membra.

1798 4912 1801 4915 -
1877 4885 1935 4940 lu
1964 4881 2253 4937 voluntatis
2276 4895 2408 4936 vero
2440 4879 2746 4933 unanimem
2775 4875 3118 4932 concordiam
3163 4882 3219 4928 et
3272 4889 3385 4928 mo-

1809 4991 1927 5030 rum
1962 4976 2209 5030 eamdem
2257 4971 2663 5028 similitudinem
2697 4985 2801 5024 non
2843 4980 3031 5022 omnes
3059 4980 3386 5021 concurrere

1809 5063 1990 5123 statim
2016 5079 2237 5120 necesse
2259 5072 2364 5128 est,
2394 5063 2479 5118 his
2508 5078 2715 5116 murum
2745 5069 2800 5115 et
2830 5057 3121 5112 voluntatis
3146 5057 3388 5125 exceptis

1810 5156 2080 5229 capitulis,
2108 5170 2228 5225 qua:
2256 5163 2367 5208 tam
2388 5151 2711 5222 evangelica:
2738 5164 2898 5218 quam
2922 5146 3228 5217 apostolicae
3254 5161 3387 5215 pra:-

1812 5249 2079 5319 ceptionis
2107 5250 2322 5302 decreta
2361 5245 2559 5312 scripta
2613 5241 2885 5307 tacitaque
2933 5246 3248 5296 sanxerunt.
3302 5250 3387 5289 se-

1813 5342 2046 5397 cundum
2079 5340 2220 5409 quod
2251 5337 2417 5391 totius
2451 5332 2743 5389 Christiani
2777 5345 2990 5402 generis
3021 5338 3221 5384 statum
3250 5341 3386 5396 opus

1814 5445 1897 5489 eSt
1928 5430 2229 5487 indissimili
2261 5426 2552 5481 voluntatis
2607 5434 2662 5479 et
2716 5424 2879 5479 moris
2930 5420 3070 5476 facie
3128 5416 3381 5474 colorari.

1814 5521 1964 5577 Alias
1992 5529 2195 5582 autem,
2226 5517 2351 5570 licet
2376 5514 2598 5569 novellae
2628 5512 2880 5568 Ecclesia:
2906 5510 3044 5565 ﬁlios
3070 5506 3309 5563 moribus
3329 5513 3386 5559 et

1816 5611 2013 5666 animis
2050 5603 2513 5664 conformiSsimos
2555 5602 2721 5657 fuisse
2785 5602 3026 5669 legamus
3095 5604 3113 5648 ἀ
3150 5594 3387 5650 multitu-

1817 5701 1960 5756 dinis
1990 5700 2134 5753 enim
2157 5694 2489 5751 credentium
2515 5703 2740 5748 eratcor
2767 5707 2928 5746 unum
2956 5700 3005 5744 et
3024 5689 3202 5742 anima
3227 5701 3328 5741 una
3358 5704 3376 5737 ι

1820 5792 2021 5849 noStris
2070 5790 2261 5845 tamen
2282 5786 2612 5855 temporibus
2646 5796 2754 5840 tum
2790 5790 3005 5855 propter
3037 5779 3380 5853 fragilitatem
