3902 6316
538 331 673 389 4051

1870 318 2099 377 RUFINI
2132 320 2433 379 EPISCOPI

3639 322 3743 379 ιιιδι

532 444 840 507 hominum,
874 450 983 495 tum
1000 442 1161 496 etiam
1185 437 1589 494 disseminatam
1617 451 1712 509 per
1736 445 1901 494 totum
1928 438 2116 493 orbem
2148 441 2189 498 Α
2220 445 2632 505 concrepantem
2675 445 2870 493 nostra:
2918 445 3195 508 nequeunt
3224 450 3388 489 aures
3435 434 3743 509 diSIinguere.

536 534 978 591 numerositatem
1016 532 1375 593 credentium,
1419 546 1556 601 quos
1582 532 1741 587 unius
1768 532 1982 601 penitus
2024 547 2115 587 vo.

528 624 756 680 luntatis
784 633 838 677 et
871 623 1038 678 muris
1060 622 1320 692 qualitate
1345 621 1566 676 formari
1595 621 1664 675 ab
1690 622 1835 677 omni
1866 622 2115 679 humanm

529 716 907 790 possibilitatis
940 714 1193 769 facultate
1218 730 1382 784 quam
1428 714 1586 784 longe
1619 725 1723 768 est.
1776 712 1892 768 Non
1923 728 2115 771 omnes

532 806 586 861 in
617 806 862 861 eamdem
891 803 1230 858 aﬂ‘ectionem
1277 814 1331 859 et
1364 805 1723 859 moralitatem
1753 814 1974 866 coeunt.
2016 806 2114 862 sed

526 897 651 953 aliis
694 897 796 951 alia
832 896 1046 966 placent
1081 906 1139 951 et
1170 896 1390 961 habent,
1421 905 1574 950 extra
1608 910 1771 966 quam
1802 896 1848 951 si
1903 896 2114 968 aliquos

530 1004 700 1058 usque
728 989 862 1043 adeo
901 1005 1001 1058 pax
1028 990 1126 1042 ista
1159 988 1365 1058 ligavit,
1392 997 1451 1042 ιιι
1478 988 1559 1043 eis
1584 1003 1691 1041 non
1718 995 1925 1043 tantum
1944 989 2111 1046 animi

526 1080 919 1142 assensionem,
959 1080 1052 1134 sed
1075 1080 1237 1133 etiam
1269 1078 1524 1132 domicilii
1553 1079 1941 1135 habitationem
1972 1080 2113 1136 indi-

527 1166 747 1228 viduam
778 1172 1061 1242 largiatur,
1110 1173 1176 1227 de
1203 1172 1399 1243 quibus
1436 1172 1696 1242 scriptum
1725 1182 1808 1228 est
1839 1189 1853 1227 :
1891 1191 1910 1223 ι
1947 1172 2109 1241 Deus,

526 1265 622 1337 qui
656 1264 901 1321 habitare
917 1264 1048 1319 facit
1075 1264 1232 1319 unius
1257 1264 1422 1319 moris
1443 1266 1495 1318 in
1522 1265 1704 1319 domo.
1744 1285 1762 1318 ι
1794 1265 1861 1320 Ει
1885 1266 2106 1321 iterum:

534 1375 555 1412 ι
594 1358 736 1413 Ecce
763 1373 921 1428 quam
969 1359 1167 1411 bonum
1210 1366 1265 1412 et
1310 1371 1471 1426 quam
1518 1356 1814 1426 jucundum
1866 1358 2111 1413 habitare

522 1449 728 1506 fratres
755 1449 807 1505 in
838 1465 1026 1504 unum.
1071 1467 1090 1501 ι
1127 1449 1193 1504 Ει
1229 1449 1282 1505 in
1309 1448 1654 1519 Evangeliis:
1689 1468 1708 1502 ι
1750 1448 1848 1504 Ubi
1879 1451 1985 1505 duo
2022 1452 2107 1505 vel

526 1549 637 1597 tres
664 1540 973 1612 congregati
1013 1539 1212 1594 fuerint
1236 1539 1289 1595 in
1325 1540 1543 1595 nomine
1571 1553 1709 1605 meo,
1757 1539 1830 1595 ibi
1848 1530 1958 1610 ego
1986 1524 2106 1595 sum

526 1634 582 1690 in
615 1636 791 1688 medio
828 1648 1039 1687 eorum.
1088 1653 1107 1685 ι

595 1728 723 1782 CAP.
763 1727 927 1781 XXV.
956 1757 1019 1767 -ο
1046 1726 1122 1780 De
1147 1724 1466 1779 dissensione
1496 1723 1653 1777 Pauli
1679 1734 1727 1779 et
1750 1723 2031 1779 Barnabw.

2217 526 2665 597 quemadmodum
2691 529 2971 598 scripsisse
3002 528 3204 581 inventi
3236 534 3386 587 sunt,
3414 526 3509 595 qui
3531 525 3745 586 oculeum

2215 617 2432 672 arcanis
2486 617 2675 672 oculos
2730 619 3056 673 domesticos
3108 617 3462 685 iniecerunt:
3524 616 3660 687 quia,
3705 630 3741 673 ιι

2212 712 2385 780 aiunt,
2411 724 2628 781 propter
2641 721 2877 768 veterem
2899 727 3083 767 consm
3102 711 3344 766 tudinem
3369 723 3499 782 erga
3526 711 3747 780 crepitum

2214 805 2385 873 illum,
2415 807 2506 877 qui
2535 821 2601 859 ex
2631 806 2801 876 prima
2831 804 3114 859 nativitate
3142 801 3412 867 resanuit,
3458 816 3561 856 usu
3602 804 3764 885 quotiﬁ

2213 896 2374 953 diano
2423 895 2760 967 oppletarum
2820 895 3034 949 aurium
3091 908 3287 948 sensus
3334 891 3637 959 obsurduit,
3668 890 3749 948 ita:

2214 987 2395 1043 minus
2435 986 2554 1057 ejus
2600 984 2909 1041 auscultare
2964 999 3251 1055 possumus
3283 981 3592 1044 melodiam,
3638 981 3761 1079 siau‘

2211 1077 2266 1134 in
2313 1075 2526 1133 ollieina
2592 1076 2854 1132 metallica
2910 1074 3146 1132 assiduis
3196 1074 3545 1146 operantium
3589 1072 3769 1181 ictibus;

2210 1182 2469 1230 contusus
2497 1172 2740 1228 hebescit
2761 1171 2996 1227 auditus.
3022 1170 3102 1226 Ad
3125 1169 3270 1242 quod
3301 1167 3560 1233 forsitan,
3593 1167 3752 1223 secus:

2210 1267 2337 1322 dum
2368 1266 2525 1323 fidem
2550 1266 2882 1332 historicum,
2914 1264 3042 1320 illud
3071 1265 3327 1337 pertinet,
3362 1264 3508 1334 quod
3532 1263 3749 1320 Dominus

2210 1359 2263 1415 in
2287 1358 2389 1415 Job
2409 1358 2548 1414 dixit
2572 1374 2586 1409 :
2621 1376 2640 1410 ι
2671 1358 2801 1424 Quis
2821 1355 3380 1414 enarrabitcmlorum
3413 1353 3685 1417 rationem,
3708 1364 3747 1410 et

2208 1459 2532 1505 concentum
2572 1449 2698 1504 caeli
2747 1448 2869 1520 quis
2894 1446 3134 1504 dormire
3174 1446 3362 1509 faciet,
3395 1463 3415 1497 ι
3471 1446 3745 1511 subaudias,

2207 1541 2312 1598 nisi
2333 1542 2469 1613 ego?
2512 1541 2758 1597 Dormire
2798 1541 2997 1613 quippe
3042 1539 3165 1597 caeli
3202 1545 3508 1595 concentus
3554 1536 3652 1592 Deo
3688 1536 3746 1591 fa-

2207 1632 2385 1688 ciente
2414 1633 2636 1697 dicitur,
2667 1634 2883 1703 quando
2913 1632 3252 1702 planetarum
3296 1639 3483 1687 motus
3530 1629 3616 1683 ille
3652 1629 3746 1683 har-

2209 1725 2453 1781 monicus
2482 1726 2563 1781 sic
2603 1725 2797 1780 summi
2838 1722 3058 1795 Opiﬁcis
3095 1734 3214 1779 arte
3255 1720 3594 1792 compositus
3615 1729 3748 1775 estut

595 1818 837 1888 Denique
888 1818 933 1873 si
987 1818 1157 1886 ipsam
1214 1815 1518 1870 animorunt
1572 1815 1916 1869 eoaeordiam
1966 1816 2106 1869 inter
2137 1811 2396 1873 Bsonnm
2421 1819 2637 1890 quidem
2664 1818 3099 1875 tonantissimum
3138 1817 3360 1880 habeat,
3406 1814 3505 1870 sed
3536 1811 3745 1871 humani

517 1904 697 1978 justus
725 1908 1061 1963 dissensione
1087 1906 1228 1961 forte
1257 1905 1438 1974 aliqua
1470 1904 1744 1960 vulnerari
1794 1904 2102 1975 contigerit,

518 2015 631 2056 non
654 2001 760 2055 erit
789 1999 1190 2069 desperamlum
1226 1998 1501 2057 continuo,
1538 2012 1639 2052 nec
1686 1997 1771 2053 his
1795 1997 2105 2052 dissidenti-

519 2088 625 2146 bus
663 2090 1078 2154 detrahendum,
1135 2091 1259 2159 quia
1310 2091 1474 2144 etiam
1538 2090 1688 2146 Pauli
1736 2100 1793 2147 et
1845 2092 2105 2149 Barnaba:

520 2182 840 2238 societatem
870 2182 1237 2252 evangelicum
1279 2183 1553 2251 quondam
1608 2183 1837 2255 legimus
1866 2185 2105 2241 funiculo

520 2274 866 2344 disjunctam,
896 2273 1352 2344 quemadmodum
1381 2276 1641 2343 scriptum
1663 2284 1747 2331 est
1767 2277 1893 2347 quia
1926 2295 1944 2329 ι
1975 2277 2105 2332 Bar-

516 2366 689 2423 nabas
721 2366 891 2435 voluit
924 2381 1109 2422 secum
1136 2382 1414 2422 assumere
1441 2366 1729 2433 Joannem,
1764 2370 1853 2439 qui
1900 2384 2102 2441 cogno-

514 2459 761 2513 minatur
809 2458 1066 2525 Marcus;
1125 2459 1326 2515 Paulus
1376 2471 1556 2516 autem
1611 2462 1831 2534 rogabat
1868 2478 2012 2530 enm,
2046 2472 2105 2519 ιιι

519 2548 611 2618 qui
636 2549 975 2606 discessisset
1000 2550 1069 2605 ab
1096 2551 1175 2606 eis
1219 2552 1285 2606 dc
1333 2551 1660 2622 Pamphilia,
1716 2562 1771 2610 et
1811 2570 1915 2610 non
1969 2555 2104 2612 isset

516 2654 643 2693 cum
676 2639 758 2695 eis
784 2640 837 2694 in
865 2656 1022 2709 opus,
1049 2657 1153 2696 non
1183 2642 1379 2697 debere
1408 2643 1594 2713 recipi.
1626 2642 1788 2700 Facta
1808 2631 2102 2703 est'autem

518 2731 807 2798 dissensio,
836 2733 908 2787 ita
938 2734 1355 2789 utdiscedercut
1381 2735 1449 2789 ab
1478 2735 1802 2801 invicem,et
1824 2736 2102 2794 Barnabas

514 2824 738 2897 quidem
768 2834 1049 2895 assumpto
1074 2824 1258 2881 Marco
1281 2826 1560 2893 navigaret
1591 2826 1854 2899 Cyprum,
1903 2826 2103 2886 Paulus

514 2929 647 2970 vero
673 2916 845 2971 electo
882 2916 991 2972 Sila
1018 2916 1293 2988 profectus
1316 2927 1421 2983 est,
1455 2917 1685 2975 traditus
1714 2919 1902 2990 gratim
1928 2919 2022 2977 Dei
2069 2936 2100 2979 ιι

516 3005 798 3062 fratribus.
834 3028 850 3058 ι
885 3009 1054 3075 Quetn
1085 3008 1324 3064 Marcum
1351 3019 1537 3077 postea
1565 3009 2100 3068 Paulnsinaﬂ'ectum

516 3099 811 3169 recipiens,
858 3101 1031 3170 ipsum
1072 3103 1235 3155 etiam
1265 3101 1676 3156 Colossensibus
1704 3102 1909 3158 studuit
1951 3118 2099 3160 com-

514 3196 777 3250 mendare
805 3196 992 3252 dicens
1022 3214 1035 3250 :
1083 3214 1102 3248 ι
1159 3198 1370 3251 Salutat
1397 3214 1492 3252 vos
1523 3198 1871 3257 Aristarchus
1898 3217 2095 3259 conca-

512 3285 699 3355 ptivus
727 3302 900 3350 mens,
954 3296 1009 3342 et
1058 3286 1273 3343 Marcus
1317 3290 1675 3345 consobrinus
1716 3290 1999 3359 Barnabaa,
2031 3295 2101 3349 de

513 3391 626 3447 quo
668 3378 956 3447 accepistis
1008 3380 1298 3445 mandata,
1344 3400 1363 3432 ι
1421 3381 1569 3451 prius
1610 3382 1881 3449 videlicet,
1935 3401 2097 3456 quam

518 3468 856 3524 discessisset
903 3470 1043 3539 (lucc
1092 3471 1236 3525 enim
1287 3474 1577 3543 mag....)
1625 3491 1645 3526 ι
1691 3475 1737 3531 si
1777 3477 1985 3533 venerit
2031 3479 2098 3533 ad

514 3572 634 3623 vos,
666 3559 901 3629 excipite
933 3560 1103 3615 illum.
1144 3584 1162 3613 ο

587 3651 722 3719 Quia
745 3652 911 3722 igitur
935 3653 1318 3710 ccclesiastiete
1346 3655 1494 3725 pacis
1523 3656 1931 3714 fundamentum
1957 3674 2097 3729 pra:-

511 3744 731 3815 cipuum
770 3745 901 3800 lides
932 3755 1037 3810 est,
1062 3746 1107 3801 si
1138 3747 1432 3818 aliquando
1463 3749 1606 3805 inter
1632 3751 1870 3806 membra
1894 3750 2095 3808 Christi

514 3848 622 3889 non
645 3833 862 3903 quidem
891 3833 1070 3889 hostili
1115 3836 1361 3901 dissidio,
1395 3839 1488 3894 sed
1520 3840 1809 3896 simultate
1856 3842 2097 3899 fraterna

512 3924 745 3995 alicujus
782 3926 1153 3981 contentionis
1189 3928 1409 3997 querela
1461 3931 1709 3986 subsiliat
1746 3934 1887 4003 (qua:
1917 3944 2099 3992 tamen

512 4016 905 4073 mediocritatis
936 4016 1135 4073 limites
1163 4033 1266 4073 non
1299 4021 1550 4095 excedat)
1576 4038 1680 4078 non
1701 4032 1786 4078 est
1802 4024 2097 4081 timendum

513 4108 768 4178 penitus:
797 4108 921 4177 quia
971 4106 1131 4164 facile
1176 4111 1359 4165 curari
1408 4123 1633 4181 possunt
1671 4115 1784 4171 htec
1812 4116 2014 4186 iurgia,
2044 4118 2098 4174 in

514 4198 713 4270 quibus
744 4213 843 4255 nec
871 4199 991 4255 fidei
1016 4216 1140 4270 pax,
1167 4216 1269 4256 nec
1300 4203 1515 4272 pietatis
1538 4205 1741 4261 veritas
1764 4207 2095 4264 collabeseit.

2205 1910 2426 1965 auribus
2457 1910 2602 1965 velut
2637 1926 2734 1982 per
2764 1910 2936 1965 somni
2961 1908 3335 1979 quietudinem
3369 1904 3668 1961 obsilescat.

2274 1998 2427 2067 Quod
2458 2010 2639 2056 autem
2675 1999 3056 2056 ecclesiasticae
3084 1998 3236 2069 pacis
3268 1995 3625 2053 concordiam
3659 2006 3745 2049 mo-

2205 2089 2508 2145 dulatarum
2538 2104 2730 2145 vocum
2760 2089 3114 2145 concinnitati
3166 2084 3483 2158 comparari
3514 2090 3744 2154 oporteat,

2202 2181 2426 2236 ultimus
2448 2182 2688 2251 psalmus
2712 2181 2945 2236 clamat:
2979 2199 2998 2233 ι
3030 2179 3275 2235 Landate
3288 2192 3419 2234 eum
3450 2176 3505 2231 in
3529 2185 3741 2245 tympano

2204 2281 2260 2327 et
2279 2274 2468 2340 choro,
2498 2270 2713 2326 laudate
2756 2286 2878 2327 eum
2909 2270 2966 2326 in
3009 2271 3228 2326 chordis
3253 2279 3313 2324 et
3362 2281 3585 2337 organo.
3616 2284 3632 2317 ι
3661 2263 3741 2320 libi

2204 2377 2303 2434 per
2346 2362 2592 2430 chorum,
2624 2363 2748 2432 quia
2796 2362 3030 2433 plurium
3078 2376 3272 2417 vocum
3322 2359 3497 2415 habet
3539 2358 3740 2412 adultaa-

2206 2453 2357 2523 t’tam,
2388 2453 2767 2509 ecclesiasticae
2812 2453 3121 2510 concordia:
3166 2453 3355 2507 unitas
3396 2450 3652 2521 ﬁguratur,
3693 2447 3740 2500 ia

2206 2548 2347 2603 hanc
2370 2548 2800 2614 similitudinem,
2821 2549 2946 2620 quia
2971 2549 3113 2605 sicut
3152 2548 3208 2604 in
3237 2545 3555 2619 pluralitate
3580 2559 3747 2600 vocata

2192 2652 2269 2696 eo
2298 2640 2503 2696 dulcior
2531 2642 2810 2698 harmonia
2846 2641 2925 2709 fit,
2983 2657 3090 2713 quo
3141 2657 3250 2697 non
3296 2656 3369 2697 ex
3412 2640 3638 2704 eisdem,
3672 2638 3749 2692 sed

2202 2729 2432 2787 diversis
2472 2732 2621 2787 sortis
2668 2742 2862 2788 cantus
2907 2747 3048 2788 unus
3092 2731 3485 2803 compingitur,
3523 2728 3603 2785 sic
3628 2729 3748 2782 etin

2201 2819 2583 2876 ecclesiastica:
2605 2823 2755 2893 pacis
2782 2830 2925 2877 statu
2960 2837 3025 2878 eo
3051 2832 3137 2879 est
3162 2821 3452 2877 concordia
3476 2819 3743 2891 pulchrior,

2201 2927 2312 2983 quo
2358 2927 2465 2967 non
2513 2928 2703 2969 onmes
2742 2914 3012 2982 omnibus,
3063 2914 3159 2969 sed
3208 2912 3407 2985 singuli
3450 2911 3679 2983 singulis
3708 2919 3742 2963 et

2202 3005 2431 3061 diversis
2453 3005 2643 3062 ofliciis
2674 3008 2750 3061 uti
2793 3009 2893 3064 sub
2920 3023 3027 3063 uno
3059 3007 3346 3062 charitatis
3375 3005 3670 3061 sociamine
3685 3001 3747 3057 di-

2203 3099 2795 3169 gnoscantur.Qualem
2815 3100 3015 3156 etenim
3046 3109 3270 3170 putares
3296 3108 3353 3152 tu
3377 3097 3633 3153 Ecclesia:
3650 3110 3743 3152 esse

2202 3194 2567 3260 concordiam,
2600 3195 2645 3249 si
2699 3195 2892 3251 docere
2919 3194 3114 3249 vellent
3141 3209 3353 3258 omnes,
3407 3192 3457 3248 si
3507 3191 3741 3248 exhortari

2197 3285 2419 3357 singuli,
2448 3285 2492 3340 si
2523 3285 2921 3357 cleemosynam
2949 3287 3187 3341 tribuere
3209 3284 3481 3351 universi,
3506 3295 3555 3339 et
3583 3294 3742 3338 cetera

2198 3378 2267 3435 ab
2292 3378 2535 3449 apostolo
2567 3391 2847 3434 numerata
2887 3378 3096 3451 cilicia}
3113 3393 3235 3448 quae
3259 3376 3448 3433 omnia
3481 3376 3525 3431 si
3561 3375 3608 3429 in
3631 3390 3743 3428 uno-

2197 3470 2438 3541 quolibet
2465 3470 2624 3526 simul
2654 3480 2861 3535 essent,
2887 3485 3075 3526 eorum
3103 3468 3349 3524 omnium
3375 3467 3639 3537 deperiret
3659 3465 3745 3517 uti-

2197 3565 2345 3630 litas,
2379 3565 2506 3619 dum
2538 3580 2695 3619 nemo
2740 3563 2808 3619 ab
2860 3563 2967 3618 alio
3007 3563 3302 3633 reciperet,
3347 3575 3461 3631 quo
3511 3560 3617 3631 ipse
3660 3572 3747 3611 non

2197 3667 2405 3732 egeret,
2437 3660 2624 3730 sicque
2656 3667 3007 3714 evanesceret
3051 3673 3156 3728 pax
3193 3655 3476 3719 Ecclesiae,
3526 3667 3674 3724 quam
3705 3651 3750 3704 in

2199 3755 2361 3811 dandi
2392 3764 2444 3811 et
2475 3751 2774 3825 accipiendi
2804 3753 3003 3823 pietate
3025 3748 3423 3822 disputavimus
3452 3744 3720 3803 contineri.

2270 3847 2424 3902 Nunc
2480 3846 2646 3917 igitur
2696 3844 2821 3901 dum
2863 3853 2918 3899 tu
2968 3843 3095 3898 mihi
3150 3840 3423 3897 nescienti
3472 3837 3752 3894 doctrinam

2186 3937 2482 4009 praedicas,
2504 3947 2558 3992 et
2585 3952 2684 4008 ego
2716 3935 2809 3989 tibi
2831 3934 3009 4005 egenti
3046 3933 3298 3989 alimenta
3339 3930 3619 4001 dispendo,
3649 3930 3753 3982 dum

2200 4028 2301 4083 iste
2326 4028 2397 4084 illi
2433 4029 2484 4083 in
2523 4027 2722 4098 templo
2751 4036 2891 4089 orat,
2912 4025 2999 4081 ille
3029 4025 3117 4081 isti
3147 4025 3200 4079 in
3231 4023 3487 4106 praetorio
3516 4019 3754 4091 postulat,

2199 4127 2255 4172 et
2287 4117 2365 4172 sic
2392 4134 2488 4188 per
2534 4117 2738 4188 reliqua
2767 4115 3013 4185 ejusdem
3047 4116 3212 4182 modi,
3244 4125 3373 4170 tunc
3426 4113 3755 4185 plurimorum

2200 4209 2437 4264 fidelium
2476 4219 2628 4281 grata
2671 4210 2986 4275 concordia,
3043 4210 3191 4264 velut
3236 4210 3533 4263 multarum
3582 4218 3754 4261 vocum

514 4288 643 4347 Haec
668 4291 812 4348 enim
849 4292 1021 4361 magis
1047 4292 1215 4349 dissui
1262 4308 1423 4363 quam
1468 4295 1705 4354 discindi
1750 4299 1987 4369 putanda
2016 4308 2101 4356 est
2192 4302 2450 4357 blandior
2480 4303 2821 4373 componitur
2861 4302 3167 4357 harmonia.
3198 4301 3323 4356 llaec
3344 4308 3425 4355 est
3459 4299 3549 4354 illa
3582 4299 3757 4353 fortas-

513 4377 756 4437 fraterna
779 4384 1093 4448 concordia,
1117 4385 1170 4441 in
1194 4401 1298 4456 qua
1320 4388 1602 4444 charitatis
1623 4405 1754 4446 usus
1781 4392 2095 4459 remittitur,

506 4485 621 4528 nec
648 4472 831 4527 odium
865 4472 1132 4531 irritatur.

587 4623 716 4681 CAP.
751 4625 939 4683 XXVI.
973 4660 1043 4670 —
1086 4629 1361 4709 Quomodo
1407 4650 1511 4702 pax
1555 4635 1883 4709 istroiaitgelis
1922 4640 2099 4695 suavia

894 4709 991 4767 est,
1019 4711 1066 4754 et
1102 4701 1424 4757 dwmonibus
1447 4707 1713 4761 terribilis.

583 4826 934 4888 Admirabilis
961 4832 1185 4887 nimium
1211 4849 1315 4905 pax
1344 4836 1467 4905 ista,
1495 4848 1549 4894 et
1578 4848 1686 4897 tota
1716 4840 1874 4901 laude
1903 4844 2100 4905 solem-

516 4920 622 4987 nis,
650 4936 770 4991 qnaz
786 4924 969 4979 suavis
996 4926 1223 4997 angelis,
1249 4930 1509 4987 terribilis
1528 4933 1719 4990 existit
1743 4937 2096 4995 daemonibus.

514 5010 612 5068 Est
633 5013 778 5068 enim
800 5029 905 5084 pax
932 5015 1185 5074 Ecclesiae
1212 5019 1407 5076 similis
1428 5022 1502 5077 illi
1529 5024 1807 5083 cmlestiet
1827 5029 2101 5099 primariae

515 5103 816 5162 harmonia:
844 5106 924 5162 vel
947 5110 1112 5163 motui
1142 5110 1480 5180 planetarum
1502 5126 1705 5187 septem
1733 5135 1903 5190 usque
1921 5122 2100 5179 orien-

521 5203 629 5250 tem
658 5198 1014 5255 currentium.
1044 5200 1227 5260 Dulcis
1258 5206 1507 5273 quardam
1556 5217 1613 5264 et
1656 5208 1816 5278 plena
1856 5214 2100 5283 gratissi-

495 5299 622 5369 ma:
655 5288 970 5345 sonoritatis
992 5305 1095 5345 vox
1138 5294 1400 5361 redditur,
1438 5311 1563 5353 cum
1596 5298 1800 5355 scissus
1829 5303 2003 5360 azther
2043 5304 2099 5361 in

489 5375 637 5445 'ipso
684 5382 1058 5439 sonorantium
1107 5383 1446 5454 planetarum
1496 5398 1606 5443 tam
1664 5391 2097 5466 artificiabiliter,

518 5474 631 5523 tam
660 5470 996 5538 aequabiliter
1048 5486 1203 5531 acuta
1254 5493 1377 5533 cum
1425 5482 1683 5551 gravibus
1712 5491 1997 5555 temperat,
2042 5500 2102 5545 ut

484 5645 487 5647 g
517 5572 820 5620 concentus
850 5564 977 5619 inde
994 5566 1252 5623 formetur
1274 5570 1352 5626 sic
1390 5564 1767 5644 suavissimus,
1793 5580 1937 5648 quod
1958 5581 2100 5637 inef-

446 5665 492 5762 3
513 5649 760 5762 {abiliter
782 5655 999 5713 vincere
1032 5659 1225 5715 habeat
1254 5680 1467 5719 omnem
1486 5668 1692 5724 dulcori
1719 5673 2101 5733 modulaminis

516 5744 1051 5814 cantilenatn.Qucm
1089 5759 1267 5808 tamen
1299 5764 1500 5813 motum
1522 5760 1757 5831 orbium,
1782 5763 2099 5832 immensius

2200 4395 2276 4450 sis
2292 4395 2514 4457 musica,
2544 4411 2707 4467 quam
2738 4394 2966 4466 Sapiens
2995 4396 3244 4467 prohibet
3295 4392 3543 4465 impediri
3576 4410 3591 4446 :
3643 4409 3662 4442 ι
3694 4387 3756 4443 Se

2129 4506 2177 4567 ι)
2206 4484 2466 4554 impedias
2494 4486 2778 4540 musicam.
2815 4505 2833 4538 ι
2878 4486 3050 4554 Quam
3083 4486 3347 4556 impedire
3379 4485 3502 4555 quis
3526 4481 3757 4553 intelligi-

2203 4585 2308 4642 tur,
2340 4593 2460 4632 cum
2488 4576 2781 4632 fraternam
2798 4578 2945 4648 pacis
2963 4576 3177 4633 turbare
3190 4577 3603 4632 consonantiam
3629 4576 3760 4628 inve-

2138 4694 2141 4697 ν
2201 4668 2367 4722 nitur.
2401 4667 2639 4737 Denique
2667 4685 2773 4725 non
2801 4670 2976 4724 otiose
3004 4670 3055 4725 in
3082 4669 3252 4724 choro
3292 4671 3420 4735 isto,
3448 4668 3551 4722 hoc
3590 4674 3669 4720 est
3713 4666 3758 4717 in

2202 4760 2409 4816 unitate
2435 4762 2582 4831 pacis
2596 4762 2982 4819 ecclesiastica:
3009 4763 3220 4818 divinas
3244 4778 3444 4817 canere
3470 4761 3647 4814 laudes
3678 4757 3758 4810 ad-

2203 4868 2508 4920 monemur,
2535 4856 2660 4924 quia
2689 4854 2859 4910 Dctun
2896 4872 3054 4911 nemo
3076 4856 3298 4910 laudare
3329 4855 3591 4917 creditur,
3618 4862 3759 4904 nemo

2200 4946 2339 5001 bene
2360 4963 2595 5019 unquam
2621 4949 2833 5018 operari
2856 4948 3221 5018 cognoscitur,
3253 4948 3296 5004 si
3339 4955 3494 5001 extra
3525 4941 3760 5000 ecclesia-

2201 5035 2352 5092 sticae
2378 5036 2525 5107 pacis
2549 5037 2846 5093 claustrum
2868 5048 3149 5109 evagetur.

2272 5126 2352 5182 Ex
2398 5128 2484 5183 his
2530 5143 2658 5199 ergo
2712 5128 2882 5201 liquet
2929 5131 3197 5199 qumnodo
3250 5130 3504 5187 fraterna:
3551 5132 3760 5188 societas

2201 5215 2350 5288 pacis
2376 5217 2729 5274 concinnitati
2758 5234 3014 5275 sonorum
3053 5219 3228 5276 afﬁnis
3252 5230 3354 5277 est.
3385 5222 3627 5291 Qualiter
3646 5239 3758 5277 rem

2201 5310 2485 5366 concentui
2514 5310 2851 5381 planetarum
2879 5312 2949 5367 sit
3001 5312 3213 5377 similis,
3261 5314 3353 5370 ille
3407 5317 3544 5371 scire
3585 5317 3759 5387 potuit,

2205 5403 2298 5473 qui
2333 5400 2527 5476 [novit,
2564 5401 2684 5475 cur]
2718 5403 2832 5458 veri
2888 5403 2982 5459 lilii
3021 5404 3136 5471 Dei,
3160 5422 3227 5460 ex
3262 5408 3460 5477 quibus
3494 5406 3758 5463 concordia

2203 5493 2305 5549 ista
2328 5494 2689 5566 componitur,
2720 5494 3011 5551 luminibus
3039 5496 3163 5552 coeli
3215 5510 3611 5570 comparentur.
3635 5497 3756 5553 Dicit

2202 5586 2344 5641 enim
2370 5585 2661 5658 Apostolus
2707 5587 2773 5641 ad
2806 5585 3109 5656 hujusmodi
3139 5605 3155 5621 ο
3184 5608 3204 5641 ι
3266 5590 3334 5648 Ut
3362 5592 3484 5649 sitis
3508 5593 3618 5647 sine
3644 5605 3755 5659 qua.

2203 5678 2314 5733 rela
2344 5688 2401 5734 et
2428 5679 2700 5748 simplices
2730 5679 2821 5734 lilii
2865 5679 2978 5745 Dei,
3010 5688 3068 5735 et
3113 5680 3231 5737 sine
3287 5679 3752 5753 reprehensionem

2204 5768 2383 5826 medio
2427 5769 2665 5827 nationis
2700 5786 2881 5843 prava:
2909 5782 2963 5828 et
3008 5786 3299 5843 perversae,
3358 5775 3501 5831 inter
3521 5788 3649 5846 quos
3688 5769 3756 5826 lu-
