  <div class='ocr_page' id='page_1' title='image "/cluster/home/n/w/nwhite01/storage/ocr_20150623/150/hvd.32044015473788/820.png"; bbox 0 0 3834 6462; ppageno 0'>
   <div class='ocr_carea' id='block_1_1' title="bbox 71 282 228 338">
    <p class='ocr_par' dir='ltr' id='par_1_1' title="bbox 71 282 228 338">
     <span class='ocr_line' id='line_1_1' title="bbox 71 282 228 338; baseline 0.019 -2"><span class='ocrx_word' id='word_1_1' title='bbox 71 283 99 336; x_wconf 79' lang='grc'><strong>1</strong></span> <span class='ocrx_word' id='word_1_2' title='bbox 111 282 228 338; x_wconf 75' lang='grc'><strong>653</strong></span> 
     </span>
    </p>
   </div>
   <div class='ocr_carea' id='block_1_2' title="bbox 70 394 1741 466">
    <p class='ocr_par' dir='ltr' id='par_1_2' title="bbox 70 394 1741 466">
     <span class='ocr_line' id='line_1_2' title="bbox 70 394 1741 466; baseline -0.005 -11"><span class='ocrx_word' id='word_1_3' title='bbox 70 398 222 455; x_wconf 85' lang='lat' dir='ltr'><strong>cetis</strong></span> <span class='ocrx_word' id='word_1_4' title='bbox 248 398 390 455; x_wconf 92' lang='lat' dir='ltr'><strong>sicut</strong></span> <span class='ocrx_word' id='word_1_5' title='bbox 419 397 702 452; x_wconf 75' lang='lat' dir='ltr'><strong>luminaria</strong></span> <span class='ocrx_word' id='word_1_6' title='bbox 726 397 785 451; x_wconf 81' lang='lat' dir='ltr'><strong>in</strong></span> <span class='ocrx_word' id='word_1_7' title='bbox 814 396 1033 451; x_wconf 88' lang='lat' dir='ltr'><strong>mundo.</strong></span> <span class='ocrx_word' id='word_1_8' title='bbox 1065 415 1083 448; x_wconf 72' lang='grc' dir='ltr'><strong>ι</strong></span> <span class='ocrx_word' id='word_1_9' title='bbox 1138 396 1215 451; x_wconf 83' lang='lat' dir='ltr'><strong>Ex</strong></span> <span class='ocrx_word' id='word_1_10' title='bbox 1242 405 1447 466; x_wconf 88' lang='lat' dir='ltr'><strong>septem</strong></span> <span class='ocrx_word' id='word_1_11' title='bbox 1474 394 1662 465; x_wconf 83' lang='lat' dir='ltr'><strong>plane-</strong></span> <span class='ocrx_word' id='word_1_12' title='bbox 1693 398 1741 454; x_wconf 82' lang='grc' dir='ltr'>Α</span> 
     </span>
    </p>
   </div>
   <div class='ocr_carea' id='block_1_3' title="bbox 70 483 1665 558">
    <p class='ocr_par' dir='ltr' id='par_1_3' title="bbox 70 483 1665 558">
     <span class='ocr_line' id='line_1_3' title="bbox 70 483 1665 558; baseline -0.004 -14"><span class='ocrx_word' id='word_1_13' title='bbox 70 491 158 546; x_wconf 82' lang='grc' dir='ltr'>ιίε</span> <span class='ocrx_word' id='word_1_14' title='bbox 195 489 289 545; x_wconf 88' lang='lat' dir='ltr'><strong>ille</strong></span> <span class='ocrx_word' id='word_1_15' title='bbox 314 499 607 545; x_wconf 77' lang='lat' dir='ltr'><strong>concentus</strong></span> <span class='ocrx_word' id='word_1_16' title='bbox 632 487 877 554; x_wconf 76' lang='lat' dir='ltr'><strong>edicitur,</strong></span> <span class='ocrx_word' id='word_1_17' title='bbox 908 498 962 553; x_wconf 92' lang='lat' dir='ltr'><strong>et</strong></span> <span class='ocrx_word' id='word_1_18' title='bbox 984 503 1079 555; x_wconf 87' lang='lat' dir='ltr'><strong>per</strong></span> <span class='ocrx_word' id='word_1_19' title='bbox 1130 487 1496 558; x_wconf 88' lang='lat' dir='ltr'><strong>septiformem</strong></span> <span class='ocrx_word' id='word_1_20' title='bbox 1545 483 1665 555; x_wconf 87' lang='lat' dir='ltr'><strong>Spi-</strong></span> 
     </span>
    </p>
   </div>
   <div class='ocr_carea' id='block_1_4' title="bbox 67 579 1665 651">
    <p class='ocr_par' dir='ltr' id='par_1_4' title="bbox 67 579 1665 651">
     <span class='ocr_line' id='line_1_4' title="bbox 67 579 1665 651; baseline -0.004 -15"><span class='ocrx_word' id='word_1_21' title='bbox 67 589 228 636; x_wconf 78' lang='lat' dir='ltr'><strong>ritus</strong></span> <span class='ocrx_word' id='word_1_22' title='bbox 249 581 424 636; x_wconf 87' lang='lat' dir='ltr'><strong>sancti</strong></span> <span class='ocrx_word' id='word_1_23' title='bbox 457 580 684 651; x_wconf 88' lang='lat' dir='ltr'><strong>gratiam</strong></span> <span class='ocrx_word' id='word_1_24' title='bbox 740 579 887 649; x_wconf 80' lang='lat' dir='ltr'><strong>pacis</strong></span> <span class='ocrx_word' id='word_1_25' title='bbox 936 589 1131 634; x_wconf 59' lang='lat' dir='ltr'><strong>nostra:</strong></span> <span class='ocrx_word' id='word_1_26' title='bbox 1178 581 1409 633; x_wconf 82' lang='lat' dir='ltr'><strong>societas</strong></span> <span class='ocrx_word' id='word_1_27' title='bbox 1439 591 1665 632; x_wconf 87' lang='lat' dir='ltr'><strong>concor-</strong></span> 
     </span>
    </p>
   </div>
   <div class='ocr_carea' id='block_1_5' title="bbox 64 665 1662 743">
    <p class='ocr_par' dir='ltr' id='par_1_5' title="bbox 64 665 1662 743">
     <span class='ocr_line' id='line_1_5' title="bbox 64 665 1662 743; baseline -0.006 -17"><span class='ocrx_word' id='word_1_28' title='bbox 64 674 272 727; x_wconf 85' lang='lat' dir='ltr'><strong>datur.</strong></span> <span class='ocrx_word' id='word_1_29' title='bbox 307 668 505 724; x_wconf 82' lang='lat' dir='ltr'><strong>Versus</strong></span> <span class='ocrx_word' id='word_1_30' title='bbox 532 668 795 723; x_wconf 82' lang='lat' dir='ltr'><strong>orientem</strong></span> <span class='ocrx_word' id='word_1_31' title='bbox 835 677 1011 722; x_wconf 90' lang='lat' dir='ltr'><strong>motus</strong></span> <span class='ocrx_word' id='word_1_32' title='bbox 1041 667 1128 721; x_wconf 90' lang='lat' dir='ltr'><strong>ille</strong></span> <span class='ocrx_word' id='word_1_33' title='bbox 1154 666 1450 721; x_wconf 88' lang='lat' dir='ltr'><strong>concinnus</strong></span> <span class='ocrx_word' id='word_1_34' title='bbox 1476 665 1662 743; x_wconf 87' lang='lat' dir='ltr'><strong>vadit,</strong></span> 
     </span>
    </p>
   </div>
   <div class='ocr_carea' id='block_1_6' title="bbox 64 756 1663 837">
    <p class='ocr_par' dir='ltr' id='par_1_6' title="bbox 64 756 1663 837">
     <span class='ocr_line' id='line_1_6' title="bbox 64 756 1663 837; baseline -0.004 -20"><span class='ocrx_word' id='word_1_35' title='bbox 64 764 213 833; x_wconf 87' lang='lat' dir='ltr'><strong>quia</strong></span> <span class='ocrx_word' id='word_1_36' title='bbox 242 762 424 819; x_wconf 90' lang='lat' dir='ltr'><strong>omnis</strong></span> <span class='ocrx_word' id='word_1_37' title='bbox 477 761 741 831; x_wconf 76' lang='lat' dir='ltr'><strong>regularis</strong></span> <span class='ocrx_word' id='word_1_38' title='bbox 792 759 1013 814; x_wconf 77' lang='lat' dir='ltr'><strong>unitatis</strong></span> <span class='ocrx_word' id='word_1_39' title='bbox 1052 758 1359 813; x_wconf 83' lang='lat' dir='ltr'><strong>fraternitas</strong></span> <span class='ocrx_word' id='word_1_40' title='bbox 1387 757 1455 812; x_wconf 88' lang='lat' dir='ltr'><strong>ad</strong></span> <span class='ocrx_word' id='word_1_41' title='bbox 1503 756 1663 837; x_wconf 84' lang='lat' dir='ltr'><strong>finem</strong></span> 
     </span>
    </p>
   </div>
   <div class='ocr_carea' id='block_1_7' title="bbox 66 849 1664 923">
    <p class='ocr_par' dir='ltr' id='par_1_7' title="bbox 66 849 1664 923">
     <span class='ocr_line' id='line_1_7' title="bbox 66 849 1664 923; baseline -0.004 -14"><span class='ocrx_word' id='word_1_42' title='bbox 66 854 596 916; x_wconf 87' lang='lat' dir='ltr'><strong>consummationis,</strong></span> <span class='ocrx_word' id='word_1_43' title='bbox 637 852 913 907; x_wconf 82' lang='lat' dir='ltr'><strong>Christum</strong></span> <span class='ocrx_word' id='word_1_44' title='bbox 970 852 1207 922; x_wconf 86' lang='lat' dir='ltr'><strong>respicit,</strong></span> <span class='ocrx_word' id='word_1_45' title='bbox 1259 851 1325 907; x_wconf 88' lang='lat' dir='ltr'><strong>de</strong></span> <span class='ocrx_word' id='word_1_46' title='bbox 1370 864 1477 923; x_wconf 91' lang='lat' dir='ltr'><strong>quo</strong></span> <span class='ocrx_word' id='word_1_47' title='bbox 1524 849 1664 905; x_wconf 91' lang='lat' dir='ltr'><strong>scri-</strong></span> 
     </span>
    </p>
   </div>
   <div class='ocr_carea' id='block_1_8' title="bbox 64 939 1667 1015">
    <p class='ocr_par' dir='ltr' id='par_1_8' title="bbox 64 939 1667 1015">
     <span class='ocr_line' id='line_1_8' title="bbox 64 939 1667 1015; baseline -0.002 -16"><span class='ocrx_word' id='word_1_48' title='bbox 64 956 235 1015; x_wconf 88' lang='lat' dir='ltr'><strong>ptum</strong></span> <span class='ocrx_word' id='word_1_49' title='bbox 262 957 385 1001; x_wconf 86' lang='lat' dir='ltr'><strong>est:</strong></span> <span class='ocrx_word' id='word_1_50' title='bbox 425 965 443 997; x_wconf 76' lang='grc' dir='ltr'><strong>ι</strong></span> <span class='ocrx_word' id='word_1_51' title='bbox 480 945 623 1000; x_wconf 83' lang='lat' dir='ltr'><strong>Ecce</strong></span> <span class='ocrx_word' id='word_1_52' title='bbox 646 946 726 999; x_wconf 91' lang='lat' dir='ltr'><strong>vir</strong></span> <span class='ocrx_word' id='word_1_53' title='bbox 750 946 931 999; x_wconf 86' lang='lat' dir='ltr'><strong>oriens</strong></span> <span class='ocrx_word' id='word_1_54' title='bbox 982 960 1176 999; x_wconf 85' lang='lat' dir='ltr'><strong>nomen</strong></span> <span class='ocrx_word' id='word_1_55' title='bbox 1232 944 1371 1015; x_wconf 82' lang='lat' dir='ltr'><strong>ejus.</strong></span> <span class='ocrx_word' id='word_1_56' title='bbox 1406 964 1425 997; x_wconf 80' lang='grc' dir='ltr'><strong>ι</strong></span> <span class='ocrx_word' id='word_1_57' title='bbox 1458 939 1667 999; x_wconf 87' lang='lat' dir='ltr'><strong>Dormit</strong></span> 
     </span>
    </p>
   </div>
   <div class='ocr_carea' id='block_1_9' title="bbox 62 1033 1667 1106">
    <p class='ocr_par' dir='ltr' id='par_1_9' title="bbox 62 1033 1667 1106">
     <span class='ocr_line' id='line_1_9' title="bbox 62 1033 1667 1106; baseline -0.001 -15"><span class='ocrx_word' id='word_1_58' title='bbox 62 1047 389 1092; x_wconf 88' lang='lat' dir='ltr'><strong>concentus</strong></span> <span class='ocrx_word' id='word_1_59' title='bbox 442 1036 528 1091; x_wconf 88' lang='lat' dir='ltr'><strong>ille</strong></span> <span class='ocrx_word' id='word_1_60' title='bbox 549 1036 965 1099; x_wconf 70' lang='lat' dir='ltr'><strong>cmlestis,dum</strong></span> <span class='ocrx_word' id='word_1_61' title='bbox 1020 1037 1073 1090; x_wconf 93' lang='lat' dir='ltr'><strong>in</strong></span> <span class='ocrx_word' id='word_1_62' title='bbox 1100 1035 1490 1106; x_wconf 87' lang='lat' dir='ltr'><strong>tranquillitate</strong></span> <span class='ocrx_word' id='word_1_63' title='bbox 1512 1033 1667 1105; x_wconf 81' lang='lat' dir='ltr'><strong>pacis</strong></span> 
     </span>
    </p>
   </div>
   <div class='ocr_carea' id='block_1_10' title="bbox 63 1126 1661 1201">
    <p class='ocr_par' dir='ltr' id='par_1_10' title="bbox 63 1126 1661 1201">
     <span class='ocr_line' id='line_1_10' title="bbox 63 1126 1661 1201; baseline -0.001 -21"><span class='ocrx_word' id='word_1_64' title='bbox 63 1135 287 1182; x_wconf 78' lang='lat' dir='ltr'><strong>nostra:</strong></span> <span class='ocrx_word' id='word_1_65' title='bbox 324 1128 629 1198; x_wconf 84' lang='lat' dir='ltr'><strong>spiritualcs</strong></span> <span class='ocrx_word' id='word_1_66' title='bbox 652 1128 774 1189; x_wconf 87' lang='lat' dir='ltr'><strong>viri,</strong></span> <span class='ocrx_word' id='word_1_67' title='bbox 808 1144 836 1181; x_wconf 90' lang='lat' dir='ltr'><strong>a</strong></span> <span class='ocrx_word' id='word_1_68' title='bbox 867 1128 1047 1182; x_wconf 90' lang='lat' dir='ltr'><strong>tnundi</strong></span> <span class='ocrx_word' id='word_1_69' title='bbox 1094 1127 1295 1185; x_wconf 86' lang='lat' dir='ltr'><strong>secreti</strong></span> <span class='ocrx_word' id='word_1_70' title='bbox 1324 1126 1661 1201; x_wconf 67' lang='lat' dir='ltr'><strong>tumultibus,</strong></span> 
     </span>
    </p>
   </div>
   <div class='ocr_carea' id='block_1_11' title="bbox 61 1216 1664 1289">
    <p class='ocr_par' dir='ltr' id='par_1_11' title="bbox 61 1216 1664 1289">
     <span class='ocr_line' id='line_1_11' title="bbox 61 1216 1664 1289; baseline -0.003 -16"><span class='ocrx_word' id='word_1_71' title='bbox 61 1222 313 1273; x_wconf 79' lang='lat' dir='ltr'><strong>interna:</strong></span> <span class='ocrx_word' id='word_1_72' title='bbox 336 1220 611 1289; x_wconf 77' lang='lat' dir='ltr'><strong>sapientia:</strong></span> <span class='ocrx_word' id='word_1_73' title='bbox 633 1218 894 1289; x_wconf 88' lang='lat' dir='ltr'><strong>profunda</strong></span> <span class='ocrx_word' id='word_1_74' title='bbox 920 1217 1271 1283; x_wconf 83' lang='lat' dir='ltr'><strong>meditantur,</strong></span> <span class='ocrx_word' id='word_1_75' title='bbox 1297 1216 1441 1273; x_wconf 88' lang='lat' dir='ltr'><strong>sicut</strong></span> <span class='ocrx_word' id='word_1_76' title='bbox 1468 1231 1664 1288; x_wconf 87' lang='lat' dir='ltr'><strong>sponsa</strong></span> 
     </span>
    </p>
   </div>
   <div class='ocr_carea' id='block_1_12' title="bbox 62 1306 1665 1381">
    <p class='ocr_par' dir='ltr' id='par_1_12' title="bbox 62 1306 1665 1381">
     <span class='ocr_line' id='line_1_12' title="bbox 62 1306 1665 1381; baseline -0.002 -15"><span class='ocrx_word' id='word_1_77' title='bbox 62 1314 124 1366; x_wconf 88' lang='lat' dir='ltr'><strong>in</strong></span> <span class='ocrx_word' id='word_1_78' title='bbox 159 1324 304 1366; x_wconf 83' lang='lat' dir='ltr'><strong>voce</strong></span> <span class='ocrx_word' id='word_1_79' title='bbox 330 1311 512 1365; x_wconf 86' lang='lat' dir='ltr'><strong>talium</strong></span> <span class='ocrx_word' id='word_1_80' title='bbox 540 1310 748 1381; x_wconf 90' lang='lat' dir='ltr'><strong>Sponso</strong></span> <span class='ocrx_word' id='word_1_81' title='bbox 776 1311 1063 1379; x_wconf 85' lang='lat' dir='ltr'><strong>respondet</strong></span> <span class='ocrx_word' id='word_1_82' title='bbox 1097 1311 1280 1366; x_wconf 89' lang='lat' dir='ltr'><strong>dicens</strong></span> <span class='ocrx_word' id='word_1_83' title='bbox 1306 1326 1320 1363; x_wconf 89' lang='lat'><strong>:</strong></span> <span class='ocrx_word' id='word_1_84' title='bbox 1348 1327 1366 1360; x_wconf 73' lang='grc' dir='ltr'><strong>ι</strong></span> <span class='ocrx_word' id='word_1_85' title='bbox 1396 1306 1516 1380; x_wconf 86' lang='lat' dir='ltr'><strong>Ego</strong></span> <span class='ocrx_word' id='word_1_86' title='bbox 1540 1308 1665 1364; x_wconf 90' lang='lat' dir='ltr'><strong>dor-</strong></span> 
     </span>
    </p>
   </div>
   <div class='ocr_carea' id='block_1_13' title="bbox 70 1403 907 1473">
    <p class='ocr_par' dir='ltr' id='par_1_13' title="bbox 70 1403 907 1473">
     <span class='ocr_line' id='line_1_13' title="bbox 70 1403 907 1473; baseline -0.004 -15"><span class='ocrx_word' id='word_1_87' title='bbox 70 1405 221 1468; x_wconf 84' lang='lat' dir='ltr'><strong>mio,</strong></span> <span class='ocrx_word' id='word_1_88' title='bbox 246 1414 305 1458; x_wconf 86' lang='lat' dir='ltr'><strong>et</strong></span> <span class='ocrx_word' id='word_1_89' title='bbox 332 1420 427 1458; x_wconf 90' lang='lat' dir='ltr'><strong>cor</strong></span> <span class='ocrx_word' id='word_1_90' title='bbox 447 1419 625 1457; x_wconf 91' lang='lat' dir='ltr'><strong>meum</strong></span> <span class='ocrx_word' id='word_1_91' title='bbox 658 1403 860 1473; x_wconf 78' lang='lat' dir='ltr'><strong>vigilat.</strong></span> <span class='ocrx_word' id='word_1_92' title='bbox 887 1421 907 1454; x_wconf 73' lang='grc' dir='ltr'><strong>ι</strong></span> 
     </span>
    </p>
   </div>
   <div class='ocr_carea' id='block_1_14' title="bbox 148 1491 1665 1562">
    <p class='ocr_par' dir='ltr' id='par_1_14' title="bbox 148 1491 1665 1562">
     <span class='ocr_line' id='line_1_14' title="bbox 148 1491 1665 1562; baseline -0.002 -14"><span class='ocrx_word' id='word_1_93' title='bbox 148 1496 316 1548; x_wconf 76' lang='lat' dir='ltr'><strong>Sicut</strong></span> <span class='ocrx_word' id='word_1_94' title='bbox 342 1505 518 1550; x_wconf 86' lang='lat' dir='ltr'><strong>autem</strong></span> <span class='ocrx_word' id='word_1_95' title='bbox 548 1494 825 1550; x_wconf 81' lang='lat' dir='ltr'><strong>harmonia</strong></span> <span class='ocrx_word' id='word_1_96' title='bbox 877 1492 962 1547; x_wconf 87' lang='lat' dir='ltr'><strong>illa</strong></span> <span class='ocrx_word' id='word_1_97' title='bbox 996 1492 1233 1548; x_wconf 74' lang='lat' dir='ltr'><strong>cmlestis</strong></span> <span class='ocrx_word' id='word_1_98' title='bbox 1280 1491 1434 1546; x_wconf 90' lang='lat' dir='ltr'><strong>nobis</strong></span> <span class='ocrx_word' id='word_1_99' title='bbox 1468 1491 1665 1562; x_wconf 88' lang='lat' dir='ltr'><strong>imper-</strong></span> 
     </span>
    </p>
   </div>
   <div class='ocr_carea' id='block_1_15' title="bbox 61 1584 1666 1657">
    <p class='ocr_par' dir='ltr' id='par_1_15' title="bbox 61 1584 1666 1657">
     <span class='ocr_line' id='line_1_15' title="bbox 61 1584 1666 1657; baseline -0.002 -17"><span class='ocrx_word' id='word_1_100' title='bbox 61 1586 358 1656; x_wconf 83' lang='lat' dir='ltr'><strong>ceptibilis</strong></span> <span class='ocrx_word' id='word_1_101' title='bbox 386 1597 492 1651; x_wconf 90' lang='lat' dir='ltr'><strong>est,</strong></span> <span class='ocrx_word' id='word_1_102' title='bbox 519 1586 901 1657; x_wconf 81' lang='lat' dir='ltr'><strong>distinguibilis</strong></span> <span class='ocrx_word' id='word_1_103' title='bbox 932 1594 1109 1639; x_wconf 88' lang='lat' dir='ltr'><strong>autem</strong></span> <span class='ocrx_word' id='word_1_104' title='bbox 1136 1593 1191 1637; x_wconf 89' lang='lat' dir='ltr'><strong>et</strong></span> <span class='ocrx_word' id='word_1_105' title='bbox 1219 1584 1390 1638; x_wconf 90' lang='lat' dir='ltr'><strong>dulcis</strong></span> <span class='ocrx_word' id='word_1_106' title='bbox 1419 1596 1666 1653; x_wconf 66' lang='lat' dir='ltr'><strong>supernae</strong></span> 
     </span>
    </p>
   </div>
   <div class='ocr_carea' id='block_1_16' title="bbox 64 1674 1661 1749">
    <p class='ocr_par' dir='ltr' id='par_1_16' title="bbox 64 1674 1661 1749">
     <span class='ocr_line' id='line_1_16' title="bbox 64 1674 1661 1749; baseline -0.003 -16"><span class='ocrx_word' id='word_1_107' title='bbox 64 1678 321 1749; x_wconf 82' lang='lat' dir='ltr'><strong>regioni,</strong></span> <span class='ocrx_word' id='word_1_108' title='bbox 347 1678 428 1733; x_wconf 91' lang='lat' dir='ltr'><strong>sic</strong></span> <span class='ocrx_word' id='word_1_109' title='bbox 447 1688 504 1733; x_wconf 88' lang='lat' dir='ltr'><strong>et</strong></span> <span class='ocrx_word' id='word_1_110' title='bbox 523 1677 842 1733; x_wconf 71' lang='lat' dir='ltr'><strong>Christiana:</strong></span> <span class='ocrx_word' id='word_1_111' title='bbox 865 1674 1146 1732; x_wconf 85' lang='lat' dir='ltr'><strong>societatis</strong></span> <span class='ocrx_word' id='word_1_112' title='bbox 1165 1674 1499 1745; x_wconf 90' lang='lat' dir='ltr'><strong>spiritualem</strong></span> <span class='ocrx_word' id='word_1_113' title='bbox 1530 1689 1661 1729; x_wconf 85' lang='lat' dir='ltr'><strong>con-</strong></span> 
     </span>
    </p>
   </div>
   <div class='ocr_carea' id='block_1_17' title="bbox 67 1740 1736 1837">
    <p class='ocr_par' dir='ltr' id='par_1_17' title="bbox 67 1740 1736 1837">
     <span class='ocr_line' id='line_1_17' title="bbox 67 1740 1736 1837; baseline -0.004 -13"><span class='ocrx_word' id='word_1_114' title='bbox 67 1740 375 1824; x_wconf 57' lang='lat' dir='ltr'><strong>tirientiam</strong></span> <span class='ocrx_word' id='word_1_115' title='bbox 425 1768 673 1823; x_wconf 83' lang='lat' dir='ltr'><strong>homines</strong></span> <span class='ocrx_word' id='word_1_116' title='bbox 726 1766 1027 1822; x_wconf 90' lang='lat' dir='ltr'><strong>mundiales</strong></span> <span class='ocrx_word' id='word_1_117' title='bbox 1075 1758 1345 1837; x_wconf 88' lang='lat' dir='ltr'><strong>ignorant,</strong></span> <span class='ocrx_word' id='word_1_118' title='bbox 1378 1762 1651 1836; x_wconf 88' lang='lat' dir='ltr'><strong>(animalis</strong></span> <span class='ocrx_word' id='word_1_119' title='bbox 1692 1740 1736 1800; x_wconf 79' lang='grc' dir='ltr'><strong>Β</strong></span> 
     </span>
    </p>
   </div>
   <div class='ocr_carea' id='block_1_18' title="bbox 60 1857 1662 1931">
    <p class='ocr_par' dir='ltr' id='par_1_18' title="bbox 60 1857 1662 1931">
     <span class='ocr_line' id='line_1_18' title="bbox 60 1857 1662 1931; baseline -0.005 -12"><span class='ocrx_word' id='word_1_120' title='bbox 60 1862 223 1919; x_wconf 88' lang='lat' dir='ltr'><strong>enim</strong></span> <span class='ocrx_word' id='word_1_121' title='bbox 250 1862 416 1917; x_wconf 85' lang='lat' dir='ltr'><strong>homo</strong></span> <span class='ocrx_word' id='word_1_122' title='bbox 444 1876 550 1916; x_wconf 89' lang='lat' dir='ltr'><strong>non</strong></span> <span class='ocrx_word' id='word_1_123' title='bbox 580 1861 807 1931; x_wconf 87' lang='lat' dir='ltr'><strong>percipit</strong></span> <span class='ocrx_word' id='word_1_124' title='bbox 833 1874 895 1915; x_wconf 88' lang='lat' dir='ltr'><strong>ea</strong></span> <span class='ocrx_word' id='word_1_125' title='bbox 936 1874 1055 1929; x_wconf 75' lang='lat' dir='ltr'><strong>quae</strong></span> <span class='ocrx_word' id='word_1_126' title='bbox 1075 1868 1201 1914; x_wconf 91' lang='lat' dir='ltr'><strong>sunt</strong></span> <span class='ocrx_word' id='word_1_127' title='bbox 1219 1857 1461 1929; x_wconf 87' lang='lat' dir='ltr'><strong>spiritus)</strong></span> <span class='ocrx_word' id='word_1_128' title='bbox 1500 1870 1662 1928; x_wconf 88' lang='lat' dir='ltr'><strong>quam</strong></span> 
     </span>
    </p>
   </div>
   <div class='ocr_carea' id='block_1_19' title="bbox 63 1949 1665 2025">
    <p class='ocr_par' dir='ltr' id='par_1_19' title="bbox 63 1949 1665 2025">
     <span class='ocr_line' id='line_1_19' title="bbox 63 1949 1665 2025; baseline -0.006 -13"><span class='ocrx_word' id='word_1_129' title='bbox 63 1968 270 2012; x_wconf 85' lang='lat' dir='ltr'><strong>tamen</strong></span> <span class='ocrx_word' id='word_1_130' title='bbox 298 1955 515 2025; x_wconf 86' lang='lat' dir='ltr'><strong>superni</strong></span> <span class='ocrx_word' id='word_1_131' title='bbox 538 1954 706 2019; x_wconf 90' lang='lat' dir='ltr'><strong>cives,</strong></span> <span class='ocrx_word' id='word_1_132' title='bbox 737 1954 840 2009; x_wconf 93' lang='lat' dir='ltr'><strong>hoc</strong></span> <span class='ocrx_word' id='word_1_133' title='bbox 869 1962 974 2017; x_wconf 90' lang='lat' dir='ltr'><strong>est,</strong></span> <span class='ocrx_word' id='word_1_134' title='bbox 1001 1951 1177 2022; x_wconf 83' lang='lat' dir='ltr'><strong>angeli</strong></span> <span class='ocrx_word' id='word_1_135' title='bbox 1215 1949 1522 2006; x_wconf 90' lang='lat' dir='ltr'><strong>distinctius</strong></span> <span class='ocrx_word' id='word_1_136' title='bbox 1567 1963 1665 2002; x_wconf 83' lang='lat' dir='ltr'><strong>no-</strong></span> 
     </span>
    </p>
   </div>
   <div class='ocr_carea' id='block_1_20' title="bbox 68 2040 1662 2115">
    <p class='ocr_par' dir='ltr' id='par_1_20' title="bbox 68 2040 1662 2115">
     <span class='ocr_line' id='line_1_20' title="bbox 68 2040 1662 2115; baseline -0.006 -12"><span class='ocrx_word' id='word_1_137' title='bbox 68 2057 222 2112; x_wconf 84' lang='lat' dir='ltr'><strong>tant,</strong></span> <span class='ocrx_word' id='word_1_138' title='bbox 253 2060 482 2115; x_wconf 85' lang='lat' dir='ltr'><strong>eamque</strong></span> <span class='ocrx_word' id='word_1_139' title='bbox 514 2044 664 2099; x_wconf 90' lang='lat' dir='ltr'><strong>velut</strong></span> <span class='ocrx_word' id='word_1_140' title='bbox 720 2044 1009 2113; x_wconf 78' lang='lat' dir='ltr'><strong>quamdam</strong></span> <span class='ocrx_word' id='word_1_141' title='bbox 1042 2042 1216 2097; x_wconf 87' lang='lat' dir='ltr'><strong>dulcis</strong></span> <span class='ocrx_word' id='word_1_142' title='bbox 1256 2040 1513 2095; x_wconf 87' lang='lat' dir='ltr'><strong>carminis</strong></span> <span class='ocrx_word' id='word_1_143' title='bbox 1543 2052 1662 2093; x_wconf 83' lang='lat' dir='ltr'><strong>mo-</strong></span> 
     </span>
    </p>
   </div>
   <div class='ocr_carea' id='block_1_21' title="bbox 64 2130 1664 2205">
    <p class='ocr_par' dir='ltr' id='par_1_21' title="bbox 64 2130 1664 2205">
     <span class='ocr_line' id='line_1_21' title="bbox 64 2130 1664 2205; baseline -0.006 -11"><span class='ocrx_word' id='word_1_144' title='bbox 64 2139 380 2196; x_wconf 87' lang='lat' dir='ltr'><strong>dulautiam</strong></span> <span class='ocrx_word' id='word_1_145' title='bbox 411 2146 576 2205; x_wconf 70' lang='lat' dir='ltr'><strong>grata:</strong></span> <span class='ocrx_word' id='word_1_146' title='bbox 605 2134 932 2204; x_wconf 88' lang='lat' dir='ltr'><strong>acceptiouis</strong></span> <span class='ocrx_word' id='word_1_147' title='bbox 970 2134 1191 2188; x_wconf 88' lang='lat' dir='ltr'><strong>auribus</strong></span> <span class='ocrx_word' id='word_1_148' title='bbox 1220 2130 1531 2203; x_wconf 87' lang='lat' dir='ltr'><strong>auscultant</strong></span> <span class='ocrx_word' id='word_1_149' title='bbox 1558 2140 1664 2186; x_wconf 85' lang='grc' dir='ltr'>εε-</span> 
     </span>
    </p>
   </div>
   <div class='ocr_carea' id='block_1_22' title="bbox 65 2223 1658 2286">
    <p class='ocr_par' dir='ltr' id='par_1_22' title="bbox 65 2223 1658 2286">
     <span class='ocr_line' id='line_1_22' title="bbox 65 2223 1658 2286; baseline -0.005 -1"><span class='ocrx_word' id='word_1_150' title='bbox 65 2230 323 2286; x_wconf 88' lang='lat' dir='ltr'><strong>cundum</strong></span> <span class='ocrx_word' id='word_1_151' title='bbox 382 2228 509 2282; x_wconf 88' lang='lat' dir='ltr'><strong>illud</strong></span> <span class='ocrx_word' id='word_1_152' title='bbox 561 2226 768 2282; x_wconf 91' lang='lat' dir='ltr'><strong>Cantici</strong></span> <span class='ocrx_word' id='word_1_153' title='bbox 816 2226 1152 2282; x_wconf 85' lang='lat' dir='ltr'><strong>canticorum</strong></span> <span class='ocrx_word' id='word_1_154' title='bbox 1198 2225 1265 2280; x_wconf 91' lang='lat' dir='ltr'><strong>ad</strong></span> <span class='ocrx_word' id='word_1_155' title='bbox 1312 2223 1658 2279; x_wconf 74' lang='lat' dir='ltr'><strong>Ecclesium:</strong></span> 
     </span>
    </p>
   </div>
   <div class='ocr_carea' id='block_1_23' title="bbox 69 2313 1661 2390">
    <p class='ocr_par' dir='ltr' id='par_1_23' title="bbox 69 2313 1661 2390">
     <span class='ocr_line' id='line_1_23' title="bbox 69 2313 1661 2390; baseline -0.004 -15"><span class='ocrx_word' id='word_1_156' title='bbox 69 2343 89 2375; x_wconf 73' lang='grc' dir='ltr'><strong>ι</strong></span> <span class='ocrx_word' id='word_1_157' title='bbox 131 2322 277 2390; x_wconf 65' lang='lat' dir='ltr'><strong>Quae</strong></span> <span class='ocrx_word' id='word_1_158' title='bbox 302 2320 511 2376; x_wconf 87' lang='lat' dir='ltr'><strong>habitas</strong></span> <span class='ocrx_word' id='word_1_159' title='bbox 532 2319 584 2375; x_wconf 93' lang='lat' dir='ltr'><strong>in</strong></span> <span class='ocrx_word' id='word_1_160' title='bbox 622 2318 814 2384; x_wconf 89' lang='lat' dir='ltr'><strong>hortis,</strong></span> <span class='ocrx_word' id='word_1_161' title='bbox 861 2318 1019 2373; x_wconf 87' lang='lat' dir='ltr'><strong>amici</strong></span> <span class='ocrx_word' id='word_1_162' title='bbox 1065 2316 1371 2372; x_wconf 88' lang='lat' dir='ltr'><strong>auscultant</strong></span> <span class='ocrx_word' id='word_1_163' title='bbox 1403 2324 1476 2379; x_wconf 90' lang='lat' dir='ltr'><strong>te,</strong></span> <span class='ocrx_word' id='word_1_164' title='bbox 1522 2331 1541 2365; x_wconf 73' lang='grc' dir='ltr'><strong>ι</strong></span> <span class='ocrx_word' id='word_1_165' title='bbox 1580 2313 1661 2368; x_wconf 86' lang='lat' dir='ltr'><strong>di-</strong></span> 
     </span>
    </p>
   </div>
   <div class='ocr_carea' id='block_1_24' title="bbox 60 2403 1660 2481">
    <p class='ocr_par' dir='ltr' id='par_1_24' title="bbox 60 2403 1660 2481">
     <span class='ocr_line' id='line_1_24' title="bbox 60 2403 1660 2481; baseline -0.005 -15"><span class='ocrx_word' id='word_1_166' title='bbox 60 2421 266 2467; x_wconf 85' lang='lat' dir='ltr'><strong>centes</strong></span> <span class='ocrx_word' id='word_1_167' title='bbox 290 2410 486 2481; x_wconf 78' lang='lat' dir='ltr'><strong>singuli</strong></span> <span class='ocrx_word' id='word_1_168' title='bbox 516 2426 530 2464; x_wconf 88' lang='lat'><strong>:</strong></span> <span class='ocrx_word' id='word_1_169' title='bbox 578 2427 598 2460; x_wconf 76' lang='grc' dir='ltr'><strong>ι</strong></span> <span class='ocrx_word' id='word_1_170' title='bbox 630 2408 741 2464; x_wconf 86' lang='lat' dir='ltr'><strong>Fac</strong></span> <span class='ocrx_word' id='word_1_171' title='bbox 772 2422 857 2464; x_wconf 88' lang='lat' dir='ltr'><strong>me</strong></span> <span class='ocrx_word' id='word_1_172' title='bbox 882 2407 1071 2463; x_wconf 90' lang='lat' dir='ltr'><strong>audire</strong></span> <span class='ocrx_word' id='word_1_173' title='bbox 1096 2421 1284 2463; x_wconf 89' lang='lat' dir='ltr'><strong>vocem</strong></span> <span class='ocrx_word' id='word_1_174' title='bbox 1311 2416 1478 2460; x_wconf 90' lang='lat' dir='ltr'><strong>tuam.</strong></span> <span class='ocrx_word' id='word_1_175' title='bbox 1503 2424 1522 2458; x_wconf 84' lang='grc'><strong>›</strong></span> <span class='ocrx_word' id='word_1_176' title='bbox 1558 2403 1660 2459; x_wconf 89' lang='lat' dir='ltr'><strong>Ubi</strong></span> 
     </span>
    </p>
   </div>
   <div class='ocr_carea' id='block_1_25' title="bbox 63 2494 1661 2569">
    <p class='ocr_par' dir='ltr' id='par_1_25' title="bbox 63 2494 1661 2569">
     <span class='ocr_line' id='line_1_25' title="bbox 63 2494 1661 2569; baseline -0.005 -12"><span class='ocrx_word' id='word_1_177' title='bbox 63 2501 307 2565; x_wconf 84' lang='lat' dir='ltr'><strong>nomine</strong></span> <span class='ocrx_word' id='word_1_178' title='bbox 355 2500 657 2555; x_wconf 89' lang='lat' dir='ltr'><strong>amicorum</strong></span> <span class='ocrx_word' id='word_1_179' title='bbox 705 2498 926 2569; x_wconf 83' lang='lat' dir='ltr'><strong>spiritus</strong></span> <span class='ocrx_word' id='word_1_180' title='bbox 969 2496 1219 2553; x_wconf 81' lang='lat' dir='ltr'><strong>caelestes</strong></span> <span class='ocrx_word' id='word_1_181' title='bbox 1268 2495 1558 2566; x_wconf 81' lang='lat' dir='ltr'><strong>intelligas,</strong></span> <span class='ocrx_word' id='word_1_182' title='bbox 1594 2494 1661 2549; x_wconf 88' lang='lat' dir='ltr'><strong>de</strong></span> 
     </span>
    </p>
   </div>
   <div class='ocr_carea' id='block_1_26' title="bbox 58 2588 1660 2671">
    <p class='ocr_par' dir='ltr' id='par_1_26' title="bbox 58 2588 1660 2671">
     <span class='ocr_line' id='line_1_26' title="bbox 58 2588 1660 2671; baseline -0.006 -18"><span class='ocrx_word' id='word_1_183' title='bbox 58 2597 283 2671; x_wconf 88' lang='lat' dir='ltr'><strong>quibus</strong></span> <span class='ocrx_word' id='word_1_184' title='bbox 314 2594 692 2665; x_wconf 86' lang='lat' dir='ltr'><strong>inEvangelio</strong></span> <span class='ocrx_word' id='word_1_185' title='bbox 718 2592 919 2648; x_wconf 87' lang='lat' dir='ltr'><strong>mentio</strong></span> <span class='ocrx_word' id='word_1_186' title='bbox 970 2592 1222 2656; x_wconf 87' lang='lat' dir='ltr'><strong>habetur,</strong></span> <span class='ocrx_word' id='word_1_187' title='bbox 1279 2589 1405 2660; x_wconf 88' lang='lat' dir='ltr'><strong>quia</strong></span> <span class='ocrx_word' id='word_1_188' title='bbox 1452 2588 1660 2644; x_wconf 87' lang='lat' dir='ltr'><strong>scilicet</strong></span> 
     </span>
    </p>
   </div>
   <div class='ocr_carea' id='block_1_27' title="bbox 60 2682 1659 2760">
    <p class='ocr_par' dir='ltr' id='par_1_27' title="bbox 60 2682 1659 2760">
     <span class='ocr_line' id='line_1_27' title="bbox 60 2682 1659 2760; baseline -0.008 -15"><span class='ocrx_word' id='word_1_189' title='bbox 60 2702 202 2745; x_wconf 72' lang='lat' dir='ltr'><strong>eum</strong></span> <span class='ocrx_word' id='word_1_190' title='bbox 233 2697 435 2760; x_wconf 87' lang='lat' dir='ltr'><strong>pastor</strong></span> <span class='ocrx_word' id='word_1_191' title='bbox 455 2702 611 2741; x_wconf 89' lang='lat' dir='ltr'><strong>ovem</strong></span> <span class='ocrx_word' id='word_1_192' title='bbox 663 2684 887 2750; x_wconf 84' lang='lat' dir='ltr'><strong>invenit,</strong></span> <span class='ocrx_word' id='word_1_193' title='bbox 924 2702 942 2735; x_wconf 69' lang='grc' dir='ltr'><strong>ι</strong></span> <span class='ocrx_word' id='word_1_194' title='bbox 976 2682 1201 2739; x_wconf 79' lang='lat' dir='ltr'><strong>veniens</strong></span> <span class='ocrx_word' id='word_1_195' title='bbox 1221 2682 1438 2736; x_wconf 92' lang='lat' dir='ltr'><strong>domum</strong></span> <span class='ocrx_word' id='word_1_196' title='bbox 1462 2695 1659 2735; x_wconf 88' lang='lat' dir='ltr'><strong>convo-</strong></span> 
     </span>
    </p>
   </div>
   <div class='ocr_carea' id='block_1_28' title="bbox 56 2769 1655 2844">
    <p class='ocr_par' dir='ltr' id='par_1_28' title="bbox 56 2769 1655 2844">
     <span class='ocr_line' id='line_1_28' title="bbox 56 2769 1655 2844; baseline -0.007 -10"><span class='ocrx_word' id='word_1_197' title='bbox 56 2790 156 2834; x_wconf 85' lang='lat' dir='ltr'><strong>cat</strong></span> <span class='ocrx_word' id='word_1_198' title='bbox 185 2778 409 2832; x_wconf 89' lang='lat' dir='ltr'><strong>amicos</strong></span> <span class='ocrx_word' id='word_1_199' title='bbox 428 2786 485 2831; x_wconf 93' lang='lat' dir='ltr'><strong>et</strong></span> <span class='ocrx_word' id='word_1_200' title='bbox 512 2775 717 2831; x_wconf 88' lang='lat' dir='ltr'><strong>vicinos</strong></span> <span class='ocrx_word' id='word_1_201' title='bbox 740 2774 929 2832; x_wconf 85' lang='lat' dir='ltr'><strong>dicens</strong></span> <span class='ocrx_word' id='word_1_202' title='bbox 953 2787 968 2827; x_wconf 92' lang='lat'><strong>:</strong></span> <span class='ocrx_word' id='word_1_203' title='bbox 1007 2770 1474 2844; x_wconf 87' lang='lat' dir='ltr'><strong>Congratulamini</strong></span> <span class='ocrx_word' id='word_1_204' title='bbox 1502 2769 1655 2836; x_wconf 91' lang='lat' dir='ltr'><strong>mihi,</strong></span> 
     </span>
    </p>
   </div>
   <div class='ocr_carea' id='block_1_29' title="bbox 60 2866 1227 2942">
    <p class='ocr_par' dir='ltr' id='par_1_29' title="bbox 60 2866 1227 2942">
     <span class='ocr_line' id='line_1_29' title="bbox 60 2866 1227 2942; baseline -0.008 -18"><span class='ocrx_word' id='word_1_205' title='bbox 60 2872 195 2942; x_wconf 83' lang='lat' dir='ltr'><strong>quia</strong></span> <span class='ocrx_word' id='word_1_206' title='bbox 228 2868 418 2924; x_wconf 84' lang='lat' dir='ltr'><strong>inveni</strong></span> <span class='ocrx_word' id='word_1_207' title='bbox 450 2880 605 2922; x_wconf 88' lang='lat' dir='ltr'><strong>ovem</strong></span> <span class='ocrx_word' id='word_1_208' title='bbox 637 2880 976 2935; x_wconf 88' lang='lat' dir='ltr'><strong>meam,quae</strong></span> <span class='ocrx_word' id='word_1_209' title='bbox 996 2866 1180 2935; x_wconf 86' lang='lat' dir='ltr'><strong>periit.</strong></span> <span class='ocrx_word' id='word_1_210' title='bbox 1207 2883 1227 2915; x_wconf 73' lang='grc' dir='ltr'><strong>ι</strong></span> 
     </span>
    </p>
   </div>
   <div class='ocr_carea' id='block_1_30' title="bbox 140 2954 1655 3030">
    <p class='ocr_par' dir='ltr' id='par_1_30' title="bbox 140 2954 1655 3030">
     <span class='ocr_line' id='line_1_30' title="bbox 140 2954 1655 3030; baseline -0.005 -12"><span class='ocrx_word' id='word_1_211' title='bbox 140 2961 397 3030; x_wconf 90' lang='lat' dir='ltr'><strong>Denique</strong></span> <span class='ocrx_word' id='word_1_212' title='bbox 423 2959 568 3015; x_wconf 92' lang='lat' dir='ltr'><strong>sicut</strong></span> <span class='ocrx_word' id='word_1_213' title='bbox 594 2958 799 3029; x_wconf 77' lang='lat' dir='ltr'><strong>angelis</strong></span> <span class='ocrx_word' id='word_1_214' title='bbox 828 2957 1115 3013; x_wconf 87' lang='lat' dir='ltr'><strong>concordia</strong></span> <span class='ocrx_word' id='word_1_215' title='bbox 1167 2954 1541 3012; x_wconf 88' lang='lat' dir='ltr'><strong>ecclesiastica</strong></span> <span class='ocrx_word' id='word_1_216' title='bbox 1572 2963 1655 3010; x_wconf 89' lang='lat' dir='ltr'><strong>est</strong></span> 
     </span>
    </p>
   </div>
   <div class='ocr_carea' id='block_1_31' title="bbox 66 3045 1722 3144">
    <p class='ocr_par' dir='ltr' id='par_1_31' title="bbox 66 3045 1722 3144">
     <span class='ocr_line' id='line_1_31' title="bbox 66 3045 1722 3144; baseline -0.007 -35"><span class='ocrx_word' id='word_1_217' title='bbox 66 3064 258 3125; x_wconf 87' lang='lat' dir='ltr'><strong>grata,</strong></span> <span class='ocrx_word' id='word_1_218' title='bbox 330 3052 403 3106; x_wconf 87' lang='lat' dir='ltr'><strong>ita</strong></span> <span class='ocrx_word' id='word_1_219' title='bbox 445 3050 796 3113; x_wconf 62' lang='lat' dir='ltr'><strong>daemonibus,</strong></span> <span class='ocrx_word' id='word_1_220' title='bbox 834 3059 895 3103; x_wconf 90' lang='lat' dir='ltr'><strong>ut</strong></span> <span class='ocrx_word' id='word_1_221' title='bbox 941 3047 1358 3119; x_wconf 62' lang='lat' dir='ltr'><strong>praelihavimus,</strong></span> <span class='ocrx_word' id='word_1_222' title='bbox 1393 3045 1652 3100; x_wconf 79' lang='lat' dir='ltr'><strong>formido-</strong></span> <span class='ocrx_word' id='word_1_223' title='bbox 1680 3085 1722 3144; x_wconf 75' lang='lat' dir='ltr'><strong>C</strong></span> 
     </span>
    </p>
   </div>
   <div class='ocr_carea' id='block_1_32' title="bbox 67 3138 1654 3215">
    <p class='ocr_par' dir='ltr' id='par_1_32' title="bbox 67 3138 1654 3215">
     <span class='ocr_line' id='line_1_32' title="bbox 67 3138 1654 3215; baseline -0.008 -13"><span class='ocrx_word' id='word_1_224' title='bbox 67 3147 209 3202; x_wconf 87' lang='lat' dir='ltr'><strong>losa.</strong></span> <span class='ocrx_word' id='word_1_225' title='bbox 242 3144 404 3199; x_wconf 86' lang='lat' dir='ltr'><strong>Sicut</strong></span> <span class='ocrx_word' id='word_1_226' title='bbox 424 3141 567 3197; x_wconf 90' lang='lat' dir='ltr'><strong>enim</strong></span> <span class='ocrx_word' id='word_1_227' title='bbox 594 3140 960 3196; x_wconf 80' lang='lat' dir='ltr'><strong>Romanorum</strong></span> <span class='ocrx_word' id='word_1_228' title='bbox 1001 3149 1305 3215; x_wconf 89' lang='lat' dir='ltr'><strong>castrorum</strong></span> <span class='ocrx_word' id='word_1_229' title='bbox 1351 3138 1498 3194; x_wconf 88' lang='lat' dir='ltr'><strong>acies</strong></span> <span class='ocrx_word' id='word_1_230' title='bbox 1528 3148 1654 3191; x_wconf 86' lang='lat' dir='ltr'><strong>tunc</strong></span> 
     </span>
    </p>
   </div>
   <div class='ocr_carea' id='block_1_33' title="bbox 70 3234 1654 3307">
    <p class='ocr_par' dir='ltr' id='par_1_33' title="bbox 70 3234 1654 3307">
     <span class='ocr_line' id='line_1_33' title="bbox 70 3234 1654 3307; baseline -0.006 -11"><span class='ocrx_word' id='word_1_231' title='bbox 70 3241 242 3297; x_wconf 79' lang='lat' dir='ltr'><strong>ﬁebat</strong></span> <span class='ocrx_word' id='word_1_232' title='bbox 269 3238 512 3293; x_wconf 90' lang='lat' dir='ltr'><strong>inimicis</strong></span> <span class='ocrx_word' id='word_1_233' title='bbox 539 3236 820 3301; x_wconf 89' lang='lat' dir='ltr'><strong>terribilis,</strong></span> <span class='ocrx_word' id='word_1_234' title='bbox 850 3237 1063 3307; x_wconf 86' lang='lat' dir='ltr'><strong>quando</strong></span> <span class='ocrx_word' id='word_1_235' title='bbox 1115 3250 1235 3306; x_wconf 77' lang='lat' dir='ltr'><strong>quae</strong></span> <span class='ocrx_word' id='word_1_236' title='bbox 1283 3234 1436 3305; x_wconf 89' lang='lat' dir='ltr'><strong>prius</strong></span> <span class='ocrx_word' id='word_1_237' title='bbox 1484 3234 1654 3288; x_wconf 90' lang='lat' dir='ltr'><strong>divisa</strong></span> 
     </span>
    </p>
   </div>
   <div class='ocr_carea' id='block_1_34' title="bbox 65 3328 1653 3406">
    <p class='ocr_par' dir='ltr' id='par_1_34' title="bbox 65 3328 1653 3406">
     <span class='ocr_line' id='line_1_34' title="bbox 65 3328 1653 3406; baseline -0.006 -16"><span class='ocrx_word' id='word_1_238' title='bbox 65 3348 171 3406; x_wconf 89' lang='lat' dir='ltr'><strong>per</strong></span> <span class='ocrx_word' id='word_1_239' title='bbox 200 3333 392 3404; x_wconf 89' lang='lat' dir='ltr'><strong>plures</strong></span> <span class='ocrx_word' id='word_1_240' title='bbox 428 3332 703 3403; x_wconf 80' lang='lat' dir='ltr'><strong>pugnabat</strong></span> <span class='ocrx_word' id='word_1_241' title='bbox 732 3331 969 3397; x_wconf 89' lang='lat' dir='ltr'><strong>ordines,</strong></span> <span class='ocrx_word' id='word_1_242' title='bbox 1002 3339 1191 3400; x_wconf 87' lang='lat' dir='ltr'><strong>postea</strong></span> <span class='ocrx_word' id='word_1_243' title='bbox 1238 3328 1446 3398; x_wconf 88' lang='lat' dir='ltr'><strong>junctis</strong></span> <span class='ocrx_word' id='word_1_244' title='bbox 1468 3328 1653 3383; x_wconf 89' lang='lat' dir='ltr'><strong>corni-</strong></span> 
     </span>
    </p>
   </div>
   <div class='ocr_carea' id='block_1_35' title="bbox 69 3419 1651 3493">
    <p class='ocr_par' dir='ltr' id='par_1_35' title="bbox 69 3419 1651 3493">
     <span class='ocr_line' id='line_1_35' title="bbox 69 3419 1651 3493; baseline -0.003 -15"><span class='ocrx_word' id='word_1_245' title='bbox 69 3424 173 3478; x_wconf 87' lang='lat' dir='ltr'><strong>bus</strong></span> <span class='ocrx_word' id='word_1_246' title='bbox 200 3423 466 3493; x_wconf 82' lang='lat' dir='ltr'><strong>impetum</strong></span> <span class='ocrx_word' id='word_1_247' title='bbox 492 3421 742 3491; x_wconf 80' lang='lat' dir='ltr'><strong>mittebat</strong></span> <span class='ocrx_word' id='word_1_248' title='bbox 769 3421 822 3477; x_wconf 90' lang='lat' dir='ltr'><strong>in</strong></span> <span class='ocrx_word' id='word_1_249' title='bbox 846 3423 1032 3478; x_wconf 86' lang='lat' dir='ltr'><strong>hostes</strong></span> <span class='ocrx_word' id='word_1_250' title='bbox 1058 3436 1073 3485; x_wconf 88' lang='lat'><strong>;</strong></span> <span class='ocrx_word' id='word_1_251' title='bbox 1104 3420 1183 3477; x_wconf 90' lang='lat' dir='ltr'><strong>sic</strong></span> <span class='ocrx_word' id='word_1_252' title='bbox 1221 3419 1478 3477; x_wconf 89' lang='lat' dir='ltr'><strong>nimirum</strong></span> <span class='ocrx_word' id='word_1_253' title='bbox 1523 3419 1651 3476; x_wconf 88' lang='lat' dir='ltr'><strong>etin</strong></span> 
     </span>
    </p>
   </div>
   <div class='ocr_carea' id='block_1_36' title="bbox 68 3514 1654 3586">
    <p class='ocr_par' dir='ltr' id='par_1_36' title="bbox 68 3514 1654 3586">
     <span class='ocr_line' id='line_1_36' title="bbox 68 3514 1654 3586; baseline -0.002 -17"><span class='ocrx_word' id='word_1_254' title='bbox 68 3514 399 3570; x_wconf 81' lang='lat' dir='ltr'><strong>Christianae</strong></span> <span class='ocrx_word' id='word_1_255' title='bbox 433 3514 638 3570; x_wconf 78' lang='lat' dir='ltr'><strong>militia:</strong></span> <span class='ocrx_word' id='word_1_256' title='bbox 682 3514 948 3586; x_wconf 67' lang='lat' dir='ltr'><strong>praesidiis</strong></span> <span class='ocrx_word' id='word_1_257' title='bbox 994 3514 1077 3585; x_wconf 88' lang='lat' dir='ltr'><strong>agi</strong></span> <span class='ocrx_word' id='word_1_258' title='bbox 1133 3515 1428 3584; x_wconf 86' lang='lat' dir='ltr'><strong>putandum</strong></span> <span class='ocrx_word' id='word_1_259' title='bbox 1459 3520 1565 3577; x_wconf 88' lang='lat' dir='ltr'><strong>est,</strong></span> <span class='ocrx_word' id='word_1_260' title='bbox 1596 3518 1654 3566; x_wconf 90' lang='lat' dir='ltr'><strong>ut</strong></span> 
     </span>
    </p>
   </div>
   <div class='ocr_carea' id='block_1_37' title="bbox 66 3602 1651 3675">
    <p class='ocr_par' dir='ltr' id='par_1_37' title="bbox 66 3602 1651 3675">
     <span class='ocr_line' id='line_1_37' title="bbox 66 3602 1651 3675; baseline -0.001 -18"><span class='ocrx_word' id='word_1_261' title='bbox 66 3605 322 3661; x_wconf 83' lang='lat' dir='ltr'><strong>videlicet</strong></span> <span class='ocrx_word' id='word_1_262' title='bbox 344 3605 393 3660; x_wconf 93' lang='lat' dir='ltr'><strong>si</strong></span> <span class='ocrx_word' id='word_1_263' title='bbox 419 3619 515 3674; x_wconf 92' lang='lat' dir='ltr'><strong>per</strong></span> <span class='ocrx_word' id='word_1_264' title='bbox 539 3605 775 3675; x_wconf 87' lang='lat' dir='ltr'><strong>aliquam</strong></span> <span class='ocrx_word' id='word_1_265' title='bbox 798 3608 1140 3660; x_wconf 85' lang='lat' dir='ltr'><strong>occasionem</strong></span> <span class='ocrx_word' id='word_1_266' title='bbox 1190 3605 1365 3661; x_wconf 85' lang='lat' dir='ltr'><strong>divisa</strong></span> <span class='ocrx_word' id='word_1_267' title='bbox 1411 3602 1651 3660; x_wconf 80' lang='lat' dir='ltr'><strong>Ecclesia</strong></span> 
     </span>
    </p>
   </div>
   <div class='ocr_carea' id='block_1_38' title="bbox 66 3693 1653 3767">
    <p class='ocr_par' dir='ltr' id='par_1_38' title="bbox 66 3693 1653 3767">
     <span class='ocr_line' id='line_1_38' title="bbox 66 3693 1653 3767; baseline -0.003 -17"><span class='ocrx_word' id='word_1_268' title='bbox 66 3704 256 3751; x_wconf 89' lang='lat' dir='ltr'><strong>contra</strong></span> <span class='ocrx_word' id='word_1_269' title='bbox 285 3695 639 3751; x_wconf 87' lang='lat' dir='ltr'><strong>tenebrarum</strong></span> <span class='ocrx_word' id='word_1_270' title='bbox 666 3696 936 3766; x_wconf 83' lang='lat' dir='ltr'><strong>principes</strong></span> <span class='ocrx_word' id='word_1_271' title='bbox 962 3710 1060 3765; x_wconf 86' lang='lat' dir='ltr'><strong>per</strong></span> <span class='ocrx_word' id='word_1_272' title='bbox 1089 3704 1271 3765; x_wconf 89' lang='lat' dir='ltr'><strong>partes</strong></span> <span class='ocrx_word' id='word_1_273' title='bbox 1298 3693 1502 3767; x_wconf 87' lang='lat' dir='ltr'><strong>bellare</strong></span> <span class='ocrx_word' id='word_1_274' title='bbox 1537 3701 1653 3747; x_wconf 89' lang='lat' dir='ltr'><strong>ten-</strong></span> 
     </span>
    </p>
   </div>
   <div class='ocr_carea' id='block_1_39' title="bbox 66 3785 1652 3850">
    <p class='ocr_par' dir='ltr' id='par_1_39' title="bbox 66 3785 1652 3850">
     <span class='ocr_line' id='line_1_39' title="bbox 66 3785 1652 3850; baseline -0.003 -10"><span class='ocrx_word' id='word_1_275' title='bbox 66 3786 284 3850; x_wconf 89' lang='lat' dir='ltr'><strong>taverit,</strong></span> <span class='ocrx_word' id='word_1_276' title='bbox 311 3785 498 3841; x_wconf 90' lang='lat' dir='ltr'><strong>minus</strong></span> <span class='ocrx_word' id='word_1_277' title='bbox 525 3785 703 3840; x_wconf 92' lang='lat' dir='ltr'><strong>timori</strong></span> <span class='ocrx_word' id='word_1_278' title='bbox 740 3786 833 3850; x_wconf 90' lang='lat' dir='ltr'><strong>sit,</strong></span> <span class='ocrx_word' id='word_1_279' title='bbox 855 3797 911 3840; x_wconf 91' lang='lat' dir='ltr'><strong>et</strong></span> <span class='ocrx_word' id='word_1_280' title='bbox 931 3787 1001 3841; x_wconf 92' lang='lat' dir='ltr'><strong>ob</strong></span> <span class='ocrx_word' id='word_1_281' title='bbox 1039 3786 1143 3841; x_wconf 88' lang='lat' dir='ltr'><strong>hoc</strong></span> <span class='ocrx_word' id='word_1_282' title='bbox 1169 3786 1374 3840; x_wconf 88' lang='lat' dir='ltr'><strong>tardius</strong></span> <span class='ocrx_word' id='word_1_283' title='bbox 1423 3787 1489 3840; x_wconf 89' lang='lat' dir='ltr'><strong>de</strong></span> <span class='ocrx_word' id='word_1_284' title='bbox 1523 3799 1652 3839; x_wconf 89' lang='lat' dir='ltr'><strong>con-</strong></span> 
     </span>
    </p>
   </div>
   <div class='ocr_carea' id='block_1_40' title="bbox 66 3876 1651 3944">
    <p class='ocr_par' dir='ltr' id='par_1_40' title="bbox 66 3876 1651 3944">
     <span class='ocr_line' id='line_1_40' title="bbox 66 3876 1651 3944; baseline 0.001 -14"><span class='ocrx_word' id='word_1_285' title='bbox 66 3878 235 3933; x_wconf 86' lang='lat' dir='ltr'><strong>traria</strong></span> <span class='ocrx_word' id='word_1_286' title='bbox 281 3877 613 3933; x_wconf 80' lang='lat' dir='ltr'><strong>fortitudine</strong></span> <span class='ocrx_word' id='word_1_287' title='bbox 660 3877 967 3933; x_wconf 82' lang='lat' dir='ltr'><strong>victoriam</strong></span> <span class='ocrx_word' id='word_1_288' title='bbox 998 3878 1350 3944; x_wconf 87' lang='lat' dir='ltr'><strong>nanciscitur,</strong></span> <span class='ocrx_word' id='word_1_289' title='bbox 1391 3876 1651 3932; x_wconf 87' lang='lat' dir='ltr'><strong>terribilis</strong></span> 
     </span>
    </p>
   </div>
   <div class='ocr_carea' id='block_1_41' title="bbox 63 3966 1651 4038">
    <p class='ocr_par' dir='ltr' id='par_1_41' title="bbox 63 3966 1651 4038">
     <span class='ocr_line' id='line_1_41' title="bbox 63 3966 1651 4038; baseline 0.001 -16"><span class='ocrx_word' id='word_1_290' title='bbox 63 3977 243 4025; x_wconf 89' lang='lat' dir='ltr'><strong>autem</strong></span> <span class='ocrx_word' id='word_1_291' title='bbox 275 3968 373 4022; x_wconf 88' lang='lat' dir='ltr'><strong>fiat</strong></span> <span class='ocrx_word' id='word_1_292' title='bbox 398 3966 691 4038; x_wconf 76' lang='lat' dir='ltr'><strong>vincatque</strong></span> <span class='ocrx_word' id='word_1_293' title='bbox 733 3966 996 4023; x_wconf 77' lang='lat' dir='ltr'><strong>facillime</strong></span> <span class='ocrx_word' id='word_1_294' title='bbox 1020 4007 1035 4033; x_wconf 92' lang='lat'><strong>,</strong></span> <span class='ocrx_word' id='word_1_295' title='bbox 1066 3968 1108 4022; x_wconf 90' lang='lat' dir='ltr'><strong>si</strong></span> <span class='ocrx_word' id='word_1_296' title='bbox 1160 3969 1392 4023; x_wconf 87' lang='lat' dir='ltr'><strong>adunata</strong></span> <span class='ocrx_word' id='word_1_297' title='bbox 1428 3982 1651 4023; x_wconf 88' lang='lat' dir='ltr'><strong>concor-</strong></span> 
     </span>
    </p>
   </div>
   <div class='ocr_carea' id='block_1_42' title="bbox 61 4056 1650 4130">
    <p class='ocr_par' dir='ltr' id='par_1_42' title="bbox 61 4056 1650 4130">
     <span class='ocr_line' id='line_1_42' title="bbox 61 4056 1650 4130; baseline -0.002 -16"><span class='ocrx_word' id='word_1_298' title='bbox 61 4059 148 4114; x_wconf 85' lang='lat' dir='ltr'><strong>dia</strong></span> <span class='ocrx_word' id='word_1_299' title='bbox 196 4056 549 4130; x_wconf 73' lang='lat' dir='ltr'><strong>spiritualem</strong></span> <span class='ocrx_word' id='word_1_300' title='bbox 576 4069 766 4114; x_wconf 91' lang='lat' dir='ltr'><strong>contra</strong></span> <span class='ocrx_word' id='word_1_301' title='bbox 826 4060 1034 4115; x_wconf 89' lang='lat' dir='ltr'><strong>hostem</strong></span> <span class='ocrx_word' id='word_1_302' title='bbox 1067 4059 1393 4130; x_wconf 87' lang='lat' dir='ltr'><strong>promoverit</strong></span> <span class='ocrx_word' id='word_1_303' title='bbox 1419 4070 1650 4112; x_wconf 72' lang='lat' dir='ltr'><strong>armatu-</strong></span> 
     </span>
    </p>
   </div>
   <div class='ocr_carea' id='block_1_43' title="bbox 59 4148 1650 4218">
    <p class='ocr_par' dir='ltr' id='par_1_43' title="bbox 59 4148 1650 4218">
     <span class='ocr_line' id='line_1_43' title="bbox 59 4148 1650 4218; baseline -0.002 -14"><span class='ocrx_word' id='word_1_304' title='bbox 59 4163 205 4205; x_wconf 72' lang='lat' dir='ltr'><strong>ram.</strong></span> <span class='ocrx_word' id='word_1_305' title='bbox 225 4150 382 4218; x_wconf 85' lang='lat' dir='ltr'><strong>Quod</strong></span> <span class='ocrx_word' id='word_1_306' title='bbox 419 4148 604 4218; x_wconf 85' lang='lat' dir='ltr'><strong>utique</strong></span> <span class='ocrx_word' id='word_1_307' title='bbox 630 4149 688 4204; x_wconf 90' lang='lat' dir='ltr'><strong>in</strong></span> <span class='ocrx_word' id='word_1_308' title='bbox 710 4164 771 4203; x_wconf 88' lang='lat' dir='ltr'><strong>ea</strong></span> <span class='ocrx_word' id='word_1_309' title='bbox 806 4148 1035 4218; x_wconf 82' lang='lat' dir='ltr'><strong>Sapiens</strong></span> <span class='ocrx_word' id='word_1_310' title='bbox 1055 4150 1328 4204; x_wconf 89' lang='lat' dir='ltr'><strong>admirans</strong></span> <span class='ocrx_word' id='word_1_311' title='bbox 1348 4157 1400 4202; x_wconf 90' lang='lat' dir='ltr'><strong>et</strong></span> <span class='ocrx_word' id='word_1_312' title='bbox 1427 4148 1650 4201; x_wconf 86' lang='lat' dir='ltr'><strong>laudans</strong></span> 
     </span>
    </p>
   </div>
   <div class='ocr_carea' id='block_1_44' title="bbox 63 4238 1647 4309">
    <p class='ocr_par' dir='ltr' id='par_1_44' title="bbox 63 4238 1647 4309">
     <span class='ocr_line' id='line_1_44' title="bbox 63 4238 1647 4309; baseline -0.001 -16"><span class='ocrx_word' id='word_1_313' title='bbox 63 4241 137 4294; x_wconf 88' lang='lat' dir='ltr'><strong>ait</strong></span> <span class='ocrx_word' id='word_1_314' title='bbox 164 4256 178 4294; x_wconf 86' lang='lat'><strong>:</strong></span> <span class='ocrx_word' id='word_1_315' title='bbox 206 4259 225 4292; x_wconf 73' lang='grc' dir='ltr'><strong>ι</strong></span> <span class='ocrx_word' id='word_1_316' title='bbox 255 4240 390 4306; x_wconf 65' lang='lat' dir='ltr'><strong>Qum</strong></span> <span class='ocrx_word' id='word_1_317' title='bbox 446 4246 531 4293; x_wconf 88' lang='lat' dir='ltr'><strong>est</strong></span> <span class='ocrx_word' id='word_1_318' title='bbox 560 4238 686 4305; x_wconf 89' lang='lat' dir='ltr'><strong>ista,</strong></span> <span class='ocrx_word' id='word_1_319' title='bbox 721 4254 840 4309; x_wconf 65' lang='lat' dir='ltr'><strong>qua:</strong></span> <span class='ocrx_word' id='word_1_320' title='bbox 866 4239 1211 4309; x_wconf 85' lang='lat' dir='ltr'><strong>progreditur</strong></span> <span class='ocrx_word' id='word_1_321' title='bbox 1249 4238 1403 4309; x_wconf 87' lang='lat' dir='ltr'><strong>quasi</strong></span> <span class='ocrx_word' id='word_1_322' title='bbox 1447 4252 1647 4293; x_wconf 88' lang='lat' dir='ltr'><strong>aurora</strong></span> 
     </span>
    </p>
   </div>
   <div class='ocr_carea' id='block_1_45' title="bbox 68 4328 1647 4403">
    <p class='ocr_par' dir='ltr' id='par_1_45' title="bbox 68 4328 1647 4403">
     <span class='ocr_line' id='line_1_45' title="bbox 68 4328 1647 4403; baseline 0.001 -20"><span class='ocrx_word' id='word_1_323' title='bbox 68 4345 425 4403; x_wconf 87' lang='lat' dir='ltr'><strong>consurgens,</strong></span> <span class='ocrx_word' id='word_1_324' title='bbox 449 4328 676 4400; x_wconf 87' lang='lat' dir='ltr'><strong>pulchra</strong></span> <span class='ocrx_word' id='word_1_325' title='bbox 702 4330 930 4393; x_wconf 89' lang='lat' dir='ltr'><strong>utluna,</strong></span> <span class='ocrx_word' id='word_1_326' title='bbox 971 4332 1138 4387; x_wconf 87' lang='lat' dir='ltr'><strong>electa</strong></span> <span class='ocrx_word' id='word_1_327' title='bbox 1183 4340 1239 4385; x_wconf 91' lang='lat' dir='ltr'><strong>ut</strong></span> <span class='ocrx_word' id='word_1_328' title='bbox 1267 4330 1365 4395; x_wconf 86' lang='lat' dir='ltr'><strong>sol,</strong></span> <span class='ocrx_word' id='word_1_329' title='bbox 1393 4328 1647 4391; x_wconf 85' lang='lat' dir='ltr'><strong>terribilis</strong></span> 
     </span>
    </p>
   </div>
   <div class='ocr_carea' id='block_1_46' title="bbox 70 4423 978 4480">
    <p class='ocr_par' dir='ltr' id='par_1_46' title="bbox 70 4423 978 4480">
     <span class='ocr_line' id='line_1_46' title="bbox 70 4423 978 4480; baseline 0.001 -6"><span class='ocrx_word' id='word_1_330' title='bbox 70 4432 126 4475; x_wconf 93' lang='lat' dir='ltr'><strong>ut</strong></span> <span class='ocrx_word' id='word_1_331' title='bbox 144 4434 452 4480; x_wconf 84' lang='lat' dir='ltr'><strong>castrorum</strong></span> <span class='ocrx_word' id='word_1_332' title='bbox 492 4423 635 4479; x_wconf 86' lang='lat' dir='ltr'><strong>acies</strong></span> <span class='ocrx_word' id='word_1_333' title='bbox 656 4423 939 4478; x_wconf 87' lang='lat' dir='ltr'><strong>ordinata?</strong></span> <span class='ocrx_word' id='word_1_334' title='bbox 959 4443 978 4474; x_wconf 79' lang='grc' dir='ltr'><strong>ι</strong></span> 
     </span>
    </p>
   </div>
   <div class='ocr_carea' id='block_1_47' title="bbox 68 4614 1639 4692">
    <p class='ocr_par' dir='ltr' id='par_1_47' title="bbox 68 4614 1639 4692">
     <span class='ocr_line' id='line_1_47' title="bbox 68 4614 1639 4692; baseline 0.002 -21"><span class='ocrx_word' id='word_1_335' title='bbox 68 4614 195 4673; x_wconf 75' lang='lat' dir='ltr'><strong>CAP.</strong></span> <span class='ocrx_word' id='word_1_336' title='bbox 227 4618 440 4674; x_wconf 77' lang='lat' dir='ltr'><strong>XXVII.</strong></span> <span class='ocrx_word' id='word_1_337' title='bbox 465 4649 537 4661; x_wconf 92' lang='lat'><strong>-</strong></span> <span class='ocrx_word' id='word_1_338' title='bbox 567 4619 641 4674; x_wconf 87' lang='lat' dir='ltr'><strong>De</strong></span> <span class='ocrx_word' id='word_1_339' title='bbox 683 4621 845 4689; x_wconf 73' lang='lat' dir='ltr'><strong>signis</strong></span> <span class='ocrx_word' id='word_1_340' title='bbox 885 4624 1028 4690; x_wconf 77' lang='lat' dir='ltr'><strong>pacis</strong></span> <span class='ocrx_word' id='word_1_341' title='bbox 1055 4632 1159 4675; x_wconf 78' lang='lat' dir='ltr'><strong>tam</strong></span> <span class='ocrx_word' id='word_1_342' title='bbox 1208 4621 1453 4675; x_wconf 71' lang='lat' dir='ltr'><strong>[tumcum</strong></span> <span class='ocrx_word' id='word_1_343' title='bbox 1482 4636 1639 4692; x_wconf 85' lang='lat' dir='ltr'><strong>quam</strong></span> 
     </span>
    </p>
   </div>
   <div class='ocr_carea' id='block_1_48' title="bbox 669 4695 1051 4746">
    <p class='ocr_par' dir='ltr' id='par_1_48' title="bbox 669 4695 1051 4746">
     <span class='ocr_line' id='line_1_48' title="bbox 669 4695 1051 4746; baseline 0.003 -2"><span class='ocrx_word' id='word_1_344' title='bbox 669 4695 927 4745; x_wconf 69' lang='lat' dir='ltr'><strong>ecclesiam</strong></span> <span class='ocrx_word' id='word_1_345' title='bbox 938 4709 1051 4746; x_wconf 57' lang='grc' dir='ltr'><strong>θεας.</strong></span> 
     </span>
    </p>
   </div>
   <div class='ocr_carea' id='block_1_49' title="bbox 140 4841 1640 4920">
    <p class='ocr_par' dir='ltr' id='par_1_49' title="bbox 140 4841 1640 4920">
     <span class='ocr_line' id='line_1_49' title="bbox 140 4841 1640 4920; baseline 0.003 -23"><span class='ocrx_word' id='word_1_346' title='bbox 140 4841 302 4918; x_wconf 89' lang='lat' dir='ltr'><strong>Signa</strong></span> <span class='ocrx_word' id='word_1_347' title='bbox 334 4855 543 4911; x_wconf 88' lang='lat' dir='ltr'><strong>autem,</strong></span> <span class='ocrx_word' id='word_1_348' title='bbox 569 4846 761 4914; x_wconf 87' lang='lat' dir='ltr'><strong>quibus</strong></span> <span class='ocrx_word' id='word_1_349' title='bbox 786 4857 891 4900; x_wconf 87' lang='lat' dir='ltr'><strong>tam</strong></span> <span class='ocrx_word' id='word_1_350' title='bbox 930 4863 1027 4916; x_wconf 87' lang='lat' dir='ltr'><strong>pax</strong></span> <span class='ocrx_word' id='word_1_351' title='bbox 1058 4846 1155 4900; x_wconf 89' lang='lat' dir='ltr'><strong>ista</strong></span> <span class='ocrx_word' id='word_1_352' title='bbox 1200 4862 1358 4915; x_wconf 89' lang='lat' dir='ltr'><strong>quam</strong></span> <span class='ocrx_word' id='word_1_353' title='bbox 1408 4843 1640 4920; x_wconf 83' lang='lat' dir='ltr'><strong>Babylo-</strong></span> 
     </span>
    </p>
   </div>
   <div class='ocr_carea' id='block_1_50' title="bbox 74 4934 1641 5009">
    <p class='ocr_par' dir='ltr' id='par_1_50' title="bbox 74 4934 1641 5009">
     <span class='ocr_line' id='line_1_50' title="bbox 74 4934 1641 5009; baseline 0.003 -21"><span class='ocrx_word' id='word_1_354' title='bbox 74 4934 189 4990; x_wconf 85' lang='lat' dir='ltr'><strong>nica</strong></span> <span class='ocrx_word' id='word_1_355' title='bbox 214 4940 504 5007; x_wconf 63' lang='lat' dir='ltr'><strong>qumritur,</strong></span> <span class='ocrx_word' id='word_1_356' title='bbox 533 4938 711 5004; x_wconf 89' lang='lat' dir='ltr'><strong>datur,</strong></span> <span class='ocrx_word' id='word_1_357' title='bbox 744 4939 957 5009; x_wconf 82' lang='lat' dir='ltr'><strong>ligatur,</strong></span> <span class='ocrx_word' id='word_1_358' title='bbox 1012 4937 1361 5004; x_wconf 81' lang='lat' dir='ltr'><strong>discernitur,</strong></span> <span class='ocrx_word' id='word_1_359' title='bbox 1405 4939 1641 4993; x_wconf 84' lang='lat' dir='ltr'><strong>multifa-</strong></span> 
     </span>
    </p>
   </div>
   <div class='ocr_carea' id='block_1_51' title="bbox 75 5026 1640 5097">
    <p class='ocr_par' dir='ltr' id='par_1_51' title="bbox 75 5026 1640 5097">
     <span class='ocr_line' id='line_1_51' title="bbox 75 5026 1640 5097; baseline 0.004 -17"><span class='ocrx_word' id='word_1_360' title='bbox 75 5026 151 5081; x_wconf 87' lang='lat' dir='ltr'><strong>ria</strong></span> <span class='ocrx_word' id='word_1_361' title='bbox 180 5039 320 5083; x_wconf 88' lang='lat' dir='ltr'><strong>sunt.</strong></span> <span class='ocrx_word' id='word_1_362' title='bbox 350 5031 468 5085; x_wconf 81' lang='lat' dir='ltr'><strong>Alia</strong></span> <span class='ocrx_word' id='word_1_363' title='bbox 498 5030 640 5085; x_wconf 90' lang='lat' dir='ltr'><strong>enim</strong></span> <span class='ocrx_word' id='word_1_364' title='bbox 664 5033 865 5096; x_wconf 86' lang='lat' dir='ltr'><strong>verbis,</strong></span> <span class='ocrx_word' id='word_1_365' title='bbox 908 5030 1011 5084; x_wconf 90' lang='lat' dir='ltr'><strong>alia</strong></span> <span class='ocrx_word' id='word_1_366' title='bbox 1045 5031 1228 5097; x_wconf 80' lang='lat' dir='ltr'><strong>rebus,</strong></span> <span class='ocrx_word' id='word_1_367' title='bbox 1267 5031 1371 5085; x_wconf 87' lang='lat' dir='ltr'><strong>alia</strong></span> <span class='ocrx_word' id='word_1_368' title='bbox 1427 5032 1640 5086; x_wconf 89' lang='lat' dir='ltr'><strong>actilms</strong></span> 
     </span>
    </p>
   </div>
   <div class='ocr_carea' id='block_1_52' title="bbox 73 5120 1639 5194">
    <p class='ocr_par' dir='ltr' id='par_1_52' title="bbox 73 5120 1639 5194">
     <span class='ocr_line' id='line_1_52' title="bbox 73 5120 1639 5194; baseline 0.004 -22"><span class='ocrx_word' id='word_1_369' title='bbox 73 5120 425 5190; x_wconf 81' lang='lat' dir='ltr'><strong>explicantur.</strong></span> <span class='ocrx_word' id='word_1_370' title='bbox 453 5123 669 5190; x_wconf 80' lang='lat' dir='ltr'><strong>Verbis,</strong></span> <span class='ocrx_word' id='word_1_371' title='bbox 712 5136 773 5178; x_wconf 92' lang='lat' dir='ltr'><strong>ut</strong></span> <span class='ocrx_word' id='word_1_372' title='bbox 800 5135 948 5194; x_wconf 89' lang='lat' dir='ltr'><strong>puta,</strong></span> <span class='ocrx_word' id='word_1_373' title='bbox 976 5122 1406 5184; x_wconf 89' lang='lat' dir='ltr'><strong>salutationibus,</strong></span> <span class='ocrx_word' id='word_1_374' title='bbox 1434 5125 1639 5193; x_wconf 77' lang='lat' dir='ltr'><strong>pactio-</strong></span> 
     </span>
    </p>
   </div>
   <div class='ocr_carea' id='block_1_53' title="bbox 78 5210 1635 5286">
    <p class='ocr_par' dir='ltr' id='par_1_53' title="bbox 78 5210 1635 5286">
     <span class='ocr_line' id='line_1_53' title="bbox 78 5210 1635 5286; baseline 0.006 -25"><span class='ocrx_word' id='word_1_375' title='bbox 78 5210 248 5272; x_wconf 90' lang='lat' dir='ltr'><strong>nibus,</strong></span> <span class='ocrx_word' id='word_1_376' title='bbox 295 5212 668 5281; x_wconf 87' lang='lat' dir='ltr'><strong>juramentis;</strong></span> <span class='ocrx_word' id='word_1_377' title='bbox 730 5217 908 5279; x_wconf 87' lang='lat' dir='ltr'><strong>rebus,</strong></span> <span class='ocrx_word' id='word_1_378' title='bbox 965 5216 1417 5286; x_wconf 80' lang='lat' dir='ltr'><strong>quemadmodum</strong></span> <span class='ocrx_word' id='word_1_379' title='bbox 1476 5217 1635 5283; x_wconf 90' lang='lat' dir='ltr'><strong>lauri,</strong></span> 
     </span>
    </p>
   </div>
   <div class='ocr_carea' id='block_1_54' title="bbox 76 5292 1638 5382">
    <p class='ocr_par' dir='ltr' id='par_1_54' title="bbox 76 5292 1638 5382">
     <span class='ocr_line' id='line_1_54' title="bbox 76 5292 1638 5382; baseline 0.008 -28"><span class='ocrx_word' id='word_1_380' title='bbox 76 5303 224 5359; x_wconf 68' lang='lat' dir='ltr'><strong>oliva:</strong></span> <span class='ocrx_word' id='word_1_381' title='bbox 252 5308 549 5380; x_wconf 71' lang='lat' dir='ltr'><strong>palmaeque</strong></span> <span class='ocrx_word' id='word_1_382' title='bbox 577 5292 911 5365; x_wconf 85' lang='lat' dir='ltr'><strong>ramusculis.</strong></span> <span class='ocrx_word' id='word_1_383' title='bbox 947 5309 1095 5366; x_wconf 87' lang='lat' dir='ltr'><strong>Unde</strong></span> <span class='ocrx_word' id='word_1_384' title='bbox 1118 5311 1291 5382; x_wconf 85' lang='lat' dir='ltr'><strong>palma</strong></span> <span class='ocrx_word' id='word_1_385' title='bbox 1317 5312 1466 5382; x_wconf 80' lang='lat' dir='ltr'><strong>quasi</strong></span> <span class='ocrx_word' id='word_1_386' title='bbox 1492 5315 1638 5382; x_wconf 85' lang='lat' dir='ltr'><strong>pacis</strong></span> 
     </span>
    </p>
   </div>
   <div class='ocr_carea' id='block_1_55' title="bbox 80 5391 1635 5472">
    <p class='ocr_par' dir='ltr' id='par_1_55' title="bbox 80 5391 1635 5472">
     <span class='ocr_line' id='line_1_55' title="bbox 80 5391 1635 5472; baseline 0.008 -26"><span class='ocrx_word' id='word_1_387' title='bbox 80 5391 213 5448; x_wconf 76' lang='lat' dir='ltr'><strong>alma</strong></span> <span class='ocrx_word' id='word_1_388' title='bbox 242 5398 309 5452; x_wconf 89' lang='lat' dir='ltr'><strong>ab</strong></span> <span class='ocrx_word' id='word_1_389' title='bbox 353 5401 675 5472; x_wconf 72' lang='lat' dir='ltr'><strong>etymOIOgis</strong></span> <span class='ocrx_word' id='word_1_390' title='bbox 712 5412 1076 5471; x_wconf 86' lang='lat' dir='ltr'><strong>nuncupatur.</strong></span> <span class='ocrx_word' id='word_1_391' title='bbox 1135 5404 1379 5468; x_wconf 85' lang='lat' dir='ltr'><strong>Actibus,</strong></span> <span class='ocrx_word' id='word_1_392' title='bbox 1412 5406 1550 5459; x_wconf 88' lang='lat' dir='ltr'><strong>sicut</strong></span> <span class='ocrx_word' id='word_1_393' title='bbox 1584 5406 1635 5458; x_wconf 92' lang='lat' dir='ltr'><strong>in</strong></span> 
     </span>
    </p>
   </div>
   <div class='ocr_carea' id='block_1_56' title="bbox 80 5489 1633 5566">
    <p class='ocr_par' dir='ltr' id='par_1_56' title="bbox 80 5489 1633 5566">
     <span class='ocr_line' id='line_1_56' title="bbox 80 5489 1633 5566; baseline 0.007 -30"><span class='ocrx_word' id='word_1_394' title='bbox 80 5489 437 5555; x_wconf 81' lang='lat' dir='ltr'><strong>complexione</strong></span> <span class='ocrx_word' id='word_1_395' title='bbox 462 5495 826 5559; x_wconf 79' lang='lat' dir='ltr'><strong>dexterarum,</strong></span> <span class='ocrx_word' id='word_1_396' title='bbox 875 5496 924 5548; x_wconf 88' lang='lat' dir='ltr'><strong>itt</strong></span> <span class='ocrx_word' id='word_1_397' title='bbox 956 5495 1360 5550; x_wconf 74' lang='lat' dir='ltr'><strong>coacervatione</strong></span> <span class='ocrx_word' id='word_1_398' title='bbox 1382 5496 1633 5566; x_wconf 80' lang='lat' dir='ltr'><strong>lapidum,</strong></span> 
     </span>
    </p>
   </div>
   <div class='ocr_carea' id='block_1_57' title="bbox 80 5576 1636 5649">
    <p class='ocr_par' dir='ltr' id='par_1_57' title="bbox 80 5576 1636 5649">
     <span class='ocr_line' id='line_1_57' title="bbox 80 5576 1636 5649; baseline 0.01 -24"><span class='ocrx_word' id='word_1_399' title='bbox 80 5584 129 5626; x_wconf 92' lang='lat' dir='ltr'><strong>ct</strong></span> <span class='ocrx_word' id='word_1_400' title='bbox 152 5576 200 5629; x_wconf 92' lang='lat' dir='ltr'><strong>in</strong></span> <span class='ocrx_word' id='word_1_401' title='bbox 231 5580 335 5633; x_wconf 92' lang='lat' dir='ltr'><strong>ictu</strong></span> <span class='ocrx_word' id='word_1_402' title='bbox 367 5583 733 5649; x_wconf 64' lang='lat' dir='ltr'><strong>sacriﬁcatum:</strong></span> <span class='ocrx_word' id='word_1_403' title='bbox 760 5586 987 5641; x_wconf 82' lang='lat' dir='ltr'><strong>victima:</strong></span> <span class='ocrx_word' id='word_1_404' title='bbox 1010 5587 1341 5640; x_wconf 86' lang='lat' dir='ltr'><strong>consuetudo</strong></span> <span class='ocrx_word' id='word_1_405' title='bbox 1372 5586 1636 5643; x_wconf 74' lang='lat' dir='ltr'><strong>vetustior</strong></span> 
     </span>
    </p>
   </div>
   <div class='ocr_carea' id='block_1_58' title="bbox 83 5679 377 5727">
    <p class='ocr_par' dir='ltr' id='par_1_58' title="bbox 83 5679 377 5727">
     <span class='ocr_line' id='line_1_58' title="bbox 83 5679 377 5727; baseline 0.037 -12"><span class='ocrx_word' id='word_1_406' title='bbox 83 5679 377 5727; x_wconf 69' lang='lat' dir='ltr'><strong>llSlll‘Uilllll&#39;.</strong></span> 
     </span>
    </p>
   </div>
   <div class='ocr_carea' id='block_1_59' title="bbox 1254 244 2141 336">
    <p class='ocr_par' dir='ltr' id='par_1_59' title="bbox 1254 244 2141 336">
     <span class='ocr_line' id='line_1_59' title="bbox 1254 244 2141 336; baseline -0.003 0"><span class='ocrx_word' id='word_1_407' title='bbox 1254 282 1342 336; x_wconf 84' lang='lat' dir='ltr'><strong>DE</strong></span> <span class='ocrx_word' id='word_1_408' title='bbox 1373 244 1552 336; x_wconf 64' lang='lat' dir='ltr'><strong>nouo</strong></span> <span class='ocrx_word' id='word_1_409' title='bbox 1579 277 1793 333; x_wconf 65' lang='lat' dir='ltr'><strong>PACIS.</strong></span> <span class='ocrx_word' id='word_1_410' title='bbox 1819 304 1885 317; x_wconf 81' lang='grc'><strong>-</strong></span> <span class='ocrx_word' id='word_1_411' title='bbox 1908 277 2036 334; x_wconf 82' lang='lat' dir='ltr'><strong>un.</strong></span> <span class='ocrx_word' id='word_1_412' title='bbox 2079 277 2141 333; x_wconf 88' lang='grc' dir='ltr'>ιι.</span> 
     </span>
    </p>
   </div>
   <div class='ocr_carea' id='block_1_60' title="bbox 3204 276 3344 337">
    <p class='ocr_par' dir='ltr' id='par_1_60' title="bbox 3204 276 3344 337">
     <span class='ocr_line' id='line_1_60' title="bbox 3204 276 3344 337; baseline 0.014 -2"><span class='ocrx_word' id='word_1_413' title='bbox 3204 276 3344 337; x_wconf 67' lang='grc'><strong>1054</strong></span> 
     </span>
    </p>
   </div>
   <div class='ocr_carea' id='block_1_61' title="bbox 2053 386 3060 461">
    <p class='ocr_par' dir='ltr' id='par_1_61' title="bbox 2053 386 3060 461">
     <span class='ocr_line' id='line_1_61' title="bbox 2053 386 3060 461; baseline 0.001 -16"><span class='ocrx_word' id='word_1_414' title='bbox 2053 389 2180 445; x_wconf 72' lang='lat' dir='ltr'><strong>Car.</strong></span> <span class='ocrx_word' id='word_1_415' title='bbox 2220 386 2455 445; x_wconf 76' lang='lat' dir='ltr'><strong>XXVIII.</strong></span> <span class='ocrx_word' id='word_1_416' title='bbox 2483 420 2555 433; x_wconf 88' lang='lat'><strong>-—</strong></span> <span class='ocrx_word' id='word_1_417' title='bbox 2599 389 2676 445; x_wconf 80' lang='lat' dir='ltr'><strong>De</strong></span> <span class='ocrx_word' id='word_1_418' title='bbox 2697 391 2836 461; x_wconf 70' lang='lat' dir='ltr'><strong>pacis</strong></span> <span class='ocrx_word' id='word_1_419' title='bbox 2864 390 3060 446; x_wconf 78' lang='lat' dir='ltr'><strong>oscula.</strong></span> 
     </span>
    </p>
   </div>
   <div class='ocr_carea' id='block_1_62' title="bbox 1833 474 3341 553">
    <p class='ocr_par' dir='ltr' id='par_1_62' title="bbox 1833 474 3341 553">
     <span class='ocr_line' id='line_1_62' title="bbox 1833 474 3341 553; baseline 0.003 -21"><span class='ocrx_word' id='word_1_420' title='bbox 1833 474 1977 533; x_wconf 81' lang='lat' dir='ltr'><strong>Inter</strong></span> <span class='ocrx_word' id='word_1_421' title='bbox 2002 479 2179 534; x_wconf 89' lang='lat' dir='ltr'><strong>omnia</strong></span> <span class='ocrx_word' id='word_1_422' title='bbox 2210 488 2385 533; x_wconf 89' lang='lat' dir='ltr'><strong>tamen</strong></span> <span class='ocrx_word' id='word_1_423' title='bbox 2417 481 2565 548; x_wconf 88' lang='lat' dir='ltr'><strong>pacis</strong></span> <span class='ocrx_word' id='word_1_424' title='bbox 2589 483 2762 553; x_wconf 80' lang='lat' dir='ltr'><strong>signa,</strong></span> <span class='ocrx_word' id='word_1_425' title='bbox 2799 497 2918 550; x_wconf 74' lang='lat' dir='ltr'><strong>quae</strong></span> <span class='ocrx_word' id='word_1_426' title='bbox 2951 481 3163 536; x_wconf 86' lang='lat' dir='ltr'><strong>actibus</strong></span> <span class='ocrx_word' id='word_1_427' title='bbox 3185 488 3341 537; x_wconf 84' lang='lat' dir='ltr'><strong>tran-</strong></span> 
     </span>
    </p>
   </div>
   <div class='ocr_carea' id='block_1_63' title="bbox 1764 566 3343 640">
    <p class='ocr_par' dir='ltr' id='par_1_63' title="bbox 1764 566 3343 640">
     <span class='ocr_line' id='line_1_63' title="bbox 1764 566 3343 640; baseline 0.001 -15"><span class='ocrx_word' id='word_1_428' title='bbox 1764 566 2035 638; x_wconf 88' lang='lat' dir='ltr'><strong>siguntur,</strong></span> <span class='ocrx_word' id='word_1_429' title='bbox 2084 570 2411 639; x_wconf 63' lang='lat' dir='ltr'><strong>praecipuum</strong></span> <span class='ocrx_word' id='word_1_430' title='bbox 2434 581 2489 625; x_wconf 90' lang='lat' dir='ltr'><strong>et</strong></span> <span class='ocrx_word' id='word_1_431' title='bbox 2516 572 2687 637; x_wconf 70' lang='lat' dir='ltr'><strong>magis</strong></span> <span class='ocrx_word' id='word_1_432' title='bbox 2732 580 3047 640; x_wconf 80' lang='lat' dir='ltr'><strong>expressum</strong></span> <span class='ocrx_word' id='word_1_433' title='bbox 3075 585 3159 626; x_wconf 84' lang='lat' dir='ltr'><strong>est</strong></span> <span class='ocrx_word' id='word_1_434' title='bbox 3181 587 3343 627; x_wconf 90' lang='lat' dir='ltr'><strong>oscu-</strong></span> 
     </span>
    </p>
   </div>
   <div class='ocr_carea' id='block_1_64' title="bbox 1768 660 3346 731">
    <p class='ocr_par' dir='ltr' id='par_1_64' title="bbox 1768 660 3346 731">
     <span class='ocr_line' id='line_1_64' title="bbox 1768 660 3346 731; baseline 0.003 -17"><span class='ocrx_word' id='word_1_435' title='bbox 1768 660 1903 724; x_wconf 90' lang='lat' dir='ltr'><strong>lum,</strong></span> <span class='ocrx_word' id='word_1_436' title='bbox 1950 676 2054 714; x_wconf 89' lang='lat' dir='ltr'><strong>non</strong></span> <span class='ocrx_word' id='word_1_437' title='bbox 2084 660 2203 715; x_wconf 84' lang='lat' dir='ltr'><strong>dico</strong></span> <span class='ocrx_word' id='word_1_438' title='bbox 2254 660 2433 731; x_wconf 82' lang='lat' dir='ltr'><strong>pedis,</strong></span> <span class='ocrx_word' id='word_1_439' title='bbox 2484 673 2575 715; x_wconf 88' lang='lat' dir='ltr'><strong>aut</strong></span> <span class='ocrx_word' id='word_1_440' title='bbox 2612 665 2825 726; x_wconf 77' lang='lat' dir='ltr'><strong>frontis,</strong></span> <span class='ocrx_word' id='word_1_441' title='bbox 2881 671 2974 717; x_wconf 90' lang='lat' dir='ltr'><strong>aut</strong></span> <span class='ocrx_word' id='word_1_442' title='bbox 3028 663 3197 729; x_wconf 87' lang='lat' dir='ltr'><strong>auris,</strong></span> <span class='ocrx_word' id='word_1_443' title='bbox 3251 674 3346 718; x_wconf 89' lang='lat' dir='ltr'><strong>aut</strong></span> 
     </span>
    </p>
   </div>
   <div class='ocr_carea' id='block_1_65' title="bbox 1768 750 3343 820">
    <p class='ocr_par' dir='ltr' id='par_1_65' title="bbox 1768 750 3343 820">
     <span class='ocr_line' id='line_1_65' title="bbox 1768 750 3343 820; baseline 0.001 -13"><span class='ocrx_word' id='word_1_444' title='bbox 1768 750 1992 807; x_wconf 90' lang='lat' dir='ltr'><strong>alterius</strong></span> <span class='ocrx_word' id='word_1_445' title='bbox 2028 750 2276 817; x_wconf 89' lang='lat' dir='ltr'><strong>membri,</strong></span> <span class='ocrx_word' id='word_1_446' title='bbox 2302 751 2397 805; x_wconf 91' lang='lat' dir='ltr'><strong>sed</strong></span> <span class='ocrx_word' id='word_1_447' title='bbox 2420 751 2534 806; x_wconf 90' lang='lat' dir='ltr'><strong>oris</strong></span> <span class='ocrx_word' id='word_1_448' title='bbox 2567 754 2956 808; x_wconf 85' lang='lat' dir='ltr'><strong>tantummodo.</strong></span> <span class='ocrx_word' id='word_1_449' title='bbox 3012 752 3147 820; x_wconf 85' lang='lat' dir='ltr'><strong>Quia</strong></span> <span class='ocrx_word' id='word_1_450' title='bbox 3198 756 3343 808; x_wconf 88' lang='lat' dir='ltr'><strong>enim</strong></span> 
     </span>
    </p>
   </div>
   <div class='ocr_carea' id='block_1_66' title="bbox 1765 841 3345 916">
    <p class='ocr_par' dir='ltr' id='par_1_66' title="bbox 1765 841 3345 916">
     <span class='ocr_line' id='line_1_66' title="bbox 1765 841 3345 916; baseline -0.001 -18"><span class='ocrx_word' id='word_1_451' title='bbox 1765 843 2111 908; x_wconf 89' lang='lat' dir='ltr'><strong>evidentius,</strong></span> <span class='ocrx_word' id='word_1_452' title='bbox 2161 860 2255 915; x_wconf 83' lang='lat' dir='ltr'><strong>per</strong></span> <span class='ocrx_word' id='word_1_453' title='bbox 2312 844 2423 898; x_wconf 88' lang='lat' dir='ltr'><strong>oris</strong></span> <span class='ocrx_word' id='word_1_454' title='bbox 2471 841 2701 898; x_wconf 79' lang='lat' dir='ltr'><strong>cilicium</strong></span> <span class='ocrx_word' id='word_1_455' title='bbox 2749 860 2913 914; x_wconf 86' lang='lat' dir='ltr'><strong>quant</strong></span> <span class='ocrx_word' id='word_1_456' title='bbox 2965 860 3061 916; x_wconf 91' lang='lat' dir='ltr'><strong>per</strong></span> <span class='ocrx_word' id='word_1_457' title='bbox 3116 855 3345 900; x_wconf 69' lang='lat' dir='ltr'><strong>cretei-o-</strong></span> 
     </span>
    </p>
   </div>
   <div class='ocr_carea' id='block_1_67' title="bbox 1766 934 3343 1006">
    <p class='ocr_par' dir='ltr' id='par_1_67' title="bbox 1766 934 3343 1006">
     <span class='ocr_line' id='line_1_67' title="bbox 1766 934 3343 1006; baseline -0.001 -14"><span class='ocrx_word' id='word_1_458' title='bbox 1766 951 1891 992; x_wconf 88' lang='lat' dir='ltr'><strong>rum</strong></span> <span class='ocrx_word' id='word_1_459' title='bbox 1947 937 2312 991; x_wconf 88' lang='lat' dir='ltr'><strong>membrorum</strong></span> <span class='ocrx_word' id='word_1_460' title='bbox 2345 945 2474 989; x_wconf 88' lang='lat' dir='ltr'><strong>nutu</strong></span> <span class='ocrx_word' id='word_1_461' title='bbox 2518 934 2684 989; x_wconf 86' lang='lat' dir='ltr'><strong>animi</strong></span> <span class='ocrx_word' id='word_1_462' title='bbox 2732 947 2914 989; x_wconf 86' lang='lat' dir='ltr'><strong>votum</strong></span> <span class='ocrx_word' id='word_1_463' title='bbox 2970 936 3343 1006; x_wconf 86' lang='lat' dir='ltr'><strong>exprimimus,</strong></span> 
     </span>
    </p>
   </div>
   <div class='ocr_carea' id='block_1_68' title="bbox 1766 1025 3342 1096">
    <p class='ocr_par' dir='ltr' id='par_1_68' title="bbox 1766 1025 3342 1096">
     <span class='ocr_line' id='line_1_68' title="bbox 1766 1025 3342 1096; baseline 0 -15"><span class='ocrx_word' id='word_1_464' title='bbox 1766 1026 1888 1083; x_wconf 93' lang='lat' dir='ltr'><strong>ideo</strong></span> <span class='ocrx_word' id='word_1_465' title='bbox 1932 1042 2030 1096; x_wconf 91' lang='lat' dir='ltr'><strong>per</strong></span> <span class='ocrx_word' id='word_1_466' title='bbox 2061 1026 2302 1082; x_wconf 87' lang='lat' dir='ltr'><strong>osculum</strong></span> <span class='ocrx_word' id='word_1_467' title='bbox 2352 1027 2463 1081; x_wconf 91' lang='lat' dir='ltr'><strong>oris</strong></span> <span class='ocrx_word' id='word_1_468' title='bbox 2512 1026 2662 1096; x_wconf 89' lang='lat' dir='ltr'><strong>pacis</strong></span> <span class='ocrx_word' id='word_1_469' title='bbox 2715 1025 3114 1096; x_wconf 87' lang='lat' dir='ltr'><strong>bcneplacitum</strong></span> <span class='ocrx_word' id='word_1_470' title='bbox 3163 1029 3342 1096; x_wconf 80' lang='lat' dir='ltr'><strong>aptius</strong></span> 
     </span>
    </p>
   </div>
   <div class='ocr_carea' id='block_1_69' title="bbox 1765 1118 2105 1175">
    <p class='ocr_par' dir='ltr' id='par_1_69' title="bbox 1765 1118 2105 1175">
     <span class='ocr_line' id='line_1_69' title="bbox 1765 1118 2105 1175; baseline -0.003 -2"><span class='ocrx_word' id='word_1_471' title='bbox 1765 1118 2105 1175; x_wconf 88' lang='lat' dir='ltr'><strong>adnotamus.</strong></span> 
     </span>
    </p>
   </div>
   <div class='ocr_carea' id='block_1_70' title="bbox 1841 1205 3346 1279">
    <p class='ocr_par' dir='ltr' id='par_1_70' title="bbox 1841 1205 3346 1279">
     <span class='ocr_line' id='line_1_70' title="bbox 1841 1205 3346 1279; baseline -0.001 -17"><span class='ocrx_word' id='word_1_472' title='bbox 1841 1209 2009 1263; x_wconf 89' lang='lat' dir='ltr'><strong>Datur</strong></span> <span class='ocrx_word' id='word_1_473' title='bbox 2039 1208 2188 1279; x_wconf 90' lang='lat' dir='ltr'><strong>pacis</strong></span> <span class='ocrx_word' id='word_1_474' title='bbox 2208 1206 2502 1263; x_wconf 76' lang='lat' dir='ltr'><strong>Jerusalem</strong></span> <span class='ocrx_word' id='word_1_475' title='bbox 2557 1205 2799 1263; x_wconf 89' lang='lat' dir='ltr'><strong>osculum</strong></span> <span class='ocrx_word' id='word_1_476' title='bbox 2852 1207 3113 1262; x_wconf 85' lang='lat' dir='ltr'><strong>fratribus</strong></span> <span class='ocrx_word' id='word_1_477' title='bbox 3146 1207 3197 1261; x_wconf 89' lang='lat' dir='ltr'><strong>in</strong></span> <span class='ocrx_word' id='word_1_478' title='bbox 3244 1207 3346 1261; x_wconf 86' lang='lat' dir='ltr'><strong>Ec-</strong></span> 
     </span>
    </p>
   </div>
   <div class='ocr_carea' id='block_1_71' title="bbox 1767 1297 3345 1369">
    <p class='ocr_par' dir='ltr' id='par_1_71' title="bbox 1767 1297 3345 1369">
     <span class='ocr_line' id='line_1_71' title="bbox 1767 1297 3345 1369; baseline -0.001 -16"><span class='ocrx_word' id='word_1_479' title='bbox 1767 1298 1932 1354; x_wconf 85' lang='lat' dir='ltr'><strong>clesia</strong></span> <span class='ocrx_word' id='word_1_480' title='bbox 1960 1314 2065 1353; x_wconf 91' lang='lat' dir='ltr'><strong>non</strong></span> <span class='ocrx_word' id='word_1_481' title='bbox 2093 1297 2335 1369; x_wconf 87' lang='lat' dir='ltr'><strong>qualibet</strong></span> <span class='ocrx_word' id='word_1_482' title='bbox 2362 1300 2512 1362; x_wconf 87' lang='lat' dir='ltr'><strong>hora,</strong></span> <span class='ocrx_word' id='word_1_483' title='bbox 2580 1299 2675 1355; x_wconf 66' lang='lat' dir='ltr'><strong>sed</strong></span> <span class='ocrx_word' id='word_1_484' title='bbox 2723 1299 2773 1353; x_wconf 89' lang='lat' dir='ltr'><strong>in</strong></span> <span class='ocrx_word' id='word_1_485' title='bbox 2804 1300 2967 1353; x_wconf 84' lang='lat' dir='ltr'><strong>missa</strong></span> <span class='ocrx_word' id='word_1_486' title='bbox 3004 1307 3127 1367; x_wconf 88' lang='lat' dir='ltr'><strong>post</strong></span> <span class='ocrx_word' id='word_1_487' title='bbox 3158 1298 3345 1351; x_wconf 91' lang='lat' dir='ltr'><strong>immo-</strong></span> 
     </span>
    </p>
   </div>
   <div class='ocr_carea' id='block_1_72' title="bbox 1766 1384 3353 1461">
    <p class='ocr_par' dir='ltr' id='par_1_72' title="bbox 1766 1384 3353 1461">
     <span class='ocr_line' id='line_1_72' title="bbox 1766 1384 3353 1461; baseline 0.001 -17"><span class='ocrx_word' id='word_1_488' title='bbox 1766 1384 2027 1445; x_wconf 88' lang='lat' dir='ltr'><strong>lationem</strong></span> <span class='ocrx_word' id='word_1_489' title='bbox 2058 1390 2294 1459; x_wconf 82' lang='lat' dir='ltr'><strong>quidem,</strong></span> <span class='ocrx_word' id='word_1_490' title='bbox 2336 1392 2428 1444; x_wconf 90' lang='lat' dir='ltr'><strong>sed</strong></span> <span class='ocrx_word' id='word_1_491' title='bbox 2478 1400 2603 1445; x_wconf 87' lang='lat' dir='ltr'><strong>ante</strong></span> <span class='ocrx_word' id='word_1_492' title='bbox 2648 1392 3049 1461; x_wconf 85' lang='lat' dir='ltr'><strong>susceptionem</strong></span> <span class='ocrx_word' id='word_1_493' title='bbox 3082 1388 3353 1445; x_wconf 84' lang='lat' dir='ltr'><strong>Dominici</strong></span> 
     </span>
    </p>
   </div>
   <div class='ocr_carea' id='block_1_73' title="bbox 1765 1478 3342 1550">
    <p class='ocr_par' dir='ltr' id='par_1_73' title="bbox 1765 1478 3342 1550">
     <span class='ocr_line' id='line_1_73' title="bbox 1765 1478 3342 1550; baseline -0.001 -15"><span class='ocrx_word' id='word_1_494' title='bbox 1765 1480 2025 1550; x_wconf 90' lang='lat' dir='ltr'><strong>corporis.</strong></span> <span class='ocrx_word' id='word_1_495' title='bbox 2062 1479 2214 1547; x_wconf 85' lang='lat' dir='ltr'><strong>Quod</strong></span> <span class='ocrx_word' id='word_1_496' title='bbox 2242 1478 2484 1535; x_wconf 90' lang='lat' dir='ltr'><strong>osculum</strong></span> <span class='ocrx_word' id='word_1_497' title='bbox 2506 1481 2737 1550; x_wconf 89' lang='lat' dir='ltr'><strong>primum</strong></span> <span class='ocrx_word' id='word_1_498' title='bbox 2769 1498 2799 1535; x_wconf 90' lang='lat' dir='ltr'><strong>a</strong></span> <span class='ocrx_word' id='word_1_499' title='bbox 2849 1482 3129 1536; x_wconf 86' lang='lat' dir='ltr'><strong>sacerdote</strong></span> <span class='ocrx_word' id='word_1_500' title='bbox 3181 1480 3342 1535; x_wconf 85' lang='lat' dir='ltr'><strong>mini-</strong></span> 
     </span>
    </p>
   </div>
   <div class='ocr_carea' id='block_1_74' title="bbox 1771 1570 3343 1643">
    <p class='ocr_par' dir='ltr' id='par_1_74' title="bbox 1771 1570 3343 1643">
     <span class='ocr_line' id='line_1_74' title="bbox 1771 1570 3343 1643; baseline 0 -17"><span class='ocrx_word' id='word_1_501' title='bbox 1771 1571 1908 1627; x_wconf 89' lang='lat' dir='ltr'><strong>stris</strong></span> <span class='ocrx_word' id='word_1_502' title='bbox 1934 1570 2189 1637; x_wconf 86' lang='lat' dir='ltr'><strong>traditur,</strong></span> <span class='ocrx_word' id='word_1_503' title='bbox 2214 1582 2273 1626; x_wconf 91' lang='lat' dir='ltr'><strong>ut</strong></span> <span class='ocrx_word' id='word_1_504' title='bbox 2297 1572 2493 1627; x_wconf 78' lang='lat' dir='ltr'><strong>exinde</strong></span> <span class='ocrx_word' id='word_1_505' title='bbox 2524 1588 2621 1643; x_wconf 91' lang='lat' dir='ltr'><strong>per</strong></span> <span class='ocrx_word' id='word_1_506' title='bbox 2644 1588 2738 1629; x_wconf 90' lang='lat' dir='ltr'><strong>eos</strong></span> <span class='ocrx_word' id='word_1_507' title='bbox 2792 1573 2846 1627; x_wconf 92' lang='lat' dir='ltr'><strong>in</strong></span> <span class='ocrx_word' id='word_1_508' title='bbox 2870 1583 3096 1627; x_wconf 78' lang='lat' dir='ltr'><strong>caeteros</strong></span> <span class='ocrx_word' id='word_1_509' title='bbox 3142 1589 3343 1643; x_wconf 67' lang='lat' dir='ltr'><strong>enipeu-</strong></span> 
     </span>
    </p>
   </div>
   <div class='ocr_carea' id='block_1_75' title="bbox 1766 1659 3342 1734">
    <p class='ocr_par' dir='ltr' id='par_1_75' title="bbox 1766 1659 3342 1734">
     <span class='ocr_line' id='line_1_75' title="bbox 1766 1659 3342 1734; baseline 0.002 -17"><span class='ocrx_word' id='word_1_510' title='bbox 1766 1661 1942 1717; x_wconf 87' lang='lat' dir='ltr'><strong>datur.</strong></span> <span class='ocrx_word' id='word_1_511' title='bbox 1970 1659 2026 1716; x_wconf 84' lang='lat' dir='ltr'><strong>In</strong></span> <span class='ocrx_word' id='word_1_512' title='bbox 2050 1677 2201 1732; x_wconf 89' lang='lat' dir='ltr'><strong>pace,</strong></span> <span class='ocrx_word' id='word_1_513' title='bbox 2236 1678 2397 1734; x_wconf 87' lang='lat' dir='ltr'><strong>quam</strong></span> <span class='ocrx_word' id='word_1_514' title='bbox 2426 1665 2575 1733; x_wconf 90' lang='lat' dir='ltr'><strong>prius</strong></span> <span class='ocrx_word' id='word_1_515' title='bbox 2606 1667 2860 1720; x_wconf 85' lang='lat' dir='ltr'><strong>sacerdos</strong></span> <span class='ocrx_word' id='word_1_516' title='bbox 2882 1665 3087 1731; x_wconf 86' lang='lat' dir='ltr'><strong>tribuit,</strong></span> <span class='ocrx_word' id='word_1_517' title='bbox 3120 1682 3223 1734; x_wconf 84' lang='lat' dir='ltr'><strong>pax</strong></span> <span class='ocrx_word' id='word_1_518' title='bbox 3249 1665 3342 1721; x_wconf 89' lang='lat' dir='ltr'><strong>Dei</strong></span> 
     </span>
    </p>
   </div>
   <div class='ocr_carea' id='block_1_76' title="bbox 1765 1754 3343 1827">
    <p class='ocr_par' dir='ltr' id='par_1_76' title="bbox 1765 1754 3343 1827">
     <span class='ocr_line' id='line_1_76' title="bbox 1765 1754 3343 1827; baseline 0.001 -18"><span class='ocrx_word' id='word_1_519' title='bbox 1765 1754 1832 1810; x_wconf 85' lang='lat' dir='ltr'><strong>ad</strong></span> <span class='ocrx_word' id='word_1_520' title='bbox 1859 1770 1978 1821; x_wconf 90' lang='lat' dir='ltr'><strong>nos,</strong></span> <span class='ocrx_word' id='word_1_521' title='bbox 2036 1766 2223 1812; x_wconf 88' lang='lat' dir='ltr'><strong>nostra</strong></span> <span class='ocrx_word' id='word_1_522' title='bbox 2274 1755 2483 1811; x_wconf 86' lang='lat' dir='ltr'><strong>scilicet</strong></span> <span class='ocrx_word' id='word_1_523' title='bbox 2522 1757 2915 1825; x_wconf 88' lang='lat' dir='ltr'><strong>reconciliatio,</strong></span> <span class='ocrx_word' id='word_1_524' title='bbox 2968 1773 3032 1812; x_wconf 85' lang='lat' dir='ltr'><strong>ex</strong></span> <span class='ocrx_word' id='word_1_525' title='bbox 3082 1772 3187 1827; x_wconf 90' lang='lat' dir='ltr'><strong>qua</strong></span> <span class='ocrx_word' id='word_1_526' title='bbox 3237 1773 3343 1827; x_wconf 85' lang='lat' dir='ltr'><strong>pax</strong></span> 
     </span>
    </p>
   </div>
   <div class='ocr_carea' id='block_1_77' title="bbox 1763 1846 3342 1921">
    <p class='ocr_par' dir='ltr' id='par_1_77' title="bbox 1763 1846 3342 1921">
     <span class='ocr_line' id='line_1_77' title="bbox 1763 1846 3342 1921; baseline 0.001 -17"><span class='ocrx_word' id='word_1_527' title='bbox 1763 1846 2062 1904; x_wconf 81' lang='lat' dir='ltr'><strong>Jerusalem</strong></span> <span class='ocrx_word' id='word_1_528' title='bbox 2084 1849 2285 1919; x_wconf 91' lang='lat' dir='ltr'><strong>pendet</strong></span> <span class='ocrx_word' id='word_1_529' title='bbox 2307 1858 2361 1904; x_wconf 91' lang='lat' dir='ltr'><strong>et</strong></span> <span class='ocrx_word' id='word_1_530' title='bbox 2396 1849 2605 1915; x_wconf 91' lang='lat' dir='ltr'><strong>nititur,</strong></span> <span class='ocrx_word' id='word_1_531' title='bbox 2639 1850 2971 1921; x_wconf 79' lang='lat' dir='ltr'><strong>designatur.</strong></span> <span class='ocrx_word' id='word_1_532' title='bbox 3002 1848 3167 1920; x_wconf 87' lang='lat' dir='ltr'><strong>Cujus</strong></span> <span class='ocrx_word' id='word_1_533' title='bbox 3192 1849 3342 1907; x_wconf 88' lang='lat' dir='ltr'><strong>nacis</strong></span> 
     </span>
    </p>
   </div>
   <div class='ocr_carea' id='block_1_78' title="bbox 1763 1936 3339 2010">
    <p class='ocr_par' dir='ltr' id='par_1_78' title="bbox 1763 1936 3339 2010">
     <span class='ocr_line' id='line_1_78' title="bbox 1763 1936 3339 2010; baseline 0.001 -17"><span class='ocrx_word' id='word_1_534' title='bbox 1763 1939 2006 1994; x_wconf 91' lang='lat' dir='ltr'><strong>osculum</strong></span> <span class='ocrx_word' id='word_1_535' title='bbox 2035 1938 2285 2010; x_wconf 89' lang='lat' dir='ltr'><strong>primitus</strong></span> <span class='ocrx_word' id='word_1_536' title='bbox 2307 1940 2561 1994; x_wconf 89' lang='lat' dir='ltr'><strong>sacerdos</strong></span> <span class='ocrx_word' id='word_1_537' title='bbox 2586 1938 2761 2005; x_wconf 71' lang='lat' dir='ltr'><strong>oll‘ert,</strong></span> <span class='ocrx_word' id='word_1_538' title='bbox 2804 1938 2927 2009; x_wconf 89' lang='lat' dir='ltr'><strong>quia</strong></span> <span class='ocrx_word' id='word_1_539' title='bbox 2960 1955 3064 2010; x_wconf 79' lang='lat' dir='ltr'><strong>pax</strong></span> <span class='ocrx_word' id='word_1_540' title='bbox 3095 1936 3339 1994; x_wconf 86' lang='lat' dir='ltr'><strong>reconci-</strong></span> 
     </span>
    </p>
   </div>
   <div class='ocr_carea' id='block_1_79' title="bbox 1764 2029 3338 2101">
    <p class='ocr_par' dir='ltr' id='par_1_79' title="bbox 1764 2029 3338 2101">
     <span class='ocr_line' id='line_1_79' title="bbox 1764 2029 3338 2101; baseline 0 -16"><span class='ocrx_word' id='word_1_541' title='bbox 1764 2029 2006 2085; x_wconf 90' lang='lat' dir='ltr'><strong>liationis</strong></span> <span class='ocrx_word' id='word_1_542' title='bbox 2031 2045 2128 2100; x_wconf 88' lang='lat' dir='ltr'><strong>per</strong></span> <span class='ocrx_word' id='word_1_543' title='bbox 2180 2030 2578 2086; x_wconf 85' lang='lat' dir='ltr'><strong>ecclesiasticos</strong></span> <span class='ocrx_word' id='word_1_544' title='bbox 2617 2031 2866 2101; x_wconf 77' lang='lat' dir='ltr'><strong>pra-latos</strong></span> <span class='ocrx_word' id='word_1_545' title='bbox 2922 2033 3075 2086; x_wconf 89' lang='lat' dir='ltr'><strong>nobis</strong></span> <span class='ocrx_word' id='word_1_546' title='bbox 3123 2046 3338 2085; x_wconf 84' lang='lat' dir='ltr'><strong>annun-</strong></span> 
     </span>
    </p>
   </div>
   <div class='ocr_carea' id='block_1_80' title="bbox 1766 2119 3338 2192">
    <p class='ocr_par' dir='ltr' id='par_1_80' title="bbox 1766 2119 3338 2192">
     <span class='ocr_line' id='line_1_80' title="bbox 1766 2119 3338 2192; baseline 0.001 -18"><span class='ocrx_word' id='word_1_547' title='bbox 1766 2119 1893 2175; x_wconf 86' lang='lat' dir='ltr'><strong>tiata</strong></span> <span class='ocrx_word' id='word_1_548' title='bbox 1929 2130 2085 2175; x_wconf 89' lang='lat' dir='ltr'><strong>estet</strong></span> <span class='ocrx_word' id='word_1_549' title='bbox 2124 2120 2350 2186; x_wconf 87' lang='lat' dir='ltr'><strong>indulta,</strong></span> <span class='ocrx_word' id='word_1_550' title='bbox 2378 2121 2518 2176; x_wconf 87' lang='lat' dir='ltr'><strong>sicut</strong></span> <span class='ocrx_word' id='word_1_551' title='bbox 2547 2123 2803 2192; x_wconf 90' lang='lat' dir='ltr'><strong>scriptum</strong></span> <span class='ocrx_word' id='word_1_552' title='bbox 2836 2131 2950 2177; x_wconf 86' lang='lat' dir='ltr'><strong>est:</strong></span> <span class='ocrx_word' id='word_1_553' title='bbox 2977 2142 2994 2174; x_wconf 77' lang='grc' dir='ltr'><strong>ι</strong></span> <span class='ocrx_word' id='word_1_554' title='bbox 3027 2122 3338 2192; x_wconf 85' lang='lat' dir='ltr'><strong>Suscipiunt</strong></span> 
     </span>
    </p>
   </div>
   <div class='ocr_carea' id='block_1_81' title="bbox 1773 2213 3337 2286">
    <p class='ocr_par' dir='ltr' id='par_1_81' title="bbox 1773 2213 3337 2286">
     <span class='ocr_line' id='line_1_81' title="bbox 1773 2213 3337 2286; baseline -0.001 -17"><span class='ocrx_word' id='word_1_555' title='bbox 1773 2226 1987 2270; x_wconf 84' lang='lat' dir='ltr'><strong>montes</strong></span> <span class='ocrx_word' id='word_1_556' title='bbox 2019 2231 2207 2285; x_wconf 89' lang='lat' dir='ltr'><strong>pacem</strong></span> <span class='ocrx_word' id='word_1_557' title='bbox 2241 2214 2454 2286; x_wconf 89' lang='lat' dir='ltr'><strong>populo.</strong></span> <span class='ocrx_word' id='word_1_558' title='bbox 2494 2235 2514 2267; x_wconf 76' lang='grc' dir='ltr'><strong>ι</strong></span> <span class='ocrx_word' id='word_1_559' title='bbox 2553 2213 2703 2269; x_wconf 85' lang='lat' dir='ltr'><strong>Unde</strong></span> <span class='ocrx_word' id='word_1_560' title='bbox 2764 2229 2901 2269; x_wconf 91' lang='lat' dir='ltr'><strong>unus</strong></span> <span class='ocrx_word' id='word_1_561' title='bbox 2949 2228 3014 2268; x_wconf 87' lang='lat' dir='ltr'><strong>ex</strong></span> <span class='ocrx_word' id='word_1_562' title='bbox 3059 2215 3143 2269; x_wconf 89' lang='lat' dir='ltr'><strong>his</strong></span> <span class='ocrx_word' id='word_1_563' title='bbox 3183 2229 3337 2268; x_wconf 90' lang='lat' dir='ltr'><strong>mou-</strong></span> 
     </span>
    </p>
   </div>
   <div class='ocr_carea' id='block_1_82' title="bbox 1763 2306 3338 2377">
    <p class='ocr_par' dir='ltr' id='par_1_82' title="bbox 1763 2306 3338 2377">
     <span class='ocr_line' id='line_1_82' title="bbox 1763 2306 3338 2377; baseline 0.001 -17"><span class='ocrx_word' id='word_1_564' title='bbox 1763 2307 1929 2372; x_wconf 91' lang='lat' dir='ltr'><strong>tibus,</strong></span> <span class='ocrx_word' id='word_1_565' title='bbox 1957 2307 2111 2377; x_wconf 87' lang='lat' dir='ltr'><strong>quasi</strong></span> <span class='ocrx_word' id='word_1_566' title='bbox 2142 2306 2299 2375; x_wconf 88' lang='lat' dir='ltr'><strong>hujus</strong></span> <span class='ocrx_word' id='word_1_567' title='bbox 2323 2307 2563 2362; x_wconf 88' lang='lat' dir='ltr'><strong>osculum</strong></span> <span class='ocrx_word' id='word_1_568' title='bbox 2594 2308 2745 2377; x_wconf 89' lang='lat' dir='ltr'><strong>pacis</strong></span> <span class='ocrx_word' id='word_1_569' title='bbox 2784 2307 3079 2363; x_wconf 87' lang='lat' dir='ltr'><strong>Corinthiis</strong></span> <span class='ocrx_word' id='word_1_570' title='bbox 3104 2306 3338 2362; x_wconf 77' lang='lat' dir='ltr'><strong>offerens</strong></span> 
     </span>
    </p>
   </div>
   <div class='ocr_carea' id='block_1_83' title="bbox 1761 2398 3334 2470">
    <p class='ocr_par' dir='ltr' id='par_1_83' title="bbox 1761 2398 3334 2470">
     <span class='ocr_line' id='line_1_83' title="bbox 1761 2398 3334 2470; baseline 0.001 -18"><span class='ocrx_word' id='word_1_571' title='bbox 1761 2399 1981 2469; x_wconf 88' lang='lat' dir='ltr'><strong>inquit:</strong></span> <span class='ocrx_word' id='word_1_572' title='bbox 2040 2418 2057 2451; x_wconf 77' lang='grc' dir='ltr'><strong>ι</strong></span> <span class='ocrx_word' id='word_1_573' title='bbox 2094 2398 2250 2454; x_wconf 88' lang='lat' dir='ltr'><strong>Dedit</strong></span> <span class='ocrx_word' id='word_1_574' title='bbox 2294 2399 2450 2454; x_wconf 90' lang='lat' dir='ltr'><strong>nobis</strong></span> <span class='ocrx_word' id='word_1_575' title='bbox 2486 2400 2804 2470; x_wconf 84' lang='lat' dir='ltr'><strong>mysterium</strong></span> <span class='ocrx_word' id='word_1_576' title='bbox 2852 2399 3334 2455; x_wconf 89' lang='lat' dir='ltr'><strong>reconciliationis.</strong></span> 
     </span>
    </p>
   </div>
   <div class='ocr_carea' id='block_1_84' title="bbox 1764 2478 3335 2562">
    <p class='ocr_par' dir='ltr' id='par_1_84' title="bbox 1764 2478 3335 2562">
     <span class='ocr_line' id='line_1_84' title="bbox 1764 2478 3335 2562; baseline 0 -17"><span class='ocrx_word' id='word_1_577' title='bbox 1764 2489 1871 2546; x_wconf 83' lang='lat' dir='ltr'><strong>Pro</strong></span> <span class='ocrx_word' id='word_1_578' title='bbox 1886 2478 2107 2546; x_wconf 88' lang='lat' dir='ltr'><strong>.Christo</strong></span> <span class='ocrx_word' id='word_1_579' title='bbox 2134 2505 2264 2562; x_wconf 88' lang='lat' dir='ltr'><strong>ergo</strong></span> <span class='ocrx_word' id='word_1_580' title='bbox 2310 2489 2578 2560; x_wconf 88' lang='lat' dir='ltr'><strong>legatione</strong></span> <span class='ocrx_word' id='word_1_581' title='bbox 2603 2491 2897 2562; x_wconf 83' lang='lat' dir='ltr'><strong>fungimur,</strong></span> <span class='ocrx_word' id='word_1_582' title='bbox 2936 2501 3191 2561; x_wconf 89' lang='lat' dir='ltr'><strong>tanquam</strong></span> <span class='ocrx_word' id='word_1_583' title='bbox 3225 2491 3335 2545; x_wconf 92' lang='lat' dir='ltr'><strong>Deo</strong></span> 
     </span>
    </p>
   </div>
   <div class='ocr_carea' id='block_1_85' title="bbox 1757 2581 3333 2654">
    <p class='ocr_par' dir='ltr' id='par_1_85' title="bbox 1757 2581 3333 2654">
     <span class='ocr_line' id='line_1_85' title="bbox 1757 2581 3333 2654; baseline 0.001 -17"><span class='ocrx_word' id='word_1_584' title='bbox 1757 2581 2083 2637; x_wconf 75' lang='lat' dir='ltr'><strong>exhortante</strong></span> <span class='ocrx_word' id='word_1_585' title='bbox 2104 2597 2199 2652; x_wconf 90' lang='lat' dir='ltr'><strong>per</strong></span> <span class='ocrx_word' id='word_1_586' title='bbox 2229 2595 2351 2636; x_wconf 89' lang='lat' dir='ltr'><strong>nos.</strong></span> <span class='ocrx_word' id='word_1_587' title='bbox 2386 2582 2745 2637; x_wconf 84' lang='lat' dir='ltr'><strong>Obsecramus</strong></span> <span class='ocrx_word' id='word_1_588' title='bbox 2775 2598 2871 2654; x_wconf 93' lang='lat' dir='ltr'><strong>pro</strong></span> <span class='ocrx_word' id='word_1_589' title='bbox 2899 2582 3138 2651; x_wconf 86' lang='lat' dir='ltr'><strong>Christo,</strong></span> <span class='ocrx_word' id='word_1_590' title='bbox 3178 2601 3197 2635; x_wconf 74' lang='grc' dir='ltr'><strong>ι</strong></span> <span class='ocrx_word' id='word_1_591' title='bbox 3229 2582 3333 2638; x_wconf 88' lang='lat' dir='ltr'><strong>hoc</strong></span> 
     </span>
    </p>
   </div>
   <div class='ocr_carea' id='block_1_86' title="bbox 1757 2672 2844 2740">
    <p class='ocr_par' dir='ltr' id='par_1_86' title="bbox 1757 2672 2844 2740">
     <span class='ocr_line' id='line_1_86' title="bbox 1757 2672 2844 2740; baseline 0 -14"><span class='ocrx_word' id='word_1_592' title='bbox 1757 2681 1839 2727; x_wconf 84' lang='lat' dir='ltr'><strong>est</strong></span> <span class='ocrx_word' id='word_1_593' title='bbox 1864 2673 1980 2727; x_wconf 85' lang='lat' dir='ltr'><strong>vice</strong></span> <span class='ocrx_word' id='word_1_594' title='bbox 1999 2672 2135 2740; x_wconf 90' lang='lat' dir='ltr'><strong>ejus,</strong></span> <span class='ocrx_word' id='word_1_595' title='bbox 2165 2690 2184 2724; x_wconf 75' lang='grc' dir='ltr'><strong>ι</strong></span> <span class='ocrx_word' id='word_1_596' title='bbox 2222 2672 2644 2728; x_wconf 78' lang='lat' dir='ltr'><strong>reconciliamini</strong></span> <span class='ocrx_word' id='word_1_597' title='bbox 2674 2673 2800 2728; x_wconf 89' lang='lat' dir='ltr'><strong>Deo.</strong></span> <span class='ocrx_word' id='word_1_598' title='bbox 2826 2693 2844 2726; x_wconf 72' lang='grc' dir='ltr'><strong>ι</strong></span> 
     </span>
    </p>
   </div>
   <div class='ocr_carea' id='block_1_87' title="bbox 1830 2760 3334 2832">
    <p class='ocr_par' dir='ltr' id='par_1_87' title="bbox 1830 2760 3334 2832">
     <span class='ocr_line' id='line_1_87' title="bbox 1830 2760 3334 2832; baseline 0.001 -15"><span class='ocrx_word' id='word_1_599' title='bbox 1830 2760 1895 2817; x_wconf 85' lang='grc' dir='ltr'>Ει</span> <span class='ocrx_word' id='word_1_600' title='bbox 1934 2761 2188 2831; x_wconf 92' lang='lat' dir='ltr'><strong>quoniam</strong></span> <span class='ocrx_word' id='word_1_601' title='bbox 2225 2777 2331 2832; x_wconf 85' lang='lat' dir='ltr'><strong>pax</strong></span> <span class='ocrx_word' id='word_1_602' title='bbox 2394 2763 2495 2818; x_wconf 87' lang='lat' dir='ltr'><strong>ista</strong></span> <span class='ocrx_word' id='word_1_603' title='bbox 2526 2763 2581 2818; x_wconf 91' lang='lat' dir='ltr'><strong>in</strong></span> <span class='ocrx_word' id='word_1_604' title='bbox 2611 2762 2816 2819; x_wconf 89' lang='lat' dir='ltr'><strong>Christi</strong></span> <span class='ocrx_word' id='word_1_605' title='bbox 2870 2766 3044 2819; x_wconf 82' lang='lat' dir='ltr'><strong>morte</strong></span> <span class='ocrx_word' id='word_1_606' title='bbox 3077 2779 3334 2819; x_wconf 87' lang='lat' dir='ltr'><strong>consum-</strong></span> 
     </span>
    </p>
   </div>
   <div class='ocr_carea' id='block_1_88' title="bbox 1757 2846 3332 2924">
    <p class='ocr_par' dir='ltr' id='par_1_88' title="bbox 1757 2846 3332 2924">
     <span class='ocr_line' id='line_1_88' title="bbox 1757 2846 3332 2924; baseline 0.003 -19"><span class='ocrx_word' id='word_1_607' title='bbox 1757 2862 1901 2905; x_wconf 87' lang='lat' dir='ltr'><strong>mata</strong></span> <span class='ocrx_word' id='word_1_608' title='bbox 1925 2861 2028 2917; x_wconf 90' lang='lat' dir='ltr'><strong>est,</strong></span> <span class='ocrx_word' id='word_1_609' title='bbox 2070 2863 2212 2908; x_wconf 92' lang='lat' dir='ltr'><strong>recte</strong></span> <span class='ocrx_word' id='word_1_610' title='bbox 2241 2861 2363 2923; x_wconf 89' lang='lat' dir='ltr'><strong>post</strong></span> <span class='ocrx_word' id='word_1_611' title='bbox 2390 2852 2837 2919; x_wconf 90' lang='lat' dir='ltr'><strong>immolationem,</strong></span> <span class='ocrx_word' id='word_1_612' title='bbox 2861 2869 2982 2924; x_wconf 71' lang='lat' dir='ltr'><strong>qua:</strong></span> <span class='ocrx_word' id='word_1_613' title='bbox 3006 2846 3209 2909; x_wconf 85' lang='lat' dir='ltr'><strong>mortis</strong></span> <span class='ocrx_word' id='word_1_614' title='bbox 3225 2853 3332 2910; x_wconf 82' lang='lat' dir='ltr'><strong>Do-</strong></span> 
     </span>
    </p>
   </div>
   <div class='ocr_carea' id='block_1_89' title="bbox 1756 2943 3331 3016">
    <p class='ocr_par' dir='ltr' id='par_1_89' title="bbox 1756 2943 3331 3016">
     <span class='ocr_line' id='line_1_89' title="bbox 1756 2943 3331 3016; baseline 0.003 -18"><span class='ocrx_word' id='word_1_615' title='bbox 1756 2944 1968 3000; x_wconf 68' lang='lat' dir='ltr'><strong>minicte</strong></span> <span class='ocrx_word' id='word_1_616' title='bbox 2000 2943 2318 3001; x_wconf 91' lang='lat' dir='ltr'><strong>memoriam</strong></span> <span class='ocrx_word' id='word_1_617' title='bbox 2376 2944 2658 3016; x_wconf 87' lang='lat' dir='ltr'><strong>imaginat,</strong></span> <span class='ocrx_word' id='word_1_618' title='bbox 2694 2943 2851 3013; x_wconf 89' lang='lat' dir='ltr'><strong>hujus</strong></span> <span class='ocrx_word' id='word_1_619' title='bbox 2899 2946 3051 3016; x_wconf 89' lang='lat' dir='ltr'><strong>pacis</strong></span> <span class='ocrx_word' id='word_1_620' title='bbox 3085 2948 3331 3002; x_wconf 90' lang='lat' dir='ltr'><strong>osculum</strong></span> 
     </span>
    </p>
   </div>
   <div class='ocr_carea' id='block_1_90' title="bbox 1756 3034 3331 3107">
    <p class='ocr_par' dir='ltr' id='par_1_90' title="bbox 1756 3034 3331 3107">
     <span class='ocr_line' id='line_1_90' title="bbox 1756 3034 3331 3107; baseline 0.001 -16"><span class='ocrx_word' id='word_1_621' title='bbox 1756 3036 2008 3091; x_wconf 89' lang='lat' dir='ltr'><strong>sacerdos</strong></span> <span class='ocrx_word' id='word_1_622' title='bbox 2036 3036 2187 3091; x_wconf 89' lang='lat' dir='ltr'><strong>libat.</strong></span> <span class='ocrx_word' id='word_1_623' title='bbox 2210 3035 2344 3103; x_wconf 83' lang='lat' dir='ltr'><strong>Quia</strong></span> <span class='ocrx_word' id='word_1_624' title='bbox 2370 3050 2500 3091; x_wconf 90' lang='lat' dir='ltr'><strong>vero</strong></span> <span class='ocrx_word' id='word_1_625' title='bbox 2528 3034 2659 3090; x_wconf 92' lang='lat' dir='ltr'><strong>illud</strong></span> <span class='ocrx_word' id='word_1_626' title='bbox 2682 3036 2948 3099; x_wconf 86' lang='lat' dir='ltr'><strong>osculum,</strong></span> <span class='ocrx_word' id='word_1_627' title='bbox 2979 3042 3118 3106; x_wconf 87' lang='lat' dir='ltr'><strong>quod</strong></span> <span class='ocrx_word' id='word_1_628' title='bbox 3144 3046 3331 3107; x_wconf 87' lang='lat' dir='ltr'><strong>postea</strong></span> 
     </span>
    </p>
   </div>
   <div class='ocr_carea' id='block_1_91' title="bbox 1756 3125 3326 3197">
    <p class='ocr_par' dir='ltr' id='par_1_91' title="bbox 1756 3125 3326 3197">
     <span class='ocr_line' id='line_1_91' title="bbox 1756 3125 3326 3197; baseline 0.003 -18"><span class='ocrx_word' id='word_1_629' title='bbox 1756 3127 2185 3180; x_wconf 85' lang='lat' dir='ltr'><strong>communicatur</strong></span> <span class='ocrx_word' id='word_1_630' title='bbox 2211 3126 2263 3179; x_wconf 94' lang='lat' dir='ltr'><strong>in</strong></span> <span class='ocrx_word' id='word_1_631' title='bbox 2288 3125 2550 3195; x_wconf 85' lang='lat' dir='ltr'><strong>singulos,</strong></span> <span class='ocrx_word' id='word_1_632' title='bbox 2578 3126 2833 3180; x_wconf 65' lang='lat' dir='ltr'><strong>fraternae</strong></span> <span class='ocrx_word' id='word_1_633' title='bbox 2858 3125 3005 3197; x_wconf 88' lang='lat' dir='ltr'><strong>pacis</strong></span> <span class='ocrx_word' id='word_1_634' title='bbox 3030 3128 3326 3183; x_wconf 88' lang='lat' dir='ltr'><strong>concordia</strong></span> 
     </span>
    </p>
   </div>
   <div class='ocr_carea' id='block_1_92' title="bbox 1757 3216 3333 3286">
    <p class='ocr_par' dir='ltr' id='par_1_92' title="bbox 1757 3216 3333 3286">
     <span class='ocr_line' id='line_1_92' title="bbox 1757 3216 3333 3286; baseline 0.003 -15"><span class='ocrx_word' id='word_1_635' title='bbox 1757 3216 2185 3282; x_wconf 84' lang='lat' dir='ltr'><strong>demonstratur,</strong></span> <span class='ocrx_word' id='word_1_636' title='bbox 2236 3216 2356 3271; x_wconf 88' lang='lat' dir='ltr'><strong>ideo</strong></span> <span class='ocrx_word' id='word_1_637' title='bbox 2392 3226 2519 3272; x_wconf 91' lang='lat' dir='ltr'><strong>ante</strong></span> <span class='ocrx_word' id='word_1_638' title='bbox 2557 3216 2955 3286; x_wconf 80' lang='lat' dir='ltr'><strong>susceptionem</strong></span> <span class='ocrx_word' id='word_1_639' title='bbox 3007 3216 3333 3275; x_wconf 71' lang='lat' dir='ltr'><strong>sacramenti</strong></span> 
     </span>
    </p>
   </div>
   <div class='ocr_carea' id='block_1_93' title="bbox 1759 3305 3330 3370">
    <p class='ocr_par' dir='ltr' id='par_1_93' title="bbox 1759 3305 3330 3370">
     <span class='ocr_line' id='line_1_93' title="bbox 1759 3305 3330 3370; baseline 0.002 -10"><span class='ocrx_word' id='word_1_640' title='bbox 1759 3305 2031 3370; x_wconf 89' lang='lat' dir='ltr'><strong>tribuitur,</strong></span> <span class='ocrx_word' id='word_1_641' title='bbox 2057 3316 2115 3359; x_wconf 90' lang='lat' dir='ltr'><strong>ut</strong></span> <span class='ocrx_word' id='word_1_642' title='bbox 2160 3305 2413 3359; x_wconf 87' lang='lat' dir='ltr'><strong>videlicet</strong></span> <span class='ocrx_word' id='word_1_643' title='bbox 2456 3306 2603 3360; x_wconf 90' lang='lat' dir='ltr'><strong>omni</strong></span> <span class='ocrx_word' id='word_1_644' title='bbox 2633 3306 2847 3361; x_wconf 88' lang='lat' dir='ltr'><strong>deterso</strong></span> <span class='ocrx_word' id='word_1_645' title='bbox 2900 3306 3025 3361; x_wconf 90' lang='lat' dir='ltr'><strong>odio</strong></span> <span class='ocrx_word' id='word_1_646' title='bbox 3074 3308 3330 3363; x_wconf 81' lang='lat' dir='ltr'><strong>mundum</strong></span> 
     </span>
    </p>
   </div>
   <div class='ocr_carea' id='block_1_94' title="bbox 1755 3397 3332 3467">
    <p class='ocr_par' dir='ltr' id='par_1_94' title="bbox 1755 3397 3332 3467">
     <span class='ocr_line' id='line_1_94' title="bbox 1755 3397 3332 3467; baseline 0.002 -16"><span class='ocrx_word' id='word_1_647' title='bbox 1755 3397 1939 3451; x_wconf 90' lang='lat' dir='ltr'><strong>cordis</strong></span> <span class='ocrx_word' id='word_1_648' title='bbox 1991 3407 2326 3467; x_wconf 66' lang='lat' dir='ltr'><strong>prmparetur</strong></span> <span class='ocrx_word' id='word_1_649' title='bbox 2380 3398 2670 3466; x_wconf 87' lang='lat' dir='ltr'><strong>hospitium</strong></span> <span class='ocrx_word' id='word_1_650' title='bbox 2707 3438 2724 3463; x_wconf 94' lang='lat'><strong>,</strong></span> <span class='ocrx_word' id='word_1_651' title='bbox 2778 3399 2831 3452; x_wconf 91' lang='lat' dir='ltr'><strong>in</strong></span> <span class='ocrx_word' id='word_1_652' title='bbox 2880 3399 3023 3467; x_wconf 87' lang='lat' dir='ltr'><strong>quod</strong></span> <span class='ocrx_word' id='word_1_653' title='bbox 3075 3398 3332 3454; x_wconf 89' lang='lat' dir='ltr'><strong>Dominus</strong></span> 
     </span>
    </p>
   </div>
   <div class='ocr_carea' id='block_1_95' title="bbox 1755 3486 3330 3557">
    <p class='ocr_par' dir='ltr' id='par_1_95' title="bbox 1755 3486 3330 3557">
     <span class='ocr_line' id='line_1_95' title="bbox 1755 3486 3330 3557; baseline 0.003 -18"><span class='ocrx_word' id='word_1_654' title='bbox 1755 3486 1963 3557; x_wconf 91' lang='lat' dir='ltr'><strong>ingredi</strong></span> <span class='ocrx_word' id='word_1_655' title='bbox 1993 3487 2157 3557; x_wconf 88' lang='lat' dir='ltr'><strong>eligat</strong></span> <span class='ocrx_word' id='word_1_656' title='bbox 2204 3497 2259 3541; x_wconf 90' lang='lat' dir='ltr'><strong>ct</strong></span> <span class='ocrx_word' id='word_1_657' title='bbox 2301 3488 2565 3543; x_wconf 89' lang='lat' dir='ltr'><strong>habitare.</strong></span> <span class='ocrx_word' id='word_1_658' title='bbox 2612 3488 2752 3543; x_wconf 90' lang='lat' dir='ltr'><strong>Istud</strong></span> <span class='ocrx_word' id='word_1_659' title='bbox 2799 3499 2883 3543; x_wconf 88' lang='lat' dir='ltr'><strong>est</strong></span> <span class='ocrx_word' id='word_1_660' title='bbox 2914 3488 3038 3543; x_wconf 90' lang='lat' dir='ltr'><strong>illud</strong></span> <span class='ocrx_word' id='word_1_661' title='bbox 3065 3490 3330 3554; x_wconf 91' lang='lat' dir='ltr'><strong>osculum,</strong></span> 
     </span>
    </p>
   </div>
   <div class='ocr_carea' id='block_1_96' title="bbox 1754 3579 3331 3649">
    <p class='ocr_par' dir='ltr' id='par_1_96' title="bbox 1754 3579 3331 3649">
     <span class='ocr_line' id='line_1_96' title="bbox 1754 3579 3331 3649; baseline 0.003 -16"><span class='ocrx_word' id='word_1_662' title='bbox 1754 3581 1894 3649; x_wconf 88' lang='lat' dir='ltr'><strong>quod</strong></span> <span class='ocrx_word' id='word_1_663' title='bbox 1930 3579 2129 3635; x_wconf 81' lang='lat' dir='ltr'><strong>Paulus</strong></span> <span class='ocrx_word' id='word_1_664' title='bbox 2162 3581 2213 3635; x_wconf 91' lang='lat' dir='ltr'><strong>in</strong></span> <span class='ocrx_word' id='word_1_665' title='bbox 2256 3579 2624 3635; x_wconf 80' lang='lat' dir='ltr'><strong>Romanorum</strong></span> <span class='ocrx_word' id='word_1_666' title='bbox 2655 3591 2710 3635; x_wconf 91' lang='lat' dir='ltr'><strong>ct</strong></span> <span class='ocrx_word' id='word_1_667' title='bbox 2754 3581 3155 3638; x_wconf 86' lang='lat' dir='ltr'><strong>Corinthiorum</strong></span> <span class='ocrx_word' id='word_1_668' title='bbox 3185 3585 3331 3638; x_wconf 90' lang='lat' dir='ltr'><strong>salu-</strong></span> 
     </span>
    </p>
   </div>
   <div class='ocr_carea' id='block_1_97' title="bbox 1756 3670 3326 3745">
    <p class='ocr_par' dir='ltr' id='par_1_97' title="bbox 1756 3670 3326 3745">
     <span class='ocr_line' id='line_1_97' title="bbox 1756 3670 3326 3745; baseline 0.002 -19"><span class='ocrx_word' id='word_1_669' title='bbox 1756 3672 2047 3727; x_wconf 91' lang='lat' dir='ltr'><strong>tationibus</strong></span> <span class='ocrx_word' id='word_1_670' title='bbox 2095 3672 2284 3728; x_wconf 88' lang='lat' dir='ltr'><strong>statuit</strong></span> <span class='ocrx_word' id='word_1_671' title='bbox 2332 3670 2703 3728; x_wconf 72' lang='lat' dir='ltr'><strong>offerendum:</strong></span> <span class='ocrx_word' id='word_1_672' title='bbox 2762 3693 2780 3729; x_wconf 74' lang='grc' dir='ltr'><strong>ι</strong></span> <span class='ocrx_word' id='word_1_673' title='bbox 2813 3673 3072 3741; x_wconf 89' lang='lat' dir='ltr'><strong>Salutate,</strong></span> <span class='ocrx_word' id='word_1_674' title='bbox 3126 3675 3326 3745; x_wconf 83' lang='lat' dir='ltr'><strong>inquit,</strong></span> 
     </span>
    </p>
   </div>
   <div class='ocr_carea' id='block_1_98' title="bbox 1751 3760 3327 3831">
    <p class='ocr_par' dir='ltr' id='par_1_98' title="bbox 1751 3760 3327 3831">
     <span class='ocr_line' id='line_1_98' title="bbox 1751 3760 3327 3831; baseline 0.004 -16"><span class='ocrx_word' id='word_1_675' title='bbox 1751 3760 2081 3818; x_wconf 60' lang='lat' dir='ltr'><strong>invicenrin</strong></span> <span class='ocrx_word' id='word_1_676' title='bbox 2139 3762 2325 3817; x_wconf 80' lang='lat' dir='ltr'><strong>osculo</strong></span> <span class='ocrx_word' id='word_1_677' title='bbox 2355 3770 2566 3826; x_wconf 89' lang='lat' dir='ltr'><strong>sancto,</strong></span> <span class='ocrx_word' id='word_1_678' title='bbox 2602 3781 2621 3814; x_wconf 75' lang='grc' dir='ltr'><strong>ι</strong></span> <span class='ocrx_word' id='word_1_679' title='bbox 2659 3764 2759 3817; x_wconf 84' lang='grc' dir='ltr'>Ιιοε</span> <span class='ocrx_word' id='word_1_680' title='bbox 2810 3773 2890 3818; x_wconf 88' lang='grc' dir='ltr'><strong>εει</strong></span> <span class='ocrx_word' id='word_1_681' title='bbox 2937 3764 3171 3831; x_wconf 89' lang='lat' dir='ltr'><strong>sincero,</strong></span> <span class='ocrx_word' id='word_1_682' title='bbox 3221 3776 3327 3821; x_wconf 77' lang='lat' dir='ltr'><strong>neu</strong></span> 
     </span>
    </p>
   </div>
   <div class='ocr_carea' id='block_1_99' title="bbox 1751 3850 3329 3924">
    <p class='ocr_par' dir='ltr' id='par_1_99' title="bbox 1751 3850 3329 3924">
     <span class='ocr_line' id='line_1_99' title="bbox 1751 3850 3329 3924; baseline 0.003 -18"><span class='ocrx_word' id='word_1_683' title='bbox 1751 3851 1963 3916; x_wconf 84' lang='lat' dir='ltr'><strong>fictitio,</strong></span> <span class='ocrx_word' id='word_1_684' title='bbox 1994 3851 2151 3922; x_wconf 90' lang='lat' dir='ltr'><strong>quale</strong></span> <span class='ocrx_word' id='word_1_685' title='bbox 2173 3850 2441 3907; x_wconf 76' lang='lat' dir='ltr'><strong>fuitJada:</strong></span> <span class='ocrx_word' id='word_1_686' title='bbox 2480 3854 2758 3917; x_wconf 68' lang='lat' dir='ltr'><strong>&quot;osculum,</strong></span> <span class='ocrx_word' id='word_1_687' title='bbox 2805 3868 2911 3924; x_wconf 89' lang='lat' dir='ltr'><strong>quo</strong></span> <span class='ocrx_word' id='word_1_688' title='bbox 2940 3856 3173 3924; x_wconf 88' lang='lat' dir='ltr'><strong>prodidit</strong></span> <span class='ocrx_word' id='word_1_689' title='bbox 3203 3854 3329 3911; x_wconf 90' lang='lat' dir='ltr'><strong>Sal-</strong></span> 
     </span>
    </p>
   </div>
   <div class='ocr_carea' id='block_1_100' title="bbox 1753 3943 3325 4021">
    <p class='ocr_par' dir='ltr' id='par_1_100' title="bbox 1753 3943 3325 4021">
     <span class='ocr_line' id='line_1_100' title="bbox 1753 3943 3325 4021; baseline 0.004 -24"><span class='ocrx_word' id='word_1_690' title='bbox 1753 3954 2014 4008; x_wconf 84' lang='lat' dir='ltr'><strong>vatorem,</strong></span> <span class='ocrx_word' id='word_1_691' title='bbox 2067 3943 2225 4015; x_wconf 90' lang='lat' dir='ltr'><strong>quale</strong></span> <span class='ocrx_word' id='word_1_692' title='bbox 2281 3954 2336 3999; x_wconf 93' lang='grc' dir='ltr'><strong>ει</strong></span> <span class='ocrx_word' id='word_1_693' title='bbox 2374 3943 2503 4000; x_wconf 91' lang='lat' dir='ltr'><strong>illud</strong></span> <span class='ocrx_word' id='word_1_694' title='bbox 2549 3944 2704 4021; x_wconf 80' lang='lat' dir='ltr'><strong>Joab,</strong></span> <span class='ocrx_word' id='word_1_695' title='bbox 2736 3946 2827 4015; x_wconf 91' lang='lat' dir='ltr'><strong>qui</strong></span> <span class='ocrx_word' id='word_1_696' title='bbox 2873 3947 3128 4001; x_wconf 83' lang='lat' dir='ltr'><strong>Amasam</strong></span> <span class='ocrx_word' id='word_1_697' title='bbox 3170 3953 3325 4019; x_wconf 88' lang='lat' dir='ltr'><strong>quasi</strong></span> 
     </span>
    </p>
   </div>
   <div class='ocr_carea' id='block_1_101' title="bbox 1748 4035 3318 4106">
    <p class='ocr_par' dir='ltr' id='par_1_101' title="bbox 1748 4035 3318 4106">
     <span class='ocr_line' id='line_1_101' title="bbox 1748 4035 3318 4106; baseline 0.003 -15"><span class='ocrx_word' id='word_1_698' title='bbox 1748 4035 2058 4091; x_wconf 89' lang='lat' dir='ltr'><strong>demulcens</strong></span> <span class='ocrx_word' id='word_1_699' title='bbox 2072 4036 2259 4092; x_wconf 89' lang='lat' dir='ltr'><strong>osculo</strong></span> <span class='ocrx_word' id='word_1_700' title='bbox 2290 4038 2553 4106; x_wconf 89' lang='lat' dir='ltr'><strong>percussit</strong></span> <span class='ocrx_word' id='word_1_701' title='bbox 2575 4038 2626 4091; x_wconf 92' lang='lat' dir='ltr'><strong>in</strong></span> <span class='ocrx_word' id='word_1_702' title='bbox 2658 4039 2849 4103; x_wconf 87' lang='lat' dir='ltr'><strong>latere,</strong></span> <span class='ocrx_word' id='word_1_703' title='bbox 2875 4046 2928 4093; x_wconf 90' lang='lat' dir='ltr'><strong>et</strong></span> <span class='ocrx_word' id='word_1_704' title='bbox 2954 4037 3142 4094; x_wconf 82' lang='lat' dir='ltr'><strong>effudit</strong></span> <span class='ocrx_word' id='word_1_705' title='bbox 3180 4040 3318 4096; x_wconf 86' lang='lat' dir='ltr'><strong>inte-</strong></span> 
     </span>
    </p>
   </div>
   <div class='ocr_carea' id='block_1_102' title="bbox 1747 4128 2528 4197">
    <p class='ocr_par' dir='ltr' id='par_1_102' title="bbox 1747 4128 2528 4197">
     <span class='ocr_line' id='line_1_102' title="bbox 1747 4128 2528 4197; baseline 0.003 -16"><span class='ocrx_word' id='word_1_706' title='bbox 1747 4128 1888 4182; x_wconf 92' lang='lat' dir='ltr'><strong>stina</strong></span> <span class='ocrx_word' id='word_1_707' title='bbox 1915 4128 2052 4197; x_wconf 91' lang='lat' dir='ltr'><strong>ejus,</strong></span> <span class='ocrx_word' id='word_1_708' title='bbox 2082 4139 2137 4184; x_wconf 90' lang='lat' dir='ltr'><strong>et</strong></span> <span class='ocrx_word' id='word_1_709' title='bbox 2158 4141 2402 4186; x_wconf 88' lang='lat' dir='ltr'><strong>mortuus</strong></span> <span class='ocrx_word' id='word_1_710' title='bbox 2426 4139 2528 4185; x_wconf 88' lang='lat' dir='ltr'><strong>est.</strong></span> 
     </span>
    </p>
   </div>
   <div class='ocr_carea' id='block_1_103' title="bbox 1746 4280 3318 4351">
    <p class='ocr_par' dir='ltr' id='par_1_103' title="bbox 1746 4280 3318 4351">
     <span class='ocr_line' id='line_1_103' title="bbox 1746 4280 3318 4351; baseline 0.002 -13"><span class='ocrx_word' id='word_1_711' title='bbox 1746 4281 1874 4338; x_wconf 76' lang='lat' dir='ltr'><strong>CAP.</strong></span> <span class='ocrx_word' id='word_1_712' title='bbox 1924 4280 2116 4337; x_wconf 82' lang='lat' dir='ltr'><strong>XXIX.</strong></span> <span class='ocrx_word' id='word_1_713' title='bbox 2146 4311 2217 4323; x_wconf 85' lang='lat'><strong>-—</strong></span> <span class='ocrx_word' id='word_1_714' title='bbox 2266 4281 2343 4337; x_wconf 83' lang='lat' dir='ltr'><strong>De</strong></span> <span class='ocrx_word' id='word_1_715' title='bbox 2398 4282 2478 4336; x_wconf 74' lang='lat' dir='ltr'><strong>Itis</strong></span> <span class='ocrx_word' id='word_1_716' title='bbox 2532 4282 2624 4351; x_wconf 83' lang='lat' dir='ltr'><strong>qui</strong></span> <span class='ocrx_word' id='word_1_717' title='bbox 2671 4297 2850 4351; x_wconf 82' lang='lat' dir='ltr'><strong>pacem</strong></span> <span class='ocrx_word' id='word_1_718' title='bbox 2899 4282 3110 4339; x_wconf 74' lang='lat' dir='ltr'><strong>turbant</strong></span> <span class='ocrx_word' id='word_1_719' title='bbox 3150 4285 3318 4342; x_wconf 74' lang='lat' dir='ltr'><strong>eccle-</strong></span> 
     </span>
    </p>
   </div>
   <div class='ocr_carea' id='block_1_104' title="bbox 1781 4352 3283 4427">
    <p class='ocr_par' dir='ltr' id='par_1_104' title="bbox 1781 4352 3283 4427">
     <span class='ocr_line' id='line_1_104' title="bbox 1781 4352 3283 4427; baseline 0.004 -20"><span class='ocrx_word' id='word_1_720' title='bbox 1781 4354 2046 4407; x_wconf 75' lang='lat' dir='ltr'><strong>siasticam</strong></span> <span class='ocrx_word' id='word_1_721' title='bbox 2067 4364 2113 4406; x_wconf 76' lang='lat' dir='ltr'><strong>ct</strong></span> <span class='ocrx_word' id='word_1_722' title='bbox 2136 4352 2446 4421; x_wconf 76' lang='lat' dir='ltr'><strong>fratemam,</strong></span> <span class='ocrx_word' id='word_1_723' title='bbox 2473 4352 2539 4407; x_wconf 77' lang='lat' dir='ltr'><strong>de</strong></span> <span class='ocrx_word' id='word_1_724' title='bbox 2571 4364 2781 4421; x_wconf 80' lang='lat' dir='ltr'><strong>peccato</strong></span> <span class='ocrx_word' id='word_1_725' title='bbox 2817 4369 2997 4409; x_wconf 84' lang='lat' dir='ltr'><strong>eorum</strong></span> <span class='ocrx_word' id='word_1_726' title='bbox 3034 4366 3082 4409; x_wconf 76' lang='lat' dir='ltr'><strong>et</strong></span> <span class='ocrx_word' id='word_1_727' title='bbox 3103 4372 3283 4427; x_wconf 69' lang='lat' dir='ltr'><strong>paena.</strong></span> 
     </span>
    </p>
   </div>
   <div class='ocr_carea' id='block_1_105' title="bbox 1815 4480 3322 4552">
    <p class='ocr_par' dir='ltr' id='par_1_105' title="bbox 1815 4480 3322 4552">
     <span class='ocr_line' id='line_1_105' title="bbox 1815 4480 3322 4552; baseline 0.007 -16"><span class='ocrx_word' id='word_1_728' title='bbox 1815 4480 1987 4552; x_wconf 84' lang='lat' dir='ltr'><strong>Hujus</strong></span> <span class='ocrx_word' id='word_1_729' title='bbox 2008 4482 2177 4538; x_wconf 91' lang='lat' dir='ltr'><strong>osculi</strong></span> <span class='ocrx_word' id='word_1_730' title='bbox 2234 4481 2579 4549; x_wconf 90' lang='lat' dir='ltr'><strong>confictorcs,</strong></span> <span class='ocrx_word' id='word_1_731' title='bbox 2626 4482 2957 4540; x_wconf 86' lang='lat' dir='ltr'><strong>schismatici</strong></span> <span class='ocrx_word' id='word_1_732' title='bbox 3008 4486 3244 4544; x_wconf 81' lang='lat' dir='ltr'><strong>maxime</strong></span> <span class='ocrx_word' id='word_1_733' title='bbox 3263 4496 3322 4546; x_wconf 76' lang='lat' dir='ltr'><strong>et</strong></span> 
     </span>
    </p>
   </div>
   <div class='ocr_carea' id='block_1_106' title="bbox 1747 4573 3317 4648">
    <p class='ocr_par' dir='ltr' id='par_1_106' title="bbox 1747 4573 3317 4648">
     <span class='ocr_line' id='line_1_106' title="bbox 1747 4573 3317 4648; baseline 0.005 -20"><span class='ocrx_word' id='word_1_734' title='bbox 1747 4574 1984 4630; x_wconf 68' lang='lat' dir='ltr'><strong>hazretici</strong></span> <span class='ocrx_word' id='word_1_735' title='bbox 2011 4573 2262 4629; x_wconf 90' lang='lat' dir='ltr'><strong>credendi</strong></span> <span class='ocrx_word' id='word_1_736' title='bbox 2290 4583 2437 4639; x_wconf 87' lang='lat' dir='ltr'><strong>sunt,</strong></span> <span class='ocrx_word' id='word_1_737' title='bbox 2462 4575 2555 4645; x_wconf 89' lang='lat' dir='ltr'><strong>qui</strong></span> <span class='ocrx_word' id='word_1_738' title='bbox 2580 4590 2683 4630; x_wconf 91' lang='lat' dir='ltr'><strong>non</strong></span> <span class='ocrx_word' id='word_1_739' title='bbox 2713 4575 2993 4643; x_wconf 69' lang='lat' dir='ltr'><strong>columbae,</strong></span> <span class='ocrx_word' id='word_1_740' title='bbox 3020 4578 3115 4633; x_wconf 90' lang='lat' dir='ltr'><strong>sed</strong></span> <span class='ocrx_word' id='word_1_741' title='bbox 3145 4582 3317 4648; x_wconf 87' lang='lat' dir='ltr'><strong>corvi,</strong></span> 
     </span>
    </p>
   </div>
   <div class='ocr_carea' id='block_1_107' title="bbox 1743 4665 3319 4741">
    <p class='ocr_par' dir='ltr' id='par_1_107' title="bbox 1743 4665 3319 4741">
     <span class='ocr_line' id='line_1_107' title="bbox 1743 4665 3319 4741; baseline 0.003 -20"><span class='ocrx_word' id='word_1_742' title='bbox 1743 4682 1851 4721; x_wconf 87' lang='lat' dir='ltr'><strong>non</strong></span> <span class='ocrx_word' id='word_1_743' title='bbox 1871 4668 2016 4736; x_wconf 89' lang='lat' dir='ltr'><strong>agni,</strong></span> <span class='ocrx_word' id='word_1_744' title='bbox 2044 4667 2137 4721; x_wconf 89' lang='lat' dir='ltr'><strong>sed</strong></span> <span class='ocrx_word' id='word_1_745' title='bbox 2168 4665 2280 4736; x_wconf 92' lang='lat' dir='ltr'><strong>lupi</strong></span> <span class='ocrx_word' id='word_1_746' title='bbox 2309 4666 2493 4722; x_wconf 88' lang='lat' dir='ltr'><strong>oscula</strong></span> <span class='ocrx_word' id='word_1_747' title='bbox 2523 4666 2839 4738; x_wconf 83' lang='lat' dir='ltr'><strong>deligentes,</strong></span> <span class='ocrx_word' id='word_1_748' title='bbox 2864 4669 3171 4724; x_wconf 89' lang='lat' dir='ltr'><strong>castitatem</strong></span> <span class='ocrx_word' id='word_1_749' title='bbox 3220 4686 3319 4741; x_wconf 86' lang='lat' dir='ltr'><strong>pa-</strong></span> 
     </span>
    </p>
   </div>
   <div class='ocr_carea' id='block_1_108' title="bbox 1742 4754 3315 4830">
    <p class='ocr_par' dir='ltr' id='par_1_108' title="bbox 1742 4754 3315 4830">
     <span class='ocr_line' id='line_1_108' title="bbox 1742 4754 3315 4830; baseline 0.002 -19"><span class='ocrx_word' id='word_1_750' title='bbox 1742 4756 1822 4811; x_wconf 90' lang='lat' dir='ltr'><strong>cis</strong></span> <span class='ocrx_word' id='word_1_751' title='bbox 1851 4756 2237 4812; x_wconf 65' lang='lat' dir='ltr'><strong>ecclcsiasticaa</strong></span> <span class='ocrx_word' id='word_1_752' title='bbox 2288 4754 2533 4826; x_wconf 91' lang='lat' dir='ltr'><strong>polluunt</strong></span> <span class='ocrx_word' id='word_1_753' title='bbox 2561 4765 2618 4812; x_wconf 91' lang='lat' dir='ltr'><strong>et</strong></span> <span class='ocrx_word' id='word_1_754' title='bbox 2643 4768 3020 4830; x_wconf 80' lang='lat' dir='ltr'><strong>corrumpunt,</strong></span> <span class='ocrx_word' id='word_1_755' title='bbox 3076 4759 3201 4813; x_wconf 92' lang='lat' dir='ltr'><strong>dum</strong></span> <span class='ocrx_word' id='word_1_756' title='bbox 3240 4758 3315 4816; x_wconf 81' lang='lat' dir='ltr'><strong>illi</strong></span> 
     </span>
    </p>
   </div>
   <div class='ocr_carea' id='block_1_109' title="bbox 1743 4840 3317 4919">
    <p class='ocr_par' dir='ltr' id='par_1_109' title="bbox 1743 4840 3317 4919">
     <span class='ocr_line' id='line_1_109' title="bbox 1743 4840 3317 4919; baseline 0.004 -13"><span class='ocrx_word' id='word_1_757' title='bbox 1743 4851 1995 4906; x_wconf 85' lang='lat' dir='ltr'><strong>scissuris</strong></span> <span class='ocrx_word' id='word_1_758' title='bbox 2017 4840 2295 4919; x_wconf 74' lang='lat' dir='ltr'><strong>dirimere,</strong></span> <span class='ocrx_word' id='word_1_759' title='bbox 2350 4851 2439 4906; x_wconf 92' lang='lat' dir='ltr'><strong>isti</strong></span> <span class='ocrx_word' id='word_1_760' title='bbox 2469 4851 2747 4909; x_wconf 89' lang='lat' dir='ltr'><strong>erroribus</strong></span> <span class='ocrx_word' id='word_1_761' title='bbox 2779 4852 3058 4908; x_wconf 58' lang='lat' dir='ltr'><strong>catholica;</strong></span> <span class='ocrx_word' id='word_1_762' title='bbox 3095 4854 3317 4913; x_wconf 87' lang='lat' dir='ltr'><strong>unitatis</strong></span> 
     </span>
    </p>
   </div>
   <div class='ocr_carea' id='block_1_110' title="bbox 1742 4943 3315 5014">
    <p class='ocr_par' dir='ltr' id='par_1_110' title="bbox 1742 4943 3315 5014">
     <span class='ocr_line' id='line_1_110' title="bbox 1742 4943 3315 5014; baseline 0.004 -16"><span class='ocrx_word' id='word_1_763' title='bbox 1742 4943 2048 5014; x_wconf 86' lang='lat' dir='ltr'><strong>discerpere</strong></span> <span class='ocrx_word' id='word_1_764' title='bbox 2077 4943 2423 4998; x_wconf 88' lang='lat' dir='ltr'><strong>concordiam</strong></span> <span class='ocrx_word' id='word_1_765' title='bbox 2455 4958 2559 4999; x_wconf 92' lang='lat' dir='ltr'><strong>non</strong></span> <span class='ocrx_word' id='word_1_766' title='bbox 2595 4951 2872 5009; x_wconf 86' lang='lat' dir='ltr'><strong>verentur,</strong></span> <span class='ocrx_word' id='word_1_767' title='bbox 2919 4946 2987 4999; x_wconf 92' lang='lat' dir='ltr'><strong>ad</strong></span> <span class='ocrx_word' id='word_1_768' title='bbox 3024 4945 3126 5001; x_wconf 92' lang='lat' dir='ltr'><strong>hoc</strong></span> <span class='ocrx_word' id='word_1_769' title='bbox 3161 4946 3315 5005; x_wconf 87' lang='lat' dir='ltr'><strong>blan-</strong></span> 
     </span>
    </p>
   </div>
   <div class='ocr_carea' id='block_1_111' title="bbox 1741 5033 2651 5105">
    <p class='ocr_par' dir='ltr' id='par_1_111' title="bbox 1741 5033 2651 5105">
     <span class='ocr_line' id='line_1_111' title="bbox 1741 5033 2651 5105; baseline -0.001 -16"><span class='ocrx_word' id='word_1_770' title='bbox 1741 5034 1970 5099; x_wconf 88' lang='lat' dir='ltr'><strong>dientes,</strong></span> <span class='ocrx_word' id='word_1_771' title='bbox 1995 5041 2054 5088; x_wconf 93' lang='lat' dir='ltr'><strong>ut</strong></span> <span class='ocrx_word' id='word_1_772' title='bbox 2074 5033 2285 5105; x_wconf 88' lang='lat' dir='ltr'><strong>rapiant</strong></span> <span class='ocrx_word' id='word_1_773' title='bbox 2304 5043 2357 5090; x_wconf 91' lang='lat' dir='ltr'><strong>et</strong></span> <span class='ocrx_word' id='word_1_774' title='bbox 2384 5034 2651 5090; x_wconf 89' lang='lat' dir='ltr'><strong>occidant.</strong></span> 
     </span>
    </p>
   </div>
   <div class='ocr_carea' id='block_1_112' title="bbox 1808 5124 3309 5198">
    <p class='ocr_par' dir='ltr' id='par_1_112' title="bbox 1808 5124 3309 5198">
     <span class='ocr_line' id='line_1_112' title="bbox 1808 5124 3309 5198; baseline 0.005 -20"><span class='ocrx_word' id='word_1_775' title='bbox 1808 5124 1881 5179; x_wconf 81' lang='lat' dir='ltr'><strong>At</strong></span> <span class='ocrx_word' id='word_1_776' title='bbox 1910 5126 2323 5181; x_wconf 85' lang='lat' dir='ltr'><strong>subversionem</strong></span> <span class='ocrx_word' id='word_1_777' title='bbox 2362 5127 2518 5181; x_wconf 88' lang='lat' dir='ltr'><strong>istam</strong></span> <span class='ocrx_word' id='word_1_778' title='bbox 2566 5124 2715 5198; x_wconf 89' lang='lat' dir='ltr'><strong>pacis</strong></span> <span class='ocrx_word' id='word_1_779' title='bbox 2764 5126 2921 5183; x_wconf 85' lang='lat' dir='ltr'><strong>ludus</strong></span> <span class='ocrx_word' id='word_1_780' title='bbox 2949 5126 3144 5185; x_wconf 90' lang='lat' dir='ltr'><strong>lsmacl</strong></span> <span class='ocrx_word' id='word_1_781' title='bbox 3185 5145 3309 5186; x_wconf 90' lang='lat' dir='ltr'><strong>cum</strong></span> 
     </span>
    </p>
   </div>
   <div class='ocr_carea' id='block_1_113' title="bbox 1739 5216 3307 5290">
    <p class='ocr_par' dir='ltr' id='par_1_113' title="bbox 1739 5216 3307 5290">
     <span class='ocr_line' id='line_1_113' title="bbox 1739 5216 3307 5290; baseline 0.003 -18"><span class='ocrx_word' id='word_1_782' title='bbox 1739 5216 1891 5273; x_wconf 84' lang='lat' dir='ltr'><strong>Isaac</strong></span> <span class='ocrx_word' id='word_1_783' title='bbox 1920 5218 2276 5289; x_wconf 80' lang='lat' dir='ltr'><strong>praesignasse</strong></span> <span class='ocrx_word' id='word_1_784' title='bbox 2307 5218 2556 5284; x_wconf 90' lang='lat' dir='ltr'><strong>traditur,</strong></span> <span class='ocrx_word' id='word_1_785' title='bbox 2578 5234 2736 5288; x_wconf 84' lang='lat' dir='ltr'><strong>quem</strong></span> <span class='ocrx_word' id='word_1_786' title='bbox 2762 5219 2941 5274; x_wconf 88' lang='lat' dir='ltr'><strong>lndmu</strong></span> <span class='ocrx_word' id='word_1_787' title='bbox 2970 5223 3307 5290; x_wconf 81' lang='lat' dir='ltr'><strong>persecutio-</strong></span> 
     </span>
    </p>
   </div>
   <div class='ocr_carea' id='block_1_114' title="bbox 1740 5308 3308 5383">
    <p class='ocr_par' dir='ltr' id='par_1_114' title="bbox 1740 5308 3308 5383">
     <span class='ocr_line' id='line_1_114' title="bbox 1740 5308 3308 5383; baseline 0.004 -20"><span class='ocrx_word' id='word_1_788' title='bbox 1740 5324 1861 5363; x_wconf 88' lang='lat' dir='ltr'><strong>nem</strong></span> <span class='ocrx_word' id='word_1_789' title='bbox 1909 5310 2195 5379; x_wconf 86' lang='lat' dir='ltr'><strong>Apostolus</strong></span> <span class='ocrx_word' id='word_1_790' title='bbox 2248 5308 2589 5362; x_wconf 88' lang='lat' dir='ltr'><strong>nominavit:</strong></span> <span class='ocrx_word' id='word_1_791' title='bbox 2651 5328 2669 5360; x_wconf 78' lang='grc' dir='ltr'><strong>ι</strong></span> <span class='ocrx_word' id='word_1_792' title='bbox 2705 5310 2982 5376; x_wconf 89' lang='lat' dir='ltr'><strong>Quomodo</strong></span> <span class='ocrx_word' id='word_1_793' title='bbox 3040 5323 3184 5370; x_wconf 91' lang='lat' dir='ltr'><strong>tunc.</strong></span> <span class='ocrx_word' id='word_1_794' title='bbox 3217 5314 3308 5383; x_wconf 78' lang='lat' dir='ltr'><strong>qui</strong></span> 
     </span>
    </p>
   </div>
   <div class='ocr_carea' id='block_1_115' title="bbox 1740 5399 3306 5472">
    <p class='ocr_par' dir='ltr' id='par_1_115' title="bbox 1740 5399 3306 5472">
     <span class='ocr_line' id='line_1_115' title="bbox 1740 5399 3306 5472; baseline 0.001 -16"><span class='ocrx_word' id='word_1_795' title='bbox 1740 5401 2032 5456; x_wconf 85' lang='lat' dir='ltr'><strong>secundum</strong></span> <span class='ocrx_word' id='word_1_796' title='bbox 2063 5415 2278 5454; x_wconf 86' lang='lat' dir='ltr'><strong>carnem</strong></span> <span class='ocrx_word' id='word_1_797' title='bbox 2308 5409 2469 5454; x_wconf 87' lang='lat' dir='ltr'><strong>natus</strong></span> <span class='ocrx_word' id='word_1_798' title='bbox 2490 5399 2691 5467; x_wconf 87' lang='lat' dir='ltr'><strong>fuerat,</strong></span> <span class='ocrx_word' id='word_1_799' title='bbox 2724 5402 3306 5472; x_wconf 81' lang='lat' dir='ltr'><strong>persequebatureum,</strong></span> 
     </span>
    </p>
   </div>
   <div class='ocr_carea' id='block_1_116' title="bbox 1738 5492 3309 5562">
    <p class='ocr_par' dir='ltr' id='par_1_116' title="bbox 1738 5492 3309 5562">
     <span class='ocr_line' id='line_1_116' title="bbox 1738 5492 3309 5562; baseline 0.004 -19"><span class='ocrx_word' id='word_1_800' title='bbox 1738 5492 1827 5561; x_wconf 87' lang='lat' dir='ltr'><strong>qui</strong></span> <span class='ocrx_word' id='word_1_801' title='bbox 1869 5493 2161 5547; x_wconf 90' lang='lat' dir='ltr'><strong>secundum</strong></span> <span class='ocrx_word' id='word_1_802' title='bbox 2188 5493 2432 5561; x_wconf 82' lang='lat' dir='ltr'><strong>Spiritum</strong></span> <span class='ocrx_word' id='word_1_803' title='bbox 2463 5508 2491 5546; x_wconf 44' lang='grc' dir='ltr'>εν</span> <span class='ocrx_word' id='word_1_804' title='bbox 2518 5493 2589 5546; x_wconf 90' lang='lat' dir='ltr'><strong>ita</strong></span> <span class='ocrx_word' id='word_1_805' title='bbox 2626 5504 2683 5547; x_wconf 91' lang='lat' dir='ltr'><strong>et</strong></span> <span class='ocrx_word' id='word_1_806' title='bbox 2716 5509 2876 5549; x_wconf 91' lang='lat' dir='ltr'><strong>nunc.</strong></span> <span class='ocrx_word' id='word_1_807' title='bbox 2912 5514 2931 5545; x_wconf 74' lang='grc' dir='ltr'><strong>ι</strong></span> <span class='ocrx_word' id='word_1_808' title='bbox 2964 5494 3093 5562; x_wconf 66' lang='lat' dir='ltr'><strong>Quae</strong></span> <span class='ocrx_word' id='word_1_809' title='bbox 3123 5496 3309 5549; x_wconf 81' lang='lat' dir='ltr'><strong>videli-</strong></span> 
     </span>
    </p>
   </div>
   <div class='ocr_carea' id='block_1_117' title="bbox 1741 5584 3309 5658">
    <p class='ocr_par' dir='ltr' id='par_1_117' title="bbox 1741 5584 3309 5658">
     <span class='ocr_line' id='line_1_117' title="bbox 1741 5584 3309 5658; baseline 0.003 -20"><span class='ocrx_word' id='word_1_810' title='bbox 1741 5595 1828 5638; x_wconf 89' lang='lat' dir='ltr'><strong>cet</strong></span> <span class='ocrx_word' id='word_1_811' title='bbox 1891 5584 2201 5654; x_wconf 86' lang='lat' dir='ltr'><strong>persccutio</strong></span> <span class='ocrx_word' id='word_1_812' title='bbox 2250 5584 2483 5639; x_wconf 80' lang='lat' dir='ltr'><strong>tincnda</strong></span> <span class='ocrx_word' id='word_1_813' title='bbox 2540 5584 2659 5655; x_wconf 89' lang='lat' dir='ltr'><strong>plus</strong></span> <span class='ocrx_word' id='word_1_814' title='bbox 2716 5596 2798 5641; x_wconf 89' lang='lat' dir='ltr'><strong>est</strong></span> <span class='ocrx_word' id='word_1_815' title='bbox 2846 5602 3006 5656; x_wconf 90' lang='lat' dir='ltr'><strong>quam</strong></span> <span class='ocrx_word' id='word_1_816' title='bbox 3059 5602 3143 5653; x_wconf 87' lang='lat' dir='ltr'><strong>ea,</strong></span> <span class='ocrx_word' id='word_1_817' title='bbox 3188 5602 3309 5658; x_wconf 74' lang='lat' dir='ltr'><strong>quae</strong></span> 
     </span>
    </p>
   </div>
   <div class='ocr_carea' id='block_1_118' title="bbox 1740 5676 3306 5748">
    <p class='ocr_par' dir='ltr' id='par_1_118' title="bbox 1740 5676 3306 5748">
     <span class='ocr_line' id='line_1_118' title="bbox 1740 5676 3306 5748; baseline 0.001 -17"><span class='ocrx_word' id='word_1_818' title='bbox 1740 5688 1927 5748; x_wconf 82' lang='lat' dir='ltr'><strong>aperta</strong></span> <span class='ocrx_word' id='word_1_819' title='bbox 1969 5678 2725 5747; x_wconf 70' lang='lat' dir='ltr'><strong>impugnationegrassatur.</strong></span> <span class='ocrx_word' id='word_1_820' title='bbox 2780 5676 3014 5734; x_wconf 82' lang='lat' dir='ltr'><strong>Facilior</strong></span> <span class='ocrx_word' id='word_1_821' title='bbox 3036 5688 3113 5735; x_wconf 91' lang='lat' dir='ltr'><strong>est</strong></span> <span class='ocrx_word' id='word_1_822' title='bbox 3163 5680 3306 5734; x_wconf 88' lang='lat' dir='ltr'><strong>cnim</strong></span> 
     </span>
    </p>
   </div>
  </div>
