3834 6462
646 334 780 390 16⁸55

1939 328 2167 384 RUFINI
2207 326 2507 386 EPISCOPI
3605 338 3671 394 lbi

634 450 845 519 cauzio,
876 438 964 504 ubi
992 446 1275 503 manifesta
1309 447 1561 503 formido.
1591 444 1716 500 Plus
1738 452 1912 497 autem
1942 442 2209 498 timendus
2237 448 2281 504 Α
2310 442 2437 497 fecit
2460 441 2599 497 Core
2628 449 2682 496 et
2702 440 2962 495 ducentos
2985 439 3355 510 quinquaginta
3391 441 3515 507 viros,
3533 447 3591 511 qui
3614 465 3673 503 αι

638 549 798 596 estet
821 540 1089 594 cavendus
1113 539 1383 615 inimicus,
1419 553 1541 593 cum
1568 536 1797 590 latenter
1822 533 2049 603 obrepit,
2083 547 2207 587 eum

639 645 737 701 per
763 630 915 699 pacis
965 629 1249 698 imaginem
1280 626 1507 685 occultis
1557 626 1725 695 serpit
1755 624 2086 685 accessibus.
2141 637 2209 677 eo

642 710 846 786 majora
871 720 1096 773 daturus
1120 718 1368 784 vulnera,
1398 732 1504 787 quo
1541 717 1719 773 minus
1744 714 1860 786 ejus
1899 712 2207 785 malignitas

634 806 817 861 fuerat
843 815 1272 878 praamonstrata.

714 897 874 952 Tales
931 897 1196 952 scissuras
1246 896 1538 967 Apostolus
1569 896 1756 950 videns
1813 896 1865 949 in
1913 892 2208 949 Corinthiis

639 989 1033 1057 progerminari
1062 1006 1075 1042 :
1112 1007 1131 1039 ι
1166 988 1427 1051 Obsecro,
1496 987 1691 1055 inquit,
1722 1001 1837 1049 vos,
1872 984 2083 1048 fratres,
2114 999 2211 1053 per

647 1095 841 1143 nomen
898 1080 1110 1134 Domini
1148 1077 1275 1134 Jesu
1325 1079 1552 1144 Christi,
1602 1088 1659 1131 ut
1716 1078 1765 1133 id
1815 1079 1986 1148 ipsum
2017 1076 2209 1131 dicatis

642 1185 854 1232 omnes,
882 1180 935 1226 et
965 1186 1072 1225 non
1091 1171 1201 1225 sint
1235 1171 1287 1224 in
1318 1170 1468 1224 vobis
1491 1169 1807 1224 schismata.
1832 1186 1851 1220 ι
1884 1168 2026 1235 Quas
2046 1167 2207 1222 etiam

536 1308 547 1313 -
644 1259 697 1313 in
722 1260 821 1313 reti
844 1260 1140 1329 apostolico
1165 1260 1364 1330 signari
1426 1260 1824 1327 cognoscimus,
1864 1259 2007 1328 quod
2036 1258 2207 1327 rumpi

644 1365 759 1420 pra:
791 1352 1126 1407 multitudine
1177 1352 1401 1422 piscium
1457 1352 1629 1406 Lucas
1678 1351 2011 1405 memoravit.
2068 1349 2208 1404 Fieri

643 1450 823 1496 autem
864 1442 1163 1513 hujusmodi
1194 1445 1427 1498 haereses
1471 1453 1525 1497 et
1551 1443 1913 1499 dissensiones
1954 1442 2210 1496 Dominus

641 1535 865 1603 patitur,
896 1545 975 1598 ut,
1011 1535 1134 1588 dum
1169 1544 1377 1589 mentes
1407 1543 1622 1588 nostras
1657 1533 1901 1591 veritatis
1921 1533 2207 1587 discrimen

644 1627 938 1701 examinat,
967 1628 1205 1697 probata:
1266 1628 1386 1683 fidei
1422 1630 1705 1699 integritas
1751 1628 1995 1683 serenius
2042 1626 2211 1682 clare-

643 1725 780 1769 seat.
825 1734 842 1766 ι
880 1715 1123 1786 Oportet,
1184 1718 1262 1772 ait
1294 1720 1607 1788 Apostolus,
1652 1721 1883 1775 haereses
1930 1734 2071 1784 esse,
2128 1727 2208 1785 ut,

642 1807 731 1875 qui
765 1808 972 1876 probati
1008 1820 1155 1874 sunt,
1184 1810 1455 1866 manifesti
1486 1812 1635 1866 ﬁant.
1662 1830 1679 1862 ι
1716 1792 1871 1865 Multi
1891 1812 2033 1866 enim
2074 1810 2208 1881 lupi,
2240 1789 2284 1848 Β

641 1897 766 1950 dum
794 1898 1027 1952 Ecclesia
1062 1900 1351 1969 tranquilla
1395 1911 1497 1967 est,
1532 1902 1653 1971 agni
1699 1911 1956 1971 putantur
1981 1911 2036 1956 et
2062 1918 2209 1967 oves,

644 1987 734 2040 lilii
766 1990 1125 2045 creduntnrct
1150 1992 1360 2045 fratres.
1390 1992 1493 2046 Sed
1520 2009 1640 2047 cum
1669 2003 1853 2062 postea
1900 1993 2212 2048 schismati-

640 2082 744 2137 bus
782 2092 837 2137 et
867 2084 1162 2138 hteresibus
1191 2084 1443 2139 Ecclesiae
1471 2085 1694 2153 coeperit
1736 2086 1948 2154 requies
1979 2087 2209 2154 turbari,

641 2174 992 2230 iatescentem
1018 2177 1185 2242 illam,
1217 2185 1271 2232 et
1312 2189 1655 2247 supputatam
1699 2178 1894 2231 mentis
1918 2178 2210 2246 nequitiam

644 2267 701 2321 in
740 2268 1006 2337 pnbl.cntn
1049 2270 1449 2338 despumantcs,
1501 2270 1612 2339 jam
1670 2278 1916 2340 patenter
1976 2270 2214 2345 insontes

614 2348 909 2445 quosdam
950 2356 1232 2426 dilaniant,
1278 2371 1642 2432 putauturqne
1688 2363 1754 2416 de
1799 2362 2039 2416 Ecclesia
2088 2372 2214 2417 tunc

645 2450 848 2520 egredi,
874 2465 1009 2519 quos
1039 2461 1217 2504 tamen
1255 2460 1467 2505 constat
1517 2452 1581 2505 de
1619 2450 1856 2505 Ecclesia
1911 2450 2213 2505 nullatenus

641 2543 915 2598 exstitisse
937 2541 1089 2610 juxta
1122 2542 1250 2597 illud
1304 2542 1529 2597 Joannis
1576 2543 1817 2613 Apostoli
1850 2560 1862 2595 :
1891 2561 1909 2593 ι
1944 2542 2021 2596 Ex
2059 2543 2212 2598 nobis

639 2635 907 2696 exierunt,
937 2633 1030 2689 sed
1057 2650 1161 2688 non
1192 2644 1433 2689 erantex
1491 2634 1668 2688 nobis.
1700 2632 1831 2686 Nam
1879 2634 1922 2687 si
1983 2632 2214 2687 fuissent

639 2739 706 2777 rx
737 2723 912 2786 nobis,
931 2725 1357 2793 permansissent
1385 2724 1566 2793 utique
1589 2724 1885 2778 nobiscum.
1919 2743 1937 2776 ι
1957 2722 2210 2792 Concepti

641 2815 839 2869 ueniat
867 2814 1170 2884 hujusmodi
1206 2826 1359 2871 utero
1395 2816 1586 2870 matris
1608 2816 1885 2880 Ecclesiaz,
1918 2825 2207 2885 antequam

642 2903 1024 2970 formarentur,
1068 2906 1273 2959 viscera
1320 2915 1732 2976 quassaverunt,
1781 2914 1835 2961 et
1867 2906 1944 2960 sic
1982 2904 2211 2960 abortivi

641 2997 851 3051 excussi
880 3006 1022 3050 sunt.
1058 3015 1077 3047 ι
1104 2996 1333 3051 Alienati
1370 3004 1497 3051 sunt
1528 3017 1547 3047 ο
1595 2996 1762 3062 enim,
1809 3006 1868 3050 ut
1895 2995 2093 3050 Psalmi
2126 2996 2223 3050 re-‘

640 3088 803 3144 vellat
830 3086 1128 3152 oraculum,
1165 3105 1184 3138 ι
1220 3087 1437 3141 alienati
1486 3095 1613 3141 sunt
1656 3096 1965 3157 peccatores
1998 3085 2065 3140 ab
2096 3094 2210 3141 ute-

641 3196 722 3243 ro,
754 3189 1071 3235 erravernnt
1094 3195 1123 3232 a
1158 3188 1361 3245 ventre,
1405 3178 1563 3233 locuti
1589 3188 1716 3233 sunt
1747 3177 1903 3233 falsa.
1937 3196 1955 3230 ι

716 3266 935 3324 Demum
963 3277 1070 3322 tam
1123 3267 1438 3322 detestabile
1470 3280 1550 3323 est
1601 3268 1702 3322 hoc
1758 3276 2062 3337 peccatum,
2106 3282 2212 3337 quo

646 3361 1012 3418 ecclesiastica
1044 3363 1332 3417 concordia
1385 3362 1636 3429 ftedatur,
1660 3370 1720 3416 ut
1761 3362 2018 3432 quaalibet
2054 3362 2212 3434 culpa

642 3456 745 3510 alia
767 3455 1006 3526 jndicata
1030 3455 1094 3508 ad
1133 3454 1343 3525 pondus
1374 3454 1532 3522 hujus
1572 3455 1819 3509 criminis
1855 3454 1988 3510 levis
2014 3463 2070 3509 et
2118 3470 2212 3510 ve-

643 3546 801 3601 nialis
828 3555 1140 3601 censeatur.
1167 3544 1323 3617 Pejus
1357 3554 1439 3600 est
1470 3546 1612 3601 enim
1644 3546 1781 3602 istud
1813 3547 2015 3602 crimen
2050 3549 2214 3603 etiam

643 3648 871 3707 peccato
901 3637 1175 3692 Christum
1210 3638 1545 3708 negantium.
1576 3638 1651 3693 lbi
1676 3639 1821 3693 enim
1847 3639 2024 3709 potuit
2052 3639 2215 3694 fuisse

612 3726 960 3796 necessitas,
996 3730 1082 3784 hic
1110 3745 1251 3800 saepe
1280 3730 1514 3785 obnoxia
1546 3740 1630 3785 est
1670 3730 1961 3796 voluntas;
2007 3731 2060 3785 in
2097 3730 2216 3785 aliis

606 3894 609 3897 ν
644 3821 865 3876 offensis
892 3822 1049 3875 unius
1074 3821 1212 3875 forte
1234 3822 1426 3876 atiiune
1449 3823 1702 3891 damnum
1726 3832 1829 3887 est,
1881 3823 1969 3876 hic
1999 3810 2215 3892 pericu--

546 3932 553 3939 ν
647 3913 756 3968 lum
797 3914 1022 3968 vertitur
1070 3913 1444 3983 plurimorum,
1490 3922 1690 3967 etcum
1737 3914 2013 3982 contingat
2052 3913 2217 3969 semel

647 4004 977 4074 delinquere,
1009 4005 1392 4060 schismaticus
1416 4005 1758 4060 convincitur
1805 4005 2047 4074 quotidie
2092 4021 2216 4075 pec-

646 4111 802 4151 care.
857 4096 1004 4151 Adeo
1034 4104 1215 4150 autem
1262 4096 1421 4166 lmjus
1470 4095 1927 4166 praevaricationis
1965 4110 2217 4150 excessus

652 4187 873 4259 grandis
899 4196 984 4242 est
1012 4195 1071 4241 ut
1095 4203 1194 4242 nec
1216 4203 1312 4257 per
1360 4187 1675 4257 sanguinem
1722 4185 1898 4240 valeat
1942 4184 2218 4257 indulgen-

612 4277 778 4332 tiam
812 4276 1131 4347 promereri,
1188 4277 1640 4346 quemadmodum
1693 4275 2063 4333 facundissimi
2115 4276 2220 4347 Cy-

646 4367 824 4437 priani
859 4366 1119 4437 martyrio
1148 4375 1461 4435 consecrata
1489 4366 1629 4420 dicta
1660 4366 1988 4420 auctoritas:
2019 4382 2037 4415 ι
2064 4364 2219 4420 inex-

2308 532 2373 589 eo
2402 533 2680 587 incensum
2702 527 3016 585 offerebant.
3043 548 3061 583 ι
3091 529 3321 585 Similem
3344 544 3513 600 pteram
3532 534 3673 594 Επειδὴ

2309 623 2632 680 divisoribus
2659 623 2761 679 sub
2791 620 3193 691 imprecationis
3212 635 3333 676 voce
3352 619 3554 693 Propheta
3570 628 3678 682 dan-

2308 714 2410 769 tiat
2439 728 2455 767 :
2490 732 2510 765 ι
2545 713 2735 769 Veniat
2788 725 2934 767 mors
2974 724 3137 781 super
3182 709 3313 776 illos,
3338 719 3387 764 et
3409 710 3631 769 descendant
3654 719 3679 771 ιι

2310 803 2580 860 infernum
2628 805 2892 869 viventes,
2936 802 3190 873 quoniam
3230 802 3437 871 nequitia
3476 804 3516 858 in

2309 911 2497 951 eorum
2552 895 2606 949 in
2661 893 2841 949 medio
2893 907 3099 951 eorum.
3150 910 3169 945 ι
3227 891 3345 959 Quae
3382 908 3485 963 vero
3523 896 3682 964 ιιαιιίιιιτ

2314 1005 2334 1040 ι
2371 986 2658 1054 Quoniam,
2690 985 2886 1057 inquit,
2940 984 3683 1042 contaminaverunt'festanenua

2309 1079 2426 1149 ejus
2458 1097 2548 1144 ,μυ
2604 1092 2785 1149 sacrae,
2830 1076 3083 1131 videlicet
3133 1074 3404 1146 Scriptura:
3440 1075 3622 1146 eloquium
3649 1079 3683 1131 iu

2308 1170 2545 1239 quidem,
2570 1177 2628 1223 ut
2657 1187 2676 1221 ι
2714 1168 2870 1224 divisi
2900 1166 2968 1222 ab
3019 1167 3097 1221 ira
3158 1164 3329 1221 vultus
3366 1165 3479 1233 ejus,
3507 1185 3522 1218 ι
3555 1168 3683 1227 horest.

2310 1259 2545 1322 Domini,
2569 1258 2749 1312 divino
2801 1257 2881 1313 eis
2920 1256 3191 1311 irascente
3234 1253 3417 1322 judicio
3455 1254 3682 1309 adversus

2310 1353 2481 1406 vicem
2503 1350 2759 1406 contrarii
2787 1349 2990 1404 erroris
3022 1346 3257 1402 malitias
3287 1356 3541 1410 erexerunt,
3556 1356 3593 1399 ιιι
3606 1350 3684 1400 Ana

2310 1442 2364 1497 in
2389 1440 2706 1505 Sabellium,
2738 1440 3011 1512 Entyches
3041 1439 3093 1493 in
3111 1437 3415 1498 Nestorium,
3438 1437 3685 1506 praedatione

2312 1534 2365 1587 in
2397 1532 2693 1603 Pelagium,
2729 1541 2785 1586 et
2816 1532 2866 1586 in
2891 1529 3213 1600 Carpoticen
3258 1527 3539 1583 Manichacus.
3566 1526 3685 1595 ειηιθ-

2312 1626 2457 1679 niam
2515 1624 2593 1679 sic
2648 1623 2893 1678 dissoluti
2950 1630 3095 1689 sunt,
3133 1641 3153 1673 ι
3192 1635 3288 1675 nec
3312 1620 3587 1687 compunctii
3617 1630 3684 1677 sui.

2311 1717 2560 1787 quamvis
2584 1724 2772 1771 contra
2829 1729 2888 1769 se
2927 1714 3160 1769 diversis
3217 1711 3506 1781 dogmatibus
3541 1710 3683 1765 dimicet

2314 1810 2630 1882 glomeratis
2682 1817 2861 1863 tamen
2899 1806 3122 1861 malitiae
3170 1804 3357 1859 studiis
3381 1802 3607 1858 Christiane
3633 1804 3682 1863 te-

2316 1900 2441 1955 tatis
2467 1899 2808 1954 concordiam
2832 1896 3192 1961 insectantur,
3221 1903 3278 1949 ut
3324 1892 3401 1948 isti
3442 1907 3588 1962 quoque
3611 1890 3675 1944 casa?

2312 1992 2689 2064 propheticum
2717 1991 2848 2045 illud
2881 1990 3181 2056 adhtereat,
3227 2001 3328 2057 quo
3364 1987 3519 2041 dicitur
3548 1984 3679 2037 laesis

2294 2086 2561 2156 persequi
2586 2085 2860 2157 Ephraim,
2893 2082 3155 2154 Ephrairn
3207 2079 3479 2142 Manassen,
3521 2075 3679 2141 simules!

2290 2182 2493 2232 tamen
2524 2176 2736 2231 ludam.
3134 2198 3137 2199 ν

2297 2263 2300 2266 ’
2386 2268 2514 2323 Dein
2541 2267 2613 2321 illi
2640 2279 2855 2353 quoque
2882 2264 2993 2335 qui,
3023 2278 3134 2319 non
3160 2263 3284 2318 dico
3308 2255 3525 2333 generalis

2314 2359 2407 2415 sed
2451 2359 2686 2429 plurium
2720 2346 2803 2413 vel
2860 2358 3088 2413 duorum
3157 2354 3345 2411 saltem
3368 2344 3675 2407 concordante

2314 2454 2468 2516 dunt,
2497 2451 2585 2507 vel
2614 2452 2705 2522 qui
2757 2451 2899 2507 inter
2949 2465 3009 2505 se
3051 2450 3309 2504 fraterna:
3360 2443 3565 2502 charitatis
3590 2450 3671 2507 pm

2314 2544 2421 2598 odii
2449 2541 2712 2597 fermento
2765 2551 3147 2612 corrumpunt,
3171 2540 3225 2595 iu
3276 2548 3461 2594 reatum
3480 2529 3668 2604 quamh-

2313 2616 2474 2691 bilem
2523 2635 2767 2690 inciilant
2795 2675 2811 2699 ,
2858 2634 2999 2688 ratio
3046 2631 3376 2687 manifestat.
3429 2626 3504 2694 Qui
3535 2623 3665 2684 alii“

2313 2726 2493 2780 odium
2524 2723 2774 2778 fraternae
2795 2722 3096 2779 dilectionis
3125 2722 3353 2793 gratiam
3395 2714 3656 2771 caluariam

2314 2815 2403 2871 diu
2443 2815 2640 2870 nullius
2668 2814 2792 2869 boni
2834 2815 3012 2885 operis
3046 2813 3160 2868 Deo
3207 2808 3497 2867 sacriﬁcium
3521 2798 3645 2857 Mli

2316 2923 2480 2977 quam
2512 2908 2602 2963 diu
2632 2922 2663 2961 a
2717 2907 2942 2961 fratrum
2969 2906 3241 2961 charitate
3277 2903 3529 2957 discordant
3550 2891 3646 2954 Ρηβδ

2314 2999 2455 3068 (Ιυοά
2495 2999 2562 3053 de
2603 2998 2762 3063 Cain,
2787 2999 3030 3068 quicum
3087 2998 3261 3053 fratre
3301 3009 3469 3066 pacem
3500 2980 3657 3060 μωὶᾶ

2314 3091 2486 3145 zelum
2514 3106 2619 3145 non
2658 3091 2911 3157 habebat,
2937 3091 3218 3154 scribitur,
3258 3090 3377 3158 quia
3408 3108 3422 3137 ι
3453 3071 3664 3139 alain”

2314 3198 2534 3238 munera
2559 3183 2676 3252 ejus
2698 3183 2957 3238 Dominus
2999 3198 3104 3237 non
3143 3179 3392 3251 respexit.
3421 3197 3436 3229 ι
3475 3166 3668 3230 Εινὶιῑω·

2313 3272 2452 3344 εειίο
2482 3292 2495 3327 3
2536 3293 2555 3325 ι
2586 3273 2669 3339 Si,
2699 3274 2893 3343 inquit,
2917 3272 3081 3328 oﬂ‘ers
3109 3287 3309 3327 munus
3329 3280 3457 3324 tuum
3476 3266 3523 3319 ad
3546 3262 3672 3314 dum

2316 3363 2388 3418 ibi
2424 3366 2738 3420 recordatus
2775 3365 2945 3421 fueris
3000 3367 3147 3436 quod
3184 3364 3352 3419 frater
3394 3372 3491 3416 tuus
3529 3352 3615 3409 bald
3635 3344 3676 3395 θ’·

2315 3454 2445 3523 quid
2471 3456 2733 3510 adversus
2764 3464 2836 3520 te,
2860 3455 3103 3526 relinque
3130 3456 3205 3511 ibi
3236 3468 3424 3523 munus
3452 3458 3554 3504 tuum
3571 3436 3677 3495 ad!”

2317 3560 2399 3610 re,
2430 3556 2484 3600 et
2524 3547 2660 3602 vade
2699 3548 2850 3617 prius
2880 3548 3228 3604 reconciliari
3281 3545 3420 3602 fratri
3468 3552 3546 3603 tuo.
3575 3539 3680 3588 “3
3742 3572 3743 3589 ι

2314 3641 2541 3696 veniens
2569 3639 2704 3696 oli‘er
2735 3656 2932 3697 munus
2953 3651 3126 3696 tuum.
3155 3661 3176 3695 ι

2387 3730 2494 3785 Eos
2520 3747 2671 3796 vero,
2700 3733 2791 3802 qui
2822 3732 2963 3787 inter
3008 3731 3214 3789 fratres
3242 3730 3515 3788 discordiam
3543 3718 3683 3774 semitm

2315 3820 2566 3875 videlicet
2593 3836 2936 3886 susurrones,
2988 3837 3153 3891 quam
3201 3822 3394 3893 grande
3430 3817 3684 3889 ροοειωιιβτθ

2317 3921 2449 3976 mat,
2470 3913 2592 3982 quis
2639 3914 2983 3969 dissimulare
3027 3914 3276 3971 audeat?
3317 3912 3434 3969 Cum
3454 3908 3559 3964 enim
3584 3900 3687 3955 Delsd

2316 4001 2560 4057 diabolus
2587 4018 2798 4057 summa
2827 4017 2954 4075 erga
3008 4004 3246 4061 invicem
3274 3995 3560 4074 repugnantia
3588 3996 3687 4044 ωιιη·

2318 4090 2503 4147 dicant
2534 4092 2700 4163 (sicut
2720 4092 2865 4148 enim
2915 4093 3025 4149 Deo
3070 4095 3206 4150 nihil
3231 4106 3312 4150 est
3353 4086 3574 4161 pretiosius
3600 4078 3687 4167 tim?

2318 4182 2653 4247 dilectionis,
2680 4183 2761 4239 sic
2793 4184 2924 4239 nihil
2951 4185 3358 4242 desiderabilius
3403 4175 3563 4238 diabolo
3593 4174 3688 4224 eis“

2318 4273 2497 4329 ctione
2534 4273 2837 4330 charilatis.
2900 4275 3190 4332 Exstincta
3238 4287 3447 4345 namque
3468 4264 3690 4357 clinium?

2319 4375 2561 4423 terarum
2586 4369 2846 4424 virtutum
2875 4372 3074 4426 chorus
3097 4372 3366 4435 dilabitur,
3380 4375 3555 4437 quarum
3571 4359 3688 4410 οιιίεΙΙΙ

646 4458 879 4528 piabilis,
924 4459 1097 4528 inquit
1123 4468 1178 4513 et
1200 4456 1382 4528 gravis
1432 4456 1588 4525 culpa
1618 4455 1901 4510 discordiae
1948 4469 2049 4510 nec
2092 4471 2212 4512 san-
2242 4472 2293 4533 ι)
2318 4468 2492 4514 mater
2522 4459 2762 4515 charitas
2785 4476 2903 4516 esse
2942 4462 3160 4532 scitur),
3184 4463 3318 4517 unde
3353 4460 3536 4516 constat.

647 4547 806 4616 guine
826 4547 1082 4613 abluitur,
1113 4563 1214 4602 nec
1235 4547 1493 4618 martyrio
1515 4556 1794 4618 purgatur.
1814 4565 1832 4598 ι

606 4626 615 4709 τ’
720 4636 1049 4707 Supplicium
1097 4654 1228 4694 vero
1292 4632 1516 4706 eorum,
1573 4640 1662 4707 qui
1714 4639 1883 4708 ipsius
1934 4638 2213 4705 Ecclesite,

610 4800 613 4803 _
648 4728 791 4785 sicut
817 4730 1152 4799 praemissum
1179 4739 1281 4796 est,
1327 4731 1689 4801 dispaginant,
1744 4730 1824 4785 vel
1854 4731 2016 4785 etiam
2047 4734 2216 4788 revel-

652 4822 772 4876 lunt
814 4821 1181 4886 concordiam,
1222 4837 1383 4891 quam
1426 4824 1716 4879 vehemens
1772 4822 1861 4888 sil,
1912 4823 2135 4879 Datham
2164 4833 2219 4879 et

644 4914 851 4968 Abiron
882 4924 937 4967 et
966 4912 1103 4968 Core
1135 4930 1281 4987 mors
1306 4929 1441 4967 nova
1474 4930 1538 4967 ac
1568 4915 1781 4984 penitus
1830 4917 2090 4987 stupenda
2120 4931 2217 4971 nos

650 5004 858 5059 edocet.
890 5002 1022 5057 Nam
1085 5005 1209 5074 quia
1243 4985 1647 5059 .dissensionem
1696 5006 1745 5059 in
1804 4985 1998 5076 populo
2042 5008 2219 5064 facere

650 5096 830 5151 conati
866 5107 1011 5162 sunt,
1056 5108 1197 5152 terra
1224 5084 1571 5167 compagibus
1594 5100 1766 5167 ruptis
1813 5099 2103 5165 dissiliens,
2134 5114 2219 5155 se-

650 5202 816 5256 seque
848 5188 899 5241 in
937 5187 1112 5242 sinum
1166 5188 1451 5259 largiorem
1482 5188 1733 5257 aperiens
1762 5191 1913 5244 vivos
1959 5204 2054 5244 eos
2096 5205 2217 5245 cum

655 5280 910 5334 omnibus
941 5281 1054 5335 suis
1080 5281 1348 5351 profundo
1368 5296 1463 5336 ore
1511 5282 1739 5346 voravit,
1770 5282 2218 5352 quemadmodum

654 5388 807 5428 sacra
830 5372 1047 5429 Numeri
1093 5374 1329 5446 depingit
1357 5376 1607 5443 historia,
1659 5377 1783 5446 quia
1834 5395 1852 5427 ι
1892 5378 2108 5448 dirupta
2135 5387 2220 5433 est

608 5458 611 5461 ’
656 5474 799 5518 terra
828 5463 930 5519 sub
964 5464 1193 5535 pedibus
1217 5481 1427 5533 eorum,
1487 5479 1544 5524 et
1568 5468 1819 5539 aperiens
1857 5485 1918 5525 os
1944 5486 2099 5525 suum
2128 5470 2222 5525 de-

654 5557 865 5625 glutivit
892 5572 985 5614 eos
1039 5572 1162 5614 cum
1192 5558 1553 5613 tabernaculis
1584 5560 1695 5615 suis
1735 5569 1789 5613 et
1820 5560 2067 5615 universa
2096 5558 2222 5614 sub-
2280 5564 2283 5567 '

656 5650 852 5705 stantia
888 5690 903 5716 ,
969 5642 1471 5721 descenderuntque
1534 5652 1777 5707 viventes
1835 5653 1889 5706 in
1953 5652 2218 5707 infernum

656 5743 828 5815 operti
853 5742 1034 5799 humo.
1060 5740 1165 5798 Sed
1202 5750 1255 5797 et
1283 5756 1534 5813 egressus
1568 5743 1707 5814 ignis
1735 5760 1763 5798 ιι
1797 5742 2021 5799 Domino
2054 5744 2220 5799 inter-

2318 4566 2623 4616 surroncm,
2645 4554 2735 4623 qni
2762 4556 3061 4625 spargendo
3099 4555 3280 4610 odium
3306 4551 3560 4608 cbaritatem

2318 4657 2382 4697 eo
2398 4644 2568 4714 magis
2583 4622 2720 4700 Deus
2738 4622 3206 4718 essecratnrquod
3229 4640 3497 4701 adversario
3511 4649 3577 4690 δυο

2319 4734 2373 4789 in
2398 4735 2501 4789 hoc
2530 4736 2783 4805 nequitia:
2820 4736 3113 4792 famulatur
3136 4752 3314 4808 opere,
3336 4731 3456 4805 quod
3490 4722 3691 4793 super!!!”

2321 4824 2435 4894 ipse
2471 4826 2717 4881 noscitur
2743 4826 2989 4881 diabolus
3018 4844 3218 4881 amare.

2390 4916 2459 4971 Et
2490 4917 2681 4972 iterum
2717 4919 2768 4972 in
2824 4917 3131 4973 Proverbiis
3171 4913 3477 4973 Salomonis:
3502 4924 3515 4956 ι
3541 4894 3691 4989 5“st

2320 5026 2440 5081 qui?
2468 5012 2581 5065 Odit
2628 5012 2907 5076 Dominus,
2957 5024 3012 5067 et
3053 5012 3328 5082 septimum
3359 5006 3583 5060 detestatur
3607 4990 3690 5037 ait“

2280 5176 2283 5179 ι
2320 5103 2438 5174 ejus
2467 5120 2482 5160 :
2516 5104 2701 5159 oculos
2723 5104 2999 5168 sublimes,
3039 5104 3268 5174 linguam
3318 5086 3690 5179 mendacem.

3666 5180 3669 5181 ν
3679 5170 3689 5193 ἑ

2320 5193 2657 5249 elfundentes
2709 5199 3025 5265 sanguinem
3081 5196 3361 5250 innoxium.
3404 5201 3478 5241 cor
3515 5172 3659 5277 mehr:

2322 5285 2681 5356 cogitationes
2709 5290 2993 5356 pessimas,
3028 5290 3186 5358 pedes
3216 5285 3405 5340 veloces
3439 5274 3491 5328 ad
3510 5266 3665 5358 cottabi

2323 5377 2374 5432 in
2405 5376 2623 5443 malum,
2673 5379 3035 5447 proferentem
3085 5378 3367 5435 mendacia.
3408 5375 3549 5422 testem
3580 5353 3685 5447 infe:

2321 5477 2376 5523 et
2403 5484 2548 5535 eum,
2580 5468 2668 5537 qui
2691 5469 2924 5523 seminat
2952 5469 3097 5525 inter
3122 5450 3311 5523 fratres
3334 5454 3577 5543 discordias:
3597 5430 3687 5543 "

2322 5570 2423 5625 est,
2463 5575 2584 5615 cum
2611 5570 2857 5631 apostata
2903 5565 3174 5631 proprium
3224 5569 3396 5612 nomen
3434 5526 3683 5631 :ﬂllill'Ii

2329 5610 2423 5625 μ-.
2470 5610 2857 5631 πη-τηηῂ
2904 5610 3173 5631 virm"
3226 5610 3277 5612 _
3520 5631 3528 5640 ῃ
3610 5618 3615 5623 ἦ

2323 5654 2410 5714 sit,
2439 5667 2659 5709 susurro
2686 5652 2831 5707 sicut
2857 5653 2908 5707 in
2969 5650 3308 5708 seminatione
3350 5610 3683 5747 ἀίεεοιμιῑωζυέ

2326 5743 2499 5798 ltzercs
2530 5751 2633 5810 est,
2667 5742 2739 5798 ita
2762 5741 2879 5813 ejus
2908 5743 3036 5799 etin
3065 5741 3271 5798 nomine
3314 5716 3634 5805 apostasixwti

3667 5260 3688 5295 ι

3730 5590 3733 5745 1
