  <div class='ocr_page' id='page_1' title='image "/cluster/home/n/w/nwhite01/storage/ocr_20150623/150/hvd.32044015473788/822.png"; bbox 0 0 3834 6462; ppageno 0'>
   <div class='ocr_carea' id='block_1_1' title="bbox 97 258 249 315">
    <p class='ocr_par' dir='ltr' id='par_1_1' title="bbox 97 258 249 315">
     <span class='ocr_line' id='line_1_1' title="bbox 97 258 249 315; baseline -0.033 0"><span class='ocrx_word' id='word_1_1' title='bbox 97 258 249 315; x_wconf 76' lang='grc'><strong>1657</strong></span> 
     </span>
    </p>
   </div>
   <div class='ocr_carea' id='block_1_2' title="bbox 1166 253 2064 314">
    <p class='ocr_par' dir='ltr' id='par_1_2' title="bbox 1166 253 2064 314">
     <span class='ocr_line' id='line_1_2' title="bbox 1166 253 2064 314; baseline -0.004 -1"><span class='ocrx_word' id='word_1_2' title='bbox 1166 256 1251 314; x_wconf 85' lang='lat' dir='ltr'><strong>DE</strong></span> <span class='ocrx_word' id='word_1_3' title='bbox 1288 256 1465 313; x_wconf 76' lang='lat' dir='ltr'><strong>BONO</strong></span> <span class='ocrx_word' id='word_1_4' title='bbox 1506 253 1719 311; x_wconf 80' lang='lat' dir='ltr'><strong>PACIS.</strong></span> <span class='ocrx_word' id='word_1_5' title='bbox 1748 285 1815 293; x_wconf 91' lang='lat'><strong>——</strong></span> <span class='ocrx_word' id='word_1_6' title='bbox 1845 253 1970 310; x_wconf 83' lang='lat' dir='ltr'><strong>LIB.</strong></span> <span class='ocrx_word' id='word_1_7' title='bbox 2003 255 2064 310; x_wconf 92' lang='lat' dir='ltr'><strong>ll.</strong></span> 
     </span>
    </p>
   </div>
   <div class='ocr_carea' id='block_1_3' title="bbox 3210 252 3346 311">
    <p class='ocr_par' dir='ltr' id='par_1_3' title="bbox 3210 252 3346 311">
     <span class='ocr_line' id='line_1_3' title="bbox 3210 252 3346 311; baseline -0.044 0"><span class='ocrx_word' id='word_1_8' title='bbox 3210 256 3231 311; x_wconf 80' lang='lat' dir='ltr'><strong>l</strong></span> <span class='ocrx_word' id='word_1_9' title='bbox 3245 252 3346 310; x_wconf 80' lang='grc'><strong>658</strong></span> 
     </span>
    </p>
   </div>
   <div class='ocr_carea' id='block_1_4' title="bbox 95 374 3349 461">
    <p class='ocr_par' dir='ltr' id='par_1_4' title="bbox 95 374 3349 461">
     <span class='ocr_line' id='line_1_4' title="bbox 95 374 3349 461; baseline 0 -15"><span class='ocrx_word' id='word_1_10' title='bbox 95 390 399 461; x_wconf 77' lang='lat' dir='ltr'><strong>reperitur.</strong></span> <span class='ocrx_word' id='word_1_11' title='bbox 454 389 529 443; x_wconf 87' lang='lat' dir='ltr'><strong>De</strong></span> <span class='ocrx_word' id='word_1_12' title='bbox 557 398 797 460; x_wconf 82' lang='lat' dir='ltr'><strong>apostata</strong></span> <span class='ocrx_word' id='word_1_13' title='bbox 824 389 965 443; x_wconf 90' lang='lat' dir='ltr'><strong>enim</strong></span> <span class='ocrx_word' id='word_1_14' title='bbox 1022 390 1213 459; x_wconf 81' lang='lat' dir='ltr'><strong>angelo</strong></span> <span class='ocrx_word' id='word_1_15' title='bbox 1243 390 1525 456; x_wconf 89' lang='lat' dir='ltr'><strong>.scriptum</strong></span> <span class='ocrx_word' id='word_1_16' title='bbox 1568 396 1671 453; x_wconf 87' lang='lat' dir='ltr'><strong>est,</strong></span> <span class='ocrx_word' id='word_1_17' title='bbox 1704 374 1744 430; x_wconf 73' lang='grc' dir='ltr'><strong>Α</strong></span> <span class='ocrx_word' id='word_1_18' title='bbox 1780 388 2037 453; x_wconf 83' lang='lat' dir='ltr'><strong>incursio,</strong></span> <span class='ocrx_word' id='word_1_19' title='bbox 2066 404 2163 443; x_wconf 86' lang='lat' dir='ltr'><strong>nec</strong></span> <span class='ocrx_word' id='word_1_20' title='bbox 2194 390 2262 443; x_wconf 89' lang='lat' dir='ltr'><strong>ab</strong></span> <span class='ocrx_word' id='word_1_21' title='bbox 2295 390 2433 443; x_wconf 88' lang='lat' dir='ltr'><strong>intra</strong></span> <span class='ocrx_word' id='word_1_22' title='bbox 2462 389 2654 443; x_wconf 89' lang='lat' dir='ltr'><strong>seditio</strong></span> <span class='ocrx_word' id='word_1_23' title='bbox 2707 389 3044 444; x_wconf 88' lang='lat' dir='ltr'><strong>formidatur.</strong></span> <span class='ocrx_word' id='word_1_24' title='bbox 3083 390 3162 445; x_wconf 80' lang='lat' dir='ltr'><strong>Ad</strong></span> <span class='ocrx_word' id='word_1_25' title='bbox 3193 392 3349 461; x_wconf 83' lang='lat' dir='ltr'><strong>cujus</strong></span> 
     </span>
    </p>
   </div>
   <div class='ocr_carea' id='block_1_5' title="bbox 98 479 1679 552">
    <p class='ocr_par' dir='ltr' id='par_1_5' title="bbox 98 479 1679 552">
     <span class='ocr_line' id='line_1_5' title="bbox 98 479 1679 552; baseline -0.001 -16"><span class='ocrx_word' id='word_1_26' title='bbox 98 498 234 536; x_wconf 88' lang='lat' dir='ltr'><strong>cum</strong></span> <span class='ocrx_word' id='word_1_27' title='bbox 256 482 414 537; x_wconf 90' lang='lat' dir='ltr'><strong>bonis</strong></span> <span class='ocrx_word' id='word_1_28' title='bbox 443 481 743 536; x_wconf 82' lang='lat' dir='ltr'><strong>seminibus</strong></span> <span class='ocrx_word' id='word_1_29' title='bbox 779 481 987 535; x_wconf 86' lang='lat' dir='ltr'><strong>zizania</strong></span> <span class='ocrx_word' id='word_1_30' title='bbox 1022 480 1211 535; x_wconf 89' lang='lat' dir='ltr'><strong>fuisset</strong></span> <span class='ocrx_word' id='word_1_31' title='bbox 1258 482 1452 552; x_wconf 89' lang='lat' dir='ltr'><strong>injecta</strong></span> <span class='ocrx_word' id='word_1_32' title='bbox 1482 499 1494 534; x_wconf 92' lang='lat'><strong>:</strong></span> <span class='ocrx_word' id='word_1_33' title='bbox 1533 479 1679 535; x_wconf 66' lang='lat' dir='ltr'><strong>ulni—</strong></span> 
     </span>
    </p>
   </div>
   <div class='ocr_carea' id='block_1_6' title="bbox 99 572 1681 628">
    <p class='ocr_par' dir='ltr' id='par_1_6' title="bbox 99 572 1681 628">
     <span class='ocr_line' id='line_1_6' title="bbox 99 572 1681 628; baseline 0 -2"><span class='ocrx_word' id='word_1_34' title='bbox 99 575 284 628; x_wconf 86' lang='lat' dir='ltr'><strong>micus</strong></span> <span class='ocrx_word' id='word_1_35' title='bbox 326 575 485 627; x_wconf 88' lang='lat' dir='ltr'><strong>homo</strong></span> <span class='ocrx_word' id='word_1_36' title='bbox 533 573 636 628; x_wconf 84' lang='lat' dir='ltr'><strong>hoc</strong></span> <span class='ocrx_word' id='word_1_37' title='bbox 673 572 817 628; x_wconf 79' lang='lat' dir='ltr'><strong>fecit.</strong></span> <span class='ocrx_word' id='word_1_38' title='bbox 841 592 859 625; x_wconf 77' lang='grc' dir='ltr'><strong><em>ι</em></strong></span> <span class='ocrx_word' id='word_1_39' title='bbox 893 572 960 627; x_wconf 82' lang='grc' dir='ltr'><strong>Εῑ</strong></span> <span class='ocrx_word' id='word_1_40' title='bbox 1001 574 1067 627; x_wconf 92' lang='lat' dir='ltr'><strong>de</strong></span> <span class='ocrx_word' id='word_1_41' title='bbox 1116 588 1410 628; x_wconf 90' lang='lat' dir='ltr'><strong>susurrone</strong></span> <span class='ocrx_word' id='word_1_42' title='bbox 1444 573 1681 628; x_wconf 89' lang='lat' dir='ltr'><strong>clamant</strong></span> 
     </span>
    </p>
   </div>
   <div class='ocr_carea' id='block_1_7' title="bbox 99 660 1679 732">
    <p class='ocr_par' dir='ltr' id='par_1_7' title="bbox 99 660 1679 732">
     <span class='ocr_line' id='line_1_7' title="bbox 99 660 1679 732; baseline 0.001 -18"><span class='ocrx_word' id='word_1_43' title='bbox 99 661 451 719; x_wconf 84' lang='lat' dir='ltr'><strong>Proverbia:</strong></span> <span class='ocrx_word' id='word_1_44' title='bbox 495 680 514 712; x_wconf 73' lang='grc' dir='ltr'>ι</span> <span class='ocrx_word' id='word_1_45' title='bbox 552 663 714 717; x_wconf 82' lang='lat' dir='ltr'><strong>homo</strong></span> <span class='ocrx_word' id='word_1_46' title='bbox 755 671 1021 732; x_wconf 87' lang='lat' dir='ltr'><strong>apostata,</strong></span> <span class='ocrx_word' id='word_1_47' title='bbox 1062 662 1143 716; x_wconf 87' lang='lat' dir='ltr'><strong>vir</strong></span> <span class='ocrx_word' id='word_1_48' title='bbox 1196 661 1401 717; x_wconf 74' lang='lat' dir='ltr'><strong>inutilis</strong></span> <span class='ocrx_word' id='word_1_49' title='bbox 1450 662 1503 716; x_wconf 89' lang='lat' dir='ltr'><strong>in</strong></span> <span class='ocrx_word' id='word_1_50' title='bbox 1532 660 1679 717; x_wconf 88' lang='lat' dir='ltr'><strong>omni</strong></span> 
     </span>
    </p>
   </div>
   <div class='ocr_carea' id='block_1_8' title="bbox 96 754 875 826">
    <p class='ocr_par' dir='ltr' id='par_1_8' title="bbox 96 754 875 826">
     <span class='ocr_line' id='line_1_8' title="bbox 96 754 875 826; baseline 0 -20"><span class='ocrx_word' id='word_1_51' title='bbox 96 754 544 826; x_wconf 80' lang='lat' dir='ltr'><strong>temporejurgia</strong></span> <span class='ocrx_word' id='word_1_52' title='bbox 573 754 822 809; x_wconf 90' lang='lat' dir='ltr'><strong>seminat.</strong></span> <span class='ocrx_word' id='word_1_53' title='bbox 856 773 875 805; x_wconf 70' lang='grc' dir='ltr'>ι</span> 
     </span>
    </p>
   </div>
   <div class='ocr_carea' id='block_1_9' title="bbox 178 848 1680 905">
    <p class='ocr_par' dir='ltr' id='par_1_9' title="bbox 178 848 1680 905">
     <span class='ocr_line' id='line_1_9' title="bbox 178 848 1680 905; baseline 0.001 -4"><span class='ocrx_word' id='word_1_54' title='bbox 178 848 502 904; x_wconf 77' lang='lat' dir='ltr'><strong>Remedium</strong></span> <span class='ocrx_word' id='word_1_55' title='bbox 548 852 736 903; x_wconf 80' lang='lat' dir='ltr'><strong>autem</strong></span> <span class='ocrx_word' id='word_1_56' title='bbox 802 857 988 903; x_wconf 90' lang='lat' dir='ltr'><strong>contra</strong></span> <span class='ocrx_word' id='word_1_57' title='bbox 1042 863 1143 903; x_wconf 90' lang='lat' dir='ltr'><strong>noc</strong></span> <span class='ocrx_word' id='word_1_58' title='bbox 1177 848 1373 903; x_wconf 91' lang='lat' dir='ltr'><strong>malum</strong></span> <span class='ocrx_word' id='word_1_59' title='bbox 1410 848 1539 905; x_wconf 90' lang='lat' dir='ltr'><strong>illud</strong></span> <span class='ocrx_word' id='word_1_60' title='bbox 1579 849 1680 905; x_wconf 89' lang='lat' dir='ltr'><strong>erit</strong></span> 
     </span>
    </p>
   </div>
   <div class='ocr_carea' id='block_1_10' title="bbox 95 939 1680 1008">
    <p class='ocr_par' dir='ltr' id='par_1_10' title="bbox 95 939 1680 1008">
     <span class='ocr_line' id='line_1_10' title="bbox 95 939 1680 1008; baseline 0.003 -16"><span class='ocrx_word' id='word_1_61' title='bbox 95 939 470 1008; x_wconf 80' lang='lat' dir='ltr'><strong>potissimum,</strong></span> <span class='ocrx_word' id='word_1_62' title='bbox 508 940 553 995; x_wconf 89' lang='lat' dir='ltr'><strong>si</strong></span> <span class='ocrx_word' id='word_1_63' title='bbox 602 955 632 994; x_wconf 90' lang='lat' dir='ltr'><strong>a</strong></span> <span class='ocrx_word' id='word_1_64' title='bbox 688 940 945 994; x_wconf 86' lang='lat' dir='ltr'><strong>societate</strong></span> <span class='ocrx_word' id='word_1_65' title='bbox 983 939 1206 993; x_wconf 88' lang='lat' dir='ltr'><strong>fratrum</strong></span> <span class='ocrx_word' id='word_1_66' title='bbox 1238 941 1534 996; x_wconf 86' lang='lat' dir='ltr'><strong>zizaniator</strong></span> <span class='ocrx_word' id='word_1_67' title='bbox 1578 941 1680 996; x_wconf 88' lang='lat' dir='ltr'><strong>hu-</strong></span> 
     </span>
    </p>
   </div>
   <div class='ocr_carea' id='block_1_11' title="bbox 93 1030 1683 1101">
    <p class='ocr_par' dir='ltr' id='par_1_11' title="bbox 93 1030 1683 1101">
     <span class='ocr_line' id='line_1_11' title="bbox 93 1030 1683 1101; baseline 0.002 -16"><span class='ocrx_word' id='word_1_68' title='bbox 93 1031 347 1100; x_wconf 75' lang='lat' dir='ltr'><strong>iusmodi</strong></span> <span class='ocrx_word' id='word_1_69' title='bbox 394 1033 660 1087; x_wconf 90' lang='lat' dir='ltr'><strong>maturius</strong></span> <span class='ocrx_word' id='word_1_70' title='bbox 708 1032 1027 1097; x_wconf 77' lang='lat' dir='ltr'><strong>excludatur</strong></span> <span class='ocrx_word' id='word_1_71' title='bbox 1059 1050 1073 1086; x_wconf 88' lang='lat'><strong>:</strong></span> <span class='ocrx_word' id='word_1_72' title='bbox 1104 1050 1121 1082; x_wconf 77' lang='grc' dir='ltr'>ι</span> <span class='ocrx_word' id='word_1_73' title='bbox 1156 1030 1289 1087; x_wconf 89' lang='lat' dir='ltr'><strong>Cum</strong></span> <span class='ocrx_word' id='word_1_74' title='bbox 1324 1032 1487 1101; x_wconf 84' lang='lat' dir='ltr'><strong>enim</strong></span> <span class='ocrx_word' id='word_1_75' title='bbox 1536 1032 1683 1088; x_wconf 85' lang='lat' dir='ltr'><strong>dele-</strong></span> 
     </span>
    </p>
   </div>
   <div class='ocr_carea' id='block_1_12' title="bbox 103 1123 1685 1198">
    <p class='ocr_par' dir='ltr' id='par_1_12' title="bbox 103 1123 1685 1198">
     <span class='ocr_line' id='line_1_12' title="bbox 103 1123 1685 1198; baseline -0.001 -19"><span class='ocrx_word' id='word_1_76' title='bbox 103 1124 294 1179; x_wconf 84' lang='lat' dir='ltr'><strong>cerint</strong></span> <span class='ocrx_word' id='word_1_77' title='bbox 341 1124 503 1193; x_wconf 86' lang='lat' dir='ltr'><strong>ligna,</strong></span> <span class='ocrx_word' id='word_1_78' title='bbox 549 1125 625 1179; x_wconf 88' lang='lat' dir='ltr'><strong>ait</strong></span> <span class='ocrx_word' id='word_1_79' title='bbox 666 1123 918 1179; x_wconf 88' lang='lat' dir='ltr'><strong>Salomon</strong></span> <span class='ocrx_word' id='word_1_80' title='bbox 949 1164 964 1190; x_wconf 92' lang='lat'><strong>,</strong></span> <span class='ocrx_word' id='word_1_81' title='bbox 1017 1124 1375 1195; x_wconf 80' lang='lat' dir='ltr'><strong>exstinguitur</strong></span> <span class='ocrx_word' id='word_1_82' title='bbox 1424 1123 1581 1198; x_wconf 90' lang='lat' dir='ltr'><strong>ignis,</strong></span> <span class='ocrx_word' id='word_1_83' title='bbox 1630 1133 1685 1178; x_wconf 87' lang='lat' dir='ltr'><strong>et</strong></span> 
     </span>
    </p>
   </div>
   <div class='ocr_carea' id='block_1_13' title="bbox 95 1215 1686 1287">
    <p class='ocr_par' dir='ltr' id='par_1_13' title="bbox 95 1215 1686 1287">
     <span class='ocr_line' id='line_1_13' title="bbox 95 1215 1686 1287; baseline 0.002 -20"><span class='ocrx_word' id='word_1_84' title='bbox 95 1230 408 1271; x_wconf 84' lang='lat' dir='ltr'><strong>susurrone</strong></span> <span class='ocrx_word' id='word_1_85' title='bbox 452 1217 693 1271; x_wconf 87' lang='lat' dir='ltr'><strong>detracto</strong></span> <span class='ocrx_word' id='word_1_86' title='bbox 738 1215 913 1287; x_wconf 85' lang='lat' dir='ltr'><strong>jnrgia</strong></span> <span class='ocrx_word' id='word_1_87' title='bbox 977 1216 1386 1285; x_wconf 90' lang='lat' dir='ltr'><strong>conquiescunt.</strong></span> <span class='ocrx_word' id='word_1_88' title='bbox 1427 1236 1446 1268; x_wconf 74' lang='grc' dir='ltr'><strong><em>ι</em></strong></span> <span class='ocrx_word' id='word_1_89' title='bbox 1499 1217 1686 1283; x_wconf 87' lang='lat' dir='ltr'><strong>Quan-</strong></span> 
     </span>
    </p>
   </div>
   <div class='ocr_carea' id='block_1_14' title="bbox 100 1306 1686 1377">
    <p class='ocr_par' dir='ltr' id='par_1_14' title="bbox 100 1306 1686 1377">
     <span class='ocr_line' id='line_1_14' title="bbox 100 1306 1686 1377; baseline 0.001 -18"><span class='ocrx_word' id='word_1_90' title='bbox 100 1316 224 1359; x_wconf 86' lang='lat' dir='ltr'><strong>tum</strong></span> <span class='ocrx_word' id='word_1_91' title='bbox 275 1321 405 1361; x_wconf 84' lang='lat' dir='ltr'><strong>vero</strong></span> <span class='ocrx_word' id='word_1_92' title='bbox 449 1306 774 1377; x_wconf 88' lang='lat' dir='ltr'><strong>supplicium</strong></span> <span class='ocrx_word' id='word_1_93' title='bbox 827 1306 1022 1361; x_wconf 87' lang='lat' dir='ltr'><strong>talibus</strong></span> <span class='ocrx_word' id='word_1_94' title='bbox 1055 1315 1316 1371; x_wconf 85' lang='lat' dir='ltr'><strong>struatur,</strong></span> <span class='ocrx_word' id='word_1_95' title='bbox 1369 1306 1515 1360; x_wconf 84' lang='lat' dir='ltr'><strong>tenui</strong></span> <span class='ocrx_word' id='word_1_96' title='bbox 1567 1307 1686 1376; x_wconf 89' lang='lat' dir='ltr'><strong>qui-</strong></span> 
     </span>
    </p>
   </div>
   <div class='ocr_carea' id='block_1_15' title="bbox 98 1396 1686 1469">
    <p class='ocr_par' dir='ltr' id='par_1_15' title="bbox 98 1396 1686 1469">
     <span class='ocr_line' id='line_1_15' title="bbox 98 1396 1686 1469; baseline 0.002 -19"><span class='ocrx_word' id='word_1_97' title='bbox 98 1398 232 1451; x_wconf 88' lang='lat' dir='ltr'><strong>dem</strong></span> <span class='ocrx_word' id='word_1_98' title='bbox 285 1400 476 1465; x_wconf 84' lang='lat' dir='ltr'><strong>verbo,</strong></span> <span class='ocrx_word' id='word_1_99' title='bbox 521 1400 615 1455; x_wconf 88' lang='lat' dir='ltr'><strong>sed</strong></span> <span class='ocrx_word' id='word_1_100' title='bbox 666 1398 813 1468; x_wconf 80' lang='lat' dir='ltr'><strong>gravi</strong></span> <span class='ocrx_word' id='word_1_101' title='bbox 862 1399 1125 1454; x_wconf 90' lang='lat' dir='ltr'><strong>sententia</strong></span> <span class='ocrx_word' id='word_1_102' title='bbox 1160 1398 1298 1453; x_wconf 90' lang='lat' dir='ltr'><strong>idem</strong></span> <span class='ocrx_word' id='word_1_103' title='bbox 1330 1396 1560 1469; x_wconf 83' lang='lat' dir='ltr'><strong>Sapiens</strong></span> <span class='ocrx_word' id='word_1_104' title='bbox 1588 1413 1686 1453; x_wconf 82' lang='lat' dir='ltr'><strong>ex-</strong></span> 
     </span>
    </p>
   </div>
   <div class='ocr_carea' id='block_1_16' title="bbox 98 1487 1689 1561">
    <p class='ocr_par' dir='ltr' id='par_1_16' title="bbox 98 1487 1689 1561">
     <span class='ocr_line' id='line_1_16' title="bbox 98 1487 1689 1561; baseline 0.003 -21"><span class='ocrx_word' id='word_1_105' title='bbox 98 1487 403 1557; x_wconf 86' lang='lat' dir='ltr'><strong>planavit,</strong></span> <span class='ocrx_word' id='word_1_106' title='bbox 451 1505 575 1543; x_wconf 89' lang='lat' dir='ltr'><strong>cum</strong></span> <span class='ocrx_word' id='word_1_107' title='bbox 626 1489 893 1560; x_wconf 86' lang='lat' dir='ltr'><strong>protulit:</strong></span> <span class='ocrx_word' id='word_1_108' title='bbox 949 1509 968 1540; x_wconf 70' lang='grc' dir='ltr'>ι</span> <span class='ocrx_word' id='word_1_109' title='bbox 1005 1487 1233 1560; x_wconf 87' lang='lat' dir='ltr'><strong>Semper</strong></span> <span class='ocrx_word' id='word_1_110' title='bbox 1270 1489 1446 1561; x_wconf 84' lang='lat' dir='ltr'><strong>jurgia</strong></span> <span class='ocrx_word' id='word_1_111' title='bbox 1497 1490 1689 1560; x_wconf 66' lang='lat' dir='ltr'><strong>quaerit</strong></span> 
     </span>
    </p>
   </div>
   <div class='ocr_carea' id='block_1_17' title="bbox 97 1577 1687 1649">
    <p class='ocr_par' dir='ltr' id='par_1_17' title="bbox 97 1577 1687 1649">
     <span class='ocr_line' id='line_1_17' title="bbox 97 1577 1687 1649; baseline 0.001 -18"><span class='ocrx_word' id='word_1_112' title='bbox 97 1577 288 1633; x_wconf 86' lang='lat' dir='ltr'><strong>malus</strong></span> <span class='ocrx_word' id='word_1_113' title='bbox 340 1594 355 1645; x_wconf 86' lang='lat'><strong>;</strong></span> <span class='ocrx_word' id='word_1_114' title='bbox 413 1578 639 1649; x_wconf 86' lang='lat' dir='ltr'><strong>angelus</strong></span> <span class='ocrx_word' id='word_1_115' title='bbox 698 1588 877 1635; x_wconf 86' lang='lat' dir='ltr'><strong>autem</strong></span> <span class='ocrx_word' id='word_1_116' title='bbox 930 1578 1162 1635; x_wconf 86' lang='lat' dir='ltr'><strong>crudelis</strong></span> <span class='ocrx_word' id='word_1_117' title='bbox 1210 1579 1687 1636; x_wconf 86' lang='lat' dir='ltr'><strong>mittetur.contra</strong></span> 
     </span>
    </p>
   </div>
   <div class='ocr_carea' id='block_1_18' title="bbox 89 1684 305 1725">
    <p class='ocr_par' dir='ltr' id='par_1_18' title="bbox 89 1684 305 1725">
     <span class='ocr_line' id='line_1_18' title="bbox 89 1684 305 1725; baseline -0.009 0"><span class='ocrx_word' id='word_1_118' title='bbox 89 1684 248 1725; x_wconf 85' lang='lat' dir='ltr'><strong>euut.</strong></span> <span class='ocrx_word' id='word_1_119' title='bbox 283 1689 305 1723; x_wconf 77' lang='grc' dir='ltr'><strong>Ι</strong></span> 
     </span>
    </p>
   </div>
   <div class='ocr_carea' id='block_1_19' title="bbox 91 1824 1684 1898">
    <p class='ocr_par' dir='ltr' id='par_1_19' title="bbox 91 1824 1684 1898">
     <span class='ocr_line' id='line_1_19' title="bbox 91 1824 1684 1898; baseline -0.004 -13"><span class='ocrx_word' id='word_1_120' title='bbox 91 1828 234 1885; x_wconf 78' lang='lat' dir='ltr'><strong>CAP.</strong></span> <span class='ocrx_word' id='word_1_121' title='bbox 265 1827 440 1885; x_wconf 75' lang='lat' dir='ltr'><strong>XXX.</strong></span> <span class='ocrx_word' id='word_1_122' title='bbox 469 1858 533 1870; x_wconf 90' lang='lat'><strong>-</strong></span> <span class='ocrx_word' id='word_1_123' title='bbox 568 1828 809 1895; x_wconf 80' lang='lat' dir='ltr'><strong>Qualiter</strong></span> <span class='ocrx_word' id='word_1_124' title='bbox 843 1844 949 1898; x_wconf 81' lang='lat' dir='ltr'><strong>pax</strong></span> <span class='ocrx_word' id='word_1_125' title='bbox 976 1828 1241 1898; x_wconf 71' lang='lat' dir='ltr'><strong>pra’sentis</strong></span> <span class='ocrx_word' id='word_1_126' title='bbox 1268 1824 1518 1881; x_wconf 69' lang='lat' dir='ltr'><strong>Ecclesia:</strong></span> <span class='ocrx_word' id='word_1_127' title='bbox 1560 1843 1684 1897; x_wconf 82' lang='lat' dir='ltr'><strong>per--</strong></span> 
     </span>
    </p>
   </div>
   <div class='ocr_carea' id='block_1_20' title="bbox 710 1899 1087 1969">
    <p class='ocr_par' dir='ltr' id='par_1_20' title="bbox 710 1899 1087 1969">
     <span class='ocr_line' id='line_1_20' title="bbox 710 1899 1087 1969; baseline 0 -17"><span class='ocrx_word' id='word_1_128' title='bbox 710 1899 845 1969; x_wconf 76' lang='lat' dir='ltr'><strong>{ecta</strong></span> <span class='ocrx_word' id='word_1_129' title='bbox 873 1915 975 1953; x_wconf 83' lang='lat' dir='ltr'><strong>non</strong></span> <span class='ocrx_word' id='word_1_130' title='bbox 996 1900 1087 1953; x_wconf 73' lang='lat' dir='ltr'><strong>ait.</strong></span> 
     </span>
    </p>
   </div>
   <div class='ocr_carea' id='block_1_21' title="bbox 170 2030 1685 2102">
    <p class='ocr_par' dir='ltr' id='par_1_21' title="bbox 170 2030 1685 2102">
     <span class='ocr_line' id='line_1_21' title="bbox 170 2030 1685 2102; baseline -0.003 -14"><span class='ocrx_word' id='word_1_131' title='bbox 170 2031 287 2088; x_wconf 87' lang='lat' dir='ltr'><strong>Per</strong></span> <span class='ocrx_word' id='word_1_132' title='bbox 315 2047 400 2097; x_wconf 90' lang='lat' dir='ltr'><strong>ea,</strong></span> <span class='ocrx_word' id='word_1_133' title='bbox 423 2047 544 2102; x_wconf 77' lang='lat' dir='ltr'><strong>qua:</strong></span> <span class='ocrx_word' id='word_1_134' title='bbox 572 2032 626 2086; x_wconf 92' lang='lat' dir='ltr'><strong>in</strong></span> <span class='ocrx_word' id='word_1_135' title='bbox 677 2033 975 2086; x_wconf 80' lang='lat' dir='ltr'><strong>continenti</strong></span> <span class='ocrx_word' id='word_1_136' title='bbox 1026 2031 1262 2102; x_wconf 90' lang='lat' dir='ltr'><strong>capitulo</strong></span> <span class='ocrx_word' id='word_1_137' title='bbox 1292 2030 1514 2086; x_wconf 88' lang='lat' dir='ltr'><strong>decursa</strong></span> <span class='ocrx_word' id='word_1_138' title='bbox 1540 2039 1685 2096; x_wconf 90' lang='lat' dir='ltr'><strong>sunt,</strong></span> 
     </span>
    </p>
   </div>
   <div class='ocr_carea' id='block_1_22' title="bbox 97 2121 1689 2192">
    <p class='ocr_par' dir='ltr' id='par_1_22' title="bbox 97 2121 1689 2192">
     <span class='ocr_line' id='line_1_22' title="bbox 97 2121 1689 2192; baseline -0.002 -15"><span class='ocrx_word' id='word_1_139' title='bbox 97 2137 235 2177; x_wconf 87' lang='lat' dir='ltr'><strong>ecce</strong></span> <span class='ocrx_word' id='word_1_140' title='bbox 268 2121 452 2176; x_wconf 89' lang='lat' dir='ltr'><strong>videre</strong></span> <span class='ocrx_word' id='word_1_141' title='bbox 476 2130 630 2175; x_wconf 88' lang='lat' dir='ltr'><strong>vacat</strong></span> <span class='ocrx_word' id='word_1_142' title='bbox 656 2136 900 2192; x_wconf 80' lang='lat' dir='ltr'><strong>quamam</strong></span> <span class='ocrx_word' id='word_1_143' title='bbox 932 2121 1019 2175; x_wconf 90' lang='lat' dir='ltr'><strong>illa</strong></span> <span class='ocrx_word' id='word_1_144' title='bbox 1061 2122 1170 2175; x_wconf 91' lang='lat' dir='ltr'><strong>sint</strong></span> <span class='ocrx_word' id='word_1_145' title='bbox 1221 2123 1416 2191; x_wconf 88' lang='lat' dir='ltr'><strong>quibus</strong></span> <span class='ocrx_word' id='word_1_146' title='bbox 1450 2132 1503 2175; x_wconf 91' lang='lat' dir='ltr'><strong>et</strong></span> <span class='ocrx_word' id='word_1_147' title='bbox 1529 2136 1689 2191; x_wconf 83' lang='lat' dir='ltr'><strong>gene-</strong></span> 
     </span>
    </p>
   </div>
   <div class='ocr_carea' id='block_1_23' title="bbox 100 2213 1690 2284">
    <p class='ocr_par' dir='ltr' id='par_1_23' title="bbox 100 2213 1690 2284">
     <span class='ocr_line' id='line_1_23' title="bbox 100 2213 1690 2284; baseline -0.001 -15"><span class='ocrx_word' id='word_1_148' title='bbox 100 2216 242 2270; x_wconf 90' lang='lat' dir='ltr'><strong>ralis</strong></span> <span class='ocrx_word' id='word_1_149' title='bbox 274 2214 535 2270; x_wconf 70' lang='lat' dir='ltr'><strong>Ecclesize</strong></span> <span class='ocrx_word' id='word_1_150' title='bbox 581 2224 635 2268; x_wconf 92' lang='lat' dir='ltr'><strong>et</strong></span> <span class='ocrx_word' id='word_1_151' title='bbox 678 2213 1024 2284; x_wconf 89' lang='lat' dir='ltr'><strong>particularis</strong></span> <span class='ocrx_word' id='word_1_152' title='bbox 1075 2214 1128 2267; x_wconf 87' lang='lat' dir='ltr'><strong>in</strong></span> <span class='ocrx_word' id='word_1_153' title='bbox 1160 2213 1376 2269; x_wconf 86' lang='lat' dir='ltr'><strong>Christo</strong></span> <span class='ocrx_word' id='word_1_154' title='bbox 1416 2214 1690 2269; x_wconf 86' lang='lat' dir='ltr'><strong>societatis</strong></span> 
     </span>
    </p>
   </div>
   <div class='ocr_carea' id='block_1_24' title="bbox 98 2301 1689 2375">
    <p class='ocr_par' dir='ltr' id='par_1_24' title="bbox 98 2301 1689 2375">
     <span class='ocr_line' id='line_1_24' title="bbox 98 2301 1689 2375; baseline -0.003 -14"><span class='ocrx_word' id='word_1_155' title='bbox 98 2304 454 2361; x_wconf 88' lang='lat' dir='ltr'><strong>consueverit</strong></span> <span class='ocrx_word' id='word_1_156' title='bbox 482 2303 755 2375; x_wconf 87' lang='lat' dir='ltr'><strong>profanari</strong></span> <span class='ocrx_word' id='word_1_157' title='bbox 781 2303 1090 2358; x_wconf 88' lang='lat' dir='ltr'><strong>concordia.</strong></span> <span class='ocrx_word' id='word_1_158' title='bbox 1139 2301 1273 2357; x_wconf 81' lang='lat' dir='ltr'><strong>Cum</strong></span> <span class='ocrx_word' id='word_1_159' title='bbox 1306 2303 1469 2371; x_wconf 91' lang='lat' dir='ltr'><strong>igitur</strong></span> <span class='ocrx_word' id='word_1_160' title='bbox 1511 2302 1689 2357; x_wconf 68' lang='lat' dir='ltr'><strong>eccle«-</strong></span> 
     </span>
    </p>
   </div>
   <div class='ocr_carea' id='block_1_25' title="bbox 100 2384 1689 2464">
    <p class='ocr_par' dir='ltr' id='par_1_25' title="bbox 100 2384 1689 2464">
     <span class='ocr_line' id='line_1_25' title="bbox 100 2384 1689 2464; baseline -0.001 -14"><span class='ocrx_word' id='word_1_161' title='bbox 100 2395 353 2450; x_wconf 71' lang='lat' dir='ltr'><strong>siasticae</strong></span> <span class='ocrx_word' id='word_1_162' title='bbox 413 2394 567 2464; x_wconf 73' lang='lat' dir='ltr'><strong>pacis</strong></span> <span class='ocrx_word' id='word_1_163' title='bbox 623 2392 992 2463; x_wconf 85' lang='lat' dir='ltr'><strong>tranquillitas</strong></span> <span class='ocrx_word' id='word_1_164' title='bbox 1040 2393 1205 2447; x_wconf 90' lang='lat' dir='ltr'><strong>tantis</strong></span> <span class='ocrx_word' id='word_1_165' title='bbox 1252 2384 1689 2448; x_wconf 79' lang='lat' dir='ltr'><strong>infestationibus</strong></span> 
     </span>
    </p>
   </div>
   <div class='ocr_carea' id='block_1_26' title="bbox 98 2482 1687 2556">
    <p class='ocr_par' dir='ltr' id='par_1_26' title="bbox 98 2482 1687 2556">
     <span class='ocr_line' id='line_1_26' title="bbox 98 2482 1687 2556; baseline -0.001 -17"><span class='ocrx_word' id='word_1_166' title='bbox 98 2485 489 2556; x_wconf 89' lang='lat' dir='ltr'><strong>perturbetur,</strong></span> <span class='ocrx_word' id='word_1_167' title='bbox 525 2484 652 2539; x_wconf 86' lang='lat' dir='ltr'><strong>licet</strong></span> <span class='ocrx_word' id='word_1_168' title='bbox 711 2484 767 2538; x_wconf 88' lang='lat' dir='ltr'><strong>in</strong></span> <span class='ocrx_word' id='word_1_169' title='bbox 806 2482 1210 2553; x_wconf 87' lang='lat' dir='ltr'><strong>comparatione</strong></span> <span class='ocrx_word' id='word_1_170' title='bbox 1259 2482 1409 2553; x_wconf 86' lang='lat' dir='ltr'><strong>pacis</strong></span> <span class='ocrx_word' id='word_1_171' title='bbox 1457 2482 1687 2553; x_wconf 82' lang='lat' dir='ltr'><strong>Babylo-</strong></span> 
     </span>
    </p>
   </div>
   <div class='ocr_carea' id='block_1_27' title="bbox 100 2572 1719 2651">
    <p class='ocr_par' dir='ltr' id='par_1_27' title="bbox 100 2572 1719 2651">
     <span class='ocr_line' id='line_1_27' title="bbox 100 2572 1719 2651; baseline -0.001 -21"><span class='ocrx_word' id='word_1_172' title='bbox 100 2577 247 2631; x_wconf 75' lang='lat' dir='ltr'><strong>nica:</strong></span> <span class='ocrx_word' id='word_1_173' title='bbox 277 2574 677 2643; x_wconf 90' lang='lat' dir='ltr'><strong>quodammodo</strong></span> <span class='ocrx_word' id='word_1_174' title='bbox 703 2574 857 2630; x_wconf 87' lang='lat' dir='ltr'><strong>beata</strong></span> <span class='ocrx_word' id='word_1_175' title='bbox 884 2574 976 2638; x_wconf 89' lang='lat' dir='ltr'><strong>sit,</strong></span> <span class='ocrx_word' id='word_1_176' title='bbox 1022 2572 1265 2629; x_wconf 91' lang='lat' dir='ltr'><strong>absolute</strong></span> <span class='ocrx_word' id='word_1_177' title='bbox 1303 2583 1481 2628; x_wconf 86' lang='lat' dir='ltr'><strong>tamen</strong></span> <span class='ocrx_word' id='word_1_178' title='bbox 1510 2583 1686 2643; x_wconf 83' lang='lat' dir='ltr'><strong>grata,</strong></span> <span class='ocrx_word' id='word_1_179' title='bbox 1712 2643 1719 2651; x_wconf 32' lang='lat'>.</span> 
     </span>
    </p>
   </div>
   <div class='ocr_carea' id='block_1_28' title="bbox 101 2665 1689 2737">
    <p class='ocr_par' dir='ltr' id='par_1_28' title="bbox 101 2665 1689 2737">
     <span class='ocr_line' id='line_1_28' title="bbox 101 2665 1689 2737; baseline -0.002 -13"><span class='ocrx_word' id='word_1_180' title='bbox 101 2684 208 2724; x_wconf 88' lang='lat' dir='ltr'><strong>nec</strong></span> <span class='ocrx_word' id='word_1_181' title='bbox 238 2669 400 2723; x_wconf 90' lang='lat' dir='ltr'><strong>beata</strong></span> <span class='ocrx_word' id='word_1_182' title='bbox 436 2677 518 2721; x_wconf 88' lang='lat' dir='ltr'><strong>est</strong></span> <span class='ocrx_word' id='word_1_183' title='bbox 540 2681 639 2721; x_wconf 84' lang='lat' dir='ltr'><strong>nec</strong></span> <span class='ocrx_word' id='word_1_184' title='bbox 662 2666 927 2737; x_wconf 90' lang='lat' dir='ltr'><strong>perfecta,</strong></span> <span class='ocrx_word' id='word_1_185' title='bbox 961 2676 1147 2722; x_wconf 88' lang='lat' dir='ltr'><strong>contra</strong></span> <span class='ocrx_word' id='word_1_186' title='bbox 1174 2681 1338 2737; x_wconf 90' lang='lat' dir='ltr'><strong>quam</strong></span> <span class='ocrx_word' id='word_1_187' title='bbox 1384 2673 1460 2720; x_wconf 90' lang='lat' dir='ltr'><strong>tot</strong></span> <span class='ocrx_word' id='word_1_188' title='bbox 1512 2665 1689 2735; x_wconf 89' lang='lat' dir='ltr'><strong>laquei</strong></span> 
     </span>
    </p>
   </div>
   <div class='ocr_carea' id='block_1_29' title="bbox 99 2746 1693 2826">
    <p class='ocr_par' dir='ltr' id='par_1_29' title="bbox 99 2746 1693 2826">
     <span class='ocr_line' id='line_1_29' title="bbox 99 2746 1693 2826; baseline -0.001 -15"><span class='ocrx_word' id='word_1_189' title='bbox 99 2756 334 2826; x_wconf 81' lang='lat' dir='ltr'><strong>expansi</strong></span> <span class='ocrx_word' id='word_1_190' title='bbox 368 2766 514 2819; x_wconf 90' lang='lat' dir='ltr'><strong>sunt,</strong></span> <span class='ocrx_word' id='word_1_191' title='bbox 541 2765 619 2810; x_wconf 84' lang='lat' dir='ltr'><strong>tot</strong></span> <span class='ocrx_word' id='word_1_192' title='bbox 640 2755 851 2823; x_wconf 82' lang='lat' dir='ltr'><strong>objecta</strong></span> <span class='ocrx_word' id='word_1_193' title='bbox 883 2746 1189 2821; x_wconf 29' lang='lat' dir='ltr'><strong>scandalag</strong></span> <span class='ocrx_word' id='word_1_194' title='bbox 1220 2764 1300 2810; x_wconf 89' lang='lat' dir='ltr'><strong>tot</strong></span> <span class='ocrx_word' id='word_1_195' title='bbox 1355 2755 1586 2821; x_wconf 72' lang='lat' dir='ltr'><strong>insidiae,</strong></span> <span class='ocrx_word' id='word_1_196' title='bbox 1616 2763 1693 2809; x_wconf 92' lang='lat' dir='ltr'><strong>tot</strong></span> 
     </span>
    </p>
   </div>
   <div class='ocr_carea' id='block_1_30' title="bbox 98 2846 1693 2918">
    <p class='ocr_par' dir='ltr' id='par_1_30' title="bbox 98 2846 1693 2918">
     <span class='ocr_line' id='line_1_30' title="bbox 98 2846 1693 2918; baseline -0.002 -15"><span class='ocrx_word' id='word_1_197' title='bbox 98 2846 403 2903; x_wconf 63' lang='lat' dir='ltr'><strong>calumniae</strong></span> <span class='ocrx_word' id='word_1_198' title='bbox 424 2846 780 2911; x_wconf 89' lang='lat' dir='ltr'><strong>oblatrantes,</strong></span> <span class='ocrx_word' id='word_1_199' title='bbox 833 2847 977 2901; x_wconf 91' lang='lat' dir='ltr'><strong>sicut</strong></span> <span class='ocrx_word' id='word_1_200' title='bbox 1027 2847 1299 2918; x_wconf 84' lang='lat' dir='ltr'><strong>vulgatum</strong></span> <span class='ocrx_word' id='word_1_201' title='bbox 1337 2855 1423 2901; x_wconf 90' lang='lat' dir='ltr'><strong>est</strong></span> <span class='ocrx_word' id='word_1_202' title='bbox 1478 2846 1532 2901; x_wconf 90' lang='lat' dir='ltr'><strong>in</strong></span> <span class='ocrx_word' id='word_1_203' title='bbox 1562 2846 1693 2901; x_wconf 86' lang='lat' dir='ltr'><strong>Pro-</strong></span> 
     </span>
    </p>
   </div>
   <div class='ocr_carea' id='block_1_31' title="bbox 98 2935 1689 3007">
    <p class='ocr_par' dir='ltr' id='par_1_31' title="bbox 98 2935 1689 3007">
     <span class='ocr_line' id='line_1_31' title="bbox 98 2935 1689 3007; baseline 0.001 -19"><span class='ocrx_word' id='word_1_204' title='bbox 98 2936 360 3002; x_wconf 73' lang='lat' dir='ltr'><strong>verbiis,</strong></span> <span class='ocrx_word' id='word_1_205' title='bbox 418 2939 546 3007; x_wconf 88' lang='lat' dir='ltr'><strong>quia</strong></span> <span class='ocrx_word' id='word_1_206' title='bbox 605 2954 623 2987; x_wconf 71' lang='grc' dir='ltr'>ι</span> <span class='ocrx_word' id='word_1_207' title='bbox 658 2936 710 2990; x_wconf 92' lang='lat' dir='ltr'><strong>in</strong></span> <span class='ocrx_word' id='word_1_208' title='bbox 769 2936 946 2990; x_wconf 90' lang='lat' dir='ltr'><strong>medio</strong></span> <span class='ocrx_word' id='word_1_209' title='bbox 989 2935 1299 3005; x_wconf 89' lang='lat' dir='ltr'><strong>laqueorum</strong></span> <span class='ocrx_word' id='word_1_210' title='bbox 1350 2936 1689 3005; x_wconf 88' lang='lat' dir='ltr'><strong>ingredieris,</strong></span> 
     </span>
    </p>
   </div>
   <div class='ocr_carea' id='block_1_32' title="bbox 1778 477 3352 550">
    <p class='ocr_par' dir='ltr' id='par_1_32' title="bbox 1778 477 3352 550">
     <span class='ocr_line' id='line_1_32' title="bbox 1778 477 3352 550; baseline 0.001 -19"><span class='ocrx_word' id='word_1_211' title='bbox 1778 477 2076 534; x_wconf 88' lang='lat' dir='ltr'><strong>Jerusalem</strong></span> <span class='ocrx_word' id='word_1_212' title='bbox 2109 495 2293 549; x_wconf 79' lang='lat' dir='ltr'><strong>paceni</strong></span> <span class='ocrx_word' id='word_1_213' title='bbox 2324 480 2554 533; x_wconf 88' lang='lat' dir='ltr'><strong>refertur</strong></span> <span class='ocrx_word' id='word_1_214' title='bbox 2582 480 2840 549; x_wconf 80' lang='lat' dir='ltr'><strong>quidquid</strong></span> <span class='ocrx_word' id='word_1_215' title='bbox 2872 480 2923 533; x_wconf 94' lang='lat' dir='ltr'><strong>in</strong></span> <span class='ocrx_word' id='word_1_216' title='bbox 2950 495 3078 550; x_wconf 91' lang='lat' dir='ltr'><strong>pace</strong></span> <span class='ocrx_word' id='word_1_217' title='bbox 3115 495 3352 550; x_wconf 58' lang='lat' dir='ltr'><strong>praesen-</strong></span> 
     </span>
    </p>
   </div>
   <div class='ocr_carea' id='block_1_33' title="bbox 1784 571 3348 641">
    <p class='ocr_par' dir='ltr' id='par_1_33' title="bbox 1784 571 3348 641">
     <span class='ocr_line' id='line_1_33' title="bbox 1784 571 3348 641; baseline 0.001 -18"><span class='ocrx_word' id='word_1_218' title='bbox 1784 571 1851 624; x_wconf 91' lang='lat' dir='ltr'><strong>tis</strong></span> <span class='ocrx_word' id='word_1_219' title='bbox 1885 571 2139 625; x_wconf 69' lang='lat' dir='ltr'><strong>Ecclesia:</strong></span> <span class='ocrx_word' id='word_1_220' title='bbox 2167 573 2393 641; x_wconf 82' lang='lat' dir='ltr'><strong>geritur.</strong></span> <span class='ocrx_word' id='word_1_221' title='bbox 2419 571 2474 625; x_wconf 90' lang='lat' dir='ltr'><strong>ln</strong></span> <span class='ocrx_word' id='word_1_222' title='bbox 2507 572 2607 627; x_wconf 91' lang='lat' dir='ltr'><strong>ista</strong></span> <span class='ocrx_word' id='word_1_223' title='bbox 2632 576 2774 626; x_wconf 90' lang='lat' dir='ltr'><strong>enim</strong></span> <span class='ocrx_word' id='word_1_224' title='bbox 2801 587 2930 640; x_wconf 87' lang='lat' dir='ltr'><strong>pace</strong></span> <span class='ocrx_word' id='word_1_225' title='bbox 2954 582 3078 625; x_wconf 88' lang='lat' dir='ltr'><strong>sunt</strong></span> <span class='ocrx_word' id='word_1_226' title='bbox 3107 573 3298 627; x_wconf 90' lang='lat' dir='ltr'><strong>merita</strong></span> <span class='ocrx_word' id='word_1_227' title='bbox 3335 591 3348 624; x_wconf 90' lang='lat'><strong>:</strong></span> 
     </span>
    </p>
   </div>
   <div class='ocr_carea' id='block_1_34' title="bbox 1781 661 3353 734">
    <p class='ocr_par' dir='ltr' id='par_1_34' title="bbox 1781 661 3353 734">
     <span class='ocr_line' id='line_1_34' title="bbox 1781 661 3353 734; baseline 0.002 -18"><span class='ocrx_word' id='word_1_228' title='bbox 1781 661 1835 716; x_wconf 86' lang='lat' dir='ltr'><strong>iu</strong></span> <span class='ocrx_word' id='word_1_229' title='bbox 1870 662 1953 715; x_wconf 84' lang='lat' dir='ltr'><strong>illa</strong></span> <span class='ocrx_word' id='word_1_230' title='bbox 1974 661 2181 717; x_wconf 90' lang='lat' dir='ltr'><strong>fructus</strong></span> <span class='ocrx_word' id='word_1_231' title='bbox 2211 663 2478 733; x_wconf 90' lang='lat' dir='ltr'><strong>repositus</strong></span> <span class='ocrx_word' id='word_1_232' title='bbox 2522 664 2858 719; x_wconf 89' lang='lat' dir='ltr'><strong>meritorum.</strong></span> <span class='ocrx_word' id='word_1_233' title='bbox 2885 664 3052 733; x_wconf 88' lang='lat' dir='ltr'><strong>Cujus</strong></span> <span class='ocrx_word' id='word_1_234' title='bbox 3079 665 3229 734; x_wconf 89' lang='lat' dir='ltr'><strong>pacis</strong></span> <span class='ocrx_word' id='word_1_235' title='bbox 3273 665 3353 719; x_wconf 89' lang='lat' dir='ltr'><strong>vi-</strong></span> 
     </span>
    </p>
   </div>
   <div class='ocr_carea' id='block_1_35' title="bbox 1785 745 3350 826">
    <p class='ocr_par' dir='ltr' id='par_1_35' title="bbox 1785 745 3350 826">
     <span class='ocr_line' id='line_1_35' title="bbox 1785 745 3350 826; baseline 0.002 -19"><span class='ocrx_word' id='word_1_236' title='bbox 1785 752 1994 808; x_wconf 87' lang='lat' dir='ltr'><strong>sionem</strong></span> <span class='ocrx_word' id='word_1_237' title='bbox 2046 755 2129 808; x_wconf 84' lang='lat' dir='ltr'><strong>vir</strong></span> <span class='ocrx_word' id='word_1_238' title='bbox 2184 754 2471 809; x_wconf 86' lang='lat' dir='ltr'><strong>timoralus</strong></span> <span class='ocrx_word' id='word_1_239' title='bbox 2523 755 2690 810; x_wconf 86' lang='lat' dir='ltr'><strong>David</strong></span> <span class='ocrx_word' id='word_1_240' title='bbox 2732 745 2973 826; x_wconf 43' lang='lat' dir='ltr'><strong>optavit.</strong></span> <span class='ocrx_word' id='word_1_241' title='bbox 3005 769 3127 810; x_wconf 90' lang='lat' dir='ltr'><strong>cum</strong></span> <span class='ocrx_word' id='word_1_242' title='bbox 3175 757 3350 810; x_wconf 85' lang='lat' dir='ltr'><strong>dixit:</strong></span> 
     </span>
    </p>
   </div>
   <div class='ocr_carea' id='block_1_36' title="bbox 1788 843 3350 917">
    <p class='ocr_par' dir='ltr' id='par_1_36' title="bbox 1788 843 3350 917">
     <span class='ocr_line' id='line_1_36' title="bbox 1788 843 3350 917; baseline 0.004 -23"><span class='ocrx_word' id='word_1_243' title='bbox 1788 862 1805 894; x_wconf 77' lang='grc' dir='ltr'>ι</span> <span class='ocrx_word' id='word_1_244' title='bbox 1837 843 2037 900; x_wconf 83' lang='lat' dir='ltr'><strong>Videas</strong></span> <span class='ocrx_word' id='word_1_245' title='bbox 2065 845 2204 900; x_wconf 83' lang='lat' dir='ltr'><strong>filios</strong></span> <span class='ocrx_word' id='word_1_246' title='bbox 2228 846 2461 901; x_wconf 74' lang='lat' dir='ltr'><strong>ﬁliorum</strong></span> <span class='ocrx_word' id='word_1_247' title='bbox 2494 854 2704 904; x_wconf 81' lang='lat' dir='ltr'><strong>tuorum</strong></span> <span class='ocrx_word' id='word_1_248' title='bbox 2729 862 2915 917; x_wconf 86' lang='lat' dir='ltr'><strong>pacem</strong></span> <span class='ocrx_word' id='word_1_249' title='bbox 2939 862 3100 916; x_wconf 90' lang='lat' dir='ltr'><strong>super</strong></span> <span class='ocrx_word' id='word_1_250' title='bbox 3120 846 3307 903; x_wconf 87' lang='lat' dir='ltr'><strong>Israel.</strong></span> <span class='ocrx_word' id='word_1_251' title='bbox 3330 868 3350 900; x_wconf 70' lang='grc' dir='ltr'><strong>ι</strong></span> 
     </span>
    </p>
   </div>
   <div class='ocr_carea' id='block_1_37' title="bbox 1783 934 3352 1000">
    <p class='ocr_par' dir='ltr' id='par_1_37' title="bbox 1783 934 3352 1000">
     <span class='ocr_line' id='line_1_37' title="bbox 1783 934 3352 1000; baseline 0 -11"><span class='ocrx_word' id='word_1_252' title='bbox 1783 934 1954 1000; x_wconf 85' lang='lat' dir='ltr'><strong>Quam</strong></span> <span class='ocrx_word' id='word_1_253' title='bbox 1997 944 2052 990; x_wconf 93' lang='lat' dir='ltr'><strong>ct</strong></span> <span class='ocrx_word' id='word_1_254' title='bbox 2098 936 2289 991; x_wconf 78' lang='lat' dir='ltr'><strong>Petrus</strong></span> <span class='ocrx_word' id='word_1_255' title='bbox 2342 936 2687 991; x_wconf 88' lang='lat' dir='ltr'><strong>credentibus</strong></span> <span class='ocrx_word' id='word_1_256' title='bbox 2732 937 3074 991; x_wconf 86' lang='lat' dir='ltr'><strong>desiderabat</strong></span> <span class='ocrx_word' id='word_1_257' title='bbox 3134 936 3352 990; x_wconf 88' lang='lat' dir='ltr'><strong>dicens:</strong></span> 
     </span>
    </p>
   </div>
   <div class='ocr_carea' id='block_1_38' title="bbox 1790 1024 3351 1095">
    <p class='ocr_par' dir='ltr' id='par_1_38' title="bbox 1790 1024 3351 1095">
     <span class='ocr_line' id='line_1_38' title="bbox 1790 1024 3351 1095; baseline 0.001 -18"><span class='ocrx_word' id='word_1_258' title='bbox 1790 1042 1808 1077; x_wconf 76' lang='grc' dir='ltr'>ι</span> <span class='ocrx_word' id='word_1_259' title='bbox 1842 1024 2031 1080; x_wconf 86' lang='lat' dir='ltr'><strong>Gratia</strong></span> <span class='ocrx_word' id='word_1_260' title='bbox 2084 1024 2236 1080; x_wconf 89' lang='lat' dir='ltr'><strong>vobis</strong></span> <span class='ocrx_word' id='word_1_261' title='bbox 2289 1035 2347 1080; x_wconf 86' lang='lat' dir='ltr'><strong>et.</strong></span> <span class='ocrx_word' id='word_1_262' title='bbox 2404 1041 2509 1095; x_wconf 79' lang='lat' dir='ltr'><strong>pax</strong></span> <span class='ocrx_word' id='word_1_263' title='bbox 2567 1024 2985 1094; x_wconf 67' lang='lat' dir='ltr'><strong>adimpleatnr.»</strong></span> <span class='ocrx_word' id='word_1_264' title='bbox 3024 1024 3102 1079; x_wconf 93' lang='lat' dir='ltr'><strong>De</strong></span> <span class='ocrx_word' id='word_1_265' title='bbox 3156 1040 3259 1095; x_wconf 89' lang='lat' dir='ltr'><strong>qua</strong></span> <span class='ocrx_word' id='word_1_266' title='bbox 3304 1035 3351 1080; x_wconf 72' lang='lat' dir='ltr'><strong>et</strong></span> 
     </span>
    </p>
   </div>
   <div class='ocr_carea' id='block_1_39' title="bbox 1787 1116 3357 1189">
    <p class='ocr_par' dir='ltr' id='par_1_39' title="bbox 1787 1116 3357 1189">
     <span class='ocr_line' id='line_1_39' title="bbox 1787 1116 3357 1189; baseline -0.003 -16"><span class='ocrx_word' id='word_1_267' title='bbox 1787 1118 2054 1189; x_wconf 88' lang='lat' dir='ltr'><strong>psalmus,</strong></span> <span class='ocrx_word' id='word_1_268' title='bbox 2091 1133 2340 1187; x_wconf 78' lang='lat' dir='ltr'><strong>superna:</strong></span> <span class='ocrx_word' id='word_1_269' title='bbox 2392 1117 2627 1173; x_wconf 86' lang='lat' dir='ltr'><strong>civitatis</strong></span> <span class='ocrx_word' id='word_1_270' title='bbox 2675 1116 2861 1172; x_wconf 89' lang='lat' dir='ltr'><strong>laudes</strong></span> <span class='ocrx_word' id='word_1_271' title='bbox 2899 1118 3201 1182; x_wconf 65' lang='lat' dir='ltr'><strong>modulans,</strong></span> <span class='ocrx_word' id='word_1_272' title='bbox 3232 1134 3357 1187; x_wconf 70' lang='lat' dir='ltr'><strong>pro-</strong></span> 
     </span>
    </p>
   </div>
   <div class='ocr_carea' id='block_1_40' title="bbox 1786 1210 3357 1283">
    <p class='ocr_par' dir='ltr' id='par_1_40' title="bbox 1786 1210 3357 1283">
     <span class='ocr_line' id='line_1_40' title="bbox 1786 1210 3357 1283; baseline -0.001 -17"><span class='ocrx_word' id='word_1_273' title='bbox 1786 1212 2021 1283; x_wconf 89' lang='lat' dir='ltr'><strong>ponebat</strong></span> <span class='ocrx_word' id='word_1_274' title='bbox 2051 1230 2064 1265; x_wconf 91' lang='lat'><strong>:</strong></span> <span class='ocrx_word' id='word_1_275' title='bbox 2099 1229 2117 1263; x_wconf 72' lang='grc' dir='ltr'><strong><em>ι</em></strong></span> <span class='ocrx_word' id='word_1_276' title='bbox 2149 1210 2249 1279; x_wconf 86' lang='lat' dir='ltr'><strong>Qui</strong></span> <span class='ocrx_word' id='word_1_277' title='bbox 2277 1213 2456 1281; x_wconf 89' lang='lat' dir='ltr'><strong>posuit</strong></span> <span class='ocrx_word' id='word_1_278' title='bbox 2491 1212 2628 1264; x_wconf 81' lang='lat' dir='ltr'><strong>lines</strong></span> <span class='ocrx_word' id='word_1_279' title='bbox 2668 1218 2788 1264; x_wconf 89' lang='lat' dir='ltr'><strong>tuos</strong></span> <span class='ocrx_word' id='word_1_280' title='bbox 2813 1225 3025 1280; x_wconf 89' lang='lat' dir='ltr'><strong>pacem.</strong></span> <span class='ocrx_word' id='word_1_281' title='bbox 3062 1229 3081 1261; x_wconf 74' lang='grc' dir='ltr'><strong><em>ι</em></strong></span> <span class='ocrx_word' id='word_1_282' title='bbox 3121 1210 3226 1263; x_wconf 87' lang='lat' dir='ltr'><strong>Pro</strong></span> <span class='ocrx_word' id='word_1_283' title='bbox 3251 1226 3357 1279; x_wconf 86' lang='lat' dir='ltr'><strong>qua</strong></span> 
     </span>
    </p>
   </div>
   <div class='ocr_carea' id='block_1_41' title="bbox 1788 1301 3362 1374">
    <p class='ocr_par' dir='ltr' id='par_1_41' title="bbox 1788 1301 3362 1374">
     <span class='ocr_line' id='line_1_41' title="bbox 1788 1301 3362 1374; baseline -0.003 -16"><span class='ocrx_word' id='word_1_284' title='bbox 1788 1313 1843 1359; x_wconf 89' lang='lat' dir='ltr'><strong>et</strong></span> <span class='ocrx_word' id='word_1_285' title='bbox 1872 1303 2101 1374; x_wconf 85' lang='lat' dir='ltr'><strong>Sapiens</strong></span> <span class='ocrx_word' id='word_1_286' title='bbox 2129 1301 2197 1357; x_wconf 91' lang='lat' dir='ltr'><strong>de</strong></span> <span class='ocrx_word' id='word_1_287' title='bbox 2250 1303 2585 1373; x_wconf 86' lang='lat' dir='ltr'><strong>martyribus</strong></span> <span class='ocrx_word' id='word_1_288' title='bbox 2607 1302 2831 1371; x_wconf 87' lang='lat' dir='ltr'><strong>loquens</strong></span> <span class='ocrx_word' id='word_1_289' title='bbox 2854 1301 2927 1355; x_wconf 90' lang='lat' dir='ltr'><strong>ait</strong></span> <span class='ocrx_word' id='word_1_290' title='bbox 2961 1319 2974 1355; x_wconf 91' lang='lat'><strong>:</strong></span> <span class='ocrx_word' id='word_1_291' title='bbox 3013 1319 3031 1352; x_wconf 75' lang='grc' dir='ltr'>ι</span> <span class='ocrx_word' id='word_1_292' title='bbox 3072 1301 3182 1356; x_wconf 84' lang='lat' dir='ltr'><strong>Visi</strong></span> <span class='ocrx_word' id='word_1_293' title='bbox 3233 1310 3362 1355; x_wconf 88' lang='lat' dir='ltr'><strong>sunt</strong></span> 
     </span>
    </p>
   </div>
   <div class='ocr_carea' id='block_1_42' title="bbox 1788 1395 3353 1468">
    <p class='ocr_par' dir='ltr' id='par_1_42' title="bbox 1788 1395 3353 1468">
     <span class='ocr_line' id='line_1_42' title="bbox 1788 1395 3353 1468; baseline -0.005 -14"><span class='ocrx_word' id='word_1_294' title='bbox 1788 1398 1960 1455; x_wconf 90' lang='lat' dir='ltr'><strong>oculis</strong></span> <span class='ocrx_word' id='word_1_295' title='bbox 1983 1397 2355 1468; x_wconf 91' lang='lat' dir='ltr'><strong>insipientium</strong></span> <span class='ocrx_word' id='word_1_296' title='bbox 2383 1397 2543 1461; x_wconf 91' lang='lat' dir='ltr'><strong>mori,</strong></span> <span class='ocrx_word' id='word_1_297' title='bbox 2575 1396 2648 1450; x_wconf 93' lang='lat' dir='ltr'><strong>illi</strong></span> <span class='ocrx_word' id='word_1_298' title='bbox 2677 1404 2855 1450; x_wconf 88' lang='lat' dir='ltr'><strong>autem</strong></span> <span class='ocrx_word' id='word_1_299' title='bbox 2884 1403 3010 1449; x_wconf 91' lang='lat' dir='ltr'><strong>sunt</strong></span> <span class='ocrx_word' id='word_1_300' title='bbox 3042 1395 3093 1449; x_wconf 91' lang='lat' dir='ltr'><strong>in</strong></span> <span class='ocrx_word' id='word_1_301' title='bbox 3135 1409 3291 1464; x_wconf 87' lang='lat' dir='ltr'><strong>pace.</strong></span> <span class='ocrx_word' id='word_1_302' title='bbox 3333 1414 3353 1446; x_wconf 73' lang='grc' dir='ltr'><strong>ι</strong></span> 
     </span>
    </p>
   </div>
   <div class='ocr_carea' id='block_1_43' title="bbox 1788 1486 3357 1557">
    <p class='ocr_par' dir='ltr' id='par_1_43' title="bbox 1788 1486 3357 1557">
     <span class='ocr_line' id='line_1_43' title="bbox 1788 1486 3357 1557; baseline -0.004 -13"><span class='ocrx_word' id='word_1_303' title='bbox 1788 1489 1943 1544; x_wconf 78' lang='lat' dir='ltr'><strong>Hanc</strong></span> <span class='ocrx_word' id='word_1_304' title='bbox 2000 1491 2163 1544; x_wconf 87' lang='lat' dir='ltr'><strong>etiam</strong></span> <span class='ocrx_word' id='word_1_305' title='bbox 2230 1488 2524 1544; x_wconf 87' lang='lat' dir='ltr'><strong>mansuetis</strong></span> <span class='ocrx_word' id='word_1_306' title='bbox 2583 1487 2749 1542; x_wconf 83' lang='lat' dir='ltr'><strong>David</strong></span> <span class='ocrx_word' id='word_1_307' title='bbox 2802 1486 3070 1557; x_wconf 91' lang='lat' dir='ltr'><strong>promittit</strong></span> <span class='ocrx_word' id='word_1_308' title='bbox 3126 1486 3357 1539; x_wconf 89' lang='lat' dir='ltr'><strong>dicens:</strong></span> 
     </span>
    </p>
   </div>
   <div class='ocr_carea' id='block_1_44' title="bbox 1796 1574 3363 1641">
    <p class='ocr_par' dir='ltr' id='par_1_44' title="bbox 1796 1574 3363 1641">
     <span class='ocr_line' id='line_1_44' title="bbox 1796 1574 3363 1641; baseline -0.002 -9"><span class='ocrx_word' id='word_1_309' title='bbox 1796 1598 1815 1632; x_wconf 70' lang='grc' dir='ltr'>ι</span> <span class='ocrx_word' id='word_1_310' title='bbox 1852 1579 2116 1634; x_wconf 82' lang='lat' dir='ltr'><strong>Mansueti</strong></span> <span class='ocrx_word' id='word_1_311' title='bbox 2166 1578 2559 1633; x_wconf 64' lang='lat' dir='ltr'><strong>barreditabunt</strong></span> <span class='ocrx_word' id='word_1_312' title='bbox 2611 1588 2834 1641; x_wconf 90' lang='lat' dir='ltr'><strong>terram,</strong></span> <span class='ocrx_word' id='word_1_313' title='bbox 2865 1585 2921 1632; x_wconf 89' lang='lat' dir='ltr'><strong>et</strong></span> <span class='ocrx_word' id='word_1_314' title='bbox 2953 1574 3363 1631; x_wconf 88' lang='lat' dir='ltr'><strong>delectabuntur</strong></span> 
     </span>
    </p>
   </div>
   <div class='ocr_carea' id='block_1_45' title="bbox 1791 1666 3361 1737">
    <p class='ocr_par' dir='ltr' id='par_1_45' title="bbox 1791 1666 3361 1737">
     <span class='ocr_line' id='line_1_45' title="bbox 1791 1666 3361 1737; baseline -0.001 -16"><span class='ocrx_word' id='word_1_315' title='bbox 1791 1668 1843 1722; x_wconf 91' lang='lat' dir='ltr'><strong>in</strong></span> <span class='ocrx_word' id='word_1_316' title='bbox 1880 1667 2226 1723; x_wconf 90' lang='lat' dir='ltr'><strong>multitudine</strong></span> <span class='ocrx_word' id='word_1_317' title='bbox 2253 1667 2419 1737; x_wconf 89' lang='lat' dir='ltr'><strong>pacis.</strong></span> <span class='ocrx_word' id='word_1_318' title='bbox 2453 1686 2471 1719; x_wconf 75' lang='grc' dir='ltr'><strong><em>ι</em></strong></span> <span class='ocrx_word' id='word_1_319' title='bbox 2505 1667 2585 1720; x_wconf 88' lang='lat' dir='ltr'><strong>Ad</strong></span> <span class='ocrx_word' id='word_1_320' title='bbox 2614 1666 2767 1735; x_wconf 84' lang='lat' dir='ltr'><strong>cujus</strong></span> <span class='ocrx_word' id='word_1_321' title='bbox 2810 1666 2961 1735; x_wconf 89' lang='lat' dir='ltr'><strong>pacis</strong></span> <span class='ocrx_word' id='word_1_322' title='bbox 2989 1676 3188 1722; x_wconf 91' lang='lat' dir='ltr'><strong>statum</strong></span> <span class='ocrx_word' id='word_1_323' title='bbox 3242 1681 3361 1734; x_wconf 81' lang='lat' dir='ltr'><strong>per-</strong></span> 
     </span>
    </p>
   </div>
   <div class='ocr_carea' id='block_1_46' title="bbox 1790 1755 3365 1828">
    <p class='ocr_par' dir='ltr' id='par_1_46' title="bbox 1790 1755 3365 1828">
     <span class='ocr_line' id='line_1_46' title="bbox 1790 1755 3365 1828; baseline -0.001 -16"><span class='ocrx_word' id='word_1_324' title='bbox 1790 1758 1964 1813; x_wconf 84' lang='lat' dir='ltr'><strong>tinere</strong></span> <span class='ocrx_word' id='word_1_325' title='bbox 2018 1758 2363 1828; x_wconf 87' lang='lat' dir='ltr'><strong>cognoscitur</strong></span> <span class='ocrx_word' id='word_1_326' title='bbox 2393 1798 2408 1823; x_wconf 93' lang='lat'><strong>,</strong></span> <span class='ocrx_word' id='word_1_327' title='bbox 2473 1757 2618 1826; x_wconf 91' lang='lat' dir='ltr'><strong>quod</strong></span> <span class='ocrx_word' id='word_1_328' title='bbox 2668 1755 2797 1811; x_wconf 89' lang='lat' dir='ltr'><strong>Sion</strong></span> <span class='ocrx_word' id='word_1_329' title='bbox 2842 1756 3101 1812; x_wconf 89' lang='lat' dir='ltr'><strong>Dominus</strong></span> <span class='ocrx_word' id='word_1_330' title='bbox 3148 1755 3365 1825; x_wconf 73' lang='lat' dir='ltr'><strong>pollice~</strong></span> 
     </span>
    </p>
   </div>
   <div class='ocr_carea' id='block_1_47' title="bbox 1788 1849 3362 1920">
    <p class='ocr_par' dir='ltr' id='par_1_47' title="bbox 1788 1849 3362 1920">
     <span class='ocr_line' id='line_1_47' title="bbox 1788 1849 3362 1920; baseline -0.001 -15"><span class='ocrx_word' id='word_1_331' title='bbox 1788 1859 1899 1916; x_wconf 91' lang='lat' dir='ltr'><strong>tur,</strong></span> <span class='ocrx_word' id='word_1_332' title='bbox 1947 1850 2097 1920; x_wconf 88' lang='lat' dir='ltr'><strong>quia,</strong></span> <span class='ocrx_word' id='word_1_333' title='bbox 2155 1849 2351 1919; x_wconf 89' lang='lat' dir='ltr'><strong>inquit,</strong></span> <span class='ocrx_word' id='word_1_334' title='bbox 2413 1869 2430 1901; x_wconf 74' lang='grc' dir='ltr'>ι</span> <span class='ocrx_word' id='word_1_335' title='bbox 2481 1864 2587 1903; x_wconf 93' lang='lat' dir='ltr'><strong>non</strong></span> <span class='ocrx_word' id='word_1_336' title='bbox 2645 1849 2860 1919; x_wconf 84' lang='lat' dir='ltr'><strong>adjiciet</strong></span> <span class='ocrx_word' id='word_1_337' title='bbox 2900 1850 3062 1915; x_wconf 86' lang='lat' dir='ltr'><strong>ultra,</strong></span> <span class='ocrx_word' id='word_1_338' title='bbox 3108 1859 3167 1903; x_wconf 90' lang='lat' dir='ltr'><strong>ut</strong></span> <span class='ocrx_word' id='word_1_339' title='bbox 3210 1860 3362 1903; x_wconf 87' lang='lat' dir='ltr'><strong>tran-</strong></span> 
     </span>
    </p>
   </div>
   <div class='ocr_carea' id='block_1_48' title="bbox 1788 1940 3361 2010">
    <p class='ocr_par' dir='ltr' id='par_1_48' title="bbox 1788 1940 3361 2010">
     <span class='ocr_line' id='line_1_48' title="bbox 1788 1940 3361 2010; baseline -0.002 -14"><span class='ocrx_word' id='word_1_340' title='bbox 1788 1950 1905 1996; x_wconf 88' lang='lat' dir='ltr'><strong>seat</strong></span> <span class='ocrx_word' id='word_1_341' title='bbox 1928 1956 2025 2010; x_wconf 88' lang='lat' dir='ltr'><strong>per</strong></span> <span class='ocrx_word' id='word_1_342' title='bbox 2056 1950 2109 1996; x_wconf 90' lang='lat' dir='ltr'><strong>te</strong></span> <span class='ocrx_word' id='word_1_343' title='bbox 2135 1940 2547 1996; x_wconf 90' lang='lat' dir='ltr'><strong>ineircumcisus</strong></span> <span class='ocrx_word' id='word_1_344' title='bbox 2572 1948 2627 1994; x_wconf 91' lang='lat' dir='ltr'><strong>et</strong></span> <span class='ocrx_word' id='word_1_345' title='bbox 2654 1940 2978 1993; x_wconf 90' lang='lat' dir='ltr'><strong>immundus.</strong></span> <span class='ocrx_word' id='word_1_346' title='bbox 3025 1958 3043 1991; x_wconf 86' lang='grc'>›</span> <span class='ocrx_word' id='word_1_347' title='bbox 3072 1940 3137 1994; x_wconf 84' lang='grc' dir='ltr'><strong>Ει</strong></span> <span class='ocrx_word' id='word_1_348' title='bbox 3167 1940 3361 1994; x_wconf 88' lang='lat' dir='ltr'><strong>iterum</strong></span> 
     </span>
    </p>
   </div>
   <div class='ocr_carea' id='block_1_49' title="bbox 1788 2029 3362 2100">
    <p class='ocr_par' dir='ltr' id='par_1_49' title="bbox 1788 2029 3362 2100">
     <span class='ocr_line' id='line_1_49' title="bbox 1788 2029 3362 2100; baseline -0.002 -15"><span class='ocrx_word' id='word_1_349' title='bbox 1788 2046 1886 2100; x_wconf 90' lang='lat' dir='ltr'><strong>per</strong></span> <span class='ocrx_word' id='word_1_350' title='bbox 1910 2030 2115 2085; x_wconf 88' lang='lat' dir='ltr'><strong>Joelcm</strong></span> <span class='ocrx_word' id='word_1_351' title='bbox 2148 2045 2162 2083; x_wconf 92' lang='lat'><strong>:</strong></span> <span class='ocrx_word' id='word_1_352' title='bbox 2198 2049 2215 2081; x_wconf 72' lang='grc' dir='ltr'>ι</span> <span class='ocrx_word' id='word_1_353' title='bbox 2245 2031 2360 2084; x_wconf 87' lang='lat' dir='ltr'><strong>Erit</strong></span> <span class='ocrx_word' id='word_1_354' title='bbox 2388 2029 2686 2085; x_wconf 83' lang='lat' dir='ltr'><strong>Jerusalem</strong></span> <span class='ocrx_word' id='word_1_355' title='bbox 2734 2037 2945 2084; x_wconf 86' lang='lat' dir='ltr'><strong>sancta.</strong></span> <span class='ocrx_word' id='word_1_356' title='bbox 2977 2038 3033 2084; x_wconf 91' lang='lat' dir='ltr'><strong>et</strong></span> <span class='ocrx_word' id='word_1_357' title='bbox 3062 2029 3222 2083; x_wconf 91' lang='lat' dir='ltr'><strong>alieni</strong></span> <span class='ocrx_word' id='word_1_358' title='bbox 3254 2045 3362 2083; x_wconf 92' lang='lat' dir='ltr'><strong>non</strong></span> 
     </span>
    </p>
   </div>
   <div class='ocr_carea' id='block_1_50' title="bbox 1791 2118 3007 2192">
    <p class='ocr_par' dir='ltr' id='par_1_50' title="bbox 1791 2118 3007 2192">
     <span class='ocr_line' id='line_1_50' title="bbox 1791 2118 3007 2192; baseline -0.005 -15"><span class='ocrx_word' id='word_1_359' title='bbox 1791 2124 2096 2178; x_wconf 87' lang='lat' dir='ltr'><strong>transibunt</strong></span> <span class='ocrx_word' id='word_1_360' title='bbox 2124 2137 2217 2192; x_wconf 89' lang='lat' dir='ltr'><strong>per</strong></span> <span class='ocrx_word' id='word_1_361' title='bbox 2244 2137 2362 2176; x_wconf 88' lang='lat' dir='ltr'><strong>eam</strong></span> <span class='ocrx_word' id='word_1_362' title='bbox 2391 2121 2639 2191; x_wconf 88' lang='lat' dir='ltr'><strong>amplius.</strong></span> <span class='ocrx_word' id='word_1_363' title='bbox 2666 2141 2683 2173; x_wconf 73' lang='grc' dir='ltr'><strong><em>ι</em></strong></span> <span class='ocrx_word' id='word_1_364' title='bbox 3004 2118 3007 2119; x_wconf 58' lang='grc'><strong><em>⁷</em></strong></span> 
     </span>
    </p>
   </div>
   <div class='ocr_carea' id='block_1_51' title="bbox 1860 2210 3364 2284">
    <p class='ocr_par' dir='ltr' id='par_1_51' title="bbox 1860 2210 3364 2284">
     <span class='ocr_line' id='line_1_51' title="bbox 1860 2210 3364 2284; baseline -0.006 -15"><span class='ocrx_word' id='word_1_365' title='bbox 1860 2213 2015 2269; x_wconf 81' lang='lat' dir='ltr'><strong>Hunc</strong></span> <span class='ocrx_word' id='word_1_366' title='bbox 2039 2215 2199 2269; x_wconf 89' lang='lat' dir='ltr'><strong>etiam</strong></span> <span class='ocrx_word' id='word_1_367' title='bbox 2225 2213 2376 2284; x_wconf 90' lang='lat' dir='ltr'><strong>pacis</strong></span> <span class='ocrx_word' id='word_1_368' title='bbox 2400 2222 2597 2267; x_wconf 87' lang='lat' dir='ltr'><strong>statum</strong></span> <span class='ocrx_word' id='word_1_369' title='bbox 2628 2222 2776 2266; x_wconf 89' lang='lat' dir='ltr'><strong>recte</strong></span> <span class='ocrx_word' id='word_1_370' title='bbox 2815 2222 2966 2266; x_wconf 92' lang='lat' dir='ltr'><strong>notat</strong></span> <span class='ocrx_word' id='word_1_371' title='bbox 2991 2210 3364 2281; x_wconf 86' lang='lat' dir='ltr'><strong>Evangelinm,</strong></span> 
     </span>
    </p>
   </div>
   <div class='ocr_carea' id='block_1_52' title="bbox 1789 2302 3364 2376">
    <p class='ocr_par' dir='ltr' id='par_1_52' title="bbox 1789 2302 3364 2376">
     <span class='ocr_line' id='line_1_52' title="bbox 1789 2302 3364 2376; baseline -0.002 -18"><span class='ocrx_word' id='word_1_372' title='bbox 1789 2306 1933 2376; x_wconf 82' lang='lat' dir='ltr'><strong>quod</strong></span> <span class='ocrx_word' id='word_1_373' title='bbox 1991 2315 2115 2375; x_wconf 91' lang='lat' dir='ltr'><strong>post</strong></span> <span class='ocrx_word' id='word_1_374' title='bbox 2164 2305 2620 2361; x_wconf 79' lang='lat' dir='ltr'><strong>resurrectionem</strong></span> <span class='ocrx_word' id='word_1_375' title='bbox 2680 2303 2890 2357; x_wconf 92' lang='lat' dir='ltr'><strong>Domini</strong></span> <span class='ocrx_word' id='word_1_376' title='bbox 2943 2304 3116 2372; x_wconf 86' lang='lat' dir='ltr'><strong>pisces</strong></span> <span class='ocrx_word' id='word_1_377' title='bbox 3169 2302 3364 2355; x_wconf 72' lang='lat' dir='ltr'><strong>multos</strong></span> 
     </span>
    </p>
   </div>
   <div class='ocr_carea' id='block_1_53' title="bbox 1790 2394 3363 2469">
    <p class='ocr_par' dir='ltr' id='par_1_53' title="bbox 1790 2394 3363 2469">
     <span class='ocr_line' id='line_1_53' title="bbox 1790 2394 3363 2469; baseline -0.004 -17"><span class='ocrx_word' id='word_1_378' title='bbox 1790 2398 2131 2469; x_wconf 89' lang='lat' dir='ltr'><strong>grandesque</strong></span> <span class='ocrx_word' id='word_1_379' title='bbox 2160 2397 2447 2458; x_wconf 89' lang='lat' dir='ltr'><strong>conclusit,</strong></span> <span class='ocrx_word' id='word_1_380' title='bbox 2494 2405 2549 2451; x_wconf 90' lang='lat' dir='ltr'><strong>et</strong></span> <span class='ocrx_word' id='word_1_381' title='bbox 2594 2405 2771 2450; x_wconf 89' lang='lat' dir='ltr'><strong>tamen</strong></span> <span class='ocrx_word' id='word_1_382' title='bbox 2805 2396 2977 2450; x_wconf 85' lang='lat' dir='ltr'><strong>scindi</strong></span> <span class='ocrx_word' id='word_1_383' title='bbox 3011 2394 3156 2448; x_wconf 89' lang='lat' dir='ltr'><strong>nullo</strong></span> <span class='ocrx_word' id='word_1_384' title='bbox 3205 2396 3363 2447; x_wconf 88' lang='lat' dir='ltr'><strong>modo</strong></span> 
     </span>
    </p>
   </div>
   <div class='ocr_carea' id='block_1_54' title="bbox 1791 2485 3363 2561">
    <p class='ocr_par' dir='ltr' id='par_1_54' title="bbox 1791 2485 3363 2561">
     <span class='ocr_line' id='line_1_54' title="bbox 1791 2485 3363 2561; baseline -0.005 -17"><span class='ocrx_word' id='word_1_385' title='bbox 1791 2488 1981 2561; x_wconf 90' lang='lat' dir='ltr'><strong>potuit.</strong></span> <span class='ocrx_word' id='word_1_386' title='bbox 2014 2489 2079 2553; x_wconf 3' lang='lat' dir='ltr'><strong>pA</strong></span> <span class='ocrx_word' id='word_1_387' title='bbox 2111 2489 2305 2558; x_wconf 88' lang='lat' dir='ltr'><strong>quibus</strong></span> <span class='ocrx_word' id='word_1_388' title='bbox 2360 2487 2686 2542; x_wconf 81' lang='lat' dir='ltr'><strong>testimoniis</strong></span> <span class='ocrx_word' id='word_1_389' title='bbox 2741 2501 2840 2540; x_wconf 92' lang='lat' dir='ltr'><strong>nec</strong></span> <span class='ocrx_word' id='word_1_390' title='bbox 2890 2485 3016 2539; x_wconf 91' lang='lat' dir='ltr'><strong>illud</strong></span> <span class='ocrx_word' id='word_1_391' title='bbox 3072 2485 3363 2554; x_wconf 74' lang='lat' dir='ltr'><strong>discrepat,</strong></span> 
     </span>
    </p>
   </div>
   <div class='ocr_carea' id='block_1_55' title="bbox 1791 2576 3364 2652">
    <p class='ocr_par' dir='ltr' id='par_1_55' title="bbox 1791 2576 3364 2652">
     <span class='ocr_line' id='line_1_55' title="bbox 1791 2576 3364 2652; baseline -0.004 -18"><span class='ocrx_word' id='word_1_392' title='bbox 1791 2582 1935 2652; x_wconf 89' lang='lat' dir='ltr'><strong>quod</strong></span> <span class='ocrx_word' id='word_1_393' title='bbox 1971 2581 2115 2635; x_wconf 89' lang='lat' dir='ltr'><strong>beati</strong></span> <span class='ocrx_word' id='word_1_394' title='bbox 2162 2579 2281 2635; x_wconf 90' lang='lat' dir='ltr'><strong>Jobi</strong></span> <span class='ocrx_word' id='word_1_395' title='bbox 2321 2578 2484 2633; x_wconf 90' lang='lat' dir='ltr'><strong>verba</strong></span> <span class='ocrx_word' id='word_1_396' title='bbox 2516 2588 2746 2631; x_wconf 89' lang='lat' dir='ltr'><strong>sonant:</strong></span> <span class='ocrx_word' id='word_1_397' title='bbox 2782 2596 2799 2627; x_wconf 78' lang='grc' dir='ltr'>ι</span> <span class='ocrx_word' id='word_1_398' title='bbox 2830 2576 2904 2631; x_wconf 91' lang='lat' dir='ltr'><strong>lbi</strong></span> <span class='ocrx_word' id='word_1_399' title='bbox 2937 2576 3085 2646; x_wconf 91' lang='lat' dir='ltr'><strong>impii</strong></span> <span class='ocrx_word' id='word_1_400' title='bbox 3114 2590 3364 2630; x_wconf 85' lang='lat' dir='ltr'><strong>cessavc-</strong></span> 
     </span>
    </p>
   </div>
   <div class='ocr_carea' id='block_1_56' title="bbox 1795 2667 3365 2739">
    <p class='ocr_par' dir='ltr' id='par_1_56' title="bbox 1795 2667 3365 2739">
     <span class='ocr_line' id='line_1_56' title="bbox 1795 2667 3365 2739; baseline -0.003 -13"><span class='ocrx_word' id='word_1_401' title='bbox 1795 2681 1925 2727; x_wconf 88' lang='lat' dir='ltr'><strong>runt</strong></span> <span class='ocrx_word' id='word_1_402' title='bbox 1958 2689 1988 2727; x_wconf 90' lang='lat' dir='ltr'><strong>a</strong></span> <span class='ocrx_word' id='word_1_403' title='bbox 2025 2672 2275 2735; x_wconf 86' lang='lat' dir='ltr'><strong>tumultu,</strong></span> <span class='ocrx_word' id='word_1_404' title='bbox 2307 2682 2361 2725; x_wconf 89' lang='lat' dir='ltr'><strong>et</strong></span> <span class='ocrx_word' id='word_1_405' title='bbox 2414 2670 2484 2724; x_wconf 89' lang='lat' dir='ltr'><strong>ibi</strong></span> <span class='ocrx_word' id='word_1_406' title='bbox 2538 2670 2856 2739; x_wconf 89' lang='lat' dir='ltr'><strong>requierunt</strong></span> <span class='ocrx_word' id='word_1_407' title='bbox 2907 2668 3032 2721; x_wconf 81' lang='lat' dir='ltr'><strong>fessi</strong></span> <span class='ocrx_word' id='word_1_408' title='bbox 3067 2667 3282 2731; x_wconf 86' lang='lat' dir='ltr'><strong>robore,</strong></span> <span class='ocrx_word' id='word_1_409' title='bbox 3313 2676 3365 2721; x_wconf 65' lang='lat' dir='ltr'><strong>et</strong></span> 
     </span>
    </p>
   </div>
   <div class='ocr_carea' id='block_1_57' title="bbox 1792 2761 3368 2837">
    <p class='ocr_par' dir='ltr' id='par_1_57' title="bbox 1792 2761 3368 2837">
     <span class='ocr_line' id='line_1_57' title="bbox 1792 2761 3368 2837; baseline -0.004 -18"><span class='ocrx_word' id='word_1_410' title='bbox 1792 2767 2062 2837; x_wconf 88' lang='lat' dir='ltr'><strong>quondam</strong></span> <span class='ocrx_word' id='word_1_411' title='bbox 2089 2765 2254 2819; x_wconf 88' lang='lat' dir='ltr'><strong>vincti</strong></span> <span class='ocrx_word' id='word_1_412' title='bbox 2280 2764 2483 2835; x_wconf 89' lang='lat' dir='ltr'><strong>pariter</strong></span> <span class='ocrx_word' id='word_1_413' title='bbox 2505 2762 2623 2817; x_wconf 88' lang='lat' dir='ltr'><strong>sine</strong></span> <span class='ocrx_word' id='word_1_414' title='bbox 2668 2761 2911 2816; x_wconf 91' lang='lat' dir='ltr'><strong>molestia</strong></span> <span class='ocrx_word' id='word_1_415' title='bbox 2937 2776 3043 2813; x_wconf 87' lang='lat' dir='ltr'><strong>non</strong></span> <span class='ocrx_word' id='word_1_416' title='bbox 3080 2761 3368 2815; x_wconf 88' lang='lat' dir='ltr'><strong>audierunt</strong></span> 
     </span>
    </p>
   </div>
   <div class='ocr_carea' id='block_1_58' title="bbox 1794 2853 3352 2922">
    <p class='ocr_par' dir='ltr' id='par_1_58' title="bbox 1794 2853 3352 2922">
     <span class='ocr_line' id='line_1_58' title="bbox 1794 2853 3352 2922; baseline -0.005 -10"><span class='ocrx_word' id='word_1_417' title='bbox 1794 2873 1978 2913; x_wconf 89' lang='lat' dir='ltr'><strong>vocem</strong></span> <span class='ocrx_word' id='word_1_418' title='bbox 2010 2858 2302 2911; x_wconf 81' lang='lat' dir='ltr'><strong>exactoris.</strong></span> <span class='ocrx_word' id='word_1_419' title='bbox 2329 2855 2535 2910; x_wconf 86' lang='lat' dir='ltr'><strong>Parvus</strong></span> <span class='ocrx_word' id='word_1_420' title='bbox 2566 2863 2623 2913; x_wconf 88' lang='lat' dir='ltr'><strong>et</strong></span> <span class='ocrx_word' id='word_1_421' title='bbox 2652 2868 2876 2922; x_wconf 86' lang='lat' dir='ltr'><strong>magnus</strong></span> <span class='ocrx_word' id='word_1_422' title='bbox 2908 2853 3160 2918; x_wconf 83' lang='lat' dir='ltr'><strong>ibisnnt,</strong></span> <span class='ocrx_word' id='word_1_423' title='bbox 3183 2863 3237 2906; x_wconf 87' lang='lat' dir='ltr'><strong>et</strong></span> <span class='ocrx_word' id='word_1_424' title='bbox 3256 2867 3352 2906; x_wconf 87' lang='lat' dir='ltr'><strong>ser-</strong></span> 
     </span>
    </p>
   </div>
   <div class='ocr_carea' id='block_1_59' title="bbox 1794 2942 3367 3014">
    <p class='ocr_par' dir='ltr' id='par_1_59' title="bbox 1794 2942 3367 3014">
     <span class='ocr_line' id='line_1_59' title="bbox 1794 2942 3367 3014; baseline -0.008 -10"><span class='ocrx_word' id='word_1_425' title='bbox 1794 2966 1898 3006; x_wconf 77' lang='lat' dir='ltr'><strong>vus</strong></span> <span class='ocrx_word' id='word_1_426' title='bbox 1928 2950 2065 3004; x_wconf 89' lang='lat' dir='ltr'><strong>liber</strong></span> <span class='ocrx_word' id='word_1_427' title='bbox 2109 2965 2136 3003; x_wconf 90' lang='lat' dir='ltr'><strong>a</strong></span> <span class='ocrx_word' id='word_1_428' title='bbox 2167 2950 2385 3003; x_wconf 90' lang='lat' dir='ltr'><strong>domino</strong></span> <span class='ocrx_word' id='word_1_429' title='bbox 2429 2962 2545 3001; x_wconf 91' lang='lat' dir='ltr'><strong>suo.</strong></span> <span class='ocrx_word' id='word_1_430' title='bbox 2574 2965 2592 2999; x_wconf 71' lang='grc' dir='ltr'><strong><em>ι</em></strong></span> <span class='ocrx_word' id='word_1_431' title='bbox 2630 2945 2800 3013; x_wconf 87' lang='lat' dir='ltr'><strong>Quam</strong></span> <span class='ocrx_word' id='word_1_432' title='bbox 2848 2944 3088 3014; x_wconf 84' lang='lat' dir='ltr'><strong>perfecta</strong></span> <span class='ocrx_word' id='word_1_433' title='bbox 3129 2942 3290 3013; x_wconf 86' lang='lat' dir='ltr'><strong>igitur</strong></span> <span class='ocrx_word' id='word_1_434' title='bbox 3316 2949 3367 2996; x_wconf 85' lang='lat' dir='ltr'><strong>et</strong></span> 
     </span>
    </p>
   </div>
   <div class='ocr_carea' id='block_1_60' title="bbox 96 3026 1686 3122">
    <p class='ocr_par' dir='ltr' id='par_1_60' title="bbox 96 3026 1686 3097">
     <span class='ocr_line' id='line_1_60' title="bbox 96 3026 1686 3097; baseline -0.001 -15"><span class='ocrx_word' id='word_1_435' title='bbox 96 3039 158 3083; x_wconf 88' lang='lat' dir='ltr'><strong>et</strong></span> <span class='ocrx_word' id='word_1_436' title='bbox 182 3042 357 3097; x_wconf 87' lang='lat' dir='ltr'><strong>super</strong></span> <span class='ocrx_word' id='word_1_437' title='bbox 405 3026 701 3083; x_wconf 89' lang='lat' dir='ltr'><strong>dolentium</strong></span> <span class='ocrx_word' id='word_1_438' title='bbox 756 3043 907 3082; x_wconf 87' lang='lat' dir='ltr'><strong>arma</strong></span> <span class='ocrx_word' id='word_1_439' title='bbox 963 3027 1285 3082; x_wconf 89' lang='lat' dir='ltr'><strong>ambulabis.</strong></span> <span class='ocrx_word' id='word_1_440' title='bbox 1317 3046 1336 3079; x_wconf 77' lang='grc' dir='ltr'><strong><em>ι</em></strong></span> <span class='ocrx_word' id='word_1_441' title='bbox 1379 3027 1446 3081; x_wconf 90' lang='grc' dir='ltr'><strong>Ει</strong></span> <span class='ocrx_word' id='word_1_442' title='bbox 1476 3042 1686 3082; x_wconf 89' lang='lat' dir='ltr'><strong>rursum</strong></span> 
     </span>
    </p>
   </div>
   <div class='ocr_carea' id='block_1_61' title="bbox 1795 3026 3369 3122">
    <p class='ocr_par' dir='ltr' id='par_1_61' title="bbox 1796 3032 3369 3110">
     <span class='ocr_line' id='line_1_61' title="bbox 1796 3032 3369 3110; baseline -0.006 -16"><span class='ocrx_word' id='word_1_443' title='bbox 1796 3039 1953 3095; x_wconf 90' lang='lat' dir='ltr'><strong>beata</strong></span> <span class='ocrx_word' id='word_1_444' title='bbox 1986 3056 2087 3110; x_wconf 82' lang='lat' dir='ltr'><strong>pax</strong></span> <span class='ocrx_word' id='word_1_445' title='bbox 2122 3040 2262 3093; x_wconf 88' lang='lat' dir='ltr'><strong>illius</strong></span> <span class='ocrx_word' id='word_1_446' title='bbox 2283 3037 2602 3098; x_wconf 88' lang='lat' dir='ltr'><strong>Jerusalem,</strong></span> <span class='ocrx_word' id='word_1_447' title='bbox 2632 3035 2719 3088; x_wconf 91' lang='lat' dir='ltr'><strong>ubi</strong></span> <span class='ocrx_word' id='word_1_448' title='bbox 2753 3034 2975 3089; x_wconf 77' lang='lat' dir='ltr'><strong>libertas</strong></span> <span class='ocrx_word' id='word_1_449' title='bbox 3024 3032 3142 3087; x_wconf 90' lang='lat' dir='ltr'><strong>sine</strong></span> <span class='ocrx_word' id='word_1_450' title='bbox 3193 3032 3369 3086; x_wconf 81' lang='lat' dir='ltr'><strong>domi-</strong></span> 
     </span>
    </p>
   </div>
   <div class='ocr_carea' id='block_1_62' title="bbox 102 3119 1695 3192">
    <p class='ocr_par' dir='ltr' id='par_1_62' title="bbox 102 3119 1695 3192">
     <span class='ocr_line' id='line_1_62' title="bbox 102 3119 1695 3192; baseline 0.001 -19"><span class='ocrx_word' id='word_1_451' title='bbox 102 3130 231 3192; x_wconf 88' lang='lat' dir='ltr'><strong>post</strong></span> <span class='ocrx_word' id='word_1_452' title='bbox 284 3119 464 3189; x_wconf 89' lang='lat' dir='ltr'><strong>aliqua</strong></span> <span class='ocrx_word' id='word_1_453' title='bbox 499 3137 513 3172; x_wconf 94' lang='lat'><strong>:</strong></span> <span class='ocrx_word' id='word_1_454' title='bbox 562 3137 580 3170; x_wconf 76' lang='grc' dir='ltr'>ι</span> <span class='ocrx_word' id='word_1_455' title='bbox 616 3119 756 3173; x_wconf 82' lang='lat' dir='ltr'><strong>Cave</strong></span> <span class='ocrx_word' id='word_1_456' title='bbox 780 3119 894 3183; x_wconf 93' lang='lat' dir='ltr'><strong>tibi,</strong></span> <span class='ocrx_word' id='word_1_457' title='bbox 942 3129 996 3173; x_wconf 93' lang='lat' dir='ltr'><strong>et</strong></span> <span class='ocrx_word' id='word_1_458' title='bbox 1024 3119 1308 3190; x_wconf 83' lang='lat' dir='ltr'><strong>diligenter</strong></span> <span class='ocrx_word' id='word_1_459' title='bbox 1341 3122 1558 3175; x_wconf 88' lang='lat' dir='ltr'><strong>attende</strong></span> <span class='ocrx_word' id='word_1_460' title='bbox 1600 3135 1695 3174; x_wconf 82' lang='lat' dir='ltr'><strong>au-</strong></span> 
     </span>
    </p>
   </div>
   <div class='ocr_carea' id='block_1_63' title="bbox 102 3212 1687 3282">
    <p class='ocr_par' dir='ltr' id='par_1_63' title="bbox 102 3212 1687 3282">
     <span class='ocr_line' id='line_1_63' title="bbox 102 3212 1687 3282; baseline -0.001 -15"><span class='ocrx_word' id='word_1_461' title='bbox 102 3213 242 3268; x_wconf 85' lang='lat' dir='ltr'><strong>ditui</strong></span> <span class='ocrx_word' id='word_1_462' title='bbox 269 3221 385 3278; x_wconf 89' lang='lat' dir='ltr'><strong>tuo,</strong></span> <span class='ocrx_word' id='word_1_463' title='bbox 413 3212 666 3282; x_wconf 88' lang='lat' dir='ltr'><strong>quoniam</strong></span> <span class='ocrx_word' id='word_1_464' title='bbox 694 3227 816 3266; x_wconf 90' lang='lat' dir='ltr'><strong>cum</strong></span> <span class='ocrx_word' id='word_1_465' title='bbox 852 3212 1203 3267; x_wconf 89' lang='lat' dir='ltr'><strong>subversione</strong></span> <span class='ocrx_word' id='word_1_466' title='bbox 1236 3222 1324 3267; x_wconf 89' lang='lat' dir='ltr'><strong>tua</strong></span> <span class='ocrx_word' id='word_1_467' title='bbox 1358 3212 1624 3268; x_wconf 88' lang='lat' dir='ltr'><strong>ambulas.</strong></span> <span class='ocrx_word' id='word_1_468' title='bbox 1666 3232 1687 3265; x_wconf 74' lang='grc' dir='ltr'><strong><em>ι</em></strong></span> 
     </span>
    </p>
   </div>
   <div class='ocr_carea' id='block_1_64' title="bbox 103 3302 1693 3375">
    <p class='ocr_par' dir='ltr' id='par_1_64' title="bbox 103 3302 1693 3375">
     <span class='ocr_line' id='line_1_64' title="bbox 103 3302 1693 3375; baseline -0.001 -16"><span class='ocrx_word' id='word_1_469' title='bbox 103 3305 360 3373; x_wconf 83' lang='lat' dir='ltr'><strong>Quantus</strong></span> <span class='ocrx_word' id='word_1_470' title='bbox 392 3319 585 3375; x_wconf 89' lang='lat' dir='ltr'><strong>nempe</strong></span> <span class='ocrx_word' id='word_1_471' title='bbox 634 3302 822 3358; x_wconf 81' lang='lat' dir='ltr'><strong>Matris</strong></span> <span class='ocrx_word' id='word_1_472' title='bbox 878 3302 1131 3358; x_wconf 75' lang='lat' dir='ltr'><strong>Ecclesia:</strong></span> <span class='ocrx_word' id='word_1_473' title='bbox 1164 3304 1215 3358; x_wconf 86' lang='lat' dir='ltr'><strong>in</strong></span> <span class='ocrx_word' id='word_1_474' title='bbox 1248 3304 1348 3358; x_wconf 88' lang='lat' dir='ltr'><strong>bac</strong></span> <span class='ocrx_word' id='word_1_475' title='bbox 1373 3317 1505 3373; x_wconf 90' lang='lat' dir='ltr'><strong>pace</strong></span> <span class='ocrx_word' id='word_1_476' title='bbox 1533 3304 1693 3358; x_wconf 89' lang='lat' dir='ltr'><strong>timor</strong></span> 
     </span>
    </p>
   </div>
   <div class='ocr_carea' id='block_1_65' title="bbox 101 3394 1695 3467">
    <p class='ocr_par' dir='ltr' id='par_1_65' title="bbox 101 3394 1695 3467">
     <span class='ocr_line' id='line_1_65' title="bbox 101 3394 1695 3467; baseline -0.002 -15"><span class='ocrx_word' id='word_1_477' title='bbox 101 3407 187 3452; x_wconf 88' lang='lat' dir='ltr'><strong>est</strong></span> <span class='ocrx_word' id='word_1_478' title='bbox 215 3398 229 3452; x_wconf 82' lang='lat' dir='ltr'><strong>l</strong></span> <span class='ocrx_word' id='word_1_479' title='bbox 288 3406 491 3467; x_wconf 87' lang='lat' dir='ltr'><strong>quanta</strong></span> <span class='ocrx_word' id='word_1_480' title='bbox 521 3396 777 3450; x_wconf 66' lang='lat' dir='ltr'><strong>maestitia</strong></span> <span class='ocrx_word' id='word_1_481' title='bbox 807 3396 875 3451; x_wconf 91' lang='lat' dir='ltr'><strong>de</strong></span> <span class='ocrx_word' id='word_1_482' title='bbox 912 3394 1256 3459; x_wconf 79' lang='lat' dir='ltr'><strong>exeuntibus,</strong></span> <span class='ocrx_word' id='word_1_483' title='bbox 1286 3396 1455 3450; x_wconf 82' lang='lat' dir='ltr'><strong>timor</strong></span> <span class='ocrx_word' id='word_1_484' title='bbox 1478 3394 1695 3450; x_wconf 12' lang='lat' dir='ltr'><strong>ide—exi—</strong></span> 
     </span>
    </p>
   </div>
   <div class='ocr_carea' id='block_1_66' title="bbox 106 3489 286 3543">
    <p class='ocr_par' dir='ltr' id='par_1_66' title="bbox 106 3489 286 3543">
     <span class='ocr_line' id='line_1_66' title="bbox 106 3489 286 3543; baseline 0.011 -2"><span class='ocrx_word' id='word_1_485' title='bbox 106 3489 245 3543; x_wconf 88' lang='lat' dir='ltr'><strong>turis</strong></span> <span class='ocrx_word' id='word_1_486' title='bbox 274 3489 286 3542; x_wconf 84' lang='lat'><strong>!</strong></span> 
     </span>
    </p>
   </div>
   <div class='ocr_carea' id='block_1_67' title="bbox 177 3576 1694 3647">
    <p class='ocr_par' dir='ltr' id='par_1_67' title="bbox 177 3576 1694 3647">
     <span class='ocr_line' id='line_1_67' title="bbox 177 3576 1694 3647; baseline -0.003 -12"><span class='ocrx_word' id='word_1_487' title='bbox 177 3581 287 3635; x_wconf 81' lang='lat' dir='ltr'><strong>Sed</strong></span> <span class='ocrx_word' id='word_1_488' title='bbox 319 3588 376 3634; x_wconf 89' lang='lat' dir='ltr'><strong>et</strong></span> <span class='ocrx_word' id='word_1_489' title='bbox 403 3578 535 3633; x_wconf 93' lang='lat' dir='ltr'><strong>illud</strong></span> <span class='ocrx_word' id='word_1_490' title='bbox 580 3578 791 3634; x_wconf 88' lang='lat' dir='ltr'><strong>accedit</strong></span> <span class='ocrx_word' id='word_1_491' title='bbox 842 3578 907 3632; x_wconf 91' lang='lat' dir='ltr'><strong>ad</strong></span> <span class='ocrx_word' id='word_1_492' title='bbox 952 3577 1244 3641; x_wconf 89' lang='lat' dir='ltr'><strong>cumulum,</strong></span> <span class='ocrx_word' id='word_1_493' title='bbox 1277 3577 1418 3647; x_wconf 90' lang='lat' dir='ltr'><strong>quod</strong></span> <span class='ocrx_word' id='word_1_494' title='bbox 1446 3595 1465 3628; x_wconf 70' lang='grc' dir='ltr'>ι</span> <span class='ocrx_word' id='word_1_495' title='bbox 1506 3576 1694 3631; x_wconf 86' lang='lat' dir='ltr'><strong>militia</strong></span> 
     </span>
    </p>
   </div>
   <div class='ocr_carea' id='block_1_68' title="bbox 101 3667 1690 3739">
    <p class='ocr_par' dir='ltr' id='par_1_68' title="bbox 101 3667 1690 3739">
     <span class='ocr_line' id='line_1_68' title="bbox 101 3667 1690 3739; baseline -0.004 -11"><span class='ocrx_word' id='word_1_496' title='bbox 101 3685 185 3729; x_wconf 92' lang='lat' dir='ltr'><strong>est</strong></span> <span class='ocrx_word' id='word_1_497' title='bbox 212 3674 321 3727; x_wconf 89' lang='lat' dir='ltr'><strong>vita</strong></span> <span class='ocrx_word' id='word_1_498' title='bbox 372 3671 613 3726; x_wconf 82' lang='lat' dir='ltr'><strong>lnuniuis</strong></span> <span class='ocrx_word' id='word_1_499' title='bbox 665 3685 827 3739; x_wconf 91' lang='lat' dir='ltr'><strong>super</strong></span> <span class='ocrx_word' id='word_1_500' title='bbox 861 3679 1081 3735; x_wconf 90' lang='lat' dir='ltr'><strong>terram,</strong></span> <span class='ocrx_word' id='word_1_501' title='bbox 1110 3689 1128 3723; x_wconf 71' lang='grc' dir='ltr'>ι</span> <span class='ocrx_word' id='word_1_502' title='bbox 1163 3670 1215 3724; x_wconf 93' lang='lat' dir='ltr'><strong>in</strong></span> <span class='ocrx_word' id='word_1_503' title='bbox 1248 3670 1330 3723; x_wconf 90' lang='lat' dir='ltr'><strong>bis</strong></span> <span class='ocrx_word' id='word_1_504' title='bbox 1381 3678 1548 3735; x_wconf 89' lang='lat' dir='ltr'><strong>certe,</strong></span> <span class='ocrx_word' id='word_1_505' title='bbox 1598 3667 1690 3738; x_wconf 91' lang='lat' dir='ltr'><strong>qui</strong></span> 
     </span>
    </p>
   </div>
   <div class='ocr_carea' id='block_1_69' title="bbox 99 3760 1696 3832">
    <p class='ocr_par' dir='ltr' id='par_1_69' title="bbox 99 3760 1696 3832">
     <span class='ocr_line' id='line_1_69' title="bbox 99 3760 1696 3832; baseline -0.003 -13"><span class='ocrx_word' id='word_1_506' title='bbox 99 3765 451 3821; x_wconf 84' lang='lat' dir='ltr'><strong>diversorum</strong></span> <span class='ocrx_word' id='word_1_507' title='bbox 497 3762 805 3832; x_wconf 62' lang='lat' dir='ltr'><strong>prmliorum</strong></span> <span class='ocrx_word' id='word_1_508' title='bbox 859 3760 1136 3827; x_wconf 83' lang='lat' dir='ltr'><strong>docibiles,</strong></span> <span class='ocrx_word' id='word_1_509' title='bbox 1189 3761 1389 3816; x_wconf 87' lang='lat' dir='ltr'><strong>assidui</strong></span> <span class='ocrx_word' id='word_1_510' title='bbox 1438 3762 1696 3815; x_wconf 82' lang='lat' dir='ltr'><strong>adversus</strong></span> 
     </span>
    </p>
   </div>
   <div class='ocr_carea' id='block_1_70' title="bbox 101 3853 1693 3925">
    <p class='ocr_par' dir='ltr' id='par_1_70' title="bbox 101 3853 1693 3925">
     <span class='ocr_line' id='line_1_70' title="bbox 101 3853 1693 3925; baseline -0.003 -16"><span class='ocrx_word' id='word_1_511' title='bbox 101 3860 308 3911; x_wconf 83' lang='lat' dir='ltr'><strong>aereas‘</strong></span> <span class='ocrx_word' id='word_1_512' title='bbox 341 3855 675 3923; x_wconf 73' lang='lat' dir='ltr'><strong>belligerant</strong></span> <span class='ocrx_word' id='word_1_513' title='bbox 715 3863 1055 3923; x_wconf 87' lang='lat' dir='ltr'><strong>potestates;</strong></span> <span class='ocrx_word' id='word_1_514' title='bbox 1105 3870 1226 3925; x_wconf 71' lang='lat' dir='ltr'><strong>qua:</strong></span> <span class='ocrx_word' id='word_1_515' title='bbox 1280 3853 1458 3908; x_wconf 87' lang='lat' dir='ltr'><strong>omnia</strong></span> <span class='ocrx_word' id='word_1_516' title='bbox 1504 3866 1693 3921; x_wconf 91' lang='lat' dir='ltr'><strong>pacem</strong></span> 
     </span>
    </p>
   </div>
   <div class='ocr_carea' id='block_1_71' title="bbox 105 3942 1735 4009">
    <p class='ocr_par' dir='ltr' id='par_1_71' title="bbox 105 3942 1735 4009">
     <span class='ocr_line' id='line_1_71' title="bbox 105 3942 1735 4009; baseline -0.004 -6"><span class='ocrx_word' id='word_1_517' title='bbox 105 3947 265 4003; x_wconf 86' lang='lat' dir='ltr'><strong>istam</strong></span> <span class='ocrx_word' id='word_1_518' title='bbox 299 3948 641 4003; x_wconf 89' lang='lat' dir='ltr'><strong>constituunt</strong></span> <span class='ocrx_word' id='word_1_519' title='bbox 669 3963 773 4002; x_wconf 91' lang='lat' dir='ltr'><strong>non</strong></span> <span class='ocrx_word' id='word_1_520' title='bbox 806 3947 977 4001; x_wconf 89' lang='lat' dir='ltr'><strong>solum</strong></span> <span class='ocrx_word' id='word_1_521' title='bbox 1033 3947 1329 4009; x_wconf 83' lang='lat' dir='ltr'><strong>turbidam,</strong></span> <span class='ocrx_word' id='word_1_522' title='bbox 1374 3945 1468 4000; x_wconf 90' lang='lat' dir='ltr'><strong>sed</strong></span> <span class='ocrx_word' id='word_1_523' title='bbox 1499 3954 1554 3999; x_wconf 88' lang='lat' dir='ltr'><strong>et</strong></span> <span class='ocrx_word' id='word_1_524' title='bbox 1582 3942 1695 3997; x_wconf 88' lang='lat' dir='ltr'><strong>fru-</strong></span> <span class='ocrx_word' id='word_1_525' title='bbox 1730 3950 1735 3953; x_wconf 82' lang='lat'>&#39;</span> 
     </span>
    </p>
   </div>
   <div class='ocr_carea' id='block_1_72' title="bbox 109 4049 384 4093">
    <p class='ocr_par' dir='ltr' id='par_1_72' title="bbox 109 4049 384 4093">
     <span class='ocr_line' id='line_1_72' title="bbox 109 4049 384 4093; baseline 0.007 -3"><span class='ocrx_word' id='word_1_526' title='bbox 109 4049 384 4093; x_wconf 68' lang='grc' dir='ltr'><strong>(ξιιιοδίὶιιι.</strong></span> 
     </span>
    </p>
   </div>
   <div class='ocr_carea' id='block_1_73' title="bbox 109 4186 1697 4314">
    <p class='ocr_par' dir='ltr' id='par_1_73' title="bbox 109 4186 1697 4314">
     <span class='ocr_line' id='line_1_73' title="bbox 109 4186 1697 4314; baseline -0.007 -65"><span class='ocrx_word' id='word_1_527' title='bbox 109 4205 237 4249; x_wconf 71' lang='grc' dir='ltr'><strong>ων.</strong></span> <span class='ocrx_word' id='word_1_528' title='bbox 262 4193 458 4249; x_wconf 78' lang='lat' dir='ltr'><strong>XXXI.</strong></span> <span class='ocrx_word' id='word_1_529' title='bbox 482 4222 547 4232; x_wconf 93' lang='lat'><strong>—</strong></span> <span class='ocrx_word' id='word_1_530' title='bbox 598 4191 674 4247; x_wconf 88' lang='lat' dir='ltr'><strong>De</strong></span> <span class='ocrx_word' id='word_1_531' title='bbox 708 4192 1084 4314; x_wconf 48' lang='lat' dir='ltr'><strong>perfeciisstma</strong></span> <span class='ocrx_word' id='word_1_532' title='bbox 1112 4206 1239 4259; x_wconf 84' lang='lat' dir='ltr'><strong>pace</strong></span> <span class='ocrx_word' id='word_1_533' title='bbox 1272 4202 1507 4257; x_wconf 73' lang='lat' dir='ltr'><strong>superate</strong></span> <span class='ocrx_word' id='word_1_534' title='bbox 1536 4186 1697 4240; x_wconf 84' lang='lat' dir='ltr'><strong>Jeru-</strong></span> 
     </span>
     <span class='ocr_line' id='line_1_74' title="bbox 821 4279 1008 4314; baseline 0 0"><span class='ocrx_word' id='word_1_535' title='bbox 821 4281 879 4314; x_wconf 71' lang='grc' dir='ltr'><strong>δα</strong></span> <span class='ocrx_word' id='word_1_536' title='bbox 904 4279 1008 4314; x_wconf 87' lang='lat' dir='ltr'><strong>em.</strong></span> 
     </span>
    </p>
   </div>
   <div class='ocr_carea' id='block_1_74' title="bbox 821 4279 1008 4317">
    <p class='ocr_par' dir='ltr' id='par_1_74' title="bbox 821 4279 1008 4317">
     <span class='ocr_line' id='line_1_75' title="bbox 821 4279 1008 4317; baseline 0.005 -2"><span class='ocrx_word' id='word_1_537' title='bbox 821 4279 983 4317; x_wconf 70' lang='lat' dir='ltr'><strong>autem</strong></span> <span class='ocrx_word' id='word_1_538' title='bbox 994 4302 1008 4316; x_wconf 82' lang='lat'><strong><em>.</em></strong></span> 
     </span>
    </p>
   </div>
   <div class='ocr_carea' id='block_1_75' title="bbox 1799 3122 3369 3198">
    <p class='ocr_par' dir='ltr' id='par_1_75' title="bbox 1799 3122 3369 3198">
     <span class='ocr_line' id='line_1_76' title="bbox 1799 3122 3369 3198; baseline -0.007 -11"><span class='ocrx_word' id='word_1_539' title='bbox 1799 3134 2041 3198; x_wconf 88' lang='lat' dir='ltr'><strong>natione,</strong></span> <span class='ocrx_word' id='word_1_540' title='bbox 2079 3132 2310 3185; x_wconf 81' lang='lat' dir='ltr'><strong>societas</strong></span> <span class='ocrx_word' id='word_1_541' title='bbox 2336 3131 2453 3184; x_wconf 91' lang='lat' dir='ltr'><strong>sine</strong></span> <span class='ocrx_word' id='word_1_542' title='bbox 2502 3126 2861 3189; x_wconf 86' lang='lat' dir='ltr'><strong>dissensione,</strong></span> <span class='ocrx_word' id='word_1_543' title='bbox 2894 3124 3048 3194; x_wconf 90' lang='lat' dir='ltr'><strong>quies</strong></span> <span class='ocrx_word' id='word_1_544' title='bbox 3069 3124 3185 3191; x_wconf 86' lang='lat' dir='ltr'><strong>sine</strong></span> <span class='ocrx_word' id='word_1_545' title='bbox 3236 3122 3369 3177; x_wconf 86' lang='lat' dir='ltr'><strong>soli-</strong></span> 
     </span>
    </p>
   </div>
   <div class='ocr_carea' id='block_1_76' title="bbox 1797 3215 3353 3289">
    <p class='ocr_par' dir='ltr' id='par_1_76' title="bbox 1797 3215 3353 3289">
     <span class='ocr_line' id='line_1_77' title="bbox 1797 3215 3353 3289; baseline -0.008 -9"><span class='ocrx_word' id='word_1_546' title='bbox 1797 3226 2058 3289; x_wconf 90' lang='lat' dir='ltr'><strong>citudine,</strong></span> <span class='ocrx_word' id='word_1_547' title='bbox 2117 3223 2446 3278; x_wconf 88' lang='lat' dir='ltr'><strong>nnanimitas</strong></span> <span class='ocrx_word' id='word_1_548' title='bbox 2476 3219 2584 3275; x_wconf 91' lang='lat' dir='ltr'><strong>illic</strong></span> <span class='ocrx_word' id='word_1_549' title='bbox 2621 3218 2914 3280; x_wconf 81' lang='lat' dir='ltr'><strong>individua,</strong></span> <span class='ocrx_word' id='word_1_550' title='bbox 2966 3216 3230 3271; x_wconf 91' lang='lat' dir='ltr'><strong>securitas</strong></span> <span class='ocrx_word' id='word_1_551' title='bbox 3270 3215 3353 3268; x_wconf 84' lang='lat' dir='ltr'><strong>im-</strong></span> 
     </span>
    </p>
   </div>
   <div class='ocr_carea' id='block_1_77' title="bbox 1796 3304 3369 3385">
    <p class='ocr_par' dir='ltr' id='par_1_77' title="bbox 1796 3304 3369 3385">
     <span class='ocr_line' id='line_1_78' title="bbox 1796 3304 3369 3385; baseline -0.007 -17"><span class='ocrx_word' id='word_1_552' title='bbox 1796 3315 2113 3385; x_wconf 91' lang='lat' dir='ltr'><strong>perterrita,</strong></span> <span class='ocrx_word' id='word_1_553' title='bbox 2172 3311 2536 3382; x_wconf 87' lang='lat' dir='ltr'><strong>tranquillitas</strong></span> <span class='ocrx_word' id='word_1_554' title='bbox 2587 3311 2879 3364; x_wconf 88' lang='lat' dir='ltr'><strong>inturbata.</strong></span> <span class='ocrx_word' id='word_1_555' title='bbox 2936 3306 3009 3359; x_wconf 85' lang='lat' dir='ltr'><strong>lbi</strong></span> <span class='ocrx_word' id='word_1_556' title='bbox 3063 3304 3269 3375; x_wconf 81' lang='lat' dir='ltr'><strong>absque</strong></span> <span class='ocrx_word' id='word_1_557' title='bbox 3298 3304 3369 3357; x_wconf 87' lang='lat' dir='ltr'><strong>ti-</strong></span> 
     </span>
    </p>
   </div>
   <div class='ocr_carea' id='block_1_78' title="bbox 1798 3394 3351 3472">
    <p class='ocr_par' dir='ltr' id='par_1_78' title="bbox 1798 3394 3351 3472">
     <span class='ocr_line' id='line_1_79' title="bbox 1798 3394 3351 3472; baseline -0.006 -15"><span class='ocrx_word' id='word_1_558' title='bbox 1798 3418 1949 3457; x_wconf 90' lang='lat' dir='ltr'><strong>more</strong></span> <span class='ocrx_word' id='word_1_559' title='bbox 1970 3402 2221 3471; x_wconf 85' lang='lat' dir='ltr'><strong>gaudium</strong></span> <span class='ocrx_word' id='word_1_560' title='bbox 2266 3410 2582 3472; x_wconf 80' lang='lat' dir='ltr'><strong>perpetuum</strong></span> <span class='ocrx_word' id='word_1_561' title='bbox 2622 3414 2686 3453; x_wconf 90' lang='lat' dir='ltr'><strong>ac</strong></span> <span class='ocrx_word' id='word_1_562' title='bbox 2717 3394 3085 3467; x_wconf 89' lang='lat' dir='ltr'><strong>plenissimum</strong></span> <span class='ocrx_word' id='word_1_563' title='bbox 3136 3394 3351 3462; x_wconf 88' lang='lat' dir='ltr'><strong>posside</strong></span> 
     </span>
    </p>
   </div>
   <div class='ocr_carea' id='block_1_79' title="bbox 1800 3486 3366 3558">
    <p class='ocr_par' dir='ltr' id='par_1_79' title="bbox 1800 3486 3366 3558">
     <span class='ocr_line' id='line_1_80' title="bbox 1800 3486 3366 3558; baseline -0.007 -11"><span class='ocrx_word' id='word_1_564' title='bbox 1800 3502 1909 3548; x_wconf 91' lang='lat' dir='ltr'><strong>tur.</strong></span> <span class='ocrx_word' id='word_1_565' title='bbox 1944 3492 2110 3547; x_wconf 83' lang='lat' dir='ltr'><strong>Nemo</strong></span> <span class='ocrx_word' id='word_1_566' title='bbox 2136 3492 2278 3546; x_wconf 90' lang='lat' dir='ltr'><strong>enim</strong></span> <span class='ocrx_word' id='word_1_567' title='bbox 2322 3492 2393 3546; x_wconf 93' lang='lat' dir='ltr'><strong>ibi</strong></span> <span class='ocrx_word' id='word_1_568' title='bbox 2418 3491 2541 3553; x_wconf 88' lang='lat' dir='ltr'><strong>erit,</strong></span> <span class='ocrx_word' id='word_1_569' title='bbox 2570 3504 2667 3558; x_wconf 89' lang='lat' dir='ltr'><strong>pro</strong></span> <span class='ocrx_word' id='word_1_570' title='bbox 2705 3503 2812 3557; x_wconf 89' lang='lat' dir='ltr'><strong>quo</strong></span> <span class='ocrx_word' id='word_1_571' title='bbox 2844 3486 3048 3540; x_wconf 88' lang='lat' dir='ltr'><strong>tristari</strong></span> <span class='ocrx_word' id='word_1_572' title='bbox 3071 3493 3323 3554; x_wconf 84' lang='lat' dir='ltr'><strong>oporteat</strong></span> <span class='ocrx_word' id='word_1_573' title='bbox 3351 3500 3366 3536; x_wconf 90' lang='lat'><strong>:</strong></span> 
     </span>
    </p>
   </div>
   <div class='ocr_carea' id='block_1_80' title="bbox 1796 3574 3372 3652">
    <p class='ocr_par' dir='ltr' id='par_1_80' title="bbox 1796 3574 3372 3652">
     <span class='ocr_line' id='line_1_81' title="bbox 1796 3574 3372 3652; baseline -0.01 -12"><span class='ocrx_word' id='word_1_574' title='bbox 1796 3601 1959 3641; x_wconf 89' lang='lat' dir='ltr'><strong>nemo</strong></span> <span class='ocrx_word' id='word_1_575' title='bbox 1984 3585 2171 3647; x_wconf 88' lang='lat' dir='ltr'><strong>intrat,</strong></span> <span class='ocrx_word' id='word_1_576' title='bbox 2198 3585 2393 3652; x_wconf 87' lang='lat' dir='ltr'><strong>dequo</strong></span> <span class='ocrx_word' id='word_1_577' title='bbox 2414 3581 2609 3650; x_wconf 88' lang='lat' dir='ltr'><strong>ambigi</strong></span> <span class='ocrx_word' id='word_1_578' title='bbox 2637 3579 2886 3649; x_wconf 76' lang='lat' dir='ltr'><strong>expediat</strong></span> <span class='ocrx_word' id='word_1_579' title='bbox 2931 3574 3013 3627; x_wconf 79' lang='lat' dir='ltr'><strong>vel</strong></span> <span class='ocrx_word' id='word_1_580' title='bbox 3039 3574 3236 3629; x_wconf 89' lang='lat' dir='ltr'><strong>timeri.</strong></span> <span class='ocrx_word' id='word_1_581' title='bbox 3266 3574 3372 3627; x_wconf 92' lang='lat' dir='ltr'><strong>lm-</strong></span> 
     </span>
    </p>
   </div>
   <div class='ocr_carea' id='block_1_81' title="bbox 1799 3662 3367 3742">
    <p class='ocr_par' dir='ltr' id='par_1_81' title="bbox 1799 3662 3367 3742">
     <span class='ocr_line' id='line_1_82' title="bbox 1799 3662 3367 3742; baseline -0.009 -11"><span class='ocrx_word' id='word_1_582' title='bbox 1799 3674 2155 3731; x_wconf 86' lang='lat' dir='ltr'><strong>mensissimis</strong></span> <span class='ocrx_word' id='word_1_583' title='bbox 2204 3686 2437 3742; x_wconf 88' lang='lat' dir='ltr'><strong>namque</strong></span> <span class='ocrx_word' id='word_1_584' title='bbox 2491 3672 2630 3726; x_wconf 90' lang='lat' dir='ltr'><strong>inter</strong></span> <span class='ocrx_word' id='word_1_585' title='bbox 2657 3669 2858 3724; x_wconf 91' lang='lat' dir='ltr'><strong>electos</strong></span> <span class='ocrx_word' id='word_1_586' title='bbox 2907 3676 2962 3722; x_wconf 91' lang='lat' dir='ltr'><strong>et</strong></span> <span class='ocrx_word' id='word_1_587' title='bbox 3010 3662 3367 3736; x_wconf 85' lang='lat' dir='ltr'><strong>reprobosja-</strong></span> 
     </span>
    </p>
   </div>
   <div class='ocr_carea' id='block_1_82' title="bbox 1799 3757 3367 3834">
    <p class='ocr_par' dir='ltr' id='par_1_82' title="bbox 1799 3757 3367 3834">
     <span class='ocr_line' id='line_1_83' title="bbox 1799 3757 3367 3834; baseline -0.01 -12"><span class='ocrx_word' id='word_1_588' title='bbox 1799 3767 2047 3822; x_wconf 90' lang='lat' dir='ltr'><strong>centibus</strong></span> <span class='ocrx_word' id='word_1_589' title='bbox 2075 3764 2289 3834; x_wconf 85' lang='lat' dir='ltr'><strong>spatiis,</strong></span> <span class='ocrx_word' id='word_1_590' title='bbox 2316 3771 2371 3816; x_wconf 89' lang='lat' dir='ltr'><strong>et</strong></span> <span class='ocrx_word' id='word_1_591' title='bbox 2416 3762 2554 3817; x_wconf 89' lang='lat' dir='ltr'><strong>chao</strong></span> <span class='ocrx_word' id='word_1_592' title='bbox 2601 3773 2796 3829; x_wconf 88' lang='lat' dir='ltr'><strong>magno</strong></span> <span class='ocrx_word' id='word_1_593' title='bbox 2836 3757 3077 3834; x_wconf 4' lang='lat' dir='ltr'><strong>firmato,</strong></span> <span class='ocrx_word' id='word_1_594' title='bbox 3109 3768 3205 3824; x_wconf 91' lang='lat' dir='ltr'><strong>per</strong></span> <span class='ocrx_word' id='word_1_595' title='bbox 3252 3768 3367 3807; x_wconf 83' lang='lat' dir='ltr'><strong>me-</strong></span> 
     </span>
    </p>
   </div>
   <div class='ocr_carea' id='block_1_83' title="bbox 1799 3832 3372 3923">
    <p class='ocr_par' dir='ltr' id='par_1_83' title="bbox 1799 3832 3372 3923">
     <span class='ocr_line' id='line_1_84' title="bbox 1799 3832 3372 3923; baseline -0.01 -10"><span class='ocrx_word' id='word_1_596' title='bbox 1799 3857 1967 3919; x_wconf 86' lang='lat' dir='ltr'><strong>dium,</strong></span> <span class='ocrx_word' id='word_1_597' title='bbox 2023 3832 2165 3911; x_wconf 84' lang='lat' dir='ltr'><strong>sicut</strong></span> <span class='ocrx_word' id='word_1_598' title='bbox 2194 3869 2289 3923; x_wconf 89' lang='lat' dir='ltr'><strong>per</strong></span> <span class='ocrx_word' id='word_1_599' title='bbox 2337 3853 2456 3907; x_wconf 91' lang='lat' dir='ltr'><strong>illos</strong></span> <span class='ocrx_word' id='word_1_600' title='bbox 2485 3852 2708 3904; x_wconf 90' lang='lat' dir='ltr'><strong>istorum</strong></span> <span class='ocrx_word' id='word_1_601' title='bbox 2753 3847 2994 3918; x_wconf 88' lang='lat' dir='ltr'><strong>nequibit</strong></span> <span class='ocrx_word' id='word_1_602' title='bbox 3024 3832 3236 3916; x_wconf 84' lang='lat' dir='ltr'><strong>purgari</strong></span> <span class='ocrx_word' id='word_1_603' title='bbox 3273 3845 3372 3898; x_wconf 86' lang='lat' dir='ltr'><strong>mi-</strong></span> 
     </span>
    </p>
   </div>
   <div class='ocr_carea' id='block_1_84' title="bbox 1800 3935 3372 4014">
    <p class='ocr_par' dir='ltr' id='par_1_84' title="bbox 1800 3935 3372 4014">
     <span class='ocr_line' id='line_1_85' title="bbox 1800 3935 3372 4014; baseline -0.006 -13"><span class='ocrx_word' id='word_1_604' title='bbox 1800 3946 1964 4011; x_wconf 90' lang='lat' dir='ltr'><strong>seria,</strong></span> <span class='ocrx_word' id='word_1_605' title='bbox 1999 3946 2077 3999; x_wconf 91' lang='lat' dir='ltr'><strong>sic</strong></span> <span class='ocrx_word' id='word_1_606' title='bbox 2106 3954 2160 3998; x_wconf 89' lang='lat' dir='ltr'><strong>et</strong></span> <span class='ocrx_word' id='word_1_607' title='bbox 2195 3959 2292 4014; x_wconf 90' lang='lat' dir='ltr'><strong>per</strong></span> <span class='ocrx_word' id='word_1_608' title='bbox 2340 3943 2476 3997; x_wconf 91' lang='lat' dir='ltr'><strong>istos</strong></span> <span class='ocrx_word' id='word_1_609' title='bbox 2528 3942 2741 3995; x_wconf 89' lang='lat' dir='ltr'><strong>illorum</strong></span> <span class='ocrx_word' id='word_1_610' title='bbox 2773 3954 2874 3993; x_wconf 91' lang='lat' dir='ltr'><strong>non</strong></span> <span class='ocrx_word' id='word_1_611' title='bbox 2915 3939 3114 4006; x_wconf 85' lang='lat' dir='ltr'><strong>poterit</strong></span> <span class='ocrx_word' id='word_1_612' title='bbox 3142 3935 3372 3991; x_wconf 81' lang='lat' dir='ltr'><strong>felicitas</strong></span> 
     </span>
    </p>
   </div>
   <div class='ocr_carea' id='block_1_85' title="bbox 1801 4036 2091 4108">
    <p class='ocr_par' dir='ltr' id='par_1_85' title="bbox 1801 4036 2091 4108">
     <span class='ocr_line' id='line_1_86' title="bbox 1801 4036 2091 4108; baseline -0.017 -14"><span class='ocrx_word' id='word_1_613' title='bbox 1801 4036 2091 4108; x_wconf 84' lang='lat' dir='ltr'><strong>inquinari.</strong></span> 
     </span>
    </p>
   </div>
   <div class='ocr_carea' id='block_1_86' title="bbox 1872 4116 3370 4197">
    <p class='ocr_par' dir='ltr' id='par_1_86' title="bbox 1872 4116 3370 4197">
     <span class='ocr_line' id='line_1_87' title="bbox 1872 4116 3370 4197; baseline -0.008 -14"><span class='ocrx_word' id='word_1_614' title='bbox 1872 4129 1998 4183; x_wconf 68' lang='lat' dir='ltr'><strong>llaec</strong></span> <span class='ocrx_word' id='word_1_615' title='bbox 2058 4129 2123 4181; x_wconf 90' lang='lat' dir='ltr'><strong>de</strong></span> <span class='ocrx_word' id='word_1_616' title='bbox 2173 4126 2313 4181; x_wconf 90' lang='lat' dir='ltr'><strong>bono</strong></span> <span class='ocrx_word' id='word_1_617' title='bbox 2368 4124 2514 4195; x_wconf 81' lang='lat' dir='ltr'><strong>pacis</strong></span> <span class='ocrx_word' id='word_1_618' title='bbox 2572 4138 2675 4176; x_wconf 91' lang='lat' dir='ltr'><strong>non</strong></span> <span class='ocrx_word' id='word_1_619' title='bbox 2718 4136 2815 4190; x_wconf 90' lang='lat' dir='ltr'><strong>pro</strong></span> <span class='ocrx_word' id='word_1_620' title='bbox 2854 4119 2931 4174; x_wconf 89' lang='lat' dir='ltr'><strong>rei</strong></span> <span class='ocrx_word' id='word_1_621' title='bbox 2980 4116 3370 4197; x_wconf 84' lang='lat' dir='ltr'><strong>magnitudine.</strong></span> 
     </span>
    </p>
   </div>
   <div class='ocr_carea' id='block_1_87' title="bbox 1799 4210 3373 4291">
    <p class='ocr_par' dir='ltr' id='par_1_87' title="bbox 1799 4210 3373 4291">
     <span class='ocr_line' id='line_1_88' title="bbox 1799 4210 3373 4291; baseline -0.01 -13"><span class='ocrx_word' id='word_1_622' title='bbox 1799 4223 1894 4279; x_wconf 89' lang='lat' dir='ltr'><strong>sed</strong></span> <span class='ocrx_word' id='word_1_623' title='bbox 1962 4221 2165 4291; x_wconf 82' lang='lat' dir='ltr'><strong>ingenii</strong></span> <span class='ocrx_word' id='word_1_624' title='bbox 2220 4218 2480 4272; x_wconf 84' lang='lat' dir='ltr'><strong>facultate</strong></span> <span class='ocrx_word' id='word_1_625' title='bbox 2534 4215 2875 4285; x_wconf 82' lang='lat' dir='ltr'><strong>digessimus.</strong></span> <span class='ocrx_word' id='word_1_626' title='bbox 2936 4210 3202 4279; x_wconf 81' lang='lat' dir='ltr'><strong>Propositi</strong></span> <span class='ocrx_word' id='word_1_627' title='bbox 3245 4225 3373 4280; x_wconf 88' lang='lat' dir='ltr'><strong>ergo</strong></span> 
     </span>
    </p>
   </div>
   <div class='ocr_carea' id='block_1_88' title="bbox 1802 4301 3372 4375">
    <p class='ocr_par' dir='ltr' id='par_1_88' title="bbox 1802 4301 3372 4375">
     <span class='ocr_line' id='line_1_89' title="bbox 1802 4301 3372 4375; baseline -0.011 -3"><span class='ocrx_word' id='word_1_628' title='bbox 1802 4325 2339 4375; x_wconf 86' lang='lat' dir='ltr'><strong>tractatuscursnm</strong></span> <span class='ocrx_word' id='word_1_629' title='bbox 2393 4312 2479 4367; x_wconf 91' lang='lat' dir='ltr'><strong>bis</strong></span> <span class='ocrx_word' id='word_1_630' title='bbox 2531 4310 2728 4365; x_wconf 87' lang='lat' dir='ltr'><strong>finibus</strong></span> <span class='ocrx_word' id='word_1_631' title='bbox 2782 4313 3212 4375; x_wconf 86' lang='lat' dir='ltr'><strong>compescentes,</strong></span> <span class='ocrx_word' id='word_1_632' title='bbox 3258 4301 3372 4371; x_wconf 88' lang='lat' dir='ltr'><strong>jam</strong></span> 
     </span>
    </p>
   </div>
   <div class='ocr_carea' id='block_1_89' title="bbox 179 4388 1686 4478">
    <p class='ocr_par' dir='ltr' id='par_1_89' title="bbox 179 4388 1686 4467">
     <span class='ocr_line' id='line_1_90' title="bbox 179 4388 1686 4467; baseline -0.005 -16"><span class='ocrx_word' id='word_1_633' title='bbox 179 4396 558 4467; x_wconf 78' lang='lat' dir='ltr'><strong>Exspectanda</strong></span> <span class='ocrx_word' id='word_1_634' title='bbox 610 4405 694 4450; x_wconf 89' lang='lat' dir='ltr'><strong>est</strong></span> <span class='ocrx_word' id='word_1_635' title='bbox 723 4396 905 4467; x_wconf 86' lang='lat' dir='ltr'><strong>itaque</strong></span> <span class='ocrx_word' id='word_1_636' title='bbox 955 4405 1012 4450; x_wconf 92' lang='lat' dir='ltr'><strong>et</strong></span> <span class='ocrx_word' id='word_1_637' title='bbox 1068 4394 1391 4465; x_wconf 86' lang='lat' dir='ltr'><strong>suspiranda</strong></span> <span class='ocrx_word' id='word_1_638' title='bbox 1450 4406 1551 4462; x_wconf 76' lang='lat' dir='ltr'><strong>pax</strong></span> <span class='ocrx_word' id='word_1_639' title='bbox 1598 4388 1686 4443; x_wconf 73' lang='lat' dir='ltr'><strong>ali:</strong></span> 
     </span>
    </p>
   </div>
   <div class='ocr_carea' id='block_1_90' title="bbox 1795 4388 3373 4478">
    <p class='ocr_par' dir='ltr' id='par_1_90' title="bbox 1802 4392 3373 4478">
     <span class='ocr_line' id='line_1_91' title="bbox 1802 4392 3373 4478; baseline -0.013 -14"><span class='ocrx_word' id='word_1_640' title='bbox 1802 4418 1857 4464; x_wconf 89' lang='lat' dir='ltr'><strong>et</strong></span> <span class='ocrx_word' id='word_1_641' title='bbox 1916 4405 2057 4478; x_wconf 85' lang='lat' dir='ltr'><strong>stylo</strong></span> <span class='ocrx_word' id='word_1_642' title='bbox 2108 4402 2477 4477; x_wconf 88' lang='lat' dir='ltr'><strong>signaculum,</strong></span> <span class='ocrx_word' id='word_1_643' title='bbox 2526 4409 2581 4457; x_wconf 90' lang='lat' dir='ltr'><strong>et</strong></span> <span class='ocrx_word' id='word_1_644' title='bbox 2638 4400 2719 4455; x_wconf 88' lang='lat' dir='ltr'><strong>ori</strong></span> <span class='ocrx_word' id='word_1_645' title='bbox 2773 4397 3044 4454; x_wconf 89' lang='lat' dir='ltr'><strong>silentium</strong></span> <span class='ocrx_word' id='word_1_646' title='bbox 3102 4392 3373 4463; x_wconf 81' lang='lat' dir='ltr'><strong>imprima-</strong></span> 
     </span>
    </p>
   </div>
   <div class='ocr_carea' id='block_1_91' title="bbox 90 4483 1692 4557">
    <p class='ocr_par' dir='ltr' id='par_1_91' title="bbox 90 4483 1692 4557">
     <span class='ocr_line' id='line_1_92' title="bbox 90 4483 1692 4557; baseline -0.005 -14"><span class='ocrx_word' id='word_1_647' title='bbox 90 4487 408 4555; x_wconf 64' lang='lat' dir='ltr'><strong>Jerusalem</strong></span> <span class='ocrx_word' id='word_1_648' title='bbox 439 4487 561 4543; x_wconf 92' lang='lat' dir='ltr'><strong>dico</strong></span> <span class='ocrx_word' id='word_1_649' title='bbox 586 4503 690 4544; x_wconf 91' lang='lat' dir='ltr'><strong>non</strong></span> <span class='ocrx_word' id='word_1_650' title='bbox 722 4487 897 4551; x_wconf 88' lang='lat' dir='ltr'><strong>istius,</strong></span> <span class='ocrx_word' id='word_1_651' title='bbox 927 4502 1046 4556; x_wconf 69' lang='lat' dir='ltr'><strong>qua:</strong></span> <span class='ocrx_word' id='word_1_652' title='bbox 1082 4486 1465 4557; x_wconf 83' lang='lat' dir='ltr'><strong>peregrinatur</strong></span> <span class='ocrx_word' id='word_1_653' title='bbox 1489 4484 1541 4537; x_wconf 91' lang='lat' dir='ltr'><strong>in</strong></span> <span class='ocrx_word' id='word_1_654' title='bbox 1583 4483 1692 4547; x_wconf 90' lang='lat' dir='ltr'><strong>via,</strong></span> 
     </span>
    </p>
   </div>
   <div class='ocr_carea' id='block_1_92' title="bbox 114 4579 1692 4655">
    <p class='ocr_par' dir='ltr' id='par_1_92' title="bbox 114 4579 1692 4655">
     <span class='ocr_line' id='line_1_93' title="bbox 114 4579 1692 4655; baseline -0.003 -19"><span class='ocrx_word' id='word_1_655' title='bbox 114 4584 203 4637; x_wconf 79' lang='lat' dir='ltr'><strong>sed</strong></span> <span class='ocrx_word' id='word_1_656' title='bbox 230 4584 391 4651; x_wconf 88' lang='lat' dir='ltr'><strong>illius,</strong></span> <span class='ocrx_word' id='word_1_657' title='bbox 425 4597 546 4652; x_wconf 78' lang='lat' dir='ltr'><strong>qua:</strong></span> <span class='ocrx_word' id='word_1_658' title='bbox 564 4591 751 4653; x_wconf 87' lang='lat' dir='ltr'><strong>regnat</strong></span> <span class='ocrx_word' id='word_1_659' title='bbox 778 4582 829 4638; x_wconf 93' lang='lat' dir='ltr'><strong>in</strong></span> <span class='ocrx_word' id='word_1_660' title='bbox 861 4582 1056 4655; x_wconf 86' lang='lat' dir='ltr'><strong>patria,</strong></span> <span class='ocrx_word' id='word_1_661' title='bbox 1087 4582 1141 4638; x_wconf 90' lang='lat' dir='ltr'><strong>in</strong></span> <span class='ocrx_word' id='word_1_662' title='bbox 1177 4597 1279 4652; x_wconf 87' lang='lat' dir='ltr'><strong>qua</strong></span> <span class='ocrx_word' id='word_1_663' title='bbox 1317 4596 1417 4635; x_wconf 90' lang='lat' dir='ltr'><strong>nec</strong></span> <span class='ocrx_word' id='word_1_664' title='bbox 1446 4579 1512 4635; x_wconf 91' lang='lat' dir='ltr'><strong>ab</strong></span> <span class='ocrx_word' id='word_1_665' title='bbox 1538 4587 1692 4633; x_wconf 77' lang='lat' dir='ltr'><strong>extra</strong></span> 
     </span>
    </p>
   </div>
   <div class='ocr_carea' id='block_1_93' title="bbox 1799 4514 1939 4557">
    <p class='ocr_par' dir='ltr' id='par_1_93' title="bbox 1799 4514 1939 4557">
     <span class='ocr_line' id='line_1_94' title="bbox 1799 4514 1939 4557; baseline -0.007 0"><span class='ocrx_word' id='word_1_666' title='bbox 1799 4514 1939 4557; x_wconf 87' lang='lat' dir='ltr'><strong>mus.</strong></span> 
     </span>
    </p>
   </div>
  </div>
