3902 6316
521 327 581 369 ..ιε

1828 514 2607 643 ADDENDA.

832 714 991 841 (Col.
1024 760 1218 841 hujus
1250 757 1600 823 voluminis
1634 759 1813 831 11M,
1833 762 1975 837 post
1997 755 2337 819 Wilhelmi
2367 754 2849 836 Hirsaugiensis
2882 753 3449 835 Constitutiones.)

1265 1080 1950 1213 SANCTI
2012 1078 3006 1194 -WILHELMI

1788 1312 2078 1371 ABBATIS
2103 1315 2630 1373 HlBSAUGIENSlS

1048 1508 1682 1603 PRIEFATIO
1760 1508 1884 1601 IN
1958 1510 2178 1606 SUA
2244 1508 3091 1606 ASTRONOMICA
3155 1497 3262 1572 (⁸)·

1911 1703 2116 1783 (Circa
2151 1720 2257 1765 an.
2294 1703 2500 1767 1073A

947 1878 1129 1935 Edidit
1152 1878 1216 1933 R.
1247 1877 1313 1933 Ρ.
1340 1874 1642 1932 Bernartius
1662 1873 1792 1938 Pez,
1817 1871 1970 1927 Thes.
1998 1871 2238 1926 anecdot.
2277 1870 2465 1926 noviss.
2492 1877 2622 1927 tom.
2652 1869 2715 1940 V,
2748 1877 2899 1942 parte
2925 1884 2968 1936 t,
2993 1879 3122 1942 pag.
3145 1868 3299 1942 259.]

1894 2032 2270 2049 Ψ

567 2181 749 2240 Divini
770 2180 953 2252 operis
977 2179 1210 2250 quadam
1239 2176 1325 2233 die
1345 2176 1612 2247 completa
1641 2176 1855 2246 synaxi,
1881 2184 2077 2245 optatae
2107 2186 2148 2223 Α
2181 2179 2455 2234 etuatione
2496 2188 2609 2244 tua,
2636 2179 2984 2245 eharissime,
3030 2179 3229 2234 tacitus
3257 2179 3558 2235 considero
3595 2182 3732 2252 quali-

495 2275 700 2347 quietis
727 2272 901 2344 gratia
932 2269 1281 2327 secretiorem
1306 2267 1482 2322 locum
1512 2266 1666 2336 petii,
1692 2266 1780 2320 ubi
1814 2267 2078 2335 tlteipSttlll

497 2364 630 2420 mihi
666 2373 793 2417 ante
823 2360 1010 2417 oculos
1046 2358 1242 2413 mentis
1268 2372 1491 2427 ponere,
1516 2366 1573 2409 et
1601 2355 1927 2411 miserabilis
1954 2356 2080 2410 vitae

493 2454 924 2527 superﬂuitatem
970 2450 1123 2522 quasi
1166 2448 1453 2519 judiciaria
1491 2447 1833 2503 districtione
1870 2445 2079 2500 exami-

496 2559 632 2602 nare
662 2545 872 2600 liceret.
903 2543 1156 2597 Discussa
1186 2554 1316 2610 ergo
1344 2554 1466 2593 mox
1496 2536 1779 2607 qualitate,
1822 2536 1991 2592 multa
2024 2537 2076 2590 in

495 2650 586 2692 me
632 2632 1102 2705 reprehensibilia,
1143 2630 1310 2685 multa
1342 2643 1576 2683 mterore
1602 2637 1656 2682 et
1687 2627 1835 2683 luctu
1869 2628 2076 2693 dignis-

488 2728 654 2791 sima,
686 2725 855 2781 multa
900 2739 1032 2779 sane
1078 2736 1242 2793 prava
1275 2730 1331 2776 et
1363 2735 1575 2791 aspera,
1622 2718 1828 2789 viaeque
1863 2717 2077 2774 Domini

496 2820 680 2876 minus
693 2816 990 2887 composita
1020 2812 1370 2884 deprehendi,
1399 2811 1543 2865 inter
1568 2824 1690 2880 quae
1714 2808 1947 2879 speciale
1976 2808 2075 2863 do-

488 2912 627 2968 loris
661 2918 1011 2982 augmentum
1043 2905 1108 2979 [Ῑ.
1140 2902 1567 2975 argumentum],
1601 2902 1921 2971 exterisque
1953 2916 2076 2970 pas-

490 3006 707 3062 sionum
736 3003 996 3060 oneribus
1020 2996 1418 3070 quodanunodo
1442 2995 1660 3064 gravius
1683 2993 1810 3048 illud
1838 2994 2076 3048 occurrit

488 3097 713 3162 animo,
747 3095 890 3164 quod
939 3092 1125 3147 nescio
1157 3105 1263 3160 qua
1302 3087 1523 3143 violenti
1568 3086 1734 3141 divini
1767 3095 1930 3141 nutus
1976 3101 2071 3155 po-

493 3187 659 3242 tentia
690 3196 932 3248 coactus,
955 3184 1021 3237 ad
1056 3184 1221 3237 totius
1247 3180 1461 3249 quidem
1497 3179 1805 3247 quadruvii,
1836 3178 2073 3233 maxime

489 3287 675 3335 autem
717 3279 785 3336 ad
832 3276 1177 3333 astronomia!
1203 3273 1440 3330 studium
1470 3287 1554 3327 me
1586 3272 1799 3343 penitus
1828 3270 2073 3327 contule-

491 3372 643 3426 rim:
687 3379 742 3425 et
788 3368 931 3439 quod
977 3368 1217 3431 interim,
1268 3366 1396 3421 dum
1446 3364 1501 3418 in
1552 3362 1741 3419 eadem
1788 3361 2068 3431 disciplina

490 3462 623 3519 mihi
654 3462 750 3517 soli
780 3462 1024 3515 laborare
1053 3473 1460 3530 proposueram,
1498 3456 1774 3525 inopinata
1805 3468 2063 3524 quorum-

490 3558 636 3617 dam,
668 3555 833 3609 etiam
868 3553 1340 3622 peritissimortun,
1372 3548 1700 3619 inquietarer
1725 3545 2056 3616 frequentia:

488 3650 767 3717 quodque,
796 3647 921 3699 dum
952 3645 1037 3699 his
1069 3644 1295 3714 singulis
1322 3659 1350 3696 a
1377 3657 1467 3698 me
1498 3651 1558 3695 ut
1596 3640 1663 3694 ad
1696 3640 1865 3708 ipsam
1896 3648 2068 3691 artem

490 3738 926 3799 introducantur,
956 3734 1317 3804 exigentibus,
1350 3732 1573 3786 obedire
1609 3730 1932 3794 studuerim,
1961 3743 2066 3783 non

2182 2282 2263 2328 ter
2313 2273 2567 2342 antiquus
2612 2273 2857 2337 coluber,
2906 2274 2971 2326 ad
3020 2272 3202 2327 omnia
3252 2287 3484 2343 semper
3533 2274 3726 2331 celestis

2180 2363 2368 2433 gratiae
2398 2379 2621 2418 munera
2676 2363 2893 2418 invidiae
2930 2363 3153 2418 venenis
3202 2362 3558 2418 inliciendum
3594 2364 3721 2418 ober-

2183 2470 2334 2517 rans,
2361 2454 2474 2509 haec
2506 2468 2723 2522 quoque
2746 2453 2902 2508 nobis
2930 2452 3190 2507 divinitus
3218 2452 3431 2507 donata
3462 2452 3722 2507 violandum

2179 2547 2497 2617 arrepserit.
2532 2545 2613 2601 Me
2658 2547 2801 2601 enim
2845 2544 2958 2613 jam
3004 2546 3094 2599 diu
3137 2555 3511 2615 opportunum
3551 2554 3730 2615 tempus

2178 2639 2246 2691 ad
2280 2639 2331 2691 id
2356 2653 2599 2708 quaerere
2622 2639 2997 2708 pratsentiens,
3024 2647 3082 2691 ut
3109 2652 3169 2691 ea
3198 2652 3325 2707 qua:
3354 2637 3410 2691 in
3438 2637 3618 2691 eadem
3634 2648 3735 2691 arte

2180 2731 2317 2784 mira
2360 2739 2414 2784 et
2465 2730 2533 2784 ab
2585 2730 2816 2784 humana
2853 2729 3151 2784 subtilitate
3195 2745 3375 2799 usque
3419 2729 3580 2784 modo
3613 2729 3739 2783 inde-

2179 2821 2443 2889 prehensa
2490 2819 2633 2875 Deus
2681 2820 2776 2874 tibi
2829 2819 3118 2886 revelavit,
3167 2819 3567 2889 iucundissima
3599 2818 3740 2874 colla-

2181 2913 2325 2968 tione
2375 2915 2766 2984 perdiscerem,
2802 2921 2857 2966 et
2903 2912 3083 2967 omnia
3133 2912 3331 2967 litteris
3364 2914 3731 2975 commendari,

2176 3006 2365 3074 sicque
2391 3007 2665 3060 eounnuni
2694 3005 3058 3061 studiosorum
3091 3005 3211 3059 usui
3239 3005 3547 3060 transfundi
3575 3005 3734 3059 darem

2174 3094 2480 3159 consilium,
2522 3105 2711 3149 contra
2758 3096 2926 3165 ipsius
2966 3095 3227 3165 propositi
3260 3096 3621 3150 intentionem
3650 3096 3733 3149 hac

2175 3197 2291 3256 post
2320 3196 2370 3241 te
2397 3189 2557 3241 modo
2595 3188 2899 3243 venientem
2937 3188 3237 3243 calliditate
3275 3172 3374 3241 sua
3405 3202 3729 3257 praeoccupa-

2173 3278 2249 3331 vit
2280 3278 2380 3334 sub
2427 3287 2673 3347 pretextu
2725 3278 2999 3348 religionis
3042 3277 3369 3332 innocentia:
3418 3287 3527 3332 tua:
3571 3278 3725 3333 volens

2171 3387 2484 3442 suggerere,
2540 3382 2807 3442 quatenus
2859 3371 3192 3425 Dominieam
3241 3370 3536 3441 pecuniam
3583 3372 3721 3426 humo

2173 3465 2361 3519 malles
2394 3464 2635 3520 infodere
2656 3506 2671 3530 ,
2712 3478 2874 3533 quam
2906 3462 3155 3517 humanis
3192 3461 3532 3531 profectibus
3568 3462 3729 3517 multi-

2174 3555 2474 3625 plicandam
2520 3556 2755 3611 tradere.
2786 3554 2924 3622 Quin
2972 3568 3094 3625 age,
3142 3563 3197 3609 et
3226 3570 3485 3610 errorum
3529 3554 3637 3625 ejus
3665 3555 3733 3608 si-

2172 3646 2425 3699 nuamine
2480 3645 2652 3701 virilis
2697 3644 3015 3700 constantia:
3067 3643 3245 3699 orbita
3304 3644 3557 3705 transito,
3602 3656 3736 3712 me

2171 3734 2503 3804 propositum
2529 3734 2725 3804 dialogi
2750 3747 2968 3788 cursum
2993 3733 3372 3803 aggrediamur
3395 3749 3410 3786 :
3438 3748 3594 3802 quem
3619 3746 3738 3803 ego,

490 3827 665 3883 solum
698 3843 728 3881 a
755 3841 1002 3896 supernae
1026 3823 1503 3893 contemplationis
1524 3822 1869 3886 celsitudine,
1896 3823 1990 3877 sed
2014 3832 2069 3875 et
2169 3824 2212 3879 si
2238 3823 2469 3893 iusseris
2504 3824 2601 3889 ita,
2635 3831 2695 3877 ut
2739 3822 2899 3879 hodie
2948 3821 3060 3878 Deo
3089 3822 3229 3877 inter
3268 3836 3368 3877 nos
3414 3821 3591 3891 medio
3618 3837 3741 3876 con-

491 3933 523 3973 a
548 3919 730 3974 debito
755 3918 1070 3987 quotidiano
1097 3916 1372 3972 servitutis
1400 3913 1493 3970 Dei
1528 3913 1695 3985 gradu
1722 3930 1807 3969 tne
1835 3912 2064 3967 viderim
2100 3936 2105 3941 -

487 4012 776 4083 deiectum.

564 4105 748 4175 Itaque
777 4119 901 4159 cum
934 4103 1051 4157 lucc
1080 4116 1293 4155 mecum
1326 4099 1486 4154 anxia
1520 4096 1890 4169 pervolverem
1918 4096 2065 4151 solli-

490 4195 750 4261 crtudine,
788 4192 1143 4247 charissirnus
1185 4199 1241 4244 ct
1275 4189 1429 4244 valde
1458 4189 1648 4242 unicus
1690 4188 1820 4241 mihi
1860 4186 1905 4243 Ο
1933 4187 2063 4259 [alia

486 4300 676 4338 manus
712 4293 889 4338 notat:
928 4279 1188 4352 Otochus]
1218 4279 1632 4351 superveniens,
1672 4292 1865 4346 meque
1893 4277 2063 4331 solita:

488 4376 795 4431 dilectionts
862 4375 1075 4430 intuens
1133 4373 1433 4438 alacritate,
1502 4368 2065 4437 eontinuo,tristitia:

485 4481 706 4520 causam
754 4465 999 4533 tnquirit.
1046 4462 1143 4519 Cui
1188 4479 1287 4533 ego
1321 4478 1433 4515 rem
1463 4459 1623 4515 fateri
1682 4467 1950 4522 metuens,
1993 4471 2059 4512 eo

487 4558 633 4627 quod
668 4556 785 4626 ipse
820 4557 1029 4627 primus
1058 4556 1252 4611 secreti
1294 4554 1398 4610 mei
1440 4552 1646 4607 delator
1684 4550 1748 4605 ad
1793 4550 2058 4620 publicam

488 4648 761 4718 praedicta:
782 4648 917 4701 artis
939 4648 1348 4717 occupationem
1380 4644 1583 4715 potenti
1613 4642 1847 4704 ﬂamma,
1876 4650 2060 4710 utpote

485 4745 676 4798 mtima
710 4743 810 4799 sibi
843 4742 1152 4797 devinctum
1180 4741 1448 4796 charitate
1471 4738 1704 4794 maxime
1728 4735 2053 4801 incenderit,

489 4832 711 4902 ambage
741 4833 972 4902 quadam
1008 4830 1370 4895 dissimulare,
1400 4840 1457 4886 et
1502 4832 1570 4883 ab
1613 4844 1680 4883 eo
1724 4826 2056 4881 abscondere
2082 4860 2128 4923 Ο

484 4926 710 4982 tentari.
772 4925 877 4979 Sed
928 4926 1052 4995 quia
1114 4924 1190 4979 rei
1244 4924 1527 4977 veritatem
1576 4919 1751 4975 subita
1799 4929 1851 4971 ct
1899 4927 2052 4973 extra

487 5017 869 5073 abundantiam
916 5015 1096 5070 cordis
1149 5017 1271 5069 licta
1328 5010 1679 5066 similitudine
1728 5022 1909 5063 coram
1964 5022 2054 5062 sa-

485 5110 664 5177 piente
692 5106 1070 5180 {abscondere}
1107 5106 1319 5162 dillicile
1352 5114 1454 5165 est,
1503 5102 1592 5157 ille
1620 5117 1741 5157 mox
1790 5102 2050 5164 sentiens,

485 5209 537 5253 et
582 5199 788 5252 fraudis
833 5213 1108 5270 arguens,
1169 5196 1343 5250 amica
1398 5194 1563 5264 erepit
1626 5192 2051 5263 importunitate,

488 5290 609 5359 quid
642 5291 931 5356 haberem,
972 5301 1235 5359 qumrere,
1280 5295 1335 5342 et
1366 5303 1433 5340 ne
1478 5285 1661 5340 multis
1684 5299 1881 5349 morer,
1926 5299 2052 5340 con-

489 5393 634 5437 sueta
679 5384 892 5436 tandem
928 5382 1208 5438 charitatis
1255 5379 1509 5434 violentia
1560 5394 1746 5433 verum
1793 5378 2048 5434 extorsit.

488 5474 585 5539 Qui
622 5474 837 5544 cognita
883 5489 941 5530 re
984 5477 1164 5530 statim
1212 5470 1500 5527 subridens
1539 5471 1654 5524 ait:
1694 5488 1712 5521 t
1740 5469 1798 5524 ln
1828 5469 1929 5524 hac
1957 5467 2054 5521 llu-

2166 3924 2471 3969 summatus
2495 3914 2679 3978 fuerit,
2695 3914 2874 3969 divina
2893 3913 3020 3969 item
3043 3922 3317 3970 annuente
3336 3912 3512 3982 gratia
3532 3913 3742 3981 scriptis

2166 4022 2431 4076 exponam
2458 4020 2473 4059 :
2503 4006 2689 4075 sicque
2717 4016 2772 4061 et
2801 4007 3070 4061 diuturna:
3099 4005 3352 4061 desiderii
3395 4005 3501 4063 mei
3525 4003 3741 4062 satisfao

2165 4100 2302 4153 ciam
2356 4098 2771 4166 exspectationi,
2818 4107 2874 4153 et
2915 4098 3243 4164 theoreticae,
3283 4114 3446 4169 quam
3485 4108 3631 4154 totus
3662 4100 3740 4154 in-

2166 4189 2361 4256 tendis,
2388 4190 2664 4245 securitati
2695 4190 2913 4246 reddam
2936 4192 3268 4262 expeditum.
3286 4193 3425 4260 Quia
3446 4193 3595 4247 enim
3627 4192 3739 4247 illas

2164 4294 2290 4335 vere
2320 4281 2593 4335 mirandas
2628 4281 3043 4337 ‘adinventiones
3072 4292 3192 4337 tuas
3237 4282 3609 4351 probabilibus
3630 4282 3736 4351 jam

2164 4372 2474 4427 deformasti
2508 4372 2905 4439 instrumentis,
2955 4374 3002 4428 si
3035 4375 3252 4429 easdem
3284 4373 3483 4429 litteris
3524 4383 3737 4444 quoque

2162 4461 2389 4529 exprimi
2422 4460 2638 4527 feceris,
2684 4464 2975 4519 maximam
3019 4464 3383 4520 studiosorum
3422 4466 3654 4536 gratiam
3683 4473 3738 4519 et

2160 4549 2554 4619 bene-placitam
2611 4568 2710 4623 pro
2770 4563 2955 4609 sancta
3001 4556 3186 4625 quiete
3234 4558 3447 4609 veniam
3500 4560 3738 4625 ipsorum

2160 4640 2376 4712 dignam
2406 4644 2727 4701 mereberis.
2758 4663 2777 4697 ι

2232 4732 2475 4797 Memini,
2513 4733 2756 4803 inquam,
2789 4736 3208 4799 te,charissime
3248 4735 3429 4797 frater.
3462 4736 3566 4791 hoc
3607 4737 3736 4790 mihi

2158 4822 2375 4878 salubre
2402 4834 2558 4877 antea
2587 4825 2801 4881 dedisse
2851 4827 3159 4882 consilium.
3198 4826 3304 4882 Sed
3342 4829 3465 4898 quia
3498 4844 3738 4899 praesens

2158 4923 2290 4968 tetas
2317 4915 2461 4969 inter
2490 4913 2805 4971 innumeras
2829 4918 3081 4973 vitiorum
3116 4918 3285 4974 furias
3322 4922 3616 4973 maximam
3647 4937 3738 4988 pa-

2161 5009 2293 5063 titur
2320 5008 2597 5074 invidiam,
2627 5012 2801 5076 timui,
2833 5011 3023 5080 fateor,
3052 5030 3120 5068 ne
3144 5012 3188 5068 si
3218 5024 3384 5067 tanta:
3407 5028 3513 5074 res,
3549 5004 3738 5082 utpote

2159 5098 2227 5154 ab
2263 5099 2501 5169 antiquis
2552 5100 2886 5172 philosophis
2930 5118 3026 5172 pro
3074 5102 3386 5158 ditlicultate
3415 5103 3495 5156 sui
3523 5103 3735 5156 autin-

2160 5196 2316 5245 taetaa
2343 5199 2617 5246 auttactm
2661 5201 2716 5246 et
2757 5194 2810 5247 in
2860 5193 3024 5247 dubio
3068 5193 3291 5260 relictas,
3337 5202 3431 5247 aut
3475 5202 3637 5246 taeta:
3680 5203 3736 5244 et

2159 5289 2432 5347 tractatae,
2473 5282 2567 5337 sed
2616 5283 2795 5338 minus
2829 5294 2986 5339 cauta
3034 5284 3356 5354 probatione
3404 5276 3593 5345 finitae,
3639 5282 3735 5336 sub

2159 5387 2385 5442 persona
2412 5372 2631 5429 vilitatis
2663 5390 2797 5431 mea
2823 5374 3184 5445 proferantur,
3216 5376 3538 5444 quibusdam
3581 5371 3735 5427 {asti-

2158 5464 2246 5519 dio
2269 5464 2399 5531 sint,
2432 5479 2538 5520 non
2567 5467 2766 5533 studio,
2797 5477 2850 5525 et
2878 5468 3049 5537 magis
3077 5467 3383 5541 depravata:
3407 5481 3569 5539 quam
3594 5478 3736 5521 vera

554 5607 631 5667 Hi
659 5607 883 5664 Exstant
906 5609 957 5663 in
978 5622 1154 5664 coaevo
1178 5607 1289 5663 fere
1311 5605 1497 5662 codice
1538 5602 2039 5672 Emmerammensi,
2080 5603 2174 5661 sed
2202 5604 2302 5661 sub
2332 5603 2491 5660 ﬁnem
2520 5604 2731 5662 mutila.

1028 5702 1061 5737 I
