3902 6316
180 281 304 345 1611

727 268 1072 328 ADDENDA.
1109 298 1177 333 -ε-
1218 267 1279 322 S.
1323 264 1674 322 WlLHELM.
1711 262 2042 324 liliiS.\UG.
2084 264 2318 323 PREF.
2357 264 2424 320 IN
2462 263 2843 323 ASTRONOM

3296 265 3439 324 1652

179 392 519 466 deprehensa
566 395 772 441 temere
818 386 891 440 ab
940 384 1025 440 eis
1062 381 1397 452 judicentur,
1449 376 1750 450 prasertim
1783 384 1826 438 Α
1858 376 1975 447 ejus
2002 378 2321 450 Evangelio,
2373 376 2543 450 signis
2584 386 2641 434 et
2676 377 2938 450 prodigiis
2982 376 3119 448 ejus,
3146 376 3441 450 discipulo-

177 502 293 545 cum
324 480 476 538 nobis
523 476 807 533 monachis
838 475 971 531 nihil
1001 472 1243 530 liberalis
1285 471 1524 528 scientia
1551 478 1752 541 prater

174 573 488 638 Psalterium
518 570 684 626 licere
711 577 982 623 asserant.

239 668 386 723 Tunc
413 663 545 719 ille:
591 679 611 714 ‹
653 660 791 729 Quid
833 669 910 724 tu,
949 658 1045 725 ait,
1086 668 1274 713 eorum
1305 655 1388 710 vel
1417 654 1579 711 ullam
1612 653 1749 710 facis

171 758 523 820 mentionem,
574 754 664 822 qui
717 752 951 807 inimicis
988 750 1168 806 crucis
1195 748 1401 805 Christi
1449 746 1525 802 nil
1557 754 1748 816 putant

168 847 459 914 auctorale,
518 845 621 900 nisi
671 843 815 914 quod
868 842 970 913 ipsi
1021 839 1319 897 secundum
1373 853 1435 893 se
1480 844 1744 903 statuunt,

166 942 402 997 volentes
432 937 607 992 lucem
644 934 997 1005 professionis
1028 940 1249 997 nostra,
1272 930 1746 986 sanctissimorum

133 1084 137 1093 ,
168 1014 382 1087 Ρεῖιτυηι
405 1028 597 1099 jubare
626 1037 825 1091 ortam,
857 1025 1146 1096 caliginosa
1174 1024 1442 1093 dogmatis
1465 1014 1548 1077 sui
1573 1031 1746 1076 muta-

166 1125 306 1178 tione
333 1120 655 1177 obfuscare'!
683 1118 816 1173 Nam
847 1119 892 1174 si
924 1117 1263 1173 Psalmorum
1302 1116 1417 1171 sola
1448 1114 1605 1171 nobis
1652 1129 1748 1184 pe-

164 1216 285 1270 ritia
313 1212 558 1277 sufﬁciat,
583 1212 745 1279 unde,
773 1226 976 1281 quaso,
1009 1210 1174 1266 Vetus
1215 1220 1269 1264 et
1315 1208 1523 1263 Novum
1555 1206 1744 1263 Testa-

163 1316 426 1373 mentum,
453 1304 597 1361 unde
623 1303 744 1359 Vita
795 1303 1039 1368 Patrum,
1084 1303 1227 1357 unde
1272 1301 1606 1358 Collationes
1647 1300 1746 1355 Pa-

161 1398 485 1464 trum,unde
516 1396 794 1468 Dialogum
824 1394 1359 1466 Gregorii,aliosque
1373 1410 1441 1450 ex
1474 1401 1744 1464 praecepto

158 1488 328 1546 sancti
386 1486 662 1542 Benedicti
724 1501 820 1558 per
872 1500 1112 1542 annuum
1162 1484 1426 1540 circulum
1490 1484 1744 1555 legendos

154 1582 371 1640 codices
401 1578 708 1649 intelligere
756 1578 1097 1649 poterimus?
1133 1576 1324 1631 Nonne
1366 1592 1609 1632 summus
1652 1575 1744 1631 ille

153 1684 276 1748 post
325 1672 603 1743 apostolos
655 1671 910 1741 Ecclesiae
954 1670 1231 1741 plantator
1283 1669 1641 1742 Hieronymus
1687 1670 1739 1723 in

1857 485 2085 540 rumque
2110 470 2245 541 ejus,
2276 485 2376 525 nec
2419 485 2525 525 non
2557 471 2800 525 omnium
2854 469 3108 528 Ecclesia
3156 472 3442 530 doctorum

1852 560 2034 616 verbis
2078 568 2134 614 et
2164 560 2424 630 exemplis
2450 560 2517 615 ad
2561 560 2614 615 id
2658 561 2954 615 humanum
2981 576 3153 633 genus
3177 576 3469 633 provoca-5

1851 651 2010 719 verit,
2039 660 2312 722 quatenus
2334 651 2613 707 caelestem
2638 651 2824 707 vitalis
2868 653 3129 724 spiraculi
3164 662 3224 709 et
3249 653 3444 709 simili-

1850 740 2052 795 tudinis
2084 741 2176 795 Dei
2208 740 2600 796 sublimitatem
2658 741 3003 797 bareditaria
3038 742 3208 797 animi
3236 744 3441 798 virtute

1848 833 1977 887 velit
2002 832 2361 903 repossidcre.
2392 832 2592 889 Verum
2621 834 2782 890 etiam
2814 833 2968 904 cujus
3020 834 3259 890 innatam
3311 850 3474 914 san-ﬁ,

1847 926 2091 982 ctitatem
2125 926 2325 982 imitari
2358 927 2639 993 debemus,
2678 928 2961 999 physicum
3008 943 3227 1000 quoque
3255 931 3434 983 scien-

1850 1019 1936 1075 tia
1961 1018 2078 1088 ejus
2107 1034 2337 1076 acumen
2370 1022 2574 1083 studio,
2609 1037 2716 1092 quo
2766 1038 3072 1092 possumus,
3112 1024 3265 1093 sequi
3326 1040 3438 1080 non

1806 1144 1809 1145 ν
1846 1113 2020 1169 solum
2050 1112 2200 1179 licet,
2235 1115 2330 1170 sed
2362 1123 2420 1170 et
2455 1115 2725 1179 omnibus,
2762 1115 2852 1184 qui
2903 1117 3143 1185 practice
3193 1118 3437 1173 viventes

1848 1211 2112 1262 talentum
2134 1209 2386 1279 ingeniia
2422 1208 2652 1264 Domino
2708 1210 2986 1265 consecuti
3035 1219 3178 1275 sunt,
3212 1213 3280 1267 ab
3330 1212 3434 1267 hoc

1846 1299 2110 1357 exercitio
2132 1300 2431 1356 subsistere
2461 1301 2543 1357 fas
2560 1317 2666 1355 non
2692 1313 2798 1357 est.

1917 1389 2208 1447 Videamus
2230 1400 2411 1446 autem
2434 1393 2479 1446 si
2510 1392 2790 1462 sapientia
2812 1390 2930 1461 ejus
2969 1390 3287 1463 plehitudini
3318 1394 3437 1450 hac

1846 1482 1913 1538 de
1941 1497 2047 1552 qua
2077 1483 2291 1553 agimus
2321 1483 2605 1552 disciplina
2635 1484 2869 1539 defuerit
2902 1485 2955 1539 in
2987 1485 3125 1541 libro
3172 1484 3434 1542 Collatin-

1845 1575 2105 1644 num,qui
2139 1574 2389 1629 maxima
2418 1574 2758 1631 auctoritatis
2788 1575 3042 1641 habetur,
3075 1576 3148 1631 ita
3170 1577 3434 1647 scriptum

1844 1673 1969 1719 cst:
2006 1682 2024 1717 ‹
2067 1665 2150 1719 Ab
2190 1665 2280 1719 illa
2310 1680 2435 1720 vera
2466 1666 2703 1737 physica
2748 1666 3101 1737 philosophia
3149 1668 3435 1740 disciplina

153 1739 390 1824 homiliis
419 1775 475 1820 et
501 1765 928 1836 expositionibus
955 1764 1068 1819 suis
1109 1764 1307 1833 sapius
1331 1764 1536 1818 eisdem
1583 1777 1735 1825 usus,
1780 1739 1826 1800 Β
1854 1755 2102 1812 homines
2128 1757 2482 1823 exciderunt,
2532 1774 2694 1829 quam
2724 1759 2932 1830 Primus
2981 1761 3143 1817 homo
3170 1761 3290 1829 me.
3340 1765 3435 1834 qui

151 1860 310 1930 hujus
337 1873 489 1913 vena
512 1856 785 1912 metallum
816 1857 1118 1925 purissima
1139 1853 1306 1911 divini
1323 1854 1521 1926 eloquii
1548 1870 1739 1912 massa

149 1950 386 2006 conﬁat?
416 1949 475 2005 Si
528 1949 838 2005 dulcisonus
889 1949 979 2005 ille
1028 1947 1268 2004 calestis
1314 1948 1467 2003 verbi
1521 1947 1737 2004 tubicen

148 2040 443 2111 Gregorius
467 2040 765 2097 dialecticae
781 2040 918 2096 artis
940 2054 1137 2110 expers
1163 2040 1215 2095 in
1240 2039 1530 2096 universali
1556 2055 1736 2094 rerum

145 2131 386 2189 essentia
421 2132 691 2204 triplicem
726 2132 834 2187 vim
890 2133 1087 2188 anima
1133 2132 1470 2203 ignorasset,
1500 2131 1628 2203 quid
1671 2131 1739 2188 de

145 2226 239 2282 illo
267 2223 623 2293 Evangelia:
680 2241 699 2275 ι
757 2224 959 2279 Euntes
1010 2224 1065 2278 in
1121 2224 1380 2279 mundum
1423 2223 1736 2280 universum

142 2315 435 2386 pradicate
463 2312 815 2384 Evangelium
832 2312 978 2368 omni
1006 2322 1291 2381 creatura,
1323 2332 1342 2367 δ
1372 2327 1526 2384 aque
1546 2311 1738 2383 jucun-

142 2409 270 2465 dum
300 2407 670 2464 Intonuisset?
699 2408 987 2479 Exponens
1017 2423 1253 2486 namque
1288 2408 1363 2463 ait
1394 2426 1407 2461 :
1446 2425 1466 2460 ι
1503 2407 1736 2478 Lapides

64 2528 65 2531 η
137 2508 287 2567 sunt,
315 2499 414 2555 sed
443 2514 547 2554 nec
594 2498 782 2554 vivunt
834 2514 934 2555 nec
967 2499 1231 2555 sentiunt.
1274 2499 1511 2556 Arbusta
1560 2508 1730 2555 sunt:

138 2591 328 2647 vivunt
355 2590 607 2663 quidem,
638 2592 733 2647 sed
785 2606 894 2645 non
946 2590 1208 2647 sentiunt.
1267 2590 1433 2647 Bruta
1478 2589 1736 2647 animalia

135 2691 265 2739 sunt
296 2700 310 2737 :
344 2682 565 2750 vivunt,
596 2682 859 2746 sentiunt,
894 2680 987 2736 sed
1020 2695 1124 2735 non
1157 2680 1496 2736 discernunt.
1548 2680 1733 2753 Angeli

137 2782 266 2831 sunt
293 2791 310 2829 :
337 2775 557 2839 vivunt,
582 2774 824 2853 sentiunt
850 2784 905 2827 et
936 2772 1273 2829 discernunt.
1318 2773 1507 2829 Omnis
1551 2782 1732 2829 autem

135 2876 412 2923 creatura
439 2866 646 2937 aliquid
667 2864 830 2921 habet
866 2865 1046 2919 homo.
1082 2864 1255 2919 Habet
1278 2866 1421 2919 enim
1450 2879 1734 2920 commune

133 2971 257 3012 use
280 2972 408 3011 cum
450 2956 740 3026 lapidibus,
792 2955 973 3010 vivere
1013 2970 1137 3010 cum
1178 2956 1483 3020 arboribus,
1529 2958 1731 3012 sentire

130 3065 259 3105 cum
286 3047 644 3112 animalibus,
681 3046 984 3118 intelligere
1029 3062 1153 3101 cum
1205 3044 1428 3117 angelis.
1479 3045 1534 3101 Si
1568 3046 1732 3118 igitur

132 3155 430 3195 commune
460 3139 627 3195 habet
650 3138 851 3207 aliquid
877 3154 999 3194 cum
1052 3139 1199 3203 omni
1244 3148 1491 3193 creatura
1543 3139 1722 3193 homo.

126 3228 282 3299 juxta
350 3230 562 3300 aliquid
622 3231 803 3285 omnis
852 3239 1101 3284 creatura
1147 3231 1328 3286 homo.
1377 3230 1533 3285 Omni
1573 3245 1724 3301 ergo,

128 3330 409 3378 creatura
439 3323 769 3392 praedicatur
797 3320 1171 3392 Evangelium,
1220 3336 1344 3376 cum
1380 3321 1479 3376 soli
1525 3321 1731 3378 homini

130 3414 504 3484 praedicatur.
541 3431 561 3466 ι
596 3411 746 3468 Licet
768 3413 1025 3469 nimirum
1072 3420 1130 3467 et
1154 3426 1281 3467 vere
1308 3412 1462 3467 decet
1498 3426 1596 3467 nos
1636 3426 1732 3467 sa-

94 3505 375 3561 ‘cularem
424 3504 825 3575 philosophiam
874 3503 1250 3576 investigando
1290 3519 1483 3558 aurum
1517 3503 1570 3558 in
1616 3504 1729 3560 luto

122 3608 407 3667 quaerere.
450 3593 739 3665 Egyptum
774 3592 1029 3664 spoliare,
1085 3592 1387 3648 odoriferos
1437 3589 1643 3646 fructus
1674 3592 1727 3647 in

123 3686 306 3756 spinis
336 3702 592 3757 carpere,
624 3685 668 3740 si
700 3694 881 3739 tamen
931 3683 1188 3739 eﬂ'ossum
1229 3683 1302 3738 ibi
1343 3682 1618 3739 metallum
1659 3682 1729 3738 ad

122 3779 591 3851 purgatissimum
643 3777 782 3832 sacri
822 3776 1020 3847 eloquii
1074 3777 1385 3831 thesaurum
1436 3774 1727 3831 transfera-

120 3885 288 3936 mus;
326 3870 376 3925 sl
412 3870 597 3925 evulsa
628 3869 701 3924 ibi
727 3868 991 3939 plantaria
1016 3868 1158 3923 inter
1207 3868 1615 3938 pigmentiferas
1641 3885 1727 3923 ar-

118 3961 291 4017 bores
315 3962 440 4033 agri
475 3961 640 4031 pleni,
666 3975 827 4030 quem
860 3960 1138 4015 benedixit
1195 3961 1471 4024 Dominus,
1514 3961 1729 4018 decenti

116 4055 320 4109 ordine
371 4067 753 4113 conseramus.
821 4052 889 4107 Et
942 4053 987 4107 si
1027 4052 1249 4123 profana
1308 4052 1540 4120 illorum,
1591 4069 1729 4126 quos

30 4208 37 4215 ,
117 4146 281 4211 dicis,
317 4161 391 4201 eo
425 4160 599 4216 usque
628 4154 945 4216 prorumpat
975 4146 1207 4212 inSania,
1234 4155 1292 4200 ut
1320 4159 1726 4203 sacrosanctam

116 4246 411 4295 tantorum
444 4238 684 4293 virorum
718 4236 860 4302 ideo,
890 4237 1014 4307 quia
1045 4238 1294 4292 monachi
1345 4239 1579 4304 fuerant,
1628 4253 1725 4293 au-

115 4316 450 4385 ctoritatem
475 4336 762 4395 nauseant,
800 4329 1061 4384 validiore
1108 4328 1284 4384 adhuc
1320 4328 1530 4383 ratione
1551 4344 1614 4384 os
1636 4345 1727 4385 eo—

1842 1848 2221 1904 universarum
2289 1858 2611 1906 naturarum
2669 1852 3065 1909 institutionem
3120 1869 3156 1911 e
3205 1856 3435 1928 vestigio

1841 1936 2163 1994 subsecutus
2190 1947 2295 2005 est,
2325 1940 2502 2010 potuit
2553 1942 2838 1997 evidenter
2886 1944 3176 2014 attingere,
3219 1954 3274 2002 et
3318 1947 3435 2004 suis

1839 2029 2074 2099 posteris
2099 2038 2246 2085 certa
2270 2030 2484 2087 ratione
2503 2033 2892 2099 transmittere,
2907 2034 3107 2105 quippe
3128 2035 3219 2106 qui
3242 2036 3433 2093 mundi

1839 2118 2010 2190 ipsius
2057 2119 2342 2176 infantiam
2399 2122 2579 2179 adhuc
2635 2131 2876 2179 teneram
2922 2133 2979 2180 et
3029 2126 3432 2197 quodammodo

1837 2208 2190 2281 palpitantem
2244 2211 2547 2284 ru'demque
2596 2212 2955 2286 conspexerat
2999 2234 3014 2271 :
3064 2229 3120 2274 et
3160 2218 3213 2275 i‘n
3267 2236 3431 2291 quem

1841 2309 1990 2355 tanta
2020 2301 2124 2355 fuit
2152 2318 2257 2356 non
2289 2303 2464 2358 solum
2498 2304 2780 2375 sapientia
2811 2307 3111 2377 plenitudo,
3141 2311 3236 2365 sed
3261 2311 3428 2366 etiam

1838 2391 2010 2460 gratia
2037 2393 2336 2463 prophetia
2361 2394 2557 2450 divina
2603 2396 2693 2452 illa
2723 2398 3087 2457 insufﬂatione
3121 2403 3420 2471 transfusa,

1838 2496 1898 2541 ut
1920 2502 2026 2542 non
2059 2488 2232 2544 solum
2263 2491 2675 2563 omnigenarum
2703 2492 3002 2549 bestiarum
3027 2504 3189 2566 atque
3210 2512 3430 2569 serpen-

1838 2575 1973 2632 tium
2001 2577 2216 2635 furores
2238 2581 2497 2652 virusque
2512 2574 2865 2652 discerneret,
2892 2586 2986 2641 sed
3009 2589 3173 2643 etiam
3199 2590 3428 2647 virtutes

1837 2667 2130 2726 herbarum
2160 2681 2215 2727 et
2240 2672 2496 2729 arborum
2540 2674 2891 2747 lapidumque
2916 2688 3165 2746 naturas,
3198 2693 3262 2736 ac
3289 2690 3427 2737 tem-

1836 2775 2027 2830 porum
2052 2764 2284 2818 necdum
2310 2775 2656 2835 expertorum
2673 2767 3080 2841 vicissitudines
3105 2771 3423 2840 partiretur,

1834 2852 1909 2908 ita
1956 2861 2017 2908 ut
2051 2857 2288 2925 potuerit
2332 2857 2625 2915 eﬂicaciter
2658 2860 2879 2917 dicere:
2917 2880 2936 2913 ι
2970 2861 3232 2919 Dominus
3274 2865 3426 2920 dedit

1837 2962 1857 2997 ι
1905 2946 2040 3002 mihi
2064 2962 2250 3003 eorum
2292 2964 2413 3020 qua
2442 2961 2571 3007 sunt
2600 2953 2883 3008 scientiam
2924 2969 3132 3023 veram,
3166 2965 3227 3012 ut
3253 2958 3431 3014 sciam

1839 3052 1860 3086 ι
1909 3034 2327 3104 dispositionem-
2348 3039 2497 3096 orbis
2525 3049 2816 3107 terrarum,
2851 3051 2908 3098 et
2926 3044 3157 3101 virtutes
3187 3046 3417 3104 elemeno

1843 3141 1861 3175 ι
1910 3132 2109 3193 torum,
2132 3126 2344 3183 initium
2371 3138 2427 3184 et
2446 3131 2972 3188 consummationem
2992 3144 3049 3190 et
3076 3136 3423 3195 medietatem

1841 3235 1859 3269 ι
1907 3226 2233 3289 temporum,
2278 3220 2718 3277 vicissitudinum
2767 3225 3176 3283 immutationes
3208 3236 3260 3283 et
3288 3229 3428 3285 divi-

1840 3331 1859 3364 ε
1905 3312 2084 3368 siones
2129 3323 2454 3385 temporum,
2509 3331 2777 3372 annorum
2821 3333 3014 3375 cursus
3055 3328 3110 3375 et
3140 3321 3420 3379 stellarum

1840 3419 1861 3455 ι
1906 3404 2310 3474 dispositiones,
2325 3413 2549 3462 naturas
2572 3407 2886 3464 animalium
2910 3418 2965 3465 et
2981 3410 3088 3466 iras
3101 3412 3421 3481 bestiarum,

1839 3511 1861 3547 ε
1906 3496 2015 3550 vim
2044 3496 2332 3567 Spirituum
2358 3504 2414 3552 et
2443 3498 2884 3555 constitutionem
2922 3502 3224 3569 hominum,
3268 3503 3425 3561 diffe-

1840 3602 1861 3637 r
1906 3587 2112 3641 re'ntias
2136 3587 2394 3643 arborum
2428 3597 2487 3644 et
2512 3588 2743 3648 virtutes
2770 3592 3037 3658 radicum,
3085 3602 3141 3649 et
3167 3609 3425 3664 quacun-

1842 3696 1863 3730 ι
1907 3693 2013 3748 que
2034 3687 2159 3733 sunt
2186 3679 2526 3748 abscondita,
2570 3684 2625 3741 in
2664 3695 2914 3756 promptu
2943 3686 3189 3757 cognovi.
3227 3705 3247 3739 ι
3280 3687 3424 3745 Ecce

1834 3784 1902 3825 ex
1937 3784 2101 3839 quam
2134 3770 2512 3841 limpidissimo
2533 3774 2682 3832 fonte
2713 3791 2812 3832 nos
2836 3776 2950 3850 [ad]
2979 3779 3145 3835 totius
3182 3781 3423 3852 quadru-

1832 3862 1905 3917 vii
1936 3863 2278 3933 disciplinam
2330 3881 2428 3935 per
2480 3868 2730 3925 naturale
2781 3869 3079 3943 ingenium.
3116 3874 3270 3943 quasi
3323 3890 3423 3946 per

1830 3957 2079 4025 quadam
2104 3957 2400 4027 spiramina
2428 3959 2593 4015 etiam
2618 3962 2772 4017 inviti
2796 3964 3157 4020 attrahimur!
3189 3966 3421 4037 Ideoque

1830 4048 2107 4112 omnibus,
2131 4046 2226 4118 qui
2259 4048 2498 4120 maligna
2529 4050 2845 4121 loquuntur,
2875 4054 3035 4125 plane
3064 4054 3328 4122 confusis,
3363 4058 3416 4113 in

1832 4140 2052 4195 nomine
2083 4137 2221 4206 ejus,
2253 4139 2344 4207 qui
2372 4150 2627 4195 numerat
2655 4142 3054 4199 multitudinem
3110 4145 3415 4209 stellarum.

1831 4240 1888 4287 et
1913 4231 2166 4286 omnibus
2185 4232 2265 4287 eis
2296 4232 2515 4286 nomina
2543 4242 2718 4296 vocat,
2759 4236 3152 4293 astronomiam
3177 4251 3420 4300 nostram

1833 4324 2113 4394 proposito
2144 4322 2424 4395 dia10gica
2462 4324 2913 4383 confabulationis
2958 4327 3155 4385 itinere
3197 4343 3429 4401 percur.

112 4436 242 4475 rum
271 4420 657 4487 obstruamns,
681 4429 740 4475 ut
764 4420 978 4491 penitus
1001 4429 1147 4476 mnta
1182 4420 1311 4476 flant
1342 4420 1480 4476 labia
1515 4421 1723 4489 dolosa,
1762 4444 1803 4499 υ
1836 4433 2041 4493 ramus.

111 4526 242 4580 qua
270 4511 593 4581 loquuntur
615 4512 877 4567 adversus
907 4511 1175 4583 justitiam
1198 4512 1535 4584 iniquitatem
1560 4513 1613 4567 in
1642 4529 1729 4568 su-

109 4602 315 4672 perbia
352 4611 415 4656 et
448 4602 501 4656 in
533 4602 815 4658 abusione.

185 4693 483 4749 Omnibus
528 4694 815 4749 catholicis
870 4693 1111 4751 inidiotis
1160 4695 1363 4767 liquido
1406 4707 1554 4766 patet
1580 4698 1726 4769 quia,

106 4796 363 4858 excepto
397 4784 543 4841 Filio
575 4785 828 4851 hominis,
858 4787 947 4856 qui
976 4802 1139 4856 super
1167 4803 1355 4855 omnes
1377 4798 1481 4855 est,
1517 4791 1570 4844 in
1584 4791 1728 4846 omni

107 4880 373 4934 humana
409 4877 727 4950 propagine,
762 4877 853 4932 illo
879 4878 1219 4949 protoplasto
1248 4881 1418 4936 Adam
1464 4882 1597 4937 nihil
1634 4900 1733 4938 un-

101 4986 287 5043 quam
342 4969 600 5025 sanctius
647 4967 809 5025 fuerit
865 4984 966 5025 nec
1018 4972 1156 5037 erit,
1208 4972 1418 5029 scilicet
1460 4975 1553 5045 qui
1607 4986 1733 5033 ante

106 5059 640 5131 transgressionem
665 5060 866 5115 bonum
913 5062 1234 5117 naturaliter
1278 5064 1479 5129 sciens,
1529 5065 1729 5121 malum

99 5152 447 5223 nesciebat.
476 5150 754 5220 Siquidem
785 5160 947 5208 tanta
971 5163 1091 5209 erat
1134 5146 1457 5224 sanctitatis,
1481 5166 1562 5225 ut,
1585 5170 1732 5229 post-

99 5261 284 5316 quam
320 5243 429 5297 illo
458 5241 513 5297 in
544 5243 705 5313 hujus
734 5245 920 5299 mundi
958 5245 1152 5302 exsilio
1192 5248 1379 5317 procul
1425 5250 1587 5307 dubio
1633 5266 1732 5321 pro

96 5336 275 5407 culpa
316 5335 616 5400 damnato,
642 5335 886 5406 ingenita
917 5337 1082 5392 menti
1126 5336 1241 5406 ejus
1267 5341 1473 5409 puritas
1493 5358 1522 5397 a
1552 5354 1732 5413 poste-

95 5423 510 5493 ritatisipsius
540 5425 877 5496 malignitate
903 5432 1069 5501 capit
1095 5430 1531 5502 depravari,pius
1560 5436 1733 5492 factor

94 5515 315 5572 dolens
356 5514 439 5567 ab
470 5514 718 5585 originali
750 5518 945 5575 divina
996 5523 1222 5578 rationis
1263 5523 1521 5595 dignitate
1560 5525 1731 5580 factu-

94 5602 243 5665 ram‘
261 5620 448 5662 suam
475 5606 850 5677 denobilitare,
889 5613 1063 5681 primo
1111 5615 1479 5685 patriarchas,
1538 5618 1731 5675 deinde

92 5700 231 5774 lege
282 5714 361 5755 ex
427 5700 731 5768 prophetis,
766 5702 1055 5760 novissime
1084 5707 1304 5777 proprio
1334 5708 1469 5763 Filio
1521 5725 1618 5765 suo
1674 5719 1729 5766 et

591 5792 863 5856 ΡΑτιιοι..
909 5794 1032 5867 CL,

1904 4509 2043 4565 Tum
2068 4524 2171 4579 ego
2193 4511 2563 4579 validissimis,
2596 4510 2837 4582 inquam,
2870 4514 3263 4580 assertionibus
3292 4529 3413 4582 'me,
3460 4540 3469 4578 ι

1836 4601 2004 4657 frater
2023 4603 2393 4670 dilectissime,
2423 4613 2478 4658 et
2516 4616 2706 4660 contra
2750 4606 3092 4664 adversarios
3138 4608 3411 4673 animasti,

1834 4703 1889 4749 et
1912 4708 1981 4749 ne
2018 4692 2184 4763 jussis
2233 4696 2341 4751 tuis
2379 4697 2521 4751 ultra
2571 4696 2826 4753 resistere
2868 4699 3123 4765 audeam,
3166 4706 3415 4768 potenter

1832 4783 2101 4853 obligasti.
2134 4784 2239 4841 Sed
2270 4801 2331 4841 ea
2384 4788 2634 4843 mercede
2683 4789 3018 4859 obtempero,
3052 4798 3130 4853 ut,
3163 4790 3288 4860 quia
3311 4803 3414 4861 ego

1836 4871 2020 4941 figuris
2047 4874 2225 4931 adhuc
2242 4882 2300 4939 et
2321 4874 2567 4943 pluribus
2596 4877 2971 4934 instrumentis
2993 4878 3059 4934 ad
3103 4880 3202 4935 ista
3245 4880 3407 4947 perti-

1835 4964 2087 5017 nentibns
2114 4970 2351 5032 gravrter
2396 4966 2741 5034 occupandus
2776 4983 2919 5034 sum,
2965 4977 3022 5023 tu
3066 4968 3409 5025 collationem

1834 5063 2073 5109 nostram
2115 5053 2329 5119 litteris,
2356 5058 2810 5123 quemadmodum
2827 5061 3146 5130 promisisti,
3177 5059 3404 5131 replica-

1836 5154 1941 5199 tam
1969 5144 2244 5217 expedias,
2276 5154 2383 5201 eto.
3322 5136 3335 5144 ’

2421 5304 2613 5375 Incipit
2638 5304 2805 5375 Opus.

1902 5438 2069 5509 [gitur
2113 5453 2144 5493 a
2187 5438 2433 5495 solstitiis
2493 5450 2549 5496 et
2587 5441 2928 5511 aquinoctiis
2968 5444 3101 5499 ordo
3146 5444 3390 5503 adiuven-

1830 5531 2034 5586 tionum
2066 5539 2373 5586 nostrarum
2405 5534 2569 5588 sumit
2602 5537 2908 5603 exordium,
2950 5538 3075 5609 quia
3124 5540 3403 5597 hominum

1830 5624 2004 5678 adhuc
2064 5624 2365 5680 naturalem
2418 5627 2707 5687 terminum
2761 5631 3045 5700 ignorans,
3097 5632 3265 5689 multa
3324 5634 3400 5689 fa.

1833 5723 1966 5779 teor,
1990 5723 2098 5769 etc.
2584 5728 2587 5731 λ

2689 5811 2769 5871 52
