4286 6466
755 427 822 487 1i
1917 441 2170 502 CONST.
2217 443 2430 502 ῘΙΛΠΜ
2447 443 2851 504 ENOPULUS
3940 456 4002 519 l2

764 547 918 599 iris-is
957 549 1122 599 Anna:
1151 542 1541 616 Palmologinm,
1590 549 1855 616 lmjusquc
1895 551 2012 612 ﬁlii,
2057 551 2279 604 Joannis
2314 551 2594 621 l'ala‘ologi
2625 569 2752 606 ann.
2801 569 2827 604 a
2864 566 3049 608 creato
3103 558 3301 610 mundo
3332 558 3493 624 6855,
3542 564 3594 618 Ιι,
3627 579 3674 619 e.
3710 578 3837 620 snn.
3865 567 3994 620 Chr.

768 634 924 695 1515,
978 646 1025 685 et
1085 645 1367 698 retractat,
1423 637 1650 687 aliorum
1692 638 1818 689 ttlilll
1878 649 2098 692 xecntus
2140 640 2395 700 rationes,
2457 642 2778 692 sententiain
2833 651 2986 693 antea
3039 643 3178 696 libro
3228 661 3255 693 ν
3287 645 3590 702 Comment.
3649 652 3700 703 in
3742 652 3904 708 India.
3961 672 3994 718 t,

767 735 816 784 p.
848 722 950 771 088
976 737 1082 785 sq.,
1117 731 1170 771 et
1228 723 1321 774 ’171
1357 722 1472 790 (sed
1514 739 1560 775 υ.
1608 724 1814 776 Knllar.
1852 727 2006 789 ibim,
2045 743 2095 793 p.
2122 728 2247 794 555)
2277 731 2560 794 prolatam,
2595 732 2876 799 rejicilque
2911 734 3196 800 opiniones
3225 737 3433 790 Tlieod.
3464 739 3563 792 Ad.
3597 736 3992 812 Svdletuberg.

763 805 852 870 (1⁷.
890 817 1072 872 ιιιιςιιιιι
1101 807 1169 860 ad
1196 819 1329 860 sect.
1355 808 1420 870 ll,
1452 808 1756 876 Marquardi
1786 808 2008 863 Freberi
2059 815 2109 864 in
2148 813 2525 884 Gltrouologia,
2571 819 2786 886 praeﬁxa
2808 818 2924 873 Jttri
2947 821 3138 875 Grmco
3171 822 3436 884 llomano,
3471 842 3532 878 ac.
3562 827 3783 897 Joseplii
3813 805 4004 888 Marias

762 893 998 944 Suaresii
1040 895 1091 944 iit
1127 893 1323 947 Nutilia
1363 895 1715 949 Basilicarum
1747 898 1885 965 (12),
1923 899 2014 967 qui
2055 910 2266 954 a-tatem
2300 903 2635 957 Constantini
2671 904 2927 960 "arinen.
2967 908 3256 976 alligarunt
3286 925 3336 964 a.
3363 911 3425 966 C.
3465 914 3604 969 1145
3631 893 3797 984 (quos
3828 922 3992 972 etiam

761 993 974 1032 secutus
998 990 1079 1032 cst
1116 981 1276 1034 liurc.
1309 981 1568 1037 Gottlielf.
1602 985 1793 1040 Struv.
1823 986 1875 1038 iu
1909 984 2145 1040 Historia
2186 990 2346 1055 juris,
2382 991 2514 1043 lente
2547 992 2704 1054 1718,
2737 993 2790 1048 4.
2816 1009 2867 1060 p.
2900 994 2996 1046 3M
3028 1010 3091 1048 ac
3114 996 3278 1060 605);
3311 1008 3473 1065 atque
3506 981 3995 1068 hebeti-ntroin,

760 1069 810 1118 in
851 1066 1082 1119 Manuali
1109 1069 1248 1133 juris
1277 1070 1355 1138 (p.
1391 1070 1478 1131 79,
1509 1071 1638 1124 edit.
1678 1072 1733 1124 11
1775 1073 1982 1127 Genev.
2017 1075 2173 1138 1710,
2228 1076 2344 1142 12);
2383 1093 2444 1130 ac
2480 1079 2713 1146 Philippi
2750 1080 2949 1134 Labbei
3004 1082 3056 1134 in
3107 1083 3360 1139 Biblioth.
3395 1088 3704 1158 cltronolog.
3744 1091 3851 1146 SS.
3895 1066 3992 1144 Εεέ

760 1152 902 1215 ciem,
936 1155 1024 1221 qui
1068 1155 1211 1207 illius
1239 1167 1452 1210 tetatem
1486 1158 1786 1212 retulerunt
1822 1160 1886 1211 ad
1922 1176 2050 1215 anu.
2080 1161 2210 1217 Chr.
2259 1165 2426 1229 “50;
2467 1166 2717 1220 Cliristfr.
2751 1184 2964 1237 quoque
3006 1160 3386 1227 Waechtlcrus
3441 1176 3493 1229 in
3528 1152 3751 1246 Opusr.,
3791 1197 3841 1246 p.
3873 1182 3996 1241 59l,

760 1244 1031 1309 vulgarem
1065 1245 1392 1297 sententiam
1421 1246 1719 1314 amplexus,
1749 1246 2207 1316 11ειι-ιιιθιιοιιιι1ιιιιι
2231 1251 2340 1318 jam
2371 1267 2495 1306 saec.
2527 1270 2599 1305 xu
2631 1255 2835 1310 vixisse
2859 1259 3162 1323 contendit,
3194 1260 3290 1315 sed
3325 1263 3444 1315 ideo
3478 1244 3700 1319 notatus
3723 1283 3751 1319 a
3778 1269 3996 1320 'l‘rotzio

759 1331 807 1377 in
838 1329 1042 1394 praefat.
1088 1330 1152 1382 ad
1184 1329 1509 1385 Wacciitleri
1537 1331 1733 1399 Opusc.
1768 1350 1820 1402 p.
1872 1333 1937 1387 75
1975 1337 2197 1401 aliique.
2238 1337 2351 1392 Vid.
2386 1342 2450 1392 ad
2490 1343 2582 1394 tiu.
2633 1345 2911 1412 sequentis
2960 1348 3282 1414 paragraplii
3317 1351 3372 1406 2.
3396 1382 3463 1390 —
3491 1353 3687 1406 Contra
3727 1357 3792 1408 de
3837 1369 4000 1409 aetate

759 1418 870 1483 ejus
901 1435 1022 1468 rum
1064 1417 1311 1470 Fabricio
1341 1421 1689 1472 consentiunt
1719 1419 1915 1475 Oudin.
1951 1423 2000 1474 itt
2034 1424 2337 1477 Cmnment.
2365 1425 2432 1478 de
2462 1425 2558 1480 SS.
2597 1430 2800 1482 lireles.
2846 1443 2975 1487 tom.
3014 1433 3104 1495 Ill,
3139 1450 3189 1502 p.
3223 1436 3349 1498 921,
3377 1440 3441 1490 ad
3467 1457 3592 1491 ann.
3628 1441 3808 1505 1540;
3841 1439 4000 1497 Haut-

758 1507 951 1569 lverger
983 1506 1034 1557 iit
1074 1506 1380 1559 Zuverlt‘iss.
1414 1507 1753 1570 Nacliricht.,
1787 1520 1824 1562 t.
1881 1508 1970 1572 IV,
2004 1526 2056 1579 p.
2092 1510 2195 1562 615
2242 1527 2360 1579 sq.;
2397 1513 2611 1578 Saxius,
2650 1517 2700 1567 in
2739 1516 2931 1570 Onam.
2975 1520 3083 1581 tit.,
3117 1533 3258 1588 part.
3294 1539 3352 1584 ll,
3404 1542 3453 1589 p.
3493 1528 3598 1578 56ῗί
3628 1544 3738 1596 sq.,
3772 1532 3835 1582 ad
3868 1550 3993 1584 anu.

760 1595 916 1656 1515,
951 1595 1040 1660 qui
1073 1604 1330 1661 praeterea
1367 1594 1550 1662 plures
1584 1599 1731 1649 viros
1761 1597 1956 1652 doctos
1989 1600 2256 1666 pracipuc
2291 1600 2585 1666 scriptores
2618 1602 2827 1658 Hister.
2853 1606 2997 1673 juris
3031 1609 3095 1659 de
3125 1624 3189 1663 eo
3217 1610 3429 1676 laudat;
3469 1614 3729 1681 Sammet,
3767 1619 3818 1672 in
3853 1621 3998 1687 Opit-

758 1682 941 1742 ςιτιιιίε,
969 1681 1114 1745 Lips.
1153 1682 1313 1744 1765,
1364 1682 1419 1745 4,
1463 1699 1518 1751 p.
1562 1683 1661 1742 '50;
1697 1682 2036 1750 —-Jo..\ug.
2082 1685 2332 1750 Baebius,
2363 1688 2413 1738 in

2300 1705 2332 1750 ι,
2363 1688 2413 1738 in
2453 1688 2590 1740 llist.
2616 1690 2918 1757 jttrisprttd.
2951 1693 3129 1756 Noun,
3170 1706 3225 1748 et
3250 1697 3388 1767 Aug.
3427 1701 3596 1757 Corn.
3634 1681 3992 1765 Sloeltinaim.

757 1772 807 1821 in
833 1769 955 1821 Not.
995 1771 1059 1822 ad
1095 1770 1261 1830 illam.
1295 1786 1345 1836 p.
1371 1771 1476 1824 65E)
1506 1787 1587 1839 sq.
1627 1771 1714 1823 ed.
1742 1773 1976 1839 quintio;
2014 1772 2165 1825 Polil.
2199 1776 2266 1825 ad
2310 1774 2532 1829 Suares.
2568 1778 2600 1830 Ι.
2642 1793 2690 1830 c.
2726 1795 2778 1846 p.
2811 1782 2897 1842 16,
2935 1785 3025 1848 qui
3063 1800 3182 1851 pag.
3219 1785 3284 1837 17
3334 1803 3456 1855 sqq.
3490 1792 3772 1847 editiones-
3811 1811 3997 1847 reet-n-

755 1867 871 1919 set;
915 1869 968 1909 et
1007 1859 1134 1910 Car.
1169 1858 1315 1911 Fritl.
1359 1857 1656 1926 Zepernick
1699 1860 1764 1912 ad
1805 1861 2034 1926 Caspar.
2072 1862 2265 1916 At-htit.
2314 1863 2470 1916 Beck.
2512 1863 2586 1917 De
2618 1865 2854 1921 Novellis
2887 1867 3075 1922 Leonis
3110 1872 3356 1940 Augusti,
3385 1887 3517 1940 ete.,
3558 1877 3702 1932 Ilalze
3743 1883 3900 1944 1779,
3932 1886 3989 1942 8.

755 1965 806 2085 p.
840 1946 909 1997 ‘22
937 1962 1054 2015 sqq.
1096 1947 1232 2000 Add.
1264 1963 1433 2000 meam
1471 1949 1793 2010 Introtluct.,
1820 1960 1952 2013 ctc.,
1980 1949 2042 2011 ll,
2078 1959 2216 2018 part.
2250 1967 2286 2013 ι,
2322 1967 2376 2021 p.
2414 1952 2518 2007 559
2549 1969 2631 2022 sq.
2679 1966 2732 2008 et
2770 1953 3152 2026 Supplementa
3211 1963 3277 2014 ad
3331 1963 3500 2030 illam,
3549 1966 3615 2027 ll,
3643 1985 3760 2038 pag.
3809 1970 3869 2023 61
3908 1990 3990 2040 sq.

784 2033 980 2085 IIAItI..l

784 2033 980 2104 11Α1ι1..)

1753 2193 2090 2250 Constantini
2120 2194 2507 2268 Harmenomtli
2541 2202 2741 2267 scripta
2777 2202 2944 2258 edita.

826 2348 862 2389 1.
903 2335 1232 2402 Ἐξάῦιϐλος,
1272 2336 1383 2390 sive
1414 2337 1711 2406 Πρόχοιρον
1749 2341 1950 2404 νόμων,
1982 2335 2420 2405 Promptuarium
2444 2342 2518 2406 jui

2292 2338 2420 2390 rium
2444 2339 2580 2406 juris
2611 2337 2781 2391 civilis
2812 2339 2863 2391 in
2894 2352 2986 2394 sex
3009 2340 3196 2405 libros,
3224 2339 3408 2397 titulos
3457 2343 3694 2400 LXXXII
3724 2350 3984 2414 divisum.

751 2427 894 2493 quod
923 2439 1024 2477 mn
1058 2440 1179 2480 cum
1222 2422 1416 2487 Eclnga
1463 2425 1634 2493 legum
1675 2425 2038 2493 georgicorum
2058 2440 2122 2476 ea:
2179 2425 2325 2492 jure.
2356 2423 2723 2490 Justinianeo,
2757 2426 2944 2480 Graece
2985 2443 3115 2481 cura
3157 2427 3488 2486 Tlicodorici
3550 2437 3788 2491 Adainmi
3828 2439 3983 2498 Sual-

753 2513 1033 2579 lembergii
1063 2514 1240 2565 lucem
1275 2513 1413 2564 vidit
1444 2512 1674 2565 Parisiis
1707 2511 1844 2579 apud
1871 2512 2244 2565 Christianum
2287 2511 2609 2565 Wecbelum
2648 2514 2806 2579 1540,
2836 2514 2888 2575 4,
2918 2513 3107 2568 Latine
3136 2518 3298 2570 vellit
3329 2520 3390 2571 D.
3424 2518 3777 2580 Bcrnliardus
3810 2544 3837 2580 a
3875 2527 3984 2601 Roy

749 2598 941 2652 Colon.
986 2599 1142 2662 1547,
1169 2599 1223 2663 8,
1264 2601 1404 2667 apud
1432 2598 1723 2652 Martinam
1756 2598 2099 2668 Gympicuin,
2133 2611 2188 2652 et
2229 2616 2292 2653 ex
2343 2600 2577 2654 secunda
2632 2603 3010 2670 recognitione
3047 2603 3176 2657 ibid.
3208 2608 3348 2672 apud
3387 2609 3746 2667 Gualtlicrnin
3791 2598 3986 2673 Fabi-iv-

751 2688 892 2739 cium
924 2687 1084 2749 1550,
1115 2689 1167 2743 8.
1198 2686 1409 2740 Etcum
1443 2686 1759 2741 Enchiridio
1795 2704 1990 2741 usuum
2025 2687 2324 2741 leudalium
2363 2705 2457 2756 per
2492 2691 2840 2757 interpretem
2878 2691 3084 2757 addita,
3120 2693 3280 2757 l566,
3313 2697 3364 2750 8.
3408 2698 3734 2760 Accuratius
3790 2709 3988 2763 deinde

753 2787 806 2828 et
839 2777 1164 2843 elegantius,
1211 2776 1411 2829 additis
1437 2775 1599 2828 etiam
1657 2774 1902 2828 scboliis.
1954 2773 2196 2828 Joannes
2249 2777 2552 2842 Mercerus,
2597 2795 2718 2832 cuin
2768 2779 3091 2848 praefatione
3122 2782 3188 2837 ad
3234 2783 3554 2843 Micliaelem
3597 2791 3986 2860 llospitaliuin,

753 2862 922 2930 Lugd.
953 2860 1109 2926 1650,
1152 2861 1222 2926 4,
1253 2875 1307 2916 et
1335 2862 1666 2926 Lausanna,
1698 2863 1838 2930 apud
1891 2859 2238 2915 Franciscutn
2269 2863 2317 2916 le
2353 2864 2551 2928 Preux,
2583 2866 2781 2921 illustr.
2818 2869 2880 2920 D.
2916 2868 3269 2925 Bernensinin
3291 2879 3684 2947 typographum
3718 2859 3890 2945 1580,
3922 2885 3974 2939 8,

753 2951 891 3007 llinc
922 2952 1112 3007 Graece
1149 2963 1204 3007 et
1239 2952 1435 3006 Latine
1464 2969 1584 3007 cum
1612 2952 1838 3007 Merceri
1868 2954 2112 3008 versione
2144 2964 2196 3007 et
2245 2956 2486 3020 scboliis,
2535 2969 2590 3012 et
2633 2960 2904 3027 paratitlis
2955 2962 3193 3028 Dionysii
3247 2965 3564 3023 Gotliofredi
3599 2983 3652 3024 et
3703 2980 3972 3030 variarum

752 3040 1040 3093 lectionum
1077 3039 1257 3094 libello
1288 3055 1354 3094 ex
1385 3041 1570 3094 codice
1602 3057 1703 3094 ms.
1737 3041 1923 3095 Jacobi
1954 3041 2156 3105 Lectii;
2185 3053 2239 3096 et
2286 3041 2690 3096 nomenclatore
2717 3041 3030 3097 Grzecarum
3070 3047 3366 3101 dictionum
3412 3050 3554 3117 juris
3585 3055 3650 3106 ad
3681 3056 3982 3113 llartueun-

749 3128 954 3196 pulum,
994 3126 1198 3180 Genev.
1248 3126 1409 3191 1587,
1459 3127 1513 3180 4.
1568 3126 1934 3199 [Constantini
1982 3129 2208 3182 Selectos
2250 3129 2641 3196 prreceptiones
2681 3131 2746 3183 de
2787 3131 3142 3200 agricultura,
3181 3133 3396 3200 Latine,
3455 3155 3553 3208 per
3598 3140 3720 3198 Jan.
3768 3146 3976 3200 Corna-

749 3217 908 3277 rium,
941 3216 1100 3269 Ilasil.
1133 3216 1291 3279 1558,
1319 3214 1372 3268 8.
1400 3212 1476 3284 (in
1501 3215 1620 3269 Cat.
1644 3216 1772 3269 bibl.
1801 3217 2056 3270 Leidens.
2084 3231 2208 3286 pag.
2254 3217 2402 3284 142.)
2433 3215 2673 3271 Postbtec
2696 3220 2890 3271 C(lillll‘i
2917 3229 3073 3274 erant
3123 3220 3508 3290 llarmenopuli
3537 3227 3976 3302 Proniptuariuni

750 3301 918 3356 “cur.
972 3303 1249 3366 Ετηειιυε,
1312 3302 1443 3354 Apr,
1507 3302 1960 3369 llavcrkampius,
2015 3307 2106 3372 qui
2171 3304 2340 3356 edidit
2391 3304 2672 3371 Specimen
2723 3307 3014 3374 juridicuin
3073 3311 3138 3362 ad
3192 3311 3535 3369 Constantini
3595 3301 3977 3393 llarinenOpuli

748 3391 1106 3458 Promptuarii
1141 3391 1232 3450 lib,
1270 3407 1328 3450 ll,
1369 3390 1454 3442 tit.
1488 3393 1542 3452 4,
1567 3389 1591 3460 §
1618 3391 1709 3455 54,
1749 3391 1918 3458 Lugd.
1960 3391 2147 3444 Datav.
2180 3392 2338 3455 1758,
2367 3401 2552 3460 postea
2594 3410 2622 3445 a
2666 3393 2833 3447 Gerli.
2865 3394 3140 3458 Oelricbs.
3174 3398 3326 3456 Thes.
3375 3403 3507 3456 diss.
3547 3405 3715 3467 iurid.
3762 3389 3884 3465 vol:
3914 3413 3978 3478 l.,

749 3493 877 3535 tom.
934 3478 1022 3544 lll,
1077 3497 1129 3547 p.
1181 3479 1270 3541 45,
1313 3479 1608 3543 insertum;
1658 3489 1714 3532 et
1784 3478 1912 3531 Dav.
1967 3477 2252 3531 liulinken.
2307 3479 2411 3532 Sed
2468 3481 2660 3532 borum
2723 3493 2951 3534 conatus
2997 3480 3215 3537 fuerunt
3270 3487 3436 3543 irriti.
3485 3491 3607 3556 Quo
3656 3495 3802 3549 facto
3845 3477 3973 3553 Ger.

743 3559 1075 3619 ﬂeet-mann.
1134 3567 1402 3634 persuasit
1451 3565 1571 3619 Gul.
1625 3565 1810 3619 Otton.
1870 3567 2098 3630 lleitzio,
2144 3575 2200 3617 ut
2249 3581 2436 3619 curaui
2486 3584 2635 3621 nova:
2676 3571 2939 3623 editionis
2991 3574 3317 3641 susciperet,
3343 3578 3526 3644 eique,
3557 3597 3777 3648 operam
3821 3603 3973 3640 sua...

745 3660 812 3712 ad
853 3659 995 3711 bunc
1051 3659 1288 3712 laborem
1317 3658 1706 3727 proﬂigaudum
1745 3659 2010 3728 pollicito,
2054 3659 2436 3728 suppeditavit,
2466 3670 2731 3730 quotquot
2760 3661 2874 3729 ipse
2905 3663 3200 3731 collegerat
3233 3667 3288 3720 in
3313 3667 3562 3724 Grzeeutn
3593 3675 3948 3744 interpretem

745 3752 987 3807 subsidia
1014 3761 1124 3806 tum
1149 3752 1306 3807 codd.
1338 3768 1474 3807 mss.
1526 3760 1640 3805 tum
1671 3752 2046 3816 collatiomnn,
2072 3761 2182 3805 tum
2216 3753 2765 3814 animadversionum.
2793 3756 2861 3808 ab
2884 3758 3114 3813 eruditis
3143 3759 3273 3815 viris
3297 3763 3688 3830 proiectarum.
3719 3744 3974 3829 Reitziu:

745 3843 909 3910 igitur
938 3842 1148 3896 duobus
1178 3844 1334 3895 codd.
1365 3839 1520 3894 MSS.
1548 3842 1784 3910 aliisque
1814 3841 2074 3896 subsidiis
2094 3856 2224 3896 usus
2255 3852 2456 3893 textum
2481 3841 2657 3896 Graec.
2676 3845 2930 3930 restituit
2964 3855 3129 3914 atque
3158 3852 3493 3915 emendavit,
3523 3869 3718 3911 novam
3745 3873 3972 3930 eamque

744 3929 1135 3997 elegantiorem
1178 3930 1485 3982 versionem
1519 3927 1756 3984 confecit
1789 3938 1846 3982 et
1877 3930 2341 3992 nomenclatorem
2371 3926 2623 3983 Griecum
2662 3928 2978 3986 Cuthol‘nodi
3022 3933 3251 3989 editioni
3302 3937 3574 4006 adjectum
3623 3945 3797 4001 ausit.
3837 3926 3971 4013 Quia

747 4032 875 4071 vero
909 4016 1154 4070 Reitzius
1191 4033 1314 4070 cum
1358 4019 1448 4071 vis
1492 4021 1557 4070 ad
1613 4017 1772 4070 linem
1815 4031 1953 4084 opus
1981 4017 2346 4085 perduxisset,
2373 4024 2428 4068 ct
2458 4015 2762 4084 prxlationi
2796 4017 3039 4073 ultimam
3071 4023 3410 4079 admovisset
3456 4043 3696 4096 trionum,
3729 4035 3970 4091 animant

740 4104 942 4159 cmavit
978 4120 992 4156 :
1019 4104 1140 4173 ejus
1162 4105 1330 4169 tilias,
1366 4106 1596 4160 Carolus
1627 4105 1937 4171 Com-sidus,
1966 4121 1996 4157 ι
2017 4103 2366 4158 leeruianno
2403 4112 2643 4171 rogatus,
2677 4104 2975 4160 secundum
3009 4110 3242 4164 scbedas
3265 4123 3524 4180 paternas
3547 4132 3688 4185 opus
3709 4123 3967 4190 absolvit,

739 4194 883 4258 quod
912 4202 1031 4261 post
1071 4202 1303 4246 mortem
1335 4193 1463 4251 Ger.
1491 4193 1821 4246 Ieermanni
1865 4192 2084 4245 tandem
2127 4189 2290 4256 hujus
2315 4190 2459 4244 lilius
2491 4190 2574 4246 Jo.
2608 4191 2671 4247 L.
2702 4193 2765 4247 Β.
2793 4192 2864 4250 de
2901 4194 3213 4256 Meermnuu
3243 4202 3418 4254 edidit
3446 4202 3826 4274 Supplementa
3850 4189 3971 4268 novi

740 4283 977 4333 thesauri
1006 4282 1177 4333 civilis
1200 4292 1246 4333 et
1276 4282 1540 4347 canonici,
1579 4280 1745 4352 Baga:
1789 4281 2084 4344 Comitum,
2113 4280 2254 4335 1780
2293 4280 2392 4334 fol.
2428 4280 2548 4334 init.
2587 4295 2709 4335 cum
2748 4281 3150 4350 inscriptione:
3189 4285 3531 4346 Constantini
3594 4296 3973 4365 Ηωσιιιηυρυιι

742 4371 996 4427 Manuale
1028 4374 1224 4443 legunt,
1250 4376 1372 4428 item
1395 4373 1529 4444 leges
1560 4376 1791 4444 agraria
1812 4389 1877 4429 ex
1910 4375 2076 4427 variis
2097 4374 2250 4428 codd.
2276 4373 2570 4427 ducitducit
2595 4384 2754 4442 atque
2773 4377 2969 4442 ausis;
2998 4393 3131 4430 ποια
3166 4382 3404 4436 versione
3429 4382 3630 4441 Latina
3650 4391 3969 4458 adornavit,-

741 4469 995 4525 notasque
1031 4472 1075 4512 et
1129 4461 1412 4514 οὔδει-νοω.
1441 4461 1792 4528 complurium
1826 4463 2185 4522 eruditorum,
2221 4470 2326 4512 tant
2359 4462 2530 4513 editas
2555 4460 2647 4530 (.
2674 4460 2836 4517 liv-sm.
2871 4478 2902 4518 ι
2935 4463 3073 4534 Bay,
3098 4464 3184 4521 Jo.
3217 4468 3465 4525 Mercurii
3490 4484 3544 4527 et
3577 4476 3733 4530 Dion.
3763 4478 3969 4536 Gotho-

740 4545 760 4596 1
765 4549 921 4614 redi).
955 4565 1112 4615 quant
1139 4550 1391 4612 iusditas,
1426 4560 1479 4602 ut
1513 4559 1564 4603 et
1607 4565 1757 4613 suas,
1799 4549 2017 4618 adjecit,
2055 4563 2146 4603 nec
2186 4563 2290 4600 non
2317 4544 2371 4600 l.
2403 4545 2469 4601 (ὲ.
2493 4545 2729 4603 Salsum
2758 4547 3060 4606 Dius-ibam
3094 4556 3162 4610 de
3209 4557 3491 4625 Hypobolo
3523 4564 3797 4632 subjunin
3834 4567 3960 4624 Gul.

735 4634 854 4689 Otto
879 4637 1134 4692 Iteitsius.
1169 4634 1362 4692 Tenui
1402 4636 1506 4692 Gr.
1535 4653 1711 4706 apag.
1744 4637 1768 4690 1
1805 4637 2044 4707 subjecit
2070 4637 2359 4692 lectionum
2393 4638 2733 4704 varietatem,
2764 4640 2972 4696 scholia
3029 4655 3220 4698 vetera
3257 4655 3424 4714 atque
3473 4651 3814 4708 eruditorum
3844 4662 3959 4710 aui-

739 4725 1178 4788 madvcrsiones;
1213 4727 1264 4777 in
1308 4725 1637 4778 Praeiatione
1665 4735 1848 4778 autem
1894 4725 2121 4778 uberius
2171 4734 2420 4777 recenset
2446 4726 2717 4790 subsidia,
2745 4728 2943 4796 quibus
2976 4733 3044 4784 ad
3084 4736 3486 4790 emendandum
3531 4755 3684 4807 aeque
3730 4757 3793 4795 ac
3841 4745 3967 4798 illu-

739 4813 1020 4864 strandum
1053 4811 1301 4866 Manuale
1338 4829 1466 4869 usus
1503 4821 1610 4867 est.
1653 4811 1729 4865 Ea
1760 4823 1944 4867 autem
1995 4813 2212 4866 inerunt
2246 4814 2351 4866 duo
2374 4811 2534 4866 codd.
2584 4813 3038 4881 Ieermauniani,
3085 4821 3322 4877 inoditns
3365 4839 3723 4882 commentor.
3769 4831 3959 4887 Emsn.

733 4899 933 4952 Soarez
969 4913 998 4950 a
1032 4898 1249 4952 Ribeira
1275 4917 1289 4965 ;
1320 4903 1469 4954 obss.
1511 4911 1566 4954 et
1610 4900 1931 4954 collationes
1965 4902 2030 4952 ad
2059 4900 2222 4953 codd.
2266 4903 2425 4953 anece‘

2266 4901 2548 4954 anecdota
2601 4903 2666 4955 Α.
2715 4902 2906 4970 Peuse,
2942 4907 3072 4962 Ant.
3099 4907 3302 4973 Contii,
3354 4912 3524 4966 Gerb.
3556 4914 3957 4986 Falkeubnrgii,

730 4984 842 5038 Jas.
878 4985 1110 5051 Cujacii,
1155 4983 1268 5040 Jos.
1309 4986 1591 5056 Seaiigeri,
1625 4986 1816 5041 Claud.
1869 4987 2142 5048 Salinasii,
2175 4986 2307 5042 Abr.
2343 4987 2725 5060 llaverkainpii
2784 5003 2841 5047 et
2887 4992 2974 5049 Jo.
3021 4995 3158 5050 Dan.
3210 4998 3427 5063 ltiueri,
3457 5017 3687 5070 quorum
3740 4983 3961 5062 ultimus

738 5081 999 5134 lectiones
1036 5095 1182 5136 varr.
1226 5081 1416 5136 etloca
1460 5085 1695 5138 lctorum
1736 5083 2035 5151 exscripsit
2066 5098 2132 5135 ex
2183 5082 2582 5155 Harmenopulo
2611 5087 2840 5154 Cujacii,
2893 5106 3053 5158 quem
3110 5107 3294 5147 servat
3337 5097 3662 5151 bibliotheca
3712 5100 3950 5157 Senatus

729 5166 1047 5234 Lipsiensis,
1083 5167 1260 5236 iisque
1296 5186 1425 5222 suas
1469 5173 1679 5224 addidit
1706 5173 2002 5224 observatt.
2035 5187 2155 5240 pag.
2196 5187 2267 5231 vi.
2293 5171 2506 5226 Prii-fat.
2545 5190 2610 5227 ex
2654 5179 2777 5228 cod.
2823 5175 3158 5234 Meermann.
3200 5183 3410 5251 integro
3466 5199 3622 5242 vetus
3657 5189 3956 5261 Πρόχειρον

729 5256 892 5322 νόμον
923 5256 973 5307 in
1006 5255 1076 5308 40
1120 5255 1378 5308 tribtttum
1423 5259 1609 5312 titulos
1648 5260 1988 5321 commeate,
2025 5261 2224 5322 locant,
2261 5259 2325 5311 ad
2369 5260 2420 5312 in

2261 5259 2325 5311 ad
2369 5260 2588 5314 initium
2623 5263 2980 5332 Προθεωρίας
3011 5266 3349 5338 liartueuop.
3387 5270 3415 5340 ᾗ
3451 5272 3536 5336 18,
3572 5255 3951 5341 pertinentem,

730 5357 848 5394 cum
888 5344 1063 5397 tabula
1097 5343 1397 5408 titulorum,
1424 5343 1519 5398 Gr.
1548 5355 1602 5400 et
1630 5345 1750 5399 Lat.
1783 5363 1907 5398 cuni
1943 5345 2276 5408 Vavassoris,
2304 5348 2438 5401 illud
2469 5351 2689 5413 edituri,
2724 5353 2949 5421 suisque
2983 5358 3127 5410 notis
3156 5358 3407 5425 inseruit,
3439 5371 3494 5414 et
3537 5378 3657 5430 pag.
3694 5379 3744 5416 rx
3777 5368 3951 5418 anim-

726 5429 952 5493 adverit,
1013 5431 1112 5482 hoc
1160 5431 1460 5500 Πρόχειρον
1492 5447 1598 5484 non
1635 5433 1778 5484 aliud
1827 5448 1965 5496 esse,
2000 5449 2061 5487 ac
2082 5434 2241 5502 cujus
2274 5435 2458 5492 titulos
2482 5438 2529 5492 J.
2559 5441 2624 5491 11.
2654 5442 2830 5506 Majus
2864 5445 2915 5496 in
2937 5443 3074 5498 Bibl.
3105 5443 3555 5515 UiIenbacbiana,
3675 5469 3713 5514 ι,
3749 5469 3801 5522 p.
3824 5453 3949 5517 522,

720 5518 990 5580 exhibuit,
1018 5518 1070 5570 in
1096 5518 1427 5586 quibusdam
1458 5529 1638 5573 tamen
1671 5519 1926 5586 dilIerre;
1959 5529 2068 5574 tum
2097 5537 2218 5590 pag.
2252 5539 2344 5576 xm
2372 5542 2493 5594 sqq.
2526 5543 2848 5596 repetuntur
2871 5533 3212 5600 superiorum
3253 5538 3548 5591 editionum
3578 5518 3952 5598 Dedicationcs

722 5620 780 5653 ac
813 5601 1186 5657 Prmfationes.
1217 5604 1478 5658 Samineti
1512 5607 1784 5660 Iliatriben
1819 5609 2113 5676 excipiunt,
2143 5625 2193 5677 p.
2239 5609 2342 5664 586
2378 5629 2495 5682 sqq.
2534 5615 2669 5683 leges
2702 5620 2955 5682 agrariis,
2982 5635 3048 5672 ex
3076 5631 3312 5687 quatuor
3343 5627 3510 5679 codd.
3550 5625 3949 5687 Sinermsnuis-

725 5689 804 5741 nis
840 5692 1157 5753 emendatae,
1191 5690 1284 5743 Gr.
1318 5702 1369 5746 et
1408 5691 1525 5746 Lat.
1557 5709 1680 5746 cum
1715 5695 1856 5746 uotis
1912 5695 2104 5747 Reiizii
2155 5707 2207 5749 et
2246 5699 2498 5752 aliorum.
2550 5703 2624 5754 Ex
2659 5705 2840 5756 indice
2887 5707 3170 5760 nominum
3205 5711 3553 5777 pr0priorum
3601 5714 3668 5767 de
3703 5714 3946 5784 Illagiuri

788 5863 897 5931 (l9)
953 5861 1010 5917 γ.
1044 5879 1166 5934 pag.
1208 5868 1272 5919 16
1303 5868 1385 5920 ed.
1434 5868 1582 5922 l’olil.
1629 5867 1717 5935 qui
1756 5871 1806 5922 in
1856 5881 1963 5934 not.
2018 5873 2167 5938 plura
2217 5884 2270 5927 et
2310 5875 2538 5928 certiora
2575 5879 2637 5931 dc
2678 5878 2863 5932 Const.
2901 5877 3156 5934 Hal-men.
3188 5884 3428 5952 scripsit.
