4286 6466
264 417 333 478 El
1575 403 1673 461 DE
1713 399 2193 459 ILERESIBUS.
3458 388 3531 453 2‘2

267 530 345 589 ὡς
383 528 547 594 μόνον
595 527 893 595 γενόμενον
925 526 1016 579 ὑπ’
1050 524 1217 579 αὐτοῦ
1241 541 1253 554 ·
1293 524 1365 585 ὡς
1411 523 1516 575 τῶν
1547 523 1721 576 ἄλλων
1762 521 1852 572 ὑπ’

2002 532 2054 569 cr
2099 516 2262 568 lilium
2311 516 2584 569 civitatem
2622 514 2857 576 aliquam
2913 510 3243 564 condidisse.
3282 508 3445 561 Iidem
3478 519 3537 562 et

272 620 443 675 αὑτοῦ
478 620 620 687 τάχα
652 621 746 671 τοῦ
768 620 1004 688 Χριστοῦ
1028 618 1357 687 γενομένων.
1401 617 1589 682 Ἡμεῖς
1619 616 1673 667 δὲ
1706 634 1859 683 μονοο

2008 608 2255 674 nigenam
2310 606 2399 659 Dei
2444 605 2637 658 Filium
2685 606 2891 667 dicunt,
2932 600 3086 669 quasi
3128 599 3218 668 qui
3271 600 3419 652 solus
3469 602 3536 650 ab

274 714 414 780 γενῆ
443 713 635 764 τοῦτον
667 712 870 780 φαμὲν,
900 712 973 773 ὡς
1009 711 1166 779 μόνον
1190 711 1445 779 ἀρρήτως
1471 707 1528 770 ἐξ
1557 707 1721 759 αὑτοῦ
1750 710 1857 777 πρὸ

2002 715 2030 751 o
2066 698 2241 751 factus
2280 699 2370 760 sit,
2422 698 2635 749 caeteris
2676 697 2742 747 ab
2793 695 2909 762 ipso
2952 694 3087 746 forte
3114 691 3333 745 Christo
3366 691 3543 744 factis.

276 805 388 857 τῶν
420 802 633 855 αἰώνων
666 806 922 857 ἁπάντων
945 802 1363 869 γεγεννημένον.
1390 802 1498 853 Καὶ
1529 799 1662 853 ἄλλα
1691 800 1862 854 πολλὰ

2002 801 2039 845 it
2074 808 2169 845 nos
2214 793 2500 859 unigenam
2540 790 2682 843 hunc
2717 789 2974 849 dicimus,
3033 785 3194 836 veluti
3249 785 3339 853 qui
3399 786 3546 838 solus

274 896 504 948 τοιαῦτα
556 894 1023 965 παρεξηγοῦνται,
1075 892 1174 962 τὴν
1225 892 1433 944 οἰκείαν
1475 892 1688 961 αἵρεσιν
1734 910 1863 945 συν-

2009 903 2033 938 τ
2070 887 2185 954 ipso
2215 896 2341 937 ante
2368 883 2548 936 omnia
2580 881 2774 935 sa‘cula
2809 880 3023 947 genitus
3058 878 3147 929 sit.
3182 873 3355 926 Etiam
3384 876 3546 942 hujus

282 989 565 1052 ιστῶντες.
1974 979 2188 1047 generis
2224 977 2327 1030 alia
2359 976 2509 1044 plura
2547 972 2953 1039 interpretando
2998 970 3294 1035 depravant
3321 1006 3337 1030 ,
3388 977 3549 1019 sache

1975 1087 2085 1124 sua:
2128 1071 2283 1122 [idem
2313 1078 2643 1122 astruenles.

353 1171 421 1238 β’.
458 1173 523 1222 Οἱ
558 1171 688 1237 περὶ
712 1169 802 1221 τὸν
836 1169 1183 1231 Μακεδόνων
1227 1168 1410 1219 δοῦλον
1452 1168 1542 1219 καὶ
1574 1168 1779 1235 κτίσμα
1814 1171 1873 1222 τὸ

2046 1183 2099 1236 2.
2134 1182 2505 1235 Macedoniam
2556 1180 2816 1248 Spiritum
2865 1188 3111 1231 sanctum
3163 1188 3283 1227 esse
3330 1189 3549 1227 serVItm

1975 1286 2031 1329 et
2062 1286 2367 1329 creaturam
2411 1284 2739 1337 asserentes,
2792 1273 2843 1325 in
2897 1273 3041 1323 dicto
3085 1268 3332 1328 Joannis,
3374 1286 3390 1315 ι
3424 1264 3555 1317 Sine

1979 1369 2096 1435 ipso
2146 1366 2347 1421 factum
2398 1376 2481 1421 est
2537 1366 2690 1431 nihil,
2723 1386 2740 1411 ι
2798 1372 2997 1431 puncto
3046 1371 3167 1429 post
3222 1360 3336 1411 lucc
3390 1360 3552 1410 verba

1979 1462 2281 1525 collocato,
2350 1477 2567 1515 versum
2624 1461 2791 1514 alium
2857 1456 2935 1511 sic
2997 1454 3291 1507 imhoaut:
3353 1449 3554 1514 chnd

1979 1556 2182 1609 iactum
2215 1565 2318 1619 est,
2355 1555 2407 1607 in
2436 1570 2501 1609 eo
2529 1554 2637 1607 vita
2670 1562 2809 1616 erat,
2847 1570 2865 1601 ι
2923 1557 3083 1616 atque
3115 1550 3215 1598 hoc
3246 1545 3314 1597 dc
3349 1542 3554 1608 Spiritu

1983 1648 2187 1704 Sancto
2222 1648 2545 1717 intelligunt.
2581 1646 2686 1699 Nos
2714 1660 2843 1698 vero
2882 1644 3058 1719 locum
3087 1641 3233 1691 illum
3279 1640 3347 1689 ita
3383 1636 3559 1701 legen-

1982 1751 2087 1804 tes,
2122 1750 2181 1795 ut
2214 1740 2282 1794 ab
2314 1740 2466 1795 initio
2490 1739 2659 1794 series
2688 1738 2799 1804 ipsa
2827 1732 3094 1797 declarat,
3129 1740 3299 1783 totum
3330 1727 3396 1781 dc
3425 1724 3561 1777 Filio

1913 1855 1955 1913 η
1982 1836 2186 1889 dictum
2221 1832 2594 1899 intelligimus.

285 1264 556 1328 πινάγιον
583 1261 836 1327 λέγοντες
873 1260 1117 1327 Πνεῦμα,
1148 1261 1235 1311 καὶ
1270 1260 1329 1311 τὸ
1354 1260 1505 1328 παρὰ
1533 1259 1610 1327 τῷ
1634 1260 1874 1332 ,Ἰωάννῃ

286 1354 470 1422 fluctv.
503 1354 563 1404 τὺ
586 1354 817 1420 φάσκον,
851 1355 959 1403 Καὶ
991 1353 1160 1420 χωρὶς
1183 1351 1346 1404 αὑτοῦ
1382 1352 1603 1416 ἐγένετο
1634 1352 1757 1404 οὐδὲ
1786 1353 1871 1417 ἓν,

286 1443 526 1497 ἐνταῦθα
550 1445 852 1509 στίξαντες,
883 1445 979 1495 ἀπ’
998 1444 1164 1511 ἄλλης
1197 1446 1371 1513 ἀρχῆς
1402 1442 1674 1508 λέγουσιν,
1701 1448 1766 1497 Ὀ
1784 1447 1873 1513 γέ-

288 1551 481 1596 γονεν,
515 1536 573 1585 ὲν
605 1535 756 1603 αῦτῷ
788 1534 900 1603 ζωὴ
941 1530 1038 1603 ἦν,
1074 1536 1205 1600 περὶ
1238 1534 1330 1585 τοῦ
1363 1535 1521 1599 ἁγίου
1562 1535 1876 1603 Πνεῦματος

288 1626 449 1677 τοῦτο
468 1626 720 1689 νοοῦντες
742 1645 751 1652 ·
780 1629 940 1694 ἡμεῖς
964 1626 1019 1678 δὲ
1045 1624 1531 1693 ἀναγινώσκοντες,
1549 1626 1623 1689 ὼς
1650 1629 1708 1679 ὲν
1732 1630 1876 1699 ἀρχῇ

296 1718 691 1783 προτέτακται,
730 1720 858 1787 περὶ
889 1718 984 1770 τοῦ
1026 1717 1155 1770 Υἰοῦ
1188 1718 1249 1770 τὺ
1280 1720 1399 1773 ὅλον
1434 1720 1687 1790 εἰρῆσθαι
1723 1722 1874 1773 νοοῦ-

295 1825 419 1875 μεν.

365 1918 440 1985 γ’·
479 1922 542 1973 οι
587 1923 715 1992 περὶ
749 1923 843 1976 τὸν
874 1922 1184 1987 Σαὸέλλιον,
1218 1923 1311 1977 τὸν
1335 1924 1580 1995 Πατέρα,
1608 1924 1703 1979 τὸν
1730 1925 1877 1990 Υἱδν,

294 2014 391 2067 καὶ
410 2013 473 2065 τὸ
486 2013 646 2083 ἅγιον
668 2015 917 2083 Πνεῦμα,
934 2017 1034 2077 τὰς
1057 2019 1203 2086 τρεῖς
1224 2017 1626 2081 ὑποποστάσεις
1648 2020 1739 2071 καὶ
1757 2022 1882 2088 τρία

233 2176 239 2187 Ι
297 2103 569 2173 πρόσωπα
591 2109 691 2177 τῆς
711 2109 991 2180 μακαρίας
1013 2109 1301 2180 Θεότητος,
1330 2112 1459 2179 μίαν
1475 2111 1772 2164 ὑπόστασιν
1792 2114 1883 2165 καὶ

297 2198 355 2250 ἒν
403 2203 702 2269 πρόσωπον
750 2201 1141 2271 ἐδογμάτιξον·
1197 2202 1330 2254 ποτὲ
1384 2204 1483 2272 μὲν
1527 2202 1601 2264 ὡς
1642 2205 1883 2273 Πατέρα,

300 2292 435 2343 ποτὲ
468 2293 526 2347 δὲ
561 2293 636 2356 ὠς
668 2293 815 2357 Υἱὸν,
851 2294 969 2346 ἐστι
1000 2294 1044 2347 δ’
1076 2297 1165 2347 ὅτε
1199 2296 1291 2347 καὶ
1326 2296 1399 2357 ὼς
1440 2295 1663 2362 Πνεῦμα
1697 2298 1882 2364 φαινό-

306 2400 491 2450 μενον.
537 2384 887 2452 Ἐλέγχονται
940 2384 997 2437 δὲ
1029 2387 1094 2437 ὲκ
1120 2384 1213 2437 τοῦ
1245 2385 1424 2436 εἰπεῖν
1453 2385 1545 2435 τὸν
1589 2385 1847 2454 Ἰωάννην
1875 2402 1885 2414 ·

310 2497 327 2531 ς
363 2478 475 2529 Καὶ
516 2478 547 2529 6
576 2478 748 2545 Λόγος
780 2474 847 2548 ἧν
882 2477 1017 2546 πρὸς
1049 2478 1142 2531 τὸν
1171 2478 1323 2542 Θεὸν,
1381 2497 1400 2530 ι
1437 2480 1555 2530 ἀντὶ
1590 2480 1706 2542 τοῦ,
1746 2478 1887 2547 μετὰ

304 2568 443 2619 Θεοῦ
468 2584 481 2597 ·
528 2568 624 2620 δύο
658 2568 968 2636 προσώπων
1011 2568 1263 2621 ἐντεῦθεν
1291 2569 1687 2639 εἰσαγομένων,
1721 2570 1814 2623 καὶ
1834 2570 1890 2635 ἐξ

306 2659 491 2719 ἄλλων
532 2660 746 2713 πολλῶν
778 2660 1156 2729 εῦαγγελικῶν
1193 2663 1432 2732 ῥήσεων.

2053 1953 2108 2006 5.
2137 1947 2422 2003 Sabelliani
2456 1945 2693 2007 Patrem,
2752 1942 2967 2003 Filium,
3008 1951 3061 1993 et
3106 1938 3367 2007 Spiritum
3432 1950 3561 1986 sau-

1984 2058 2151 2110 ctum,
2205 2057 2313 2096 tres
2367 2043 2486 2095 illas
2549 2042 2886 2110 Ilyposmses.
2944 2047 3105 2105 atque
3160 2046 3270 2085 tres
3302 2042 3565 2099 personas

1987 2140 2156 2192 beatrc
2187 2136 2506 2196 divinitatis,
2558 2148 2717 2185 uuam
2770 2128 3084 2199 hypostasin
3136 2137 3189 2179 et
3236 2139 3397 2177 unam
3445 2136 3566 2188 pcr-

1988 2244 2179 2285 souam
2223 2245 2342 2283 esse
2379 2227 2705 2280 tradebant:
2763 2239 2881 2291 qum
2931 2234 3316 2287 nonnumquam
3370 2218 3565 2276 Patris,

1991 2336 2376 2390 uuunuuquam
2412 2318 2556 2383 Filii,
2608 2332 2994 2383 nonnunquam
3046 2313 3283 2381 Spiritus
3333 2309 3566 2375 speciem

1993 2431 2100 2485 prae
2130 2430 2188 2468 se
2219 2413 2405 2467 ferret.
2461 2412 2565 2465 Sed
2615 2420 2917 2479 arguuntur
2942 2422 3007 2460 ex
3042 2421 3108 2460 eo
3136 2406 3278 2470 quod
3334 2395 3570 2455 Joannes

1992 2509 2163 2562 dixit:
2200 2526 2217 2559 ι
2251 2507 2316 2560 Ει
2349 2507 2541 2561 Sermo
2572 2514 2691 2558 erat
2731 2504 2873 2569 apud
2911 2502 3096 2562 Deum,
3134 2518 3151 2551 ι
3184 2500 3282 2549 hoc
3322 2504 3405 2549 est
3448 2508 3569 2545 cum

1996 2598 2147 2663 Deo;
2197 2599 2339 2651 unde
2387 2596 2717 2662 colliguntur
2768 2606 2888 2644 esse
2940 2589 3350 2657 personzeduzc,
3401 2588 3574 2651 dequo

382 2767 448 2821 δ’.
486 2770 551 2820 Οἱ
584 2770 714 2839 περὶ
744 2771 833 2823 τὸν
879 2772 1259 2842 Ἀπολινὰριον
1293 2774 1385 2826 τὸν
1412 2775 1701 2839 Λαοδικὲα,
1734 2776 1894 2829 ἄνουν

315 2861 500 2929 σάρκα
535 2863 627 2914 καὶ
656 2864 864 2935 ἄψυχον
892 2866 1317 2934 προσειληφέναι
1348 2867 1439 2919 τὸν
1476 2867 1678 2936 Κύριον
1710 2869 1898 2935 λέγου-

314 2971 439 3005 σιν·
475 2956 551 3016 ὡς
594 2957 719 3010 ἀντὶ
760 2958 851 3009 νοῦ
903 2962 997 3012 καὶ
1035 2960 1237 3030 ψυχῆς,
1292 2961 1569 3030 ἀρκούσης
1623 2961 1772 3031 αύτῷ
1801 2964 1896 3025 τῆς

315 3048 605 3117 υεότητος·
649 3051 1126 3122 παρεξηγούμενοι
1160 3052 1241 3117 τὸ,
1286 3071 1302 3103 ι
1352 3055 1457 3104 Καὶ
1497 3056 1523 3104 6
1556 3055 1724 3119 Λόγος
1762 3055 1897 3121 σὰρξ

316 3148 560 3212 ἐγένετο,
595 3167 613 3197 ι
666 3148 740 3216 μὴ
781 3148 1003 3209 εἰδότες,
1038 3151 1109 3211 ὡς
1158 3152 1189 3220 ἡ
1222 3151 1339 3203 Oeta.
1384 3150 1575 3220 Γραφὴ
1599 3150 1777 3221 σάρκα
1809 3152 1899 3205 τὸν

1998 2691 2242 2757 pluribus
2274 2690 2393 2743 aliis
2424 2687 2588 2741 dictis
2619 2683 2971 2750 evangelicis.

2070 2809 2122 2861 4.
2194 2803 2520 2873 Apollinaris
2588 2800 2938 2855 Laodicensis
3006 2808 3312 2850 sectatores
3383 2797 3575 2852 aiimt,

2000 2898 2364 2962 assumpsisse
2420 2895 2706 2947 Dominum
2765 2906 2986 2944 carnem
3051 2890 3250 2941 mentis
3299 2896 3574 2951 expertem

2001 3002 2052 3044 et
2086 2990 2421 3050 inanimam;
2478 2996 2536 3039 ut
2583 2986 2669 3039 cui
2720 2984 2976 3038 divinitas
3024 2982 3221 3034 mentis
3277 2990 3325 3031 et
3383 2980 3577 3029 animai

2002 3082 2121 3135 loco
2174 3080 2443 3133 suﬁiccret
2491 3096 2504 3131 :
2548 3093 2713 3144 prave
2772 3076 2979 3129 scilicet
3040 3082 3359 3125 enarrantes
3416 3071 3576 3130 iilud,

2011 3194 2028 3225 ι
2064 3175 2128 3227 lit
2162 3173 2353 3227 Sermo
2404 3185 2533 3224 caro
2587 3170 2760 3223 factus
2796 3178 2895 3221 est.
2932 3187 2948 3217 ι
3000 3164 3112 3217 Non
3168 3163 3311 3216 enim
3366 3170 3579 3213 norant.

318 3238 612 3307 ἄνθρωπον
643 3242 901 3308 ὀνομάζει
921 3260 933 3271 ⁸
966 3244 1041 3301 ὡς
1070 3244 1295 3311 ἔχεικαὶ
1333 3245 1413 3306 τὺ,
1454 3264 1471 3295 ‹
1508 3245 1737 3312 ὐψεται
1763 3248 1883 3298 “uici

2016 3265 2225 3317 divinas
2278 3264 2510 3315 Litteras
2558 3274 2774 3315 carnem
2830 3256 3101 3325 appellare
3153 3254 3472 3315 hominem;
3527 3259 3583 3306 ut

322 3333 465 3401 σάρξ
498 3334 559 3384 τὸ
593 3336 861 3404 σωτήριον
891 3336 984 3388 τοῦ
1022 3335 1181 3389 Θεοῦ.
1216 3356 1235 3389 ι
1273 3338 1335 3388 0i
1367 3338 1523 3389 αὐτοὶ
1555 3338 1648 3389 καὶ
1695 3339 1757 3389 ὲκ
1790 3340 1905 3403 τοῦ,

328 3444 345 3477 ι
392 3425 610 3478 Λύσατε
653 3426 744 3477 τὸν
793 3426 922 3478 ναὸν
974 3426 1185 3492 τοῦτον,
1232 3448 1249 3479 ι
1304 3429 1636 3497 συνηγορίαν
1696 3430 1908 3490 ἑαυτοῖς

326 3520 733 3587 πεποιήκασιν,
778 3518 921 3572 οὕτω
963 3520 1215 3588 λέγοντες
1241 3539 1254 3552 ο
1298 3522 1358 3573 Εἰ
1392 3522 1518 3583 ναὸς
1564 3524 1597 3591 ἡ
1637 3520 1773 3589 σὰρξ
1814 3522 1909 3573 τοῦ

328 3612 541 3680 Κυρίου
591 3611 835 3678 λέγεται,
871 3611 1079 3679 ἄψυχος
1124 3611 1179 3662 δὲ
1225 3612 1349 3673 ναός
1375 3630 1388 3643 ·
1421 3611 1626 3679 ἄψυχος
1663 3612 1771 3679 ἄρα
1818 3611 1912 3664 καὶ

326 3703 494 3771 αῦτη.
532 3704 596 3754 Οἱ
639 3702 792 3755 αὐτοὶ
827 3704 922 3755 καὶ
951 3706 1051 3772 τὴν
1089 3706 1267 3771 σάρκα
1297 3704 1505 3772 ταύτην
1530 3706 1594 3756 ἐκ
1623 3705 1715 3757 τοῦ
1746 3706 1910 3774 οὐρα-

329 3796 422 3848 νοῦ
458 3797 683 3863 λέγουσι
727 3798 822 3847 τὸν
856 3797 1065 3863 Κύριον
1116 3797 1342 3865 ἔχοντα.
1389 3798 1462 3858 ὡς
1512 3798 1598 3849 διὰ
1634 3797 1873 3866 σωλῆνας
1897 3838 1911 3860 ,

331 3894 507 3955 οὕτως
540 3892 719 3945 ὲλοεῖν
761 3894 852 3946 διά
881 3894 981 3962 τῆς
1032 3894 1309 3961 Παρθένου
1336 3908 1347 3921 ’
1397 3896 1460 3945 ἐκ
1499 3894 1614 3945 ’ποῦ’
1670 3914 1685 3945 ι
1727 3894 1915 3956 Οὐδεὶς

334 3985 680 4054 ἀναϐέϐηκεν
711 3987 787 4044 εἰς
818 3985 910 4037 τὸν
940 3985 1191 4053 οὐρανὸν,
1228 3988 1277 4036 εἰ
1310 3984 1386 4053 μὴ
1414 3988 1440 4037 6
1472 3989 1534 4039 ὲκ
1566 3984 1658 4035 τοῦ
1689 3986 1916 4054 οὐρανοῦ

336 4079 607 4141 καταϐὰς,
650 4081 677 4130 6
723 4078 848 4139 Υἱὸς
881 4076 975 4130 τοῦ
1022 4077 1181 4141 Θεοῦ,
1216 4081 1243 4130 6
1279 4077 1353 4129 ὢν
1397 4082 1453 4130 ἐν
1502 4079 1580 4146 τῷ
1610 4078 1848 4147 οὐρανῷ,
1894 4100 1911 4129 ι

338 4173 496 4223 τοῦτο
534 4172 696 4240 δῆθεν
733 4171 1106 4239 πιστούμενοι,
1152 4171 1227 4240 μὴ
1269 4172 1467 4233 εἰδότες
1490 4212 1504 4234 ,
1536 4172 1608 4233 ὡς
1639 4171 1725 4223 διὰ
1759 4172 1819 4222 τὺ
1862 4174 1920 4223 ὲν

340 4264 434 4314 δόο
458 4262 655 4330 φύσεσι
688 4262 818 4330 μίαν
847 4262 1146 4315 ὑπόστασιν
1168 4263 1259 4316 τὸν
1286 4262 1521 4331 Χριστὸν
1549 4262 1717 4329 ἔχειν,
1746 4260 1921 4322 οὕτως

344 4358 568 4425 εἴρηται
605 4354 789 4408 τοῦτο.

415 4470 475 4525 ε’.
514 4475 581 4523 Di
613 4470 743 4539 περὶ
773 4470 865 4521 τὸν
890 4468 1107 4538 Εὐτυχῆ
1138 4468 1233 4519 καὶ
1270 4467 1584 4534 Διόσκορον,
1619 4464 1759 4518 κατὰ
1792 4483 1924 4532 φαν-

346 4568 540 4621 τασίαν
571 4564 753 4631 ἔλεγον
790 4565 880 4613 τὸν
919 4563 1047 4613 Υἰὸν
1080 4560 1175 4612 τοῦ
1204 4559 1340 4611 Θεοῦ
1371 4560 1657 4627 ἄνθρωπον
1692 4557 1919 4624 γεγονέο

349 4678 436 4715 ναι
456 4698 472 4721 ,
510 4659 643 4726 μίαν
684 4657 878 4725 ἔχοντα
912 4655 1076 4722 φύσιν
1100 4668 1113 4681 ·
1152 4652 1253 4704 οὐκ
1282 4646 1380 4703 οἷδ’
1411 4652 1557 4711 ὃπως
1582 4647 1832 4710 νοοῦντες
1860 4648 1924 4700 τὸ

350 4753 504 4819 παρὰ
542 4748 771 4819 Ἰωάννῃ
809 4763 824 4775 ·
871 4768 889 4797 ι
921 4747 1029 4797 Καὶ
1054 4746 1083 4801 6
1114 4745 1284 4810 Λόγος
1316 4741 1454 4810 σὰρξ
1475 4741 1696 4809 ἐγένετο
1716 4754 1731 4769 ⁸
1775 4758 1794 4790 ι
1834 4740 1929 4791 καὶ

352 4844 486 4895 ἄλλα
519 4839 748 4894 τοιαῦτα
784 4837 976 4895 πολλὰ.

2014 3357 2064 3408 in
2096 3355 2186 3407 illo
2214 3368 2431 3422 quoque
2460 3352 2625 3411 dicto,
2669 3371 2685 3401 ι
2720 3349 2962 3416 Aspiciet
2997 3347 3245 3399 universa
3277 3360 3406 3396 caro
3436 3340 3583 3394 salu-

2014 3458 2128 3501 tare
2162 3447 2275 3501 Dei.
2312 3466 2328 3497 ι
2361 3446 2687 3511 Οιιαιιιοιδοιιι
2733 3442 2894 3495 iidem
2942 3440 3044 3493 sibi
3100 3437 3462 3503 patrocinium
3517 3450 3579 3485 es

2013 3540 2190 3592 verbis
2220 3540 2341 3596 illis.
2388 3557 2405 3589 ι
2440 3536 2644 3590 Solvue
2675 3534 2928 3599 templum
2966 3532 3087 3593 hoc,
3128 3549 3144 3579 ι
3173 3540 3227 3582 et
3258 3531 3327 3580 ita
3362 3528 3585 3581 ratioci-

2015 3633 2324 3684 nabantur:
2368 3630 2422 3681 Si
2464 3643 2594 3682 caro
2630 3626 2842 3679 Domini
2879 3622 3136 3690 templum
3173 3621 3388 3681 dicitur,
3441 3627 3495 3669 et
3544 3616 3584 3667 si

2017 3724 2272 3791 templum
2330 3738 2414 3775 res
2464 3730 2543 3773 est
2598 3720 2832 3771 inanima
2864 3757 2879 3780 ,
2939 3717 3193 3769 nimirum
3248 3724 3300 3765 et
3346 3712 3457 3779 ipsa
3509 3721 3589 3763 cst

2019 3818 2281 3871 inanima.
2316 3816 2503 3867 Dicunt
2538 3814 2722 3875 iidem,
2754 3811 3038 3863 Dominum
3080 3810 3166 3874 qui
3201 3820 3417 3858 carnem
3452 3804 3590 3855 hanc

2020 3908 2239 3961 haberet
2272 3923 2300 3960 c
2332 3906 2491 3967 cmlo,
2544 3914 2794 3970 tanquam
2848 3916 2942 3965 per
2990 3899 3253 3960 canalem,
3306 3894 3591 3947 transiisse

2020 4014 2114 4068 per
2136 3998 2431 4068 Virginem,
2456 3997 2615 4064 idque
2639 3999 2705 4046 de
2724 3994 2902 4045 verbis
2926 3992 3031 4044 illis
3050 3991 3305 4057 colligunt
3334 4006 3345 4041 :
3372 4006 3388 4037 ι
3425 3985 3591 4038 Nemo

2019 4092 2267 4146 ascendit
2324 4092 2376 4143 in
2432 4088 2669 4148 ccelum,
2723 4087 2823 4137 nisi
2858 4086 2949 4151 qui
2988 4086 3052 4135 de
3100 4084 3237 4135 cmlo
3290 4090 3391 4142 est,
3426 4077 3592 4131 Filius

2023 4185 2113 4238 ille
2162 4182 2275 4248 Dei,
2322 4181 2410 4250 qui
2465 4189 2550 4233 est
2604 4180 2654 4232 in
2706 4177 2868 4231 caelo.
2908 4194 2926 4227 ι
2971 4174 3075 4227 Sed
3132 4172 3477 4241 ignorabant,
3542 4170 3593 4221 id

2023 4286 2305 4345 propterea
2357 4274 2435 4327 sic
2485 4272 2776 4341 prolatum.
2829 4269 2972 4335 quod
3030 4266 3237 4321 duabus
3291 4265 3345 4323 in
3386 4262 3593 4317 naturis

2025 4384 2185 4422 unam
2212 4366 2458 4423 Christus
2492 4363 2716 4420 haberet
2745 4359 3079 4429 bypostasin.

2095 4462 2148 4515 5.
2198 4457 2458 4526 Eutychis
2510 4465 2668 4523 atque
2727 4451 2970 4505 Dioscori
3025 4460 3342 4506 sectatores,
3404 4445 3593 4497 Filium

2029 4554 2120 4607 Dei
2154 4553 2399 4607 dicebant
2449 4548 2628 4614 specie
2678 4556 2832 4596 tenus
2886 4542 3157 4596 hominem
3208 4554 3328 4591 esse
3375 4537 3595 4596 factum,

1957 4625 2151 4701 Dcum
2202 4658 2363 4699 unam
2412 4650 2658 4694 naturam
2704 4637 2942 4689 habeat:
2999 4633 3137 4686 haud
3180 4633 3315 4690 seio,
3365 4645 3596 4696 quonam

2034 4737 2406 4792 mododictum
2435 4733 2564 4785 illud
2589 4728 2812 4783 Joannis
2844 4726 3240 4792 intelligenles:
3272 4743 3289 4774 ι
3316 4722 3380 4773 Et
3406 4726 3600 4774 Sermo

2032 4843 2160 4883 caro
2210 4827 2381 4881 factus
2440 4832 2543 4876 est.
2576 4841 2594 4873 ι
2629 4820 2911 4874 Addehant
2951 4817 3109 4884 hujus
3144 4818 3358 4883 generis
3393 4825 3447 4866 et
3498 4813 3599 4864 alia

2032 4922 2206 4990 plura.

428 5048 503 5111 ς’.
536 5048 598 5099 ΟΞ
629 5044 762 5114 περὶ
796 5042 1010 5095 Παῦλον
1038 5041 1129 5093 τὸν
1159 5039 1504 5106 Σαμοσατέα,
1534 5039 1693 5108 ψιλὸν
1723 5038 1933 5108 ἄνθρω-

362 5161 457 5194 πον
487 5140 583 5191 τὸν
618 5136 857 5205 Χριστὸν
888 5134 1075 5199 ἔλεγον
1101 5171 1116 5196 ,
1149 5132 1304 5193 θείας
1328 5133 1573 5202 χάριτος,
1606 5130 1857 5199 καθάπερ
1885 5132 1934 5182 οἱ

360 5234 663 5302 προφῆται,
696 5226 1131 5296 κατηξιωμένον.
1177 5226 1522 5292 Ἐλέγχονται
1552 5223 1608 5276 δὲ
1634 5225 1698 5275 ὲκ
1720 5224 1813 5275 τοῦ
1845 5224 1936 5275 τὸν

364 5324 675 5393 Βαπτιστὴν
718 5322 971 5388 Ἰωάννην
999 5319 1199 5381 εἰπεῖν,
1232 5318 1315 5369 ὃτι
1342 5336 1359 5366 ι
1391 5316 1613 5385 Πρῶτός
1648 5332 1750 5384 μου
1788 5312 1874 5385 ἦν,
1914 5334 1932 5367 ι

2107 5042 2159 5091 6.
2189 5034 2339 5089 Pauli
2372 5028 2711 5085 Samosateui
2742 5025 2986 5093 discipuli
3045 5023 3322 5078 Christum
3355 5020 3605 5072 dicebant

2036 5142 2156 5180 esse
2209 5137 2398 5193 purum
2450 5136 2513 5173 ac
2563 5120 2735 5172 solum
2798 5115 3108 5177 hominem,
3154 5112 3345 5165 divina:
3398 5110 3603 5177 gratiag

2038 5221 2181 5273 sicut
2207 5227 2261 5271 et
2286 5214 2596 5285 prephetas.
2629 5209 2942 5278 participem
2968 5205 3191 5259 (aetum.
3226 5203 3607 5269 Coarguumur

2041 5319 2215 5362 autem
2238 5322 2302 5359 ex
2324 5303 2548 5358 Joannis
2572 5301 2820 5370 Baptistae
2844 5296 3044 5360 verbis,
3079 5313 3096 5343 ‹
3136 5293 3217 5346 Me
3249 5294 3395 5359 prior
3414 5301 3550 5349 erat,
3584 5309 3600 5338 ι

2041 5412 2307 5472 quatenus
2363 5396 2571 5451 scilicet
2622 5391 2918 5446 exsistebat
2970 5396 3096 5438 ante
3174 5384 3367 5439 sarcula
3414 5400 3428 5435 ε
3483 5396 3605 5434 cum

2047 5495 2253 5547 ratione
2283 5490 2464 5541 carnis
2506 5485 2742 5552 Baptista
2787 5480 3007 5532 Christo
3054 5476 3199 5543 prior
3249 5483 3411 5525 esset.
3443 5472 3607 5523 Iidem

2046 5599 2099 5641 et
2139 5586 2290 5644 illud,
2330 5601 2346 5631 ι
2384 5581 2714 5633 Potestatcm
2739 5574 2787 5627 ei
2822 5569 3091 5625 concessit
3117 5568 3279 5618 etiam
3319 5561 3607 5615 exercendi

2042 5678 2252 5749 judicii,
2285 5674 2427 5741 quod
2462 5668 2631 5721 Filius
2658 5666 2727 5719 sit
2758 5661 3011 5725 hominis,
3052 5660 3103 5713 id
3136 5673 3200 5710 ne
3230 5652 3499 5707 miremini
3532 5667 3547 5705 :
3582 5667 3602 5701 ι

2048 5741 2149 5823 hoc
2182 5768 2343 5827 igitur
2370 5764 2440 5812 ita
2476 5761 2683 5825 legunt,
2716 5773 2732 5806 ι
2790 5754 2855 5806 Et
2882 5758 3202 5819 petcstatcm
3252 5747 3300 5800 ei
3347 5741 3614 5796 concessit
3656 5810 3659 5813 _

2050 5861 2208 5917 etiam
2259 5852 2546 5908 exercendi
2598 5846 2804 5913 iudicii.
2859 5842 2999 5904 quod
3056 5838 3223 5892 Filius
3253 5837 3321 5889 sit
3359 5832 3610 5887 hominis.

366 5420 505 5473 κατὰ
537 5421 637 5487 τὴν
668 5416 1001 5485 προάιώνιον
1033 5412 1267 5477 ὓπαρξιν
1298 5412 1496 5481 δηλαδή
1522 5427 1535 5440 ⁸
1579 5411 1879 5478 ἐπειδήπερ
1912 5411 1939 5461 ὁ

367 5509 679 5578 “amtor-i2;
709 5506 851 5559 κατὰ
878 5507 1059 5573 σάρκα
1090 5504 1353 5572 πρότερος
1380 5500 1447 5573 ἦν
1470 5504 1564 5556 τοῦ
1588 5502 1848 5572 Χριστοῦ.
1878 5504 1940 5553 Ut

364 5606 517 5657 αὐτοὶ
566 5603 663 5652 καὶ
694 5600 774 5663 τὸ,
810 5617 830 5649 ι
883 5596 1165 5661 Ἐξουσίαν
1199 5596 1399 5647 ἔδωκεν
1450 5596 1597 5663 αὐτῷ
1633 5596 1728 5647 καὶ
1757 5595 1941 5663 κρίσιν

372 5697 584 5756 ποιεῖν,
635 5692 720 5744 ὅτι
766 5690 891 5749 Υἱὸς
939 5686 1229 5755 ἀνθρώπου
1298 5689 1431 5747 ἐστὶ,
1505 5689 1579 5754 μὴ
1635 5685 1940 5753 θαυμάζετε

370 5789 590 5845 τοῦτο’»
626 5783 801 5842 οὕτως
829 5778 1262 5845 ἀναγινώσκουσι
1288 5793 1304 5807 ·
1330 5780 1435 5830 Καὶ
1470 5779 1720 5843 ἐξουσίαν
1743 5779 1943 5829 ἔδωκεν

372 5882 517 5949 αὐτῷ
556 5878 650 5930 καὶ
690 5875 871 5939 κρέσιν
909 5874 1113 5931 ποιεῖν,
1146 5872 1228 5923 ὅτι
1266 5872 1383 5935 Υἱὸς
1439 5872 1722 5925 ἀνθρώπων
1773 5871 1919 5920 ἐστίν

2099 5993 2118 6017 ο,
