4286 6466
741 421 816 488 23
1919 440 2175 500 CONST.
2215 441 2776 511 IIARMENOPULI
3911 464 3981 525 2-5

743 543 844 598 llic
894 546 1101 618 integra
1151 547 1500 607 distinctione
1540 556 1732 624 posita.
1771 573 1986 615 versum
2023 554 2187 618 alium
2224 565 2275 618 in
2337 575 2377 628 Λ
2424 563 2435 580 ⁸

2337 575 2377 628 Α
2424 563 2684 620 Ἐνταῦθα
2717 569 3018 636 στίξαντες,
3054 573 3151 626 ἀπ’
3183 575 3350 646 ἄλλης
3384 578 3561 649 ἀρχῆς
3594 574 3749 643 αὖθις
3787 581 3980 652 ἀναν.

739 639 1024 702 cboantes,
1065 656 1280 698 rursum
1314 645 1499 714 legunt
1528 670 1541 704 :
1575 667 1593 696 ε
1626 649 1677 704 Id
1709 665 1776 705 ne
1809 653 2108 707 miremini.
2142 673 2160 707 ι

812 731 864 782 7.
897 730 1204 788 Nestoriani
1234 735 1488 792 dicebam
1542 740 1819 797 Christum
1851 745 2050 800 habere
2091 759 2305 815 propter

738 828 993 883 virtutem
1044 831 1476 900 inseparabiliter
1521 837 1622 891 sibi
1655 838 1996 904 coniunctura
2045 839 2138 893 Dei
2175 841 2305 895 Ser-

739 935 989 975 monem:
1025 923 1093 976 ita
1119 924 1358 992 quidem,
1392 937 1451 982 ut
1486 928 1538 981 in
1567 945 1631 983 eo
1661 929 1780 984 Filii
1815 937 1921 986 duo
1947 930 2301 988 consideren-

738 1019 864 1076 tur;
911 1029 1048 1068 unus
1105 1014 1222 1083 Dei,
1274 1017 1509 1089 Virginis
1563 1022 1718 1077 alter.
1776 1024 1961 1094 anue
2017 1025 2082 1081 de
2141 1041 2302 1080 causa

738 1103 1153 1173 Cbristiparam,
1209 1125 1314 1164 non
1379 1111 1660 1181 Deiparaut
1718 1117 1943 1170 vocabat
1994 1131 2136 1180 eam,
2185 1133 2302 1185 quae

730 1213 929 1266 reapse
979 1201 1204 1271 Deipara
1251 1213 1355 1259 est.
1403 1204 1598 1259 Verum
1635 1217 1689 1262 et
1717 1209 1770 1263 hi
1811 1225 1931 1263 cum
1963 1210 2031 1264 tle
2058 1211 2300 1280 pluribus

732 1293 854 1344 aliis
884 1291 1050 1347 dictis
1091 1308 1480 1366 coarguuntur,
1513 1308 1626 1353 tum
1658 1303 1724 1355 de
1756 1302 1866 1368 illo,
1898 1320 1916 1352 ι
1948 1302 2139 1358 Sermo
2169 1318 2299 1359 caro

733 1381 907 1439 laetus
937 1394 1041 1443 est.
1079 1405 1096 1437 ι

806 1477 862 1531 8.
895 1477 1070 1547 Sergii
1097 1478 1400 1548 Pyrrhique
1416 1483 1710 1553 complins
1753 1500 1913 1538 unam
1943 1487 2293 1547 voluntatem,

733 1578 781 1622 et
817 1585 977 1622 unam
1010 1570 1278 1625 actionem
1313 1574 1364 1627 itt
1394 1573 1632 1641 Christo,
1664 1576 1754 1645 qui
1795 1577 2003 1632 duabus
2035 1593 2097 1632 ex
2144 1587 2296 1632 natu-

730 1663 802 1714 ris
832 1673 996 1728 esset,
1038 1668 1340 1722 tradebant.

795 1776 849 1829 ξ).
879 1775 1196 1845 Origcniaui
1229 1757 1377 1834 more
1407 1798 1738 1852 paganorum
1772 1785 2036 1840 exsistere
2082 1786 2290 1839 animas

2412 654 2680 710 νὼσκουτι
2701 675 2714 690 ·
2739 661 2828 729 Μὴ
2865 663 3171 734 θαυμάζετε
3202 669 3376 723 τοῦτο.

2478 749 2542 809 ζ’.
2576 752 2636 803 Ol
2660 754 2788 821 περὶ
2807 754 2899 808 τὸν
2926 757 3236 828 Νεστόριον,
3268 763 3360 816 τὸν
3382 763 3615 833 Χριστὸν
3640 766 3827 835 ἔλεγον
3856 786 3918 822 συ
3933 790 3977 822 δ-

2407 842 2655 910 ημμένον
2676 845 3059 911 ἀδιασπάστως
3086 853 3266 923 ἑαυτῷ
3298 856 3387 908 τὸν
3414 857 3508 910 τοῦ
3539 858 3675 912 Θεοῦ
3707 861 3882 928 Λόγον
3908 861 3976 913 δι’

2405 931 2791 1003 άρετὴνέχειν,
2823 938 2896 1000 ὡς
2923 939 3019 992 δύο
3040 941 3205 1005 Υίοὺς
3233 946 3291 997 ὲν
3320 946 3470 1015 αῦτῷ
3499 947 3847 1018 θεωρεῖσθαι,
3874 952 3971 1004 ἕνα

2403 1019 2495 1071 τὸν
2533 1021 2626 1074 τοῦ
2661 1024 2795 1077 Θεοῦ
2819 1064 2833 1088 ,
2869 1028 2963 1081 xal
3003 1029 3100 1084 ἕνα
3139 1033 3230 1085 τὸν
3261 1036 3360 1104 τῆς
3405 1036 3712 1106 Παρθένου.
3750 1039 3860 1093 Kal
3885 1040 3973 1092 δια

2405 1111 2564 1166 τοῦτο
2595 1117 2688 1168 καὶ
2721 1119 3105 1190 Χριστοτόκον,
3141 1124 3256 1178 ἀλλ’
3277 1111 3346 1180 οὐ
3375 1129 3644 1183 Θεοτόκον
3677 1132 3774 1201 τὴν
3802 1132 3972 1194 ὅντως

2403 1204 2554 1272 ἔλεγε
2586 1209 2870 1266 Θεοτόκον.
2926 1214 3272 1286 Ἐλέγχονται
3306 1221 3363 1274 δὲ
3394 1221 3489 1274 καὶ
3519 1223 3673 1276 αὐτοὶ
3706 1225 3765 1288 ἐξ
3792 1223 3969 1277 ἄλλων

2401 1313 2458 1348 τε
2493 1298 2722 1361 πολλῶν,
2755 1304 2847 1357 καὶ
2879 1307 2941 1358 ὲκ
2966 1309 3058 1361 τοῦ
3099 1328 3116 1361 t
3151 1311 3212 1364 ’0
3239 1313 3412 1381 Λόγος
3445 1314 3583 1385 σὰρξ
3609 1316 3844 1386 ἐγένετο.
3889 1337 3907 1369 ι

2470 1482 2539 1544 η’.
2568 1477 2629 1530 Οἱ
2655 1484 2782 1550 περὶ
2803 1483 3027 1552 Σέργιον
3072 1490 3163 1541 καὶ
3186 1489 3453 1562 Πύρῤον,⁹
3473 1495 3602 1564 μίαν
3629 1495 3965 1566 θέλησινκαὶ

2401 1567 2530 1634 μίαν
2555 1570 2834 1641 ἐνέργειαν
2866 1578 2957 1629 ἐπὶ
2995 1580 3226 1650 Χριστοῦ
3261 1584 3480 1654 ἔλεγον,
3517 1588 3612 1642 τοῦ
3642 1592 3706 1643 ἐκ
3740 1591 3833 1644 δύο
3863 1593 3961 1661 φύο

2400 1675 2536 1712 σεων
2565 1680 2632 1715 πε
2642 1667 2892 1731 φυκότος.

2467 1773 2528 1824 θ’.
2558 1775 2619 1825 Οἱ
2647 1779 2774 1845 περὶ
2800 1777 3082 1850 Ὠριγένην
3107 1787 3244 1856 προΰ
3259 1789 3452 1856 παρξιν
3479 1793 3587 1844 τῶν
3608 1796 3796 1864 ψυχῶν
3820 1799 3960 1851 κατά

724 1879 848 1926 ante
884 1885 1112 1938 corpora
1137 1870 1425 1938 docebant,
1476 1886 1528 1928 et
1555 1875 1712 1930 linem
1742 1879 1984 1949 supplicii
2017 1892 2288 1946 nunquam
2325 1911 2361 1963 Β
2394 1877 2416 1911 τ

2269 1893 2288 1928 ς,
2325 1911 2361 1963 Β
2394 1866 2520 1924 τοὺς
2549 1865 2784 1936 Ἕλληνα
2804 1891 2815 1897 ·
2849 1874 3224 1942 ὲδογμάτιζον,
3255 1883 3347 1932 καὶ
3365 1882 3519 1947 τέλος
3546 1886 3642 1955 τῆς
3670 1890 3961 1956 ἀτελευτή-

723 1961 944 2015 finiendi
979 1969 1314 2028 statuebant,
1347 1977 1399 2020 et
1447 1969 1655 2024 animas
1688 1986 1716 2024 a
1759 1972 2076 2041 corporibus
2118 1970 2287 2023 nudas
2325 1957 2358 1963 ⁷
2388 1972 2415 2006 τ

2265 1984 2287 2022 ε
2325 1957 2358 1963 ⁷
2388 1971 2482 2006 του
2513 1957 2786 2024 κολάσεως
2809 1963 3146 2033 ἐψηφίζοντο,
3173 1973 3265 2023 καὶ
3289 1972 3387 2037 τὰς
3413 1966 3592 2047 ψυχὰς
3616 1981 3830 2050 γυμνὰς
3849 1983 3957 2037 τῶν

722 2069 1027 2115 τθδυτροτθ.

792 2166 876 2220 l0.
912 2168 1054 2220 Petri
1109 2181 1466 2239 cognomento
1518 2174 1756 2231 Fullonis
1808 2179 2028 2232 asseclte
2089 2178 2283 2247 bymno

722 2271 881 2324 quem
955 2258 1256 2328 Trisagium
1307 2275 1503 2319 vocant
1532 2266 1695 2335 (quod
1723 2272 1907 2325 'saneti
1957 2278 2058 2325 vox
2102 2281 2185 2326 ter
2229 2273 2280 2324 in

718 2361 784 2400 eo
823 2352 1119 2419 repetatur)
1151 2353 1466 2422 adjecerunt
1511 2358 1623 2411 haec
1662 2361 1822 2414 verba
1857 2379 1870 2416 :
1904 2380 1922 2412 r
1950 2360 2051 2427 Qui
2103 2362 2280 2416 cruci-

717 2438 854 2493 fixus
883 2456 941 2494 es
988 2454 1210 2511 propter
1240 2459 1340 2502 nos
1374 2466 1388 2503 :
1433 2467 1450 2500 ι
1483 2450 1790 2511 passibilem
1826 2453 2034 2507 scilicet
2087 2455 2282 2507 divini-

714 2538 877 2585 tatem
914 2532 1200 2599 facientes,
1232 2551 1353 2605 qua:
1385 2541 1654 2606 passionis
1683 2544 1862 2598 onmis
1894 2559 2092 2613 expers
2117 2554 2216 2598 est.

785 2644 871 2698 ll.
906 2645 1238 2702 Marcionita:
1263 2664 1323 2704 ac
1356 2650 1638 2707 Manicbmi
1668 2654 2060 2721 lcgislationem
2091 2654 2280 2709 Testa-

711 2736 875 2789 menti
908 2735 1114 2792 Veteris
1143 2740 1265 2793 mali
1294 2756 1473 2795 rerum
1494 2745 1706 2812 opilieis
1731 2761 1850 2801 esse
1874 2748 2080 2800 dicunt.
2109 2746 2274 2801 lidem

711 2827 922 2891 quoties
951 2830 1092 2896 apud
1140 2831 1286 2896 ipsos
1319 2848 1428 2886 non
1461 2835 1764 2903 baptizatus
1799 2837 1994 2906 aliquis
2027 2838 2269 2902 moritur,

710 2915 810 2969 sub
836 2918 1030 2974 lectulo
1050 2920 1292 2976 defuncti
1311 2927 1434 2978 vivo
1450 2927 1680 2994 quodam
1707 2929 1996 2992 occultato,
2020 2930 2272 2983 lectulum

709 3009 933 3073 adeunt,
962 3027 1025 3064 ac
1061 3022 1330 3068 mortuum
1363 3017 1724 3086 interrogant,
1758 3036 1824 3074 an
1876 3021 2135 3090 baptizari
2185 3038 2273 3076 ve-

707 3097 789 3152 lit.
832 3100 1135 3169 Respondet
1170 3108 1473 3162 occultatus
1526 3112 1592 3164 ab
1637 3113 1766 3174 imo,
1814 3112 1972 3176 velle,
2004 3123 2165 3181 atque
2198 3115 2268 3167 ita

704 3192 823 3246 loco
872 3195 1111 3250 defuncti
1165 3214 1286 3253 eum
1325 3202 1623 3271 baptizaut.
1657 3204 1887 3259 Causam
1936 3207 2136 3267 roaati,
2186 3208 2267 3259 di-

701 3293 835 3337 cunt
905 3286 1005 3338 hoc
1057 3288 1371 3356 Aposmlum
1430 3294 1703 3356 docuisse.
1765 3313 1885 3350 cum
1949 3298 2114 3351 ait‘:
2162 3298 2263 3354 «Si

701 3362 922 3441 prorsus
959 3383 1152 3433 mortui
1201 3399 1304 3435 non
1349 3388 1765 3452 resuscitantur,
1823 3405 1923 3444 cur
1963 3391 2125 3444 etiam
2170 3393 2266 3445 ba-

699 3466 1089 3538 ptizanturpro
1112 3475 1374 3527 mortuis?
1399 3494 1417 3526 ι
1452 3475 1555 3530 Sed
1592 3479 1861 3546 ignorant,
1896 3480 1945 3533 id
1981 3482 2079 3534 boc
2112 3483 2266 3535 modo

701 3557 971 3627 prolatum
1000 3573 1312 3630 propterea.
1367 3568 1507 3632 quod
1543 3571 1852 3637 quicunque
1898 3572 2264 3641 baptizautur.

702 3663 753 3696 tn
797 3647 1138 3706 confessione
1179 3659 1600 3713 resurrectionis
1656 3671 1990 3716 mortuorum
2042 3663 2264 3731 ejusque

698 3751 794 3807 spe
822 3739 1186 3809 baptizentur.
1228 3745 1287 3798 lli
1329 3749 1607 3805 .‘llanicbaai
1639 3751 1916 3808 Christum
1958 3755 2141 3811 dicunt
2173 3755 2265 3808 de-

699 3830 876 3892 posito
908 3831 960 3883 in
1005 3843 1143 3886 terra
1179 3851 1430 3905 corpore,
1467 3856 1656 3909 purum
1688 3845 1970 3912 solumque
2007 3845 2168 3899 Deum
2211 3847 2262 3900 iu

697 3922 895 3973 mulum
927 3927 1256 3982 ascendisse.
1293 3931 1453 3986 Iidem
1477 3946 1532 3988 et
1563 3939 1842 4001 mundum,
1867 3949 1926 3992 ut
1957 3939 2177 4003 malum,
2209 3949 2262 3992 et

697 4026 913 4066 carnem
959 4014 1342 4085 criminantur,
1380 4038 1441 4075 ac
1474 4024 1566 4077 Dei
1599 4027 1667 4078 ab
1703 4028 1920 4094 opiﬁcio
1949 4031 2261 4086 excludunt.

694 4103 941 4163 Traduut
981 4120 1035 4162 el
1063 4113 1170 4164 duo
1209 4117 1495 4181 principia,
1534 4122 1731 4175 malum
1776 4135 1831 4178 et
1879 4126 2103 4185 bonum.
2148 4130 2262 4183 sive

695 4197 858 4250 Deum
894 4212 950 4252 et
986 4207 1284 4257 materiem.
1317 4207 1390 4261 De
1414 4207 1763 4266 Testamento
1798 4217 1975 4271 Veteri
2001 4219 2260 4288 sacrilege

694 4291 1004 4357 loquuntur.
1051 4293 1257 4348 Lunam
1291 4308 1344 4352 et
1379 4300 1578 4363 sidera,
1609 4305 1707 4358 ceu
1739 4307 1889 4370 deos,
1930 4309 2141 4363 adorari
2172 4311 2262 4379 ju-

692 4383 842 4437 beut.
875 4382 1071 4439 Carnis
1111 4394 1562 4446 resurrectionem
1597 4409 1815 4465 negant.
1845 4399 2159 4457 Animarum
2193 4405 2260 4458 de

688 4473 1010 4539 t‘orporibtts
1041 4477 1093 4529 itt
1126 4493 1351 4547 corpora
1378 4482 1753 4551 migrationem
1782 4491 1995 4544 docent.
2026 4491 2254 4560 Herbas,

2391 2050 2662 2118 σωμάτων
2695 2053 3040 2112 ἀνίστασθαι.

2457 2164 2510 2219 ι’.
2559 2169 2624 2221 Ol
2670 2171 2800 2240 περὶ
2851 2173 3058 2244 Πέτρον
3105 2178 3198 2232 τὸν
3247 2181 3494 2250 Κναφέα,
3556 2187 3634 2257 τῷ
3684 2191 3952 2258 τρισαγίῳ

2386 2257 2734 2330 προσέθηκαν
2763 2263 2842 2328 τὸ,
2885 2281 2902 2314 t
2951 2265 3009 2317 '0
3038 2271 3375 2334 oraupral;
3398 2273 3466 2326 δι’
3493 2277 3643 2345 ἡμᾶς
3662 2294 3677 2307 °
3717 2296 3735 2329 ι
3778 2257 3956 2349 1';an-

2384 2349 2480 2418 τὴν
2505 2350 2600 2422 τὴν
2637 2355 2822 2425 ἀπαθῆ
2857 2359 3138 2424 ποιοῦντες
3168 2362 3418 2435 θεότητα.

2454 2644 2543 2690 ια’.
2575 2641 2638 2691 Ol
2672 2644 2799 2712 περὶ
2826 2646 3129 2716 Μαρκίωνα
3161 2653 3252 2706 καὶ
3282 2656 3538 2711 Μάνεντα
3573 2662 3674 2730 τὴν
3709 2665 3949 2720 παλαιάν

2377 2726 2471 2779 τοῦ
2506 2733 2740 2799 πονηροὶ
2774 2734 3112 2806 δημιουργοῦ
3144 2742 3394 2811 λέγουσιν
3429 2743 3570 2802 εἶναι
3603 2753 3943 2821 νομοθεσίαν.

2377 2823 2439 2875 Οί
2481 2827 2631 2878 αὐτοὶ
2677 2833 2769 2881 καὶ
2820 2833 3037 2887 ἐπειδάν
3083 2855 3164 2901 τις
3212 2840 3547 2908 ἀϐάπτιστος
3590 2851 3723 2917 παρ’
3762 2852 3943 2913 αὐτοῖς

2375 2916 2620 2988 ἀποθάνῃ
2642 2961 2656 2984 ,
2692 2921 2796 2974 ὑπὸ
2831 2923 2929 2992 τὴν
2967 2927 3154 2999 κλίνην
3194 2933 3286 2984 τοῦ
3320 2937 3769 3008 τετελευτηκότος
3805 2946 3939 3012 κρύ-

2371 3009 2568 3077 ψαντες
2603 3031 2724 3067 τινα
2757 3007 3326 3095 ζῶντα,’προσιᾶσιτῇ
3358 3027 3535 3100 κλίνῃ.
3572 3035 3665 3085 καὶ
3694 3036 3944 3102 ἐρωτῶσι

2369 3104 2462 3156 τὸν
2484 3105 2675 3174 νεκρὸν
2705 3111 2752 3160 εί
2775 3109 3018 3178 βούλοιτο
3035 3113 3420 3186 βαπτισθῆναι.
3449 3123 3560 3174 Καὶ
3585 3126 3942 3197 ἀποκρίνεται

2370 3198 2619 3251 κάτωθεν
2643 3201 2670 3250 ὁ
2700 3207 3101 3273 κεκρυμμένος,
3133 3208 3259 3264 Ναί.
3289 3213 3395 3264 Καὶ
3426 3213 3598 3279 οῦτως
3623 3218 3784 3274 αὑτὸν
3816 3222 3943 3275 ἀντὶ

2372 3289 2466 3341 τοῦ
2511 3291 2846 3357 ἀπελθόντος
2895 3295 3237 3365 βαπτίζουσι.
3289 3305 3398 3356 Kal
3450 3309 3815 3378 ἐρωτώμενοι,
3850 3314 3939 3365 λέ-

2370 3397 2523 3448 γουσι
2574 3383 2666 3436 τὸν
2710 3386 3032 3442 Ἀπόστολον
3075 3391 3232 3445 τοῦτο
3264 3394 3472 3460 διδάξαι
3503 3403 3561 3454 ἑν
3608 3403 3687 3472 τῷ
3733 3407 3936 3473 λέγειν,

2376 3490 2394 3523 t
2432 3474 2493 3526 Ei
2523 3474 2657 3537 ὅλως
2680 3481 2865 3547 νεκροὶ
2891 3483 2991 3534 οὐκ
3022 3484 3436 3551 ὲ’γείρονται,’τί
3463 3493 3555 3544 καὶ
3582 3492 3936 3563 βαπτίζονται

2370 3563 2511 3635 ὑπὲρ
2555 3566 2663 3618 τῶν
2701 3569 2945 3640 νεκρῶνῇ
2978 3590 2993 3622 ι
3040 3575 3380 3643 ἀγνοοῦντες,
3407 3581 3482 3644 ὡς
3502 3583 3588 3636 διὰ
3615 3586 3676 3638 τὸ
3697 3588 3785 3640 ἐπὶ
3809 3593 3936 3658 ὁμο-

2368 3659 2526 3728 λογίᾳ
2577 3660 2674 3727 τῆς
2703 3660 2813 3712 τῶν
2844 3666 3054 3732 νεκρῶν
3085 3667 3432 3736 ἀναστάσεως
3457 3714 3472 3737 ,
3513 3677 3605 3730 καὶ
3640 3678 3728 3730 ἐπ’
3762 3681 3935 3736 ὲλπῖξι

2366 3748 2536 3819 ταύτῃ
2562 3751 2687 3814 τοὺς
2716 3751 3142 3823 βαπτιζομένους
3173 3759 3553 3829 βαπτίζεσθαι,
3585 3768 3739 3821 ταῦθ’
3764 3771 3934 3838 οὕτως

2366 3842 2602 3910 εἴρηται.
2648 3837 2809 3896 Οὗτοι
2853 3846 2901 3897 οἱ
2952 3848 3245 3916 Μανιχαῖοι
3289 3851 3511 3920 λέγουσι
3557 3859 3646 3911 τὸν
3697 3862 3934 3930 Χριστ“ν

2366 3935 2706 4003 ἀποθέμενον
2734 3939 2790 3990 ἐν
2814 3941 2878 4008 τῇ
2911 3942 2978 4009 γῇ
3014 3940 3073 3992 τὸ
3101 3941 3285 4012 σῶμα,
3315 3944 3471 4014 ψιλὸν
3495 3948 3629 4003 Θεὸν
3659 3955 3735 4005 ei:
3767 3956 3932 4024 οὖρα-

2366 4025 2456 4078 νὸν
2486 4025 2750 4081 ἀνελθεῖν.
2779 4029 2844 4080 0i
2884 4030 3037 4082 αὐτοὶ
3069 4035 3161 4086 καὶ
3189 4034 3281 4087 τὸν
3308 4035 3512 4104 κόσμον
3546 4043 3804 4111 πονηρὸν,
3839 4047 3933 4096 καὶ

2363 4118 2464 4185 τὴν
2495 4117 2676 4187 σάρκα
2714 4120 3093 4185 διαϐάλλουσι,
3133 4127 3234 4194 τῆς
3271 4126 3364 4180 τοῦ
3415 4128 3549 4183 Θεοῦ
3586 4133 3790 4204 ταύτην
3838 4137 3931 4206 δη-

2367 4211 2655 4278 μιουργίας
2711 4211 3147 4280 ἀλλοτριοῠντες.
3211 4209 3370 4270 Οὗτοι
3434 4221 3529 4273 καὶ
3595 4221 3690 4276 δύο
3760 4227 3932 4296 ἀρχὰς

2362 4301 2772 4370 δογματίζουσι,
2812 4305 3057 4373 πονηράν
3085 4322 3144 4358 τε
3174 4309 3267 4360 καὶ
3297 4310 3527 4382 ἀγαθὴν,
3566 4315 3682 4387 ἦτοι
3712 4317 3842 4370 Θεόν
3874 4337 3931 4372 τε

2363 4392 2668 4462 καὶῦλην.
2725 4395 2835 4464 Τὴν
2894 4395 3137 4450 Παλαιὰν
3190 4399 3575 4470 βλασφημοῦσι
3627 4408 3929 4481 Διαθήκην.

2362 4484 2601 4555 Σελήνην
2624 4487 2718 4539 καὶ
2745 4487 2985 4558 ἀστέρας
3010 4496 3365 4558 προσκυνεῖν,
3402 4490 3489 4548 οἵα
3513 4496 3690 4564 θεοὺς,
3717 4505 3930 4572 ἐπιτρέ-

687 4576 743 4617 et
798 4568 1044 4632 arbores,
1077 4578 1128 4621 et
1190 4586 1411 4637 aquam,
1450 4588 1574 4629 esse
1633 4593 1718 4630 res
1772 4581 2041 4638 animatas
2079 4585 2252 4641 aiunt.
2286 4577 2334 4638 Β
2362 4596 2379 4629 1

2239 4627 2252 4641 ,
2286 4577 2334 4638 D
2362 4580 2791 4651 πουσι,.Σιρκὸς
2821 4581 3118 4635 ἀνάστασιν
3141 4584 3460 4654 ἀρνοῦνται.
3486 4568 3931 4663 Μετεμῲύχωσεν

690 4654 967 4710 Μαυὶωί
1002 4672 1130 4712 vero
1167 4660 1437 4727 dicuntur,
1473 4664 1617 4732 quod
1669 4667 1922 4737 dogmata
1970 4671 2147 4728 Manis
2197 4676 2250 4729 in

686 4749 864 4815 pretio
907 4750 1186 4818 habeant;
1227 4757 1316 4822 qui
1351 4771 1409 4812 se
1438 4757 1776 4815 Paracletttm
1829 4767 2148 4836 appellabat,
2198 4782 2254 4826 et

685 4839 963 4894 Christum
995 4845 1174 4912 specie
1218 4857 1375 4902 tenus
1408 4861 1756 4921 conspectum
1795 4861 2110 4925 apparuisse
2156 4864 2251 4918 d0-

681 4933 857 4986 rebat.

756 5130 840 5181 ιε.
879 5130 1140 5196 Marcelli,
1193 5135 1432 5206 Pltotiui,
1467 5154 1521 5196 et
1578 5146 1871 5215 Sopltronii
1929 5165 2246 5219 sectatores,

683 5237 788 5274 non
831 5225 1154 5282 conﬁtentes
1185 5242 1427 5286 sanctam
1473 5237 1815 5307 Trinitatem,
1860 5247 1956 5300 sed
1997 5249 2245 5316 spiritum

677 5313 846 5366 solum
889 5312 1054 5368 Deum
1085 5321 1438 5386 appellantes.
1466 5328 1582 5394 ejus
1609 5330 1925 5388 Sermonem
1954 5353 2078 5395 esse
2104 5341 2246 5397 dice-

677 5403 804 5453 bant
829 5404 1228 5472 ellicact'talem,
1267 5429 1388 5479 qua:
1433 5417 1483 5468 in
1517 5433 1776 5487 prognato
1805 5425 1872 5478 de
1905 5431 2112 5483 semine
2143 5431 2240 5483 Da-

677 5493 814 5545 vidis
844 5494 1147 5552 habitasset
1177 5522 1190 5566 ;
1227 5521 1331 5557 non
1382 5509 1768 5570 substantiam.
1799 5531 1919 5584 qua:
1965 5536 2117 5573 suam
2147 5524 2240 5575 Ita-

675 5581 798 5637 beat
848 5586 1163 5655 ltypttstasin
1229 5612 1242 5646 :
1285 5599 1424 5652 male
1471 5604 1690 5667 quidem
1743 5611 2058 5666 sentientes.
2107 5613 2236 5668 Nam

672 5670 766 5726 Dei
800 5672 990 5730 Sermo
1018 5695 1114 5734 nec
1145 5683 1188 5736 is
1223 5696 1304 5740 est
1339 5691 1426 5756 qui
1475 5692 1743 5760 profertur
1773 5739 1786 5763 ,
1819 5715 1916 5755 nec
1953 5706 1999 5756 ei
2049 5705 2239 5760 similis

644 5845 648 5850 ’
732 5844 752 5873 ⁸
785 5846 801 5892 1
834 5847 958 5905 Cor.
994 5869 1080 5919 xv,
1108 5856 1196 5912 29.

2359 4670 2689 4724 διδάσκουσι.
2730 4673 2990 4740 Βοτάνας,
3028 4678 3122 4728 καὶ
3151 4677 3361 4745 δένδρα,
3401 4681 3494 4734 καὶ
3529 4681 3674 4749 ὕδωρ
3709 4685 3947 4756 ἔμψυχα.

2358 4758 2497 4816 εἶναι
2523 4764 2815 4831 φάσκουσι.
2842 4767 3136 4836 Μανιχαίοι
3166 4768 3222 4821 δὲ
3246 4770 3517 4837 λέγονται,
3549 4775 3626 4837 ὡς
3659 4778 3927 4846 πρεσϐεύ-

2357 4873 2507 4917 οντες
2561 4856 2626 4910 td
2694 4857 2778 4910 τοῦ
2840 4859 3152 4924 Μάνεντος,
3206 4862 3262 4924 ὃς
3317 4864 3679 4936 Παράκλητον
3733 4871 3928 4923 ἑαυτὸν

2354 4946 2577 5009 ἐκάλει,
2632 4947 2726 4999 καὶ
2778 4948 2870 5000 τὸν
2925 4949 3156 5018 Χριστὸν
3215 4951 3436 5021 δοκήσει
3494 4957 3590 5008 καὶ
3653 4962 3924 5033 φαντασίᾳ

2354 5040 2631 5106 εἰσηγεῖτο
2669 5045 2990 5108 πεφηνέναι.

2424 5152 2510 5220 ιβ’.
2548 5152 2613 5204 Οἱ
2656 5153 2783 5221 περὶ
2821 5152 2914 5204 τὸν
2957 5154 3302 5224 Μάρκελλον,
3355 5161 3450 5211 καὶ
3493 5162 3777 5227 Φωτεινὸν,
3828 5168 3920 5218 καὶ

2351 5245 2682 5314 Σωφρόνιον,
2706 5245 2807 5316 τὴν
2838 5245 3001 5312 ἁγίαν
3020 5246 3230 5316 Τριάδα
3253 5251 3326 5319 μὴ
3348 5252 3762 5322 ὁμολογοῦντα,
3784 5258 3922 5311 ἀλλά

2351 5337 2570 5405 πνεῦμα
2617 5337 2779 5404 μόνον
2832 5338 2925 5390 τὸν
2972 5339 3106 5392 Θεὸν
3148 5343 3540 5412 ὀνομάζοντες,
3589 5348 3681 5400 τὸν
3727 5350 3918 5404 τούτου

2349 5430 2522 5492 Λόγον
2545 5429 2827 5496 ἐνέργειαν
2851 5429 3038 5496 ἔλεγον
3062 5429 3202 5483 εἶναι
3233 5432 3308 5501 τῷ
3331 5436 3393 5487 ἐκ
3416 5437 3729 5506 σπέρματος
3753 5442 3917 5493 Δαὸὶδ

2348 5522 2727 5589 ἑνοικήσασαν,
2746 5522 2845 5573 οὐκ
2860 5523 3045 5576 οὺσέαν
3075 5523 3480 5599 [ἐνυπύστατον]
3505 5530 3879 5597 ὲνυποστάτως
3900 5550 3915 5564 ο

2299 5673 2302 5678 ι
2350 5615 2532 5674 κακῶς
2560 5613 2902 5681 φρονοῦντες.
2939 5615 2998 5665 Ὀ
3021 5617 3137 5682 γὰρ
3165 5617 3258 5668 τοῦ
3281 5620 3415 5669 Θεοῦ
3441 5621 3612 5687 Λόγος
3637 5623 3759 5675 οὗτε
3783 5640 3912 5692 προ-

2347 5706 2566 5775 φορικὸε
2633 5708 2802 5771 ἐστιν,
2845 5706 2967 5758 οὔτε
3027 5709 3373 5773 ἐνδιάθετος⁷
3423 5705 3592 5781 (οὗτοι
3655 5715 3762 5785 γὰρ
3801 5716 3913 5772 τῶν
