4286 6466
332 455 415 517 τε
1658 456 1753 513 DE
1800 454 2024 514 lI.ERE

1890 454 2280 516 ERESIBUS.
3514 462 3582 525 26

327 564 454 612 καθ’
503 564 649 628 ἡμᾶς
693 563 781 615 καὶ
829 565 1094 631 φυσικῶν)
1140 566 1252 619 ἀλλ’
1303 568 1440 639 ὑπὲρ
1474 571 1756 640 φύσινῷν,
1799 575 1893 640 οὐχ
1950 585 1988 633 Α

1890 592 1893 639 i
1950 585 1988 633 Α
2022 576 2109 642 qui
2166 584 2343 633 monte
2378 576 2681 643 concipitur
2742 576 2818 644 (hi
2882 590 3116 642 namque
3163 589 3441 637 sermones
3483 582 3582 638 Ιιυ-

326 657 703 713 ὀποὸαλλεται
744 664 856 722 τοῖς
894 664 1042 715 κάτω
1073 665 1557 735 τεχνολογήμασιν.

355 844 489 903 ἰγθ.
531 838 597 890 Ol
630 839 759 907 περὶ
800 839 891 892 τὸν
931 842 1226 910 Εὐνόμιον,
1256 847 1430 897 ταυτὰ
1467 847 1542 913 τῷ
1587 847 1777 915 Ἀρείῳ
1814 848 1908 899 καὶ

326 932 651 1001 Μακεδονίῳ
679 933 1028 1001 φρονοῦντες,
1060 939 1153 988 καὶ
1177 940 1302 999 τοὺς
1326 940 1508 1002 αὐτοῖς
1538 944 1908 1010 προσερχομέ-

324 1042 450 1084 νους
498 1026 643 1078 κατὰ
691 1027 933 1096 κεφαλῆς
975 1028 1267 1093 ὲδάπτιζον
1309 1032 1385 1083 ei:
1430 1036 1561 1107 μίαν
1594 1036 1904 1107 κατάδυσιν.

330 1116 439 1165 Καὶ
477 1116 578 1182 τὴν
608 1118 830 1169 κόλασιν
856 1119 914 1172 δὲ
943 1121 1043 1186 τὴν
1074 1121 1397 1189 μέλλουσαν,
1418 1105 1509 1177 καὶ
1535 1126 1631 1195 τὴν
1664 1105 1906 1193 γέενναν,

324 1204 389 1252 οὐ
420 1206 565 1258 κατὰ
595 1206 880 1275 ἀλήθειαν,
916 1209 1053 1261 ἀλλὰ
1075 1210 1162 1263 διὰ
1198 1212 1370 1279 φόϐονΔ
1395 1215 1582 1281 ελεγον
1608 1216 1909 1286 ἀπειληοῆ-

320 1312 432 1348 ναι.
464 1298 523 1347 Ui
556 1298 709 1349 αὐτοὶ
736 1304 829 1351 καὶ
851 1302 1120 1369 Ἀνόμοιοι
1143 1304 1453 1365 καλοῦνται.
1489 1306 1574 1359 διὰ
1604 1309 1665 1360 τὸ
1709 1309 1913 1375 λέγειν,

325 1388 604 1452 μηδεμίαν
640 1390 785 1456 ἔχειν
822 1394 1122 1461 όμσιὸτητα
1153 1397 1272 1448 κατ’
1310 1398 1501 1449 οὐσίαν
1530 1400 1620 1450 τον
1656 1400 1781 1453 Υἱδν
1814 1402 1908 1453 καὶ

321 1480 387 1528 τὸ
420 1481 642 1546 Πνεῦμα
676 1483 809 1551 πρὸς
840 1484 931 1536 τὸν
963 1487 1202 1557 Πατέρα.

399 1570 478 1622 ιδ’.
523 1574 588 1624 Οἱ
624 1576 715 1625 ὲπὶ
756 1576 849 1627 τὸν
883 1577 1155 1645 Ναύατον,
1189 1581 1358 1633 τᾶλλα
1401 1582 1771 1647 εὐσεϐοῦντες,
1809 1584 1907 1655 τὴν

319 1660 588 1730 διγαμίαν
612 1665 1019 1734 ἐδδελύσσοντο,
1054 1673 1149 1723 καὶ
1177 1674 1299 1733 τοὺς
1331 1675 1780 1743 παραπεσόντας,
1814 1693 1908 1744 με⁸

322 1756 491 1821 τανοή
503 1771 709 1819 σαντας
738 1760 839 1812 οὐκ
871 1761 1133 1828 ἐδέχοντο.

397 1844 477 1899 ιε’.
510 1848 575 1899 Ol
599 1850 729 1918 περὶ
760 1852 853 1903 τὸν
877 1852 1199 1919 Σαϐϐάτιον,
1234 1856 1410 1910 ταυτα
1442 1858 1768 1925 φρονοῦντες
1796 1864 1907 1922 τοῖς

317 1935 716 2003 Ναυατιανοῖς,
761 1942 855 1994 καὶ
888 1947 998 2005 τοῖς
1051 1946 1316 2009 Ἰουδαίοις
1349 1946 1491 2018 ἦσαν
1524 1952 1909 2020 συνεορτάζον-

316 2043 433 2085 τες.
468 2029 531 2079 Ol
558 2032 714 2082 αὐτοὶ
741 2034 833 2085 καὶ
879 2035 1180 2104 Ἀριστεροὶ
1209 2038 1520 2100 καλοῦνται,
1549 2041 1629 2093 ὅτι
1659 2041 1757 2106 τὴν
1790 2045 1909 2112 ἀρι-

318 2125 525 2193 στεράν
567 2129 675 2179 εῑσι
715 2128 1131 2199 βδελυσσόμενοι
1179 2135 1373 2205 χεῖρα,
1419 2136 1485 2188 δι’
1518 2137 1689 2206 αὐτῆς
1734 2154 1904 2205 προσ-

320 2214 502 2268 ίεσθαι
537 2218 601 2269 τὸ
630 2220 839 2272 οἱονοῦν
882 2222 955 2290 μὴ
991 2224 1315 2292 τολμῶντες.
1341 2228 1406 2278 Ol
1438 2228 1594 2281 αὐτοὶ
1633 2230 1726 2283 καὶ
1762 2230 1904 2281 Τεσ-

321 2309 885 2377 σαρεσκαδεκατίται,
932 2314 1013 2366 ὅτι
1054 2316 1127 2383 μὴ
1161 2318 1305 2370 κατὰ
1347 2318 1447 2386 τὴν
1486 2320 1793 2388 Κυριακὴν,
1830 2319 1904 2381 ὡς

320 2402 526 2467 ἡμεῖς,
593 2403 728 2455 ἀλλὰ
789 2408 931 2459 κατὰ
986 2409 1085 2476 τὴν
1148 2412 1755 2482 τεσσαρεσκαιδεκάτην
1809 2413 1904 2480 τῆς

318 2493 557 2562 σελήνης
588 2495 650 2545 τὸ
687 2496 876 2565 Πάσχα
909 2499 1048 2563 μετὰ
1093 2500 1364 2553 Ἰουδαίων
1395 2501 1665 2555 τελοῦσιν.
1709 2504 1771 2554 Ol
1805 2504 1902 2555 αὑ-

314 2587 403 2634 τοὶ
438 2586 535 2636 καὶ
570 2588 914 2653 Τετραδῐται,
950 2591 1031 2641 ὅτι
1076 2592 1137 2643 τὺ
1184 2592 1374 2662 Πάσχα
1414 2593 1799 2663 ἑορτάζοντες,
1835 2596 1895 2646 οὺ

315 2678 649 2739 καταλύειν,
701 2680 835 2731 ἀλλὰ
876 2685 1163 2750 νηστεύειν
1208 2682 1525 2753 αἱροῦνται,
1568 2685 1642 2745 ὡς
1682 2688 1739 2735 ἐν
1779 2688 1898 2746 ταῖς

312 2768 581 2834 τετράσιν
617 2769 801 2835 ἡμεῖς,
860 2770 1152 2835 Ἰουδαίους
1186 2773 1288 2825 κάν
1320 2774 1497 2843 τούτῳ
1538 2774 1900 2843 μιμούμενοι,

314 2857 443 2916 τοὺς
484 2859 624 2923 μετὰ
666 2859 727 2909 τὸ
759 2859 949 2930 Πάσχα
977 2862 1162 2930 ἄζυμα
1189 2866 1281 2916 καὶ
1316 2865 1571 2933 πικρίδας
1601 2864 1912 2927 ἐσθίοντιςν

395 2957 489 3010 ις’.
524 2950 586 3001 Οἱ
620 2954 747 3016 περὶ
775 2952 865 3003 τὸν
896 2954 1201 3016 Μοντανὸν,
1230 2955 1287 3016 ὃς
1326 2956 1519 3008 ἑαυτὸν
1549 2956 1900 3027 παράκλητον

316 3044 733 3109 προσηγόρευε,
774 3044 867 3095 καὶ
908 3050 1173 3108 γυναῖκας
1214 3042 1329 3115 εἶχε
1383 3047 1477 3099 δύο
1516 3048 1903 3115 παρεπομένας

318 3131 496 3197 αὐτῷ,
536 3132 871 3199 Πρίσκιλλαν
906 3136 1000 3187 καὶ
1034 3136 1380 3204 Μαξιμίλλαν
1402 3177 1415 3198 ,
1457 3136 1521 3199 ἃς
1558 3140 1653 3191 καὶ
1689 3137 1904 3207 προφή-

311 3223 470 3282 τιδας
506 3224 715 3284 ἐκάλει,
748 3224 843 3277 καὶ
868 3226 1152 3289 Πέπουξὰν
1168 3245 1290 3280 τινα
1317 3228 1513 3297 κώμην
1542 3230 1784 3299 Φρυγίας
1813 3231 1907 3281 ὲκ·
1931 3258 1977 3321 C

315 3316 556 3379 Θειάζων
612 3317 969 3388 Ἰερουσαλὴμ
1011 3320 1312 3388 ὠνόμαζεν.
1366 3317 1525 3375 Οῦτοι
1576 3322 1667 3375 οὖν
1715 3323 1792 3384 είς
1843 3321 1903 3374 ἓν

314 3409 617 3477 πρόσωπον
659 3410 759 3478 τὴν
794 3411 955 3477 ἁγίαν
1006 3412 1391 3478 συναιροῦντες
1438 3414 1644 3483 Τριάδα
1666 3456 1681 3479 ,
1714 3416 1808 3467 καὶ
1840 3416 1900 3467 τὸ

317 3506 509 3572 Πάσχα
531 3505 865 3572 διέστρεφον.
888 3497 992 3559 Kal.
1015 3504 1156 3575 αἷμα
1175 3513 1368 3573 παιδὸς
1395 3526 1726 3564 κατακεντου
1734 3513 1896 3580 μένου

314 3598 538 3667 ἀλεύρῳ
558 3601 961 3668 συμφύροντες,
987 3602 1080 3653 καὶ
1097 3602 1511 3670 ἀρτοποιοῦντες
1536 3604 1896 3673 προσέφερον,

315 3692 414 3741 καὶ
444 3691 856 3758 μετελάμϐανον
882 3692 941 3755 ἐξ
968 3693 1133 3745 αὐτοῦ
1153 3712 1165 3724 ·
1194 3695 1290 3746 καὶ
1314 3695 1403 3746 τὸν
1430 3696 1607 3764 γάμον
1628 3695 1888 3757 ικώλυον,

316 3785 415 3834 καὶ
448 3782 759 3852 βρωμάτων
786 3784 1066 3837 ἐδίδασκον
1096 3786 1328 3855 ἀποχήν.

392 3959 476 4023 ιζ’.
516 3961 580 4012 Ol
609 3961 736 4027 περὶ
764 3961 859 4014 τὸν
888 3962 1136 4025 Δονάτον,
1160 3962 1353 4016 ὀστοῦν
1374 3967 1441 4034 τῇ
1467 3967 1611 4034 χειρὶ
1642 3967 1894 4035 κατέχον-

314 4068 432 4111 τες,
463 4052 639 4103 ἐκεῖνο
670 4052 938 4120 πρότερον
964 4054 1293 4122 ἠσπάζοντο,
1325 4056 1417 4110 καὶ
1447 4055 1588 4109 οὕτω
1622 4058 1897 4129 μετελάμ-

316 4141 484 4194 ϐανον
513 4144 622 4195 τῶν
651 4145 1031 4213 ἁγιασμάτωνη

390 4236 479 4304 ιη’.
530 4238 594 4288 Ol
628 4238 989 4298 Μασαλιανοὶ,
1024 4239 1091 4291 τὰ
1126 4240 1233 4291 τῶν
1263 4241 1579 4310 Μανιχαίων
1613 4244 1893 4307 νοσοῦντες

314 4329 691 4399 προσεξεῦρον
720 4332 814 4381 καὶ
846 4330 961 4383 ἀλλ’
983 4330 1119 4384 ἅττα
1145 4333 1484 4403 μιαρώτερα.
1514 4336 1617 4388 Τὸν
1644 4338 1752 4407 γὰρ
1772 4337 1897 4390 νοῦν

311 4421 426 4473 τῶν
466 4419 781 4487 ἀνθρώπων
824 4420 929 4473 ὑπὸ
970 4420 1081 4472 τῶν
1128 4422 1401 4491 δαιμόνων
1443 4424 1767 4493 κατέχεσθαι
1806 4425 1895 4477 λέ-

311 4527 473 4575 γουσι
513 4527 526 4542 ⁸
559 4512 659 4578 τὴν
704 4509 1056 4577 ἀνθρωπείαν
1092 4511 1257 4578 φύσιν
1300 4512 1405 4564 τῶν
1433 4514 1705 4583 δαιμόνων
1754 4511 1894 4568 εἶναι

701 4619 714 4631 ·
752 4603 813 4655 τὸ
849 4603 1131 4671 βάπτισμα
1183 4606 1259 4673 μὴ
1303 4606 1542 4659 τελειοῦν
1572 4608 1662 4660 τὸν
1687 4608 1897 4675 ἄνθρω-

310 4713 435 4757 πον,
471 4695 607 4763 μηδὲ
648 4694 744 4763 τὴν
777 4696 1106 4764 μετάληψιν,
1144 4698 1276 4750 ἀλλὰ
1311 4700 1480 4768 μόνην
1510 4699 1607 4769 τὴν
1636 4704 1765 4769 παρ’
1798 4703 1894 4753 αὑ-

308 4791 423 4849 τοῖς
456 4788 645 4856 εὑχήν.
680 4788 845 4840 Φύσει
878 4784 1015 4840 εῐναι
1056 4788 1124 4840 τὰ
1175 4797 1319 4842 κακά
1354 4793 1412 4842 ὲν
1444 4792 1596 4859 ἡμῖν.
1636 4793 1744 4861 Τῆς
1779 4811 1895 4845 κοι-

309 4880 512 4941 νωνίας
564 4878 660 4930 τοῦ
696 4878 933 4947 νυμφίου
988 4878 1337 4933 αἰσθάνεσθαι
1374 4881 1470 4949 τὴν
1512 4882 1688 4951 ψυχὴν
1710 4925 1726 4947 ,
1759 4884 1831 4943 ὡς
1863 4886 1894 4953 ὴ

309 4974 453 5039 γυνὴ
508 4970 831 5023 αἰσθάνεται
880 4970 982 5038 τῆς
1033 4970 1129 5022 τοῦ
1183 4972 1377 5041 ἀιδρδς
1432 4976 1742 5034 συνουσίας.
1795 4976 1897 5027 Τὸν

314 5066 554 5126 σταυρὸν
603 5063 1012 5132 βδελύσσονται.
1066 5064 1176 5134 Τὴν
1215 5065 1476 5117 Θεοτόκον
1524 5068 1583 5117 οὐ
1630 5068 1891 5135 τιμῶσιν,

308 5154 435 5206 οὐδὲ
486 5154 576 5207 τὸν
621 5154 935 5223 ΠροδρομΟν
983 5157 1078 5210 καὶ
1110 5157 1423 5226 Βαπτιστὴν
1466 5159 1742 5227 Ἰωάννην,
1776 5160 1895 5212 οὐδὲ

306 5247 439 5307 τοὺς
467 5246 674 5311 ὁσίους,
707 5248 754 5298 εἰ
791 5246 865 5315 μὴ
898 5247 1060 5315 μόνον
1097 5250 1229 5311 τοὺς
1258 5250 1577 5319 Μάρτυρας.
1609 5251 1675 5304 Oi
1710 5250 1892 5319 βουλό-

310 5354 465 5404 μενοι
520 5337 947 5404 ἀποτέμνονται.
975 5337 1175 5394 Λύουσι
1193 5339 1582 5408 τοὺς-γάμους,
1608 5340 1896 5407 ὀμνύουσιν

307 5427 505 5489 ἀδεῶς,
536 5426 913 5495 ἐπιορκοῦσιν.
938 5429 1420 5497 ’Λναοεματίζουσι
1441 5430 1538 5498 τὴν
1563 5431 1774 5499 αἵρεσιν
1800 5433 1897 5483 αὑ-

305 5518 437 5570 τῶν.
472 5517 692 5583 Ταύτης
734 5518 830 5586 τῆς
869 5517 1049 5585 λύμης
1086 5518 1453 5587 ὑποπλησθεὶς
1496 5522 1589 5571 καὶ
1639 5520 1891 5572 Ἐλευθέ-

308 5626 425 5675 ριος
442 5611 469 5657 ὁ
493 5608 825 5675 Παφὶαγὼν,
846 5608 1178 5677 προσεξεῦρε
1202 5611 1296 5659 καὶ
1317 5610 1478 5671 αὐτὸς
1505 5611 1632 5675 ἀξια
1654 5610 1853 5661 ἑαυτοῦ
1878 5627 1891 5640 ⁸

306 5701 403 5752 τὸν
434 5701 672 5768 μοναχὸν
702 5700 823 5750 δυσὶ
858 5701 1283 5764 συνευνάζεσοαι
1312 5702 1553 5768 γυναιξί·
1589 5707 1677 5753 καὶ
1706 5704 1893 5769 χρόνον

306 5790 403 5842 ενα
434 5791 978 5855 ἑτκμιτευσαμενον,
1004 5790 1100 5840 τοῦ
1141 5788 1330 5842 λοιποῦ
1363 5790 1454 5840 καὶ
1483 5792 1597 5850 ταῖς
1631 5792 1889 5855 nonut

307 5895 398 5963 ςιν
440 5878 611 5941 ὸὸιῶς
648 5878 904 5947 χρῆσθαι,
957 5880 1126 5947 μηδὲν
1150 5879 1546 5937 διαστέλλοντι
1594 5882 1743 5933 Τὸᾶ
1787 5884 1893 5932 τὼν

312 4605 649 4673 κοινωνικήν

2023 682 2165 722 mam
2212 676 2341 722 sunt
2391 679 2445 721 et
2492 668 2827 737 naturales);
2861 668 2951 722 sed
2988 685 3109 722 cum
3147 672 3283 723 ultra
3332 682 3581 729 naturam

2020 762 2086 811 sil
2123 760 2345 824 positus,
2384 761 2615 814 terrenis
2650 761 2874 829 argutiis
2908 761 3130 815 minime
3155 763 3459 827 subjicitur.

2097 848 2180 901 l3.
2213 848 2531 901 Eunmniani
2561 852 2747 903 eadem
2784 866 2900 920 qme
2929 852 3089 904 Arius
3119 862 3173 905 et
3208 853 3579 915 Macedonius.

2016 941 2324 996 sentiebant
2357 957 2371 993 :
2415 950 2469 992 et
2494 955 2587 995 eos
2618 942 2708 1009 qui
2740 954 2795 995 se
2842 942 3086 1009 partibus
3127 944 3362 1010 ipsorum
3393 946 3580 1012 adjun-

2020 1033 2235 1098 gebant,
2268 1032 2528 1084 demissos
2561 1031 2612 1083 in
2656 1040 2834 1099 caput,
2865 1047 2971 1084 intr.
3022 1037 3293 1085 mersione
3343 1033 3583 1101 baptiza-

2018 1124 2165 1175 bant.
2210 1122 2379 1177 Minas
2429 1138 2645 1193 quoque
2688 1123 2853 1177 futuri
2894 1124 3162 1190 supplicii,
3203 1136 3253 1177 et
3296 1126 3579 1190 gehennaa,

2021 1216 2217 1267 nonad
2257 1216 2561 1278 Veritatem,
2598 1217 2691 1269 sed
2727 1216 2790 1269 ad
2824 1226 3025 1269 metum
3073 1217 3309 1284 prolatas
3337 1217 3575 1272 aiebant.

2026 1309 2293 1360 Vocantur
2331 1306 2491 1360 iidem
2520 1319 2574 1362 et
2602 1307 2846 1362 Anommi
2898 1308 3258 1374 (dissimiles),
3300 1309 3440 1373 quod
3489 1308 3577 1360 Fi-

2020 1398 2146 1450 lium
2200 1408 2255 1452 et
2298 1396 2554 1464 Spiritum
2611 1398 2817 1450 ratione
2857 1398 3171 1450 substantim
3222 1396 3419 1450 nullam
3455 1414 3576 1451 cum

2017 1486 2173 1540 Patre
2202 1488 2608 1541 similitudinem
2639 1488 2837 1541 habere
2872 1487 3133 1540 dicerent.

2088 1578 2174 1631 Η.
2215 1574 2515 1641 Navatiani,
2546 1586 2738 1629 czetcra
2785 1578 2878 1644 pii,
2907 1577 3118 1641 nuptias
3151 1576 3419 1630 secundas
3446 1577 3576 1629 abo-

2018 1669 2392 1732 minabantur,
2452 1678 2504 1722 et
2545 1670 2743 1736 lapsos,
2784 1681 3132 1737 posteaquam
3192 1670 3569 1735 resipuisscnt,

2018 1776 2120 1813 non
2152 1759 2526 1813 admittebant.
2554 1800 2561 1807 .

2089 1852 2173 1907 l5.
2213 1850 2529 1906 Sabhatiani
2552 1867 2674 1905 cum
2708 1850 3016 1905 Navatianis
3039 1850 3232 1905 eadem
3260 1851 3574 1909 sentientes.

2009 1946 2313 2000 Iudaeorum
2340 1960 2541 1997 morem
2570 1944 2619 1997 in
2646 1944 2983 1999 celebrandis
3014 1944 3164 1999 festis
3190 1942 3573 1997 observabant.

2010 2040 2285 2095 Vocantur
2313 2049 2366 2092 et
2395 2036 2638 2099 Sinistri,
2671 2038 2812 2105 quod
2868 2053 3082 2089 manum
3132 2037 3315 2090 laevam
3362 2035 3575 2090 abomi-

2012 2142 2226 2195 nentur,
2276 2147 2373 2186 nec
2420 2147 2482 2185 ea
2517 2134 2745 2188 sumere;
2777 2131 3071 2198 quidquam
3118 2130 3369 2183 audeant.
3411 2127 3574 2181 Iidem

2009 2237 2061 2279 et
2102 2224 2590 2290 Quartodecumani
2644 2224 2915 2285 dicuntur,
2956 2220 3098 2289 quod
3150 2232 3254 2274 non
3298 2219 3576 2276 Dominicn

2014 2318 2124 2380 die,
2160 2317 2298 2369 sicut
2332 2330 2446 2376 nos,
2481 2315 2575 2368 sed
2614 2314 2750 2366 luna:
2774 2315 2983 2366 decimo
3018 2313 3196 2374 tertio,
3228 2327 3348 2363 cum
3376 2310 3578 2364 Judaei:

2011 2406 2214 2461 Pascha
2268 2406 2560 2460 celebrent.
2597 2405 2949 2472 Appellantur
2983 2403 3145 2457 iidem
3192 2414 3249 2456 et
3285 2403 3573 2468 Quartani.

2009 2510 2289 2570 propterea
2339 2499 2481 2569 quod
2531 2498 2731 2553 Pascha
2773 2499 3135 2560 celebrantes,
3168 2512 3273 2550 non
3328 2496 3392 2547 ad
3440 2494 3575 2546 alios

2008 2594 2300 2655 divertere,
2354 2594 2445 2646 sed
2502 2592 2748 2661 jejunare
2801 2592 3191 2660 maluntzqno
3260 2598 3422 2659 pacto
3477 2604 3572 2640 nos

2008 2693 2199 2754 quarto
2239 2699 2451 2752 quoque
2484 2684 2569 2738 die
2603 2683 2780 2737 facere
2810 2682 3083 2743 solemus;
3140 2682 3190 2732 in
3231 2682 3331 2733 hoc
3358 2694 3573 2747 quoque

2007 2775 2227 2830 Iudaeos
2260 2775 2554 2835 imitantes,
2590 2773 2680 2839 qui
2717 2788 2818 2824 una
2852 2787 2975 2824 cum
3006 2770 3239 2832 Pascha,
3272 2784 3437 2838 panes
3466 2783 3571 2820 non

2010 2866 2382 2924 fermentatus,
2412 2874 2465 2916 et
2500 2862 2736 2919 lactucas
2768 2864 3049 2916 silvestres
3081 2862 3391 2915 comedunt.

2083 2958 2169 3011 16.
2203 2956 2440 3009 Montani
2499 2963 2812 3017 sectatores,
2854 2954 2969 3021 ejus
3003 2953 3093 3020 qui
3141 2966 3198 3004 se
3242 2954 3569 3018 paracletnm

2008 3049 2334 3120 appellabat,
2365 3057 2418 3100 et
2452 3048 2798 3100 mulierculas
2823 3047 2953 3100 duas
2984 3063 3041 3099 se
3064 3046 3385 3098 comitantes
3409 3044 3572 3095 habe-

2009 3142 2120 3204 bat,
2169 3139 2465 3192 Priscillam
2511 3154 2574 3193 ac
2621 3138 2992 3202 Maximillam,
3038 3153 3173 3207 quas
3222 3138 3381 3190 etiam
3424 3147 3572 3189 vates

2010 3231 2394 3295 nuncupabant;
2454 3230 2655 3297 quique
2709 3228 2998 3296 Pcpuzam,
3062 3227 3309 3297 Phrygia:
3369 3227 3570 3286 vicum,

2012 3321 2378 3389 augustiorem
2442 3318 2690 3382 reddens,
2750 3318 3048 3373 Jerusalem
3114 3319 3465 3381 nominabat;
3517 3319 3568 3370 hi

2010 3427 2138 3479 ergo
2171 3422 2411 3466 sanctam
2444 3409 2766 3464 Trinitatem
2814 3411 2865 3462 in
2910 3425 3069 3462 unam
3123 3422 3409 3477 personam
3441 3424 3571 3461 con--

2010 3506 2305 3567 trahentes,
2346 3504 2509 3556 etiam
2537 3502 2743 3556 Pascha
2779 3502 3159 3570 pervertebant
3183 3539 3200 3560 ,
3226 3500 3573 3569 sanguinem-

2010 3612 2113 3666 que
2162 3596 2312 3664 pueri
2361 3594 2597 3649 confossi
2628 3610 2749 3647 cum
2786 3593 2959 3646 farina
3007 3597 3439 3656 cominiscentes,
3477 3609 3569 3662 pa-

2012 3706 2133 3743 nem
2165 3689 2287 3742 inde
2316 3688 2621 3742 confectum
2656 3687 2885 3740 invicem
2917 3687 3019 3740 sihi
3045 3686 3366 3750 oﬂ'erebant,
3398 3701 3569 3752 eoque

2010 3783 2389 3838 vescebantur.
2425 3781 2821 3835 Matrimonium
2857 3796 3071 3849 quoque
3119 3778 3493 3847 prohibebant,
3518 3788 3571 3832 ct

2007 3872 2381 3926 abstinendum
2413 3872 2578 3924 certis
2612 3886 2637 3921 a
2678 3872 2815 3924 cibis
2850 3872 3131 3924 ducebant.

2082 3963 2166 4017 17.
2202 3964 2509 4026 Βοιιιιιίδιειξ,
2541 3964 2804 4029 quoddam
2829 3978 2891 4016 os
2941 3978 3100 4016 manu
3135 3972 3400 4026 tenentes,
3438 3962 3563 4031 idip—

2008 4077 2139 4116 sum.
2178 4060 2328 4128 prius
2374 4058 2861 4120 exus¢ulaliantur,
2899 4068 3060 4126 atque
3113 4056 3183 4111 ita
3226 4066 3563 4111 sacramenta

2008 4154 2393 4222 percipiebant.

2082 4240 2167 4295 18.
2222 4239 2497 4293 Masaliani
2555 4238 2963 4292 Manichmorum
3019 4238 3299 4292 erroribus
3355 4239 3563 4303 infecti,

2005 4338 2249 4403 quaedam
2302 4332 2520 4398 insuper
2550 4330 2652 4383 alia
2704 4331 2871 4398 magis
2910 4331 3116 4397 impura
3166 4330 3563 4399 excogitatum.

2007 4423 2215 4493 Quippe
2249 4434 2479 4475 mentem
2525 4422 2797 4474 hominum
2830 4436 2857 4472 a
2885 4420 3217 4475 daemonibus
3250 4432 3564 4489 occupatam

2005 4519 2191 4571 dicunt
2219 4532 2231 4568 :
2261 4523 2504 4565 naturam
2538 4512 2827 4565 humanam
2861 4512 2913 4564 in
2946 4511 3249 4565 dzcmonum
3286 4527 3406 4565 esse
3434 4527 3560 4565 con-

2000 4608 2217 4660 sortio:
2273 4619 2373 4656 nec
2420 4603 2763 4669 baptismum,
2798 4616 2895 4654 nec
2945 4601 3342 4669 perceptionem
3386 4613 3563 4655 sacra-

2001 4707 2306 4753 mentorum
2338 4693 2605 4747 hominem
2640 4693 2945 4759 purilicare,
2973 4694 3066 4746 sed
3105 4692 3274 4745 solum
3312 4692 3441 4760 ipsis
3480 4692 3563 4746 fa-

2001 4790 2263 4842 miliarem
2308 4788 2693 4849 precationem.
2732 4782 2866 4835 Liuia
2901 4786 2952 4835 in
3007 4784 3160 4836 nobis
3185 4795 3377 4837 natura
3414 4785 3562 4838 exsi-

1999 4891 2163 4935 stere.
2221 4876 2309 4930 Sic
2345 4876 2580 4929 animam
2622 4875 2804 4942 sponsi
2858 4876 3288 4928 eonmmnionem
3335 4877 3560 4938 sentire,

1998 4970 2446 5036 quemadmodum
2475 4965 2578 5021 viri
2614 4966 2811 5017 coitum
2848 4966 3042 5018 mulier
3081 4967 3298 5019 sentiat.
3334 4966 3560 5019 Crucem

1997 5060 2399 5113 abominantur.
2454 5057 2735 5122 lteiparam
2792 5054 2939 5107 nullo
2996 5054 3289 5123 dignantur
3334 5056 3559 5119 honore,

2000 5165 2172 5218 neque
2204 5162 2589 5219 praecursorem
2630 5162 2692 5197 ac
2736 5147 3031 5212 Baptistam
3069 5146 3348 5211 Joannem,
3390 5162 3562 5216 neque

1998 5251 2233 5303 sanctos,
2290 5239 2616 5307 martyribus
2644 5236 2903 5304 exceptis.
2937 5235 3038 5302 Qui
3082 5236 3283 5301 volunt,
3315 5250 3557 5291 castran-

2000 5345 2106 5385 tur.
2138 5329 2474 5390 Matrimonia
2524 5328 2758 5381 solvunt.
2795 5328 3018 5396 Impune
3054 5328 3262 5395 juraut,
3313 5343 3377 5382 ac
3414 5329 3559 5397 pejo-

1998 5434 2136 5477 raut.
2169 5422 2382 5475 Sectam
2432 5435 2585 5474 suam
2624 5419 3102 5472 anathematizant.
3136 5417 3246 5473 Hac
3283 5430 3430 5487 peste
3478 5431 3560 5473 to-

1997 5527 2081 5570 tus
2113 5515 2342 5568 infectus
2388 5513 2727 5565 Eleutherius
2758 5512 2843 5563 ille
2889 5510 3180 5579 Paphlago,
3212 5522 3467 5578 prmterea
3498 5524 3557 5566 Se

1997 5610 2151 5671 digna
2188 5606 2432 5674 quasdam
2480 5604 2789 5655 adinVenit:
2827 5602 3025 5655 debere
3071 5600 3390 5655 monachum
3432 5618 3554 5655 cum

1996 5700 2203 5750 duabus
2236 5698 2435 5749 cubare
2473 5694 2825 5756 mulierculis,
2859 5710 3071 5760 unoque
3102 5707 3241 5745 anno
3272 5695 3540 5746 continen-

1997 5803 2075 5841 ter
2109 5799 2316 5845 exacto,
2341 5801 2495 5854 posse
2519 5786 2772 5851 deinceps
2798 5786 3011 5851 impune
3040 5792 3386 5850 cognatarum
3420 5799 3553 5852 quo.-

1997 5892 2101 5949 quc
2132 5876 2521 5932 consuetudine
2567 5876 2701 5931 citra
2749 5874 3039 5929 discrimen
3090 5872 3184 5926 uti.
3227 5868 3425 5927 Nomen
3476 5873 3551 5941 ip.
