4286 6466
688 467 760 530 38
1874 469 2141 527 CONST.
2169 467 2218 525 Π
2232 462 2731 524 ABMENOPULI
3881 460 3954 523 ‘28

689 599 807 635 sum
849 581 1262 635 Masalianorum
1294 582 1539 637 Graecam
1584 584 1635 635 in
1677 582 1914 653 linguam
1948 581 2276 641 traductum,
2306 577 2353 637 A

2261 618 2276 641 ,
2306 577 2353 637 A
2380 578 2750 632 Μασαλιανῶν
2789 578 2959 647 ὄνομα
3007 577 3491 649 ἐξελληνιζόμενον
3517 575 3750 649 Εὐχίτας
3784 577 3953 647 δηλοῖ.

691 671 951 724 Etu-ltitas
1005 673 1119 725 sive
1170 688 1396 739 precmn
1456 672 1737 727 studiosos
1790 672 2080 739 signiﬁcat.
2133 669 2266 725 Nam

694 764 938 831 precatio
987 779 1182 833 magno
1212 774 1293 818 est
1323 766 1462 832 apud
1514 768 1659 833 ipsos
1705 766 1760 819 in
1798 766 1997 834 pretio,
2025 780 2187 834 quam
2214 773 2270 820 et

693 857 748 908 in
797 858 984 924 vulgus
1016 858 1198 911 cﬂ'erri
1253 868 1455 911 vetant.
1501 859 1573 912 Ex
1626 875 1683 912 re
1736 874 1954 927 quoque
2004 870 2269 913 vocantur

695 949 1082 1003 Enthnsiastm.
1115 949 1248 1003 Nam
1282 952 1540 1004 dzcmonis
1571 952 1622 1004 vi
1654 953 1913 1022 correpti,
1947 966 2065 1006 eam
2094 952 2267 1006 sancti

696 1040 931 1110 Spiritus
980 1056 1100 1094 esse
1147 1042 1456 1111 opinantur.
1508 1044 1654 1109 Quos
1695 1045 1839 1096 enim
1895 1044 2116 1098 morlms
2165 1045 2269 1097 istc

696 1145 921 1195 prorsus
962 1131 1181 1192 invasit,
1219 1148 1435 1186 omnem
1474 1133 1507 1186 ii
1563 1149 1816 1207 manuum
1866 1133 2131 1196 laborem,
2168 1149 2267 1189 ceu

701 1221 923 1284 malum,
966 1234 1328 1277 aversantur:
1360 1235 1410 1275 et
1469 1239 1660 1278 somno
1702 1225 2023 1295 plerumque
2072 1226 2267 1290 dediti,

697 1314 910 1378 species
954 1314 1073 1367 illas
1126 1316 1517 1368 insomniorum
1574 1326 1768 1371 vocant
1811 1318 2266 1374 cntlmsiasmnm.

702 1403 834 1456 Mala
862 1406 1049 1459 dicunt
1078 1422 1199 1461 esse
1242 1417 1459 1471 natura,
1501 1417 1556 1461 et
1581 1409 1774 1475 quovis
1808 1409 1862 1462 in
1906 1406 2126 1464 homine
2158 1420 2266 1464 tam

700 1497 959 1563 Spiritum
992 1501 1232 1552 divinum
1266 1516 1427 1569 quam
1458 1502 1724 1554 daemonia
1759 1501 2095 1558 cohabitare.
2127 1505 2266 1560 Pue-

703 1605 810 1650 ros.
843 1591 935 1659 qui
973 1605 1286 1657 nascantur,
1325 1609 1389 1647 ex
1435 1594 1667 1657 Adamo,
1702 1596 1877 1663 primo
1923 1610 2146 1665 parente
2178 1616 2269 1665 ge—

700 1682 846 1735 neris
879 1683 1120 1748 humani,
1154 1693 1210 1736 nt
1246 1693 1492 1738 naturam
1542 1688 1783 1752 trahere,
1824 1688 1903 1742 sic
1940 1692 2103 1742 etiam
2156 1706 2272 1744 ser-

701 1774 922 1824 vitntem
950 1773 1120 1839 illam,
1143 1789 1245 1840 qua
1275 1775 1610 1830 damnonibus
1637 1779 2045 1848 obstringantur
2070 1799 2083 1833 :
2106 1781 2270 1833 advo-

699 1881 808 1931 qne
839 1869 1370 1922 cousuhstantiatum
1412 1880 1626 1938 gestare
1677 1872 1999 1937 dmmonetu,
2041 1874 2269 1942 singulis

698 1973 884 2009 eorum
920 1960 1343 2022 colmbitautem,
1374 1935 1436 2014 et
1480 1971 1802 2031 potestatem
1840 1965 1894 2019 in
1928 1981 2020 2019 eos
2064 1965 2267 2021 haben-
2299 1935 2341 1989 Β

700 2060 831 2103 tem.
889 2050 967 2105 Ac
1015 2052 1281 2122 baptisma
1350 2056 1569 2125 quidem
1630 2057 1778 2113 illum
1835 2059 2110 2130 expellere
2160 2077 2267 2116 non

700 2156 878 2209 posse,
907 2146 991 2199 vel
1024 2159 1371 2214 peccatorum
1415 2150 1627 2205 radices
1676 2152 1914 2208 evellere
1944 2170 1961 2209 :
1994 2155 2165 2210 solam
2189 2156 2270 2211 eis

704 2238 1082 2308 prmscriptam
1131 2243 1496 2309 precationem
1528 2253 1581 2298 et
1613 2243 1811 2313 ejicere
1862 2246 2184 2313 daemonem,
2214 2260 2271 2305 et

703 2328 914 2382 radices
956 2329 1102 2397 ipsas
1130 2348 1454 2404 expurgare.
1493 2334 1784 2405 Postquam
1813 2352 1943 2393 vero
1977 2341 2271 2408 perfectio-

701 2432 791 2472 res
817 2434 881 2473 ex
914 2419 1045 2488 ipsis
1074 2431 1272 2476 statum
1301 2436 1581 2493 expertem
1612 2427 1962 2484 allectionnm
1987 2435 2267 2487 consecuti
2305 2450 2315 2458 ·

702 2507 833 2569 sint.
867 2510 1063 2565 venire
1088 2528 1251 2581 super
1276 2530 1369 2568 eos
1392 2514 1656 2583 Spiritum
1686 2524 1934 2573 sanctum
1964 2519 2270 2587 aspectabio

704 2599 850 2666 liter,
879 2610 936 2654 et
978 2616 1173 2671 corpus
1203 2604 1271 2659 ab
1303 2605 1534 2675 impulsu
1564 2606 1817 2662 vitiorum
1865 2608 2272 2681 all'ectuumque

702 2690 936 2746 liberare
971 2710 986 2747 :
1028 2702 1088 2747 ut
1138 2696 1371 2763 amplius
1423 2698 1622 2753 deinde
1679 2714 1778 2755 nec
1829 2701 2040 2769 jejunio
2070 2718 2270 2773 corpus

702 2793 984 2851 premente
1020 2785 1092 2841 sit
1121 2800 1281 2854 opus,
1306 2804 1405 2844 nec
1437 2790 1687 2845 doctrina
1718 2793 1934 2848 frenum
1968 2795 2268 2862 injiciente,

703 2886 934 2937 qumque
966 2890 1074 2928 non
1125 2876 1422 2931 insolenter
1470 2880 1725 2936 incedere
1756 2882 1969 2938 doceat.
2013 2884 2269 2941 Sanctam

705 2962 1028 3041 Trinitatem
1060 2968 1236 3025 oculis
1261 2986 1319 3026 se
1355 2972 1711 3030 sensibilihus
1745 2976 1930 3032 videre
1955 2979 2165 3041 dicunt.
2191 2981 2272 3034 in-

705 3037 880 3125 deq'ue
914 3057 1096 3113 futura
1127 3063 1461 3130 prospicere.
1494 3064 1758 3121 Mendicis
1792 3068 1929 3122 nihil
1957 3070 2273 3140 impertien-

704 3147 830 3202 dum
877 3150 995 3222 legc
1026 3157 1184 3223 quasi
1220 3157 1331 3211 lata
1379 3166 1646 3235 statuunt,
1679 3161 1773 3215 sed
1809 3161 1911 3216 sibi
1961 3164 2267 3222 duntaxat:

2373 669 2515 722 Πολὺ
2551 671 2660 741 γάρ
2697 669 2830 740 παρ’
2862 671 3044 733 αὐτοῖς
3077 673 3139 723 τὸ
3167 671 3266 739 τῆς
3304 668 3474 739 εὐχῆς
3515 669 3689 739 δνομα
3712 708 3729 733 ,
3762 670 3832 740 ἣν
3863 670 3960 721 καὶ

2367 762 2482 821 τοῖς
2527 761 2743 825 πολλοῖς
2783 761 3029 814 ποιοῦσιν
3068 761 3395 832 ἀνέκιρορον.
3441 760 3749 815 Καλοῦνται
3798 762 3855 814 δὲ
3894 762 3958 816 ἐκ

2372 852 2468 907 τοῦ
2526 853 2854 923 πράγματος
2911 854 3006 905 καὶ
3048 853 3483 906 Ἐνθουσιασταί.
3514 852 3783 923 Δαίμονος
3845 855 3955 923 γὰρ

2369 946 2655 1017 ἐνέργειαν
2698 946 2979 1010 λαϐόντες,
3020 945 3337 1014 πνεύματος
3369 944 3527 1013 ἁγίου
3566 939 3707 998 εἶναι
3751 945 3958 1014 ταύτην

2371 1038 2867 1106 ὑπολαμϐάνουσιν.
2889 1041 2952 1091 Οί
2978 1040 3087 1108 γὰρ
3115 1040 3297 1091 τέλεον
3318 1039 3421 1106 τὴν
3441 1039 3597 1091 νόσον
3620 1038 3824 1108 ταύτην
3848 1041 3959 1093 εἰσ-

2369 1128 2700 1197 δεδεγμένοι,
2729 1129 3168 1195 ἀποστρέφονται
3195 1128 3293 1197 μὲν
3315 1127 3415 1199 τὴν
3435 1131 3545 1181 τῶν
3566 1127 3770 1199 χειρῶν
3792 1130 3955 1197 ἐργα-

2373 1222 2518 1286 σίαν,
2552 1220 2628 1284 ὡς
2655 1223 2929 1291 πονηράνσ
2976 1219 3132 1290 ῦπνῳ
3165 1220 3220 1273 δὲ
3266 1222 3335 1274 τὰ
3374 1220 3547 1274 πολλὰ
3578 1222 3721 1290 σφᾶς
3755 1222 3955 1283 αὐτοὺς

2370 1315 2690 1378 ἐκδιδόντες.
2718 1314 3114 1382 ἐνθουσιασμὸν
3140 1314 3236 1377 τὰς
3262 1313 3370 1367 τῶν
3392 1314 3621 1384 ὀνείρων
3653 1314 3956 1383 φαντασίας

2371 1406 2617 1461 καλοῦσι.
2671 1407 2834 1459 Φύσει
2891 1408 3141 1473 λέγουσιν
3194 1403 3337 1459 εἶναι
3394 1407 3462 1460 τὰ
3516 1406 3695 1473 κακὰ,
3748 1408 3847 1461 καὶ
3896 1410 3959 1479 ἐν

2373 1498 2591 1568 ἑκάστῳ
2612 1499 2885 1570 ἀνθρώπῳ
2909 1499 3138 1568 Πνεῦμά
3163 1517 3221 1551 τε
3248 1500 3390 1551 θεῖον
3415 1503 3707 1564 συνοικεῖν,
3729 1500 3825 1553 καὶ
3844 1499 3953 1553 δαίμ

2376 1605 2533 1657 μονα.
2571 1588 2713 1650 Τοὺς
2753 1590 3110 1656 τικτομένους
3143 1587 3345 1651 παῖδας
3379 1590 3442 1640 ἐκ
3482 1587 3575 1640 τοῦ
3606 1587 3956 1657 προπάτορος

2370 1678 2554 1731 ἕλκειν
2611 1679 2785 1748 Ἀδὰμ
2814 1678 3004 1748 ὥσπερ
3049 1679 3146 1748 τὴν
3188 1677 3355 1746 φύσιν
3379 1720 3395 1745 ,
3429 1677 3572 1731 οῦτω
3606 1678 3673 1748 δὴ
3721 1679 3821 1730 καὶ
3851 1678 3955 1747 τὴν

2375 1771 2513 1839 πρὸς
2538 1774 2663 1833 τοῦς
2710 1771 2976 1843 δαίμονας
3001 1771 3275 1830 ,δουλείαν
3299 1811 3315 1835 ,
3367 1771 3463 1825 καὶ
3512 1770 3949 1837 συνουσιωμένον

2374 1862 2561 1932 φέρειν
2580 1863 2833 1933 δαίμονα,
2856 1864 3078 1935 ἑκάστῳ
3097 1864 3305 1917 τούτων
3328 1864 3684 1916 συνοικοῦντα
3710 1867 3805 1915 καὶ
3827 1878 3956 1914 κατ-

2371 1955 2776 2022 εξουσιάζοντα.
2806 1959 2917 2013 Καὶ
2962 1959 3026 2011 τὸ
3070 1959 3169 2030 μὲν
3201 1958 3487 2029 βάπτισμα
3512 1956 3788 2014 ἀδυνάτως
3813 1954 3957 2025 ἔχειν

2372 2048 2685 2116 ἐξελαύνειν
2718 2051 2883 2105 αὐτὸν
2902 2091 2918 2115 ,
2955 2051 2989 2123 ἢ
3017 2053 3119 2117 τὰς
3154 2051 3312 2124 ῥίζας
3353 2052 3608 2121 ὰνασπᾷν
3636 2049 3744 2101 τῶν
3774 2050 3957 2119 ἁμαρ-

2368 2142 2629 2214 τημάτων
2651 2160 2666 2175 ⁸
2699 2143 2870 2215 μόνην
2895 2144 2952 2198 δέ
2981 2145 3080 2214 τὴν
3111 2145 3553 2215 ἐπιτεταγμένην
3578 2145 3765 2207 αὐτοῖς
3788 2143 3957 2212 εὐχὴν

2370 2234 2583 2289 ἐκεῖνόν
2615 2254 2675 2296 τε
2701 2236 2947 2303 ἐξωθεῖν,
2979 2239 3076 2291 καὶ
3104 2239 3311 2300 ταύτας
3337 2235 3645 2305 καθαίρειν.
3679 2236 3786 2289 Καὶ
3819 2235 3956 2305 μετὰ

2370 2328 2472 2397 τὴν
2512 2329 2812 2400 γενομένην
2854 2332 2966 2393 τοῖς
3004 2328 3185 2384 αὐτῶν
3223 2329 3582 2396 τελειοτέροις
3629 2328 3902 2383 ἀπάθειαν
3930 2365 3948 2387 ,

2373 2420 2659 2490 ἐπιφοιτᾷν
2697 2421 2877 2486 αὐτοῖς
2917 2422 3134 2494 ὁρατῶς
3162 2422 3223 2475 τὸ
3265 2422 3491 2492 Πνεῦμα
3533 2422 3595 2474 τὸ
3640 2419 3819 2489 ἅγιον,
3855 2419 3954 2472 καὶ

2369 2510 2472 2581 τῆς
2498 2510 2608 2564 τῶν
2651 2511 2842 2566 παθῶν
2882 2515 3154 2585 κινήσεως
3188 2513 3249 2567 τὸ
3286 2514 3447 2584 σῶμα
3486 2512 3810 2584 ἐλευθεροῦν
3835 2528 3849 2541 °
3878 2510 3954 2575 ὡς

2375 2605 2577 2673 μηκέτι
2620 2604 2805 2657 λοιπὸν
2852 2605 3065 2660 δεῖσθαι
3117 2607 3256 2677 μήτε
3302 2607 3595 2677 νηστείας,
3653 2604 3950 2673 πιεζούσης

2373 2696 2505 2749 αὐτὸ
2524 2736 2540 2761 ,
2573 2700 2711 2769 μήτε
2740 2698 3096 2764 διδασκαλίας
3128 2701 3479 2771 χαλινούσης,
3508 2701 3604 2752 κα)⁸
3637 2699 3713 2768 μὴ
3742 2698 3953 2769 βαίνειν

2372 2788 2585 2843 ἄτακτα
2616 2790 3005 2860 παιᾶυούσης.
3036 2791 3149 2861 Τὴν
3180 2792 3344 2861 ἁγίαν
3373 2790 3581 2862 Τρίαδα
3614 2793 3728 2854 τοῖς
3762 2789 3955 2859 αἰσθη-

2371 2882 2485 2945 τοῖς
2523 2881 2778 2950 λέγουσιν
2822 2885 2958 2955 ὀρᾷν
2997 2884 3338 2955 ὀφθαλμοῖς,
3382 2885 3679 2938 κάντεῦθεν
3720 2885 3787 2938 τὰ
3821 2882 3954 2954 μέλ-

2372 2971 2533 3025 λοντα
2568 2974 2923 3043 προϐλέπειν.
2952 2975 3327 3045 Νομοθετοῦσι
3358 2977 3433 3049 μὴ
3460 2978 3571 3029 δεῖν
3604 2976 3951 3047 μεταδιδόναι

2371 3068 2484 3130 τοῖς
2518 3066 2923 3136 προσαιτοῦσιν,
2958 3069 3073 3121 ἀλλ’
3105 3070 3315 3133 ἑαυτοῖς
3346 3068 3443 3123 καὶ
3478 3070 3681 3140 μόνοις,
3719 3069 3951 3131 ἑαυτοὺς

2372 3154 2513 3212 εἶναι
2554 3160 2807 3228 λέγοντες
2852 3164 3104 3232 πτωχοὺς
3155 3162 3235 3231 τῷ
3287 3162 3587 3232 πνεύματι,
3636 3162 3730 3225 οὓς
3774 3163 3873 3215 καὶ
3923 3163 3952 3213 ὀ

704 3256 828 3298 cum
877 3248 1095 3313 quidem
1131 3263 1189 3301 se
1238 3250 1430 3318 spiritu
1464 3266 1728 3320 pauperes
1753 3253 1959 3321 dicant,
1992 3272 2130 3326 quos
2158 3257 2276 3329 ipse
2302 3276 2347 3338 ο
2380 3253 2396 3303 Ι

2260 3274 2347 3338 3C
2380 3249 2583 3322 Κύριος
2624 3254 2989 3324 ἐμακάρισεν.
3045 3256 3108 3309 Οί
3154 3254 3315 3308 αὐτοὶ⁵
3370 3256 3467 3309 καὶ
3512 3255 3952 3309 Οὐαλεντινιανοὶ

708 3339 969 3395 Dominus
1015 3342 1201 3396 beatos
1253 3343 1648 3409 praedicare-rit.
1675 3345 1953 3401 Vocantur
2000 3348 2164 3404 iidem
2220 3360 2275 3406 et

706 3432 1096 3497 Valentiniani,
1129 3435 1272 3503 quod
1318 3434 1595 3490 Valentini
1639 3445 1693 3491 et
1760 3438 2001 3497 Valentis
2067 3450 2277 3515 tempo-

709 3526 861 3581 ribus
900 3526 1129 3582 haeresis
1176 3542 1363 3582 eorum
1410 3528 1781 3599 pullulaverit.
1830 3531 2184 3603 Appellantur
2223 3544 2280 3593 et

710 3617 995 3687 Bugontili.

779 3710 869 3765 t9.
897 3710 1020 3766 llaec
1068 3712 1467 3791 Bogomilornm
1520 3715 1741 3772 hmresis
1788 3733 1894 3773 non
1941 3720 2114 3774 multo
2148 3728 2279 3775 ante

710 3816 949 3858 nostram
978 3815 1193 3861 tetatem
1224 3819 1413 3862 exorta
1448 3809 1569 3875 fuit,
1609 3826 1734 3880 pars
1761 3822 1922 3866 sectae
1957 3812 2274 3869 Masaliano-

710 3912 853 3959 rum,
885 3906 1091 3952 etcum
1146 3915 1335 3953 eorum
1388 3901 1732 3970 dogmatibus
1772 3902 1965 3971 majori
2001 3922 2066 3959 ex
2124 3917 2277 3976 parte

706 3992 1053 4045 consentiens
1087 4010 1101 4045 :
1135 3994 1456 4061 excogitatis
1494 4004 1758 4064 praeterea
1812 3999 2088 4053 nonnullis
2128 4002 2273 4063 aliis.

708 4088 766 4131 ct
814 4090 969 4133 aucta
1004 4090 1177 4150 peste.
1210 4080 1491 4151 Signiﬁcat
1540 4095 1719 4139 autem
1756 4085 2083 4155 Bogomilus,
2117 4091 2274 4159 juxta

708 4170 984 4238 Mysorum
1030 4174 1409 4245 linguam,qni
1448 4174 1541 4229 Dei
1595 4179 2024 4233 misericordiam
2076 4182 2272 4251 implo-

710 4273 812 4317 rat.
850 4262 912 4316 lli
980 4262 1188 4318 Veteris
1227 4275 1282 4319 et
1334 4265 1465 4320 Novi
1526 4268 1855 4325 Testamenti
1915 4272 2079 4327 libros
2115 4290 2275 4343 repu-

707 4355 880 4419 diant,
915 4372 1018 4409 una
1048 4373 1171 4411 cum
1204 4360 1454 4427 CXIiOSlIO
1485 4361 1536 4412 in
1565 4361 1644 4414 eis
1672 4362 1778 4416 Deo
1804 4404 1819 4428 ,
1864 4364 2018 4431 quasi
2049 4367 2141 4434 qui
2176 4382 2274 4435 per

707 4446 943 4501 afﬂatum
974 4447 1188 4502 Satanae
1214 4452 1496 4520 perscripti
1517 4453 1739 4516 inierint,
1774 4464 1979 4523 septem
2009 4458 2275 4512 duntaxat

704 4543 972 4611 exceptis,
1027 4545 1081 4597 in
1119 4561 1345 4614 quorum
1398 4562 1623 4601 nmnero
1659 4557 1713 4601 et
1759 4548 2113 4620 Evangelium
2158 4562 2262 4608 est.

2380 3342 2709 3411 καλοῦνται,
2766 3347 2849 3400 ὅτι
2906 3347 3051 3407 κατὰ
3110 3348 3239 3411 τοὺς
3298 3348 3525 3417 χρόνους
3588 3348 3950 3401 Οὐαλεντίνου

2378 3433 2876 3509 [Οὐαλεντινιανοῦι
2900 3442 2995 3492 καὶ
3015 3438 3312 3503 Οὐάλεντος
3330 3444 3363 3511 ἡ
3383 3440 3589 3496 τούτων
3613 3441 3952 3513 ἐϐλάστησεν

2376 3527 2608 3598 αἵρεσις.
2640 3529 2906 3598 Δέγονται
2932 3532 2989 3587 δὲ
3017 3534 3114 3595 καὶ
3143 3533 3455 3603 Βογόμιλοι.

2450 3708 2538 3767 ιϐ’.
2606 3712 2675 3766 Ἦ
2717 3712 2828 3767 τῶν
2874 3713 3187 3784 Βογομίλων
3230 3714 3440 3784 αἵρεσις
3495 3714 3555 3767 οὐ
3603 3714 3712 3784 πρὸ
3754 3713 3951 3768 πολλοῦ

2379 3805 2613 3873 συνέστη
2638 3807 2738 3875 τῆς
2768 3806 2891 3858 καθ’
2917 3807 3064 3877 ἡμᾶς
3091 3807 3309 3874 γενεᾶς,
3341 3806 3505 3876 μέρος
3545 3803 3681 3860 οὖσα
3710 3806 3809 3873 τῆς
3843 3807 3953 3859 τῶν

2374 3893 2763 3959 Μασαλιανῶν,
2796 3898 2891 3949 καὶ
2923 3898 3316 3967 συμφερομένη
3346 3899 3413 3951 τὰ
3449 3899 3617 3952 πολλὰ
3647 3902 3762 3962 τοῖς
3804 3900 3951 3952 ἐκεί-

2375 4004 2484 4040 νων
2521 3988 2823 4058 δόγμασιν·
2857 3988 2974 4042 ἔστι
3020 3990 3078 4041 δὲ
3116 3990 3152 4042 ἃ
3200 3992 3292 4043 καὶ
3344 3991 3804 4059 προσεξευροῦσα,
3856 3996 3955 4047 καὶ

2375 4081 2476 4149 τὴν
2511 4080 2690 4151 λύμην
2726 4081 3032 4150 αὐξήσασα.
3066 4083 3164 4152 Eb;
3195 4083 3241 4137 δ’
3266 4083 3333 4136 ἂν
3371 4084 3662 4155 Bay/iptio;
3692 4087 3832 4138 κατὰ
3852 4087 3953 4157 τὴν

2374 4171 2483 4224 τῶν
2521 4172 2728 4225 Μυσῶν
2759 4171 3028 4240 γλῶτταν,
3053 4175 3081 4226 ὀ
3108 4174 3203 4227 τοῦ
3242 4173 3377 4226 Θεοῦ
3410 4174 3502 4227 τὸν
3530 4176 3681 4227 ἔλεον
3708 4178 3952 4229 ἐπισπώ-

2378 4277 2558 4330 μενος.
2596 4258 2756 4316 Οῦτοι
2783 4262 2882 4323 τὰς
2908 4265 3006 4332 τῆς
3037 4265 3281 4329 Παλαιᾶς
3313 4266 3407 4317 καὶ
3450 4267 3660 4330 Καινῆς
3697 4267 3952 4322 ἀθετοῦσι

2379 4354 2615 4422 βίϐλους,
2646 4354 2786 4424 μετὰ
2812 4354 2909 4408 τοῦ
2941 4357 2998 4408 ἐν
3030 4356 3224 4421 αὐταῖς
3253 4360 3646 4427 γεγραμμένου
3679 4361 3812 4413 Θεοῦ
3833 4379 3846 4392 ο
3876 4362 3952 4425 ὡς

2377 4447 2499 4501 κατ’
2522 4448 2812 4503 ἐπίπνοιαν
2854 4450 3162 4519 γραφείσας
3203 4450 3299 4502 τοῦ
3329 4451 3565 4515 Σατανᾶ,
3594 4452 3732 4523 πλὴν
3770 4456 3950 4523 μόνων

2379 4540 2542 4606 ἑπτὰ,
2560 4534 2637 4595 ὧν
2661 4543 2778 4594 ἐστι
2804 4541 2898 4594 καὶ
2919 4541 2979 4592 τὸ
3002 4542 3356 4611 Εὐαγγέλιον.
3385 4544 3874 4615 Παρερμηνεύουσι
3893 4547 3950 4601 δὲ

709 4637 815 4691 llos
848 4638 991 4706 ipsos
1015 4654 1229 4707 quoque
1263 4640 1433 4693 lihros
1465 4640 1599 4694 falso
1627 4641 2077 4711 interpretantur,
2103 4654 2157 4699 et
2185 4662 2270 4699 sa-
2296 4636 2348 4697 D
2373 4649 2401 4685 κ

2255 4677 2270 4686 .
2296 4636 2348 4697 D
2373 4635 2470 4687 καὶ
2498 4632 2725 4697 ταύτας,
2770 4634 2866 4686 καὶ
2900 4633 3242 4705 βλασφήμοις
3269 4637 3502 4699 ἐννοίαις
3532 4639 3624 4691 καὶ
3655 4642 3947 4709 μυσαραῖς,

704 4727 922 4795 crilcgis
953 4728 1410 4798 exsecrandisquc
1442 4730 1691 4784 sensibus
1720 4731 1783 4784 ad
1807 4746 1871 4784 ea
1893 4733 2160 4801 quaeipsis
2189 4736 2270 4788 vi-

706 4819 924 4884 dentur,
965 4821 1315 4888 detorquent.
1386 4820 1686 4888 Ignominia
1745 4838 1967 4878 crucem
2028 4826 2269 4880 divinam

707 4907 967 4971 alIicinnt,
985 4911 1147 4963 veluti
1178 4926 1295 4977 qtae
1321 4911 1603 4965 Dominum
1632 4914 1943 4978 necaverit,
1978 4917 2273 4988 itidemque

709 5002 1007 5056 reverentia
1054 5003 1274 5069 dignum
1311 5002 1439 5057 illud
1471 5018 1685 5057 sacrum
1725 5006 1988 5061 Dominici
2028 5010 2270 5077 corporis

707 5098 869 5153 atque
903 5089 1205 5156 sanguinis,
1231 5093 1373 5157 quod
1423 5094 1642 5160 quidem
1687 5094 2105 5152 inhabitantium
2136 5109 2271 5153 tem-

707 5176 810 5253 plis
839 5180 1139 5230 daemonum
1183 5181 1508 5235 sacriﬁcium
1549 5185 1843 5252 appellant.
1883 5186 2014 5242 Nam
2066 5189 2119 5242 in
2159 5205 2271 5244 ont-

707 5267 867 5329 nibus
902 5271 1074 5323 sacris
1122 5272 1326 5325 mdibus
1374 5272 1622 5330 habitare
1655 5276 1928 5333 daemonas
1958 5280 2129 5336 aiunt.
2163 5283 2269 5339 Νο-

705 5367 877 5421 strum
929 5361 1219 5430 baptisma,
1267 5362 1534 5434 Joannis;
1586 5384 1741 5423 suum
1776 5386 1931 5437 vero,
1962 5374 2269 5432 Servatoris

704 5464 829 5510 esse
884 5452 1096 5508 dicunt.
1137 5455 1319 5510 Solam
1386 5469 1581 5513 vocant
1630 5462 2020 5529 precationem,
2062 5482 2080 5515 t
2108 5463 2270 5519 Pater

707 5552 891 5607 poster
929 5562 941 5597 :
990 5565 1007 5596 ι
1043 5557 1268 5602 caeteras
1294 5552 1604 5619 repudiant,
1636 5562 1689 5608 et
1712 5554 2060 5624 battologiam
2090 5558 2266 5611 nomi-

706 5644 855 5689 nant.
898 5633 1157 5705 Dciparos
1218 5640 1403 5694 dicunt
1453 5656 1571 5708 eos,
1604 5655 1869 5713 quotquot
1919 5646 2060 5715 apud
2120 5647 2266 5715 ipsos

706 5723 809 5777 hoc
837 5730 1113 5781 consecuti
1146 5729 1273 5795 sint,
1312 5741 1369 5783 ut
1401 5732 1637 5801 Spiritus
1666 5747 1887 5790 sanctus
1916 5736 1966 5789 in
1999 5736 2076 5789 cis
2115 5735 2268 5791 habi-

705 5826 817 5882 tet,
852 5821 1003 5885 quasi
1047 5821 1139 5889 qui
1193 5837 1499 5879 sermonem
1534 5828 1583 5880 itt
1613 5829 1840 5883 dicendo
1867 5830 2112 5900 gignant.
2144 5831 2259 5886 Non

708 5910 871 5964 lttOtlU
902 5928 993 5982 per
1034 5927 1312 5982 somnum,
1340 5916 1430 5971 sed
1471 5917 1751 5987 vigilantes
1783 5921 1945 5977 etiam
1982 5923 2164 5978 videre
2208 5940 2264 5977 se

2375 4719 2511 4789 πρὸς
2548 4720 2611 4773 τὸ
2651 4719 2844 4774 δοκοῦν
2891 4722 3097 4785 αὐτοῖς,
3133 4724 3557 4795 μεταφέρουσιν.
3596 4727 3949 4797 Ἀτιμάζουσι

2369 4810 2461 4865 τὸν
2489 4811 2632 4865 θεῖον
2659 4813 2909 4883 σταυρὸν,
2942 4814 3019 4876 ὡς
3046 4815 3345 4886 ἀναιρέτην
3370 4816 3461 4869 τοῦ
3497 4818 3703 4888 Κυρίου
3727 4836 3744 4853 ’
3779 4820 3858 4874 ἔτι
3890 4822 3948 4874 δὲ

2371 4906 2465 4958 καὶ
2486 4905 2584 4973 τὴν
2612 4907 2845 4975 φρικτὴν
2871 4905 3188 4977 ἱερουργίαν
3210 4906 3305 4959 τοῦ
3332 4910 3663 4964 Δεσποτικοῦ
3694 4910 3948 4978 σώματος

2370 4996 2465 5049 καὶ
2495 4996 2748 5065 αἵματος,
2783 4996 2897 5050 τῶν
2924 4998 3286 5050 ἐνοικούντων
3334 5000 3448 5062 τοῖς
3491 5000 3636 5061 ναοῖς
3671 4999 3948 5068 δαιμόνων

2369 5087 2562 5142 θυσίαν
2589 5090 2799 5159 ταύτην
2829 5089 3264 5152 ἀποκαλοῦντες.
3298 5091 3531 5157 Λέγουσι
3574 5092 3684 5161 γὰρ
3720 5093 3777 5144 ἐν
3811 5095 3947 5146 πᾶσι

2369 5184 2482 5245 τοῖς
2516 5183 2683 5251 ἱεροῖς
2729 5185 2881 5244 ναοῖς
2926 5184 3053 5245 τοὺς
3091 5182 3352 5251 δαίμονας
3403 5186 3701 5238 κατοικεῖν.
3746 5185 3857 5237 Καὶ
3887 5186 3948 5239 τὸ

2373 5273 2475 5342 μὲν
2501 5275 2637 5344 παρ’
2666 5275 2798 5344 ἡμῖν
2829 5273 3121 5342 βάπτισμα
3154 5272 3252 5326 τοῦ
3302 5275 3553 5328 Ἰωάννου
3587 5274 3859 5342 λέγοντες,
3884 5274 3947 5329 τὸ

2368 5366 2427 5418 δὲ
2476 5367 2613 5435 παρ’
2668 5367 2856 5429 αὐτοῖς
2902 5367 2997 5419 τοῦ
3044 5367 3332 5436 Σωτῆρος,
3399 5368 3569 5437 μόνην
3615 5367 3945 5437 ὀνομάζουσι

2370 5456 2705 5529 προσευχὴν,
2735 5457 2819 5521 τὸ,
2854 5477 2873 5508 ‹
2915 5459 3094 5529 Πάτερ
3126 5458 3307 5528 ἡμῶν·
3353 5478 3370 5509 ι
3407 5459 3505 5523 τὰς
3541 5458 3585 5513 δ’
3612 5460 3781 5523 ἄλλας
3810 5461 3944 5514 ἀθε-

2369 5550 2555 5615 τοῦσι,
2601 5549 2957 5620 βαττολογίαν
2998 5550 3312 5613 καλοῦντες.
3354 5550 3653 5614 Θεοτόκους
3693 5550 3941 5620 λέγουσι,

2369 5641 2497 5703 τοὺς
2555 5644 2686 5712 παρ’
2737 5643 2923 5705 αὐτοῖς
2971 5642 3181 5697 ἕνοικον
3237 5644 3622 5712 κτησαμένους
3678 5643 3740 5696 τδ
3783 5644 3941 5711 ἅγιον

2374 5732 2620 5803 Πνεῦμα,
2662 5733 2737 5798 ὼς
2768 5734 2859 5787 τὸν
2891 5735 3049 5802 λόγον
3097 5736 3156 5788 ἐν
3183 5734 3260 5806 τῷ
3302 5737 3574 5790 διδάσκειν
3609 5738 3935 5804 γεννῶντας.

2373 5830 2637 5898 Λέγουσιν
2666 5832 2725 5883 οὐ
2753 5834 2916 5900 μόνον
2947 5832 3103 5901 ὄναρ,
3128 5831 3263 5884 ἀλλὰ
3289 5833 3382 5884 καὶ
3410 5831 3558 5901 ῦπαρ
3583 5833 3821 5903 βλέπειν,
3847 5834 3941 5887 τὸν

2376 5922 2472 5992 μὲν
2530 5923 2766 5993 Πατέρα,
2816 5923 2887 5986 ὡς
2945 5924 3192 5991 γῖροντο,
3243 5924 3563 5991 καθειμόνον
3597 5925 3795 5991 ἱκανῶς
3841 5926 3943 5996 τὴν
