4286 6466
284 464 360 527 ‘29
1502 464 1596 521 DF.
1644 458 1709 518 ΓΙ
1731 462 1823 519 DE
1868 460 2353 520 OliTIlODOXA.
3500 461 3570 524 30

292 570 513 634 ὑπήνην
536 583 546 596 ·
593 566 683 618 τὸν
711 568 767 620 δὲ
806 568 952 633 Υἱὸν,
984 569 1109 637 ἄρτι
1140 569 1230 621 τὸν
1259 570 1434 622 ἴουλον
1467 588 1665 639 Rapa}
1704 577 1751 621 ET;

287 659 550 710 ἐοικότα’
615 658 677 710 τὸ
727 658 784 711 δὲ
834 660 991 724 ἅγιον
1031 659 1276 727 Πνεῦμα,
1326 662 1401 723 ὼς
1442 662 1662 714 νεανίαν
1690 664 1878 720 δεινῶς

286 747 635 816 ἐψιλωμένον
664 747 764 808 τὰς
808 748 1066 817 παρειὰς,
1115 748 1224 801 τῶν
1262 748 1535 817 δαιμόνων
1577 750 1751 813 οῦτως
1794 751 1852 812 ἐξ

287 839 636 893 απατώντων
689 842 912 902 αὑτοὺς,
963 843 1061 893 καὶ
1102 842 1470 895 διδασκόντων
1520 844 1704 896 ἄνισον
1735 840 1878 896 εἶναι

287 934 391 1004 τὴν
419 934 588 999 ἁγίαν
617 934 849 1003 Τριάδα,
884 934 1027 987 κατά
1055 935 1155 1004 τὴν
1188 936 1299 989 τῶν
1340 938 1641 1009 σχημάτων
1673 939 1878 993 τούτων

287 1025 583 1095 διαφοράν.

1776 593 1867 619 ,ιι-τ
1903 573 1945 629 Α
1977 570 2182 633 dicunt,
2224 570 2440 623 Patrem
2476 578 2533 623 ut
2586 583 2798 632 senem,
2831 567 2919 623 cui
2990 568 3200 636 prolixa
3265 568 3432 622 barba
3499 571 3568 624 sit

1992 662 2279 714 admodum
2307 703 2322 725 ,
2359 661 2557 714 Filium
2588 661 2635 715 ei
2673 660 2930 725 similem,
2980 659 3070 726 qui
3104 674 3297 714 recens
3351 660 3567 728 lanugi-

1991 770 2112 807 nem
2163 758 2394 823 primam
2433 763 2621 816 mutet,
2666 755 2928 823 Spiritum
2966 754 3248 819 Sanctum,
3279 754 3451 807 instar
3482 754 3567 821 ju-

1990 846 2166 908 venis,
2194 847 2279 899 cui
2312 847 2470 900 valde
2502 848 2658 901 nuda:
2684 848 2795 901 sint
2824 861 3015 915 genae;
3054 847 3200 914 quod
3233 846 3453 913 quidem
3492 846 3562 898 itu

1993 934 2071 998 ﬁt,
2126 935 2525 1005 decipientibus
2579 951 2675 990 eos
2720 938 3078 1000 dzemonibus,
3136 943 3190 989 et
3243 934 3562 1002 inmqttalctii

1990 1025 2460 1082 esse'Trinitatem
2487 1030 2825 1094 docentibus,
2856 1043 2955 1097 pro
2988 1029 3235 1098 ipsarum
3262 1025 3561 1081 formarum

1991 1118 2331 1173 diversitate.

317 1307 3545 1334 Μ

689 1468 1041 1602 ΤΟΥ
1116 1464 1693 1601 ΑΥΤΟΥ
1755 1466 3177 1605 ΑΡΜΕΝΟΠΟΥΛΟΥ

1120 1714 1375 1799 ΠΕΡΙ
1466 1712 1944 1799 ΠΙΣΤΕΩΣ
2011 1712 2739 1803 ΟΡΘΟΔΟΞΟΥ.

962 2076 1676 2207 EJUSDEM
1777 2074 2924 2207 HARMENOPULI

1244 2335 1392 2425 DE
1460 2334 1738 2423 FIDE
1800 2331 2603 2425 ORTHODOXA.

365 2691 661 2743 Πιστεύειν
688 2691 768 2744 δεῖ
806 2693 899 2741 τὸν
928 2689 1098 2751 ὅντως
1132 2689 1486 2758 Χριστιανὸν,
1518 2690 1592 2745 ὡς
1642 2692 1696 2740 αἱ
1731 2691 1882 2755 ἆγιαι
1916 2688 1960 2745 Β

292 2788 391 2837 καὶ
423 2783 809 2853 οἰκουμενικαὶ
839 2782 1053 2834 σύνοδοι
1085 2782 1471 2851 ἐπεκύρωσαν,
1514 2782 1593 2844 εἰς
1628 2783 1725 2834 ἕνα
1754 2782 1887 2833 Θεὸν

296 2877 521 2946 Πατέρα
548 2876 992 2946 παντοκράτορα,
1026 2874 1263 2945 ἄναρχόν
1289 2891 1347 2926 τε
1378 2876 1473 2928 καὶ
1502 2874 1884 2943 ἀτελεύτητον,

296 2971 525 3021 πάντων
552 2970 769 3038 ὁρατῶν
815 2986 873 3022 τε
928 2969 1024 3022 καὶ
1056 2967 1309 3037 ἀοράτων
1354 2969 1625 3037 ποιητήνο
1663 2969 1757 3019 καὶ
1809 2966 1887 3029 εἰς

296 3065 394 3114 ἕνα
431 3064 641 3131 Κύριον
696 3062 907 3131 Ἰησοῦν
943 3063 1200 3132 Χριστὸν,
1228 3065 1321 3115 τὸν
1360 3062 1486 3114 Υίὸν
1510 3061 1604 3113 τοῦ
1640 3059 1773 3113 Θεοῦ
1795 3072 1887 3112 τον

300 3156 596 3225 μονογενῆ,
628 3156 720 3208 τὸν
746 3155 935 3217 ἀϊδίως
958 3155 1062 3231 καὶ
1090 3155 1317 3218 ἀπαθῶς
1348 3154 1409 3218 ἒξ
1435 3153 1599 3207 αὑτοῦ
1632 3152 1768 3206 Θεοῦ
1792 3152 1887 3205 κα)⁸

300 3248 518 3315 Πατρὸς
548 3245 908 3316 γεννηθέντα,
944 3246 1062 3314 φῶς
1112 3248 1176 3299 ἐκ
1223 3246 1421 3315 φωτὸς,
1456 3246 1591 3299 Θεὸν
1631 3243 1886 3315 ἀληθινὸν

299 3342 362 3389 ὲκ
392 3338 533 3391 Θεοῦ
581 3337 868 3408 ἀληθινοῦ,
900 3339 1191 3406 ὁμοούσιον
1233 3340 1311 3409 τῷ
1357 3340 1541 3408 Πατρὶ
1578 3338 1674 3391 καὶ
1722 3354 1887 3390 συνα-

302 3432 457 3491 ἰδιον,
486 3428 555 3481 δι’
581 3423 643 3482 οὗ
674 3430 742 3481 τά
773 3431 948 3482 πάντα
978 3430 1198 3497 γέγονε⁹
1220 3432 1313 3483 καὶ
1342 3430 1420 3489 εἰς
1454 3431 1679 3498 Πνεῦμα
1706 3430 1885 3496 ἆγίον,

298 3522 359 3572 τὸ
396 3520 685 3581 συναῑδίως
716 3523 781 3573 ὲκ
812 3520 907 3572 τοῦ
943 3521 1082 3573 Θεοῦ
1130 3523 1226 3574 καὶ
1258 3522 1473 3591 Πατρὸς
1510 3522 1883 3590 ἐκπορευόμε-

300 3631 412 3677 νον,
455 3614 570 3681 φῶς
602 3612 663 3664 ὂν
695 3615 791 3665 καὶ
818 3613 971 3678 αὐτὸ,
1012 3614 1106 3667 καὶ
1151 3614 1285 3665 Θεὸν
1337 3613 1614 3683 ἀληθινὸν,
1663 3615 1756 3666 καὶ
1809 3615 1887 3684 τῷ

304 3708 485 3774 ΙΙατρὶ
516 3708 614 3758 καὶ
653 3707 760 3774 fit"?
787 3706 1058 3759 συναῖδιόν
1084 3723 1145 3757 τε
1182 3708 1277 3758 καὶ⁵
1308 3706 1591 3774 ὁμοούσιον
1614 3723 1629 3738 ο
1682 3705 1887 3775 Τριάδα

300 3800 615 3868 ὑμοούσιον,
671 3800 766 3852 καὶ
817 3799 1107 3867 ὁμότιμον,
1147 3799 1242 3851 καί
1274 3799 1592 3868 ὁμόθρονον,
1642 3799 1721 3861 εἰς
1756 3799 1885 3868 μίαν

304 3892 601 3945 συνιοῦσαν
638 3892 888 3960 θεότητα.
937 3892 1144 3961 Τριάδα
1174 3890 1283 3959 γάρ
1314 3893 1370 3942 ἐν
1412 3892 1600 3960 μονάδι
1632 3893 1885 3945 πιστεύο-

305 4000 429 4051 μεν,
456 3982 551 4035 καί
579 3981 790 4051 μονάδα
821 3981 880 4032 ὲν
924 3981 1117 4049 Τριάδι
1152 3979 1448 4047 δοξάζομεν
1473 3994 1485 4008 ·
1520 3979 1727 4046 Τριάδα
1761 3978 1882 4046 μὲν,

304 4076 379 4137 ὡς
413 4076 474 4127 ἐν
493 4076 644 4143 τρισὶ
670 4073 992 4142 προσώποις
1019 4073 1116 4124 καὶ
1160 4071 1494 4124 ὑποστάσεσι
1523 4071 1623 4136 τὴν
1657 4069 1888 4139 θεότητα

304 4168 697 4240 θεωρουμένην
718 4182 733 4197 ⁸
764 4166 970 4235 μονάδα
995 4165 1075 4231 δὲ,
1102 4163 1177 4225 ὡς
1204 4165 1331 4230 μιᾶς
1355 4163 1483 4215 ὄντα
1513 4163 1686 4216 ταῦτα
1704 4163 1890 4225 οὐσίας

303 4282 361 4317 τε
412 4262 507 4315 καὶ
553 4260 833 4327 θεότητος,
869 4259 962 4311 καὶ
997 4256 1095 4309 ’ἑνα
1121 4256 1275 4308 Θεόν.
1324 4256 1456 4306 Ἕνα
1491 4256 1598 4324 γάρ
1638 4255 1768 4307 Θεὸν
1803 4272 1891 4306 πι-

308 4355 600 4421 στεύομεν,
637 4351 743 4405 κᾶν
790 4352 849 4403 ὲν
880 4347 1073 4418 Τριάδι
1106 4348 1445 4411 γινώσκῃται
1468 4362 1481 4377 ³
1532 4350 1621 4399 καὶ
1654 4348 1748 4399 ἕνα
1777 4348 1889 4399 Κύο

309 4463 425 4513 ριον
453 4441 858 4514 ὁμολογοῦμεν,
892 4442 997 4493 κᾶν
1021 4441 1080 4493 ὲν
1110 4440 1291 4509 τρισὶν
1323 4439 1656 4492 ὑποστάσεσι
1682 4439 1892 4491 δείκνυ-

303 4556 428 4590 ται·
473 4538 572 4590 καὶ
617 4534 747 4587 οῦτε
799 4534 880 4596 είς
923 4535 1073 4602 τρεῖς
1126 4532 1411 4600 θεότητας,
1459 4530 1580 4585 οῦτε
1624 4532 1703 4593 είς
1745 4534 1892 4600 τρεῖς

307 4630 641 4701 κυριότητας
670 4628 704 4697 ἡ
740 4627 839 4697 μία
871 4627 1065 4697 θεότης
1098 4626 1190 4677 καὶ
1221 4624 1254 4695 ὴ
1296 4624 1394 4692 μία
1432 4624 1690 4691 κυριότης
1734 4624 1894 4689 ἐκφέ-

310 4738 496 4794 ρεται·
539 4720 664 4773 οῦτε
699 4720 799 4787 μὲν
841 4719 1032 4787 ἕτερός
1079 4735 1161 4780 τις
1209 4720 1359 4769 ἔστιν
1393 4718 1420 4768 ὁ
1458 4716 1609 4781 Θεὸς,
1647 4716 1799 4785 παρὰ
1826 4715 1894 4766 τά

307 4820 435 4887 τρία
470 4817 648 4871 ταῦτα
680 4814 975 4883 πρόσωπα,
1010 4812 1155 4882 άπερ
1200 4812 1347 4863 ἐστὶν
1392 4813 1418 4863 ὁ
1451 4811 1661 4880 Πατὴρ,
1686 4812 1713 4861 ὁ
1746 4810 1892 4874 Υἱὸς,

308 4912 404 4963 καὶ
432 4910 493 4963 τὸ
526 4908 684 4974 ἆγιον
714 4905 941 4973 Πνεῦμα
965 4922 977 4934 ·
1015 4905 1118 4956 οὑκ
1150 4904 1363 4964 οὐσίαις
1397 4901 1570 4954 ταῦτα
1600 4902 1695 4954 καὶ¹
1728 4900 1893 4969 φύσε-

310 5018 396 5055 σιν
445 4998 858 5071 ἀριθμούμενα,
908 4995 1024 5049 άλλ⁹
1091 4995 1425 5047 ὑποστάσεσι
1508 4996 1601 5045 καὶ
1667 4994 1894 5062 ἰδιότησι

307 5096 523 5164 ωεραίς
558 5092 652 5144 καὶ
699 5089 956 5151 τελείαις.
1008 5088 1073 5141 'll
1126 5089 1235 5156 γὰρ
1276 5087 1516 5151 παναγία
1564 5085 1737 5155 Τριάς
1782 5086 1895 5146 τοῖς

311 5184 629 5255 προσώποις
680 5182 1058 5250 διαιρουμένη,
1112 5179 1423 5248 ἀδιαίρετός
1470 5180 1585 5230 ἐστι
1637 5180 1703 5247 τῇ
1735 5177 1895 5247 οὐσίᾳ

309 5283 401 5328 καὶ
450 5279 517 5343 τῇ
556 5272 799 5341 θεότητι.
831 5272 979 5324 Μίαν
1024 5270 1120 5323 οῦν
1170 5271 1379 5331 οὐσίαν,
1432 5270 1562 5337 μίαν
1595 5269 1891 5338 βασιλείαν,

2064 2686 2345 2743 llomlncm
2402 2705 2594 2759 reapse
2640 2689 3013 2745 Christianum
3049 2703 3265 2760 oportet
3315 2700 3540 2751 credere

1992 2781 2153 2835 sicuti
2208 2796 2378 2835 sacrm
2410 2798 2471 2835 ac
2498 2784 2832 2838 universales
2862 2784 3053 2853 synodi
3104 2788 3476 2846 sanciverunt.
3511 2793 3563 2845 in

1995 2890 2160 2927 unum
2203 2873 2367 2928 Deum
2405 2874 2619 2928 Patrem
2650 2877 3100 2944 omnipotentem,
3128 2879 3376 2947 principii
3414 2891 3468 2934 et
3501 2885 3563 2935 li-

2006 2968 2090 3020 nis
2147 2974 2447 3033 expertem,
2485 2965 2726 3017 omniunt
2778 2974 2885 3017 tam
2938 2967 3350 3034 aspectabilium
3402 2985 3561 3038 quam

1992 3058 2455 3128 inaspectabilium
2481 3059 2815 3111 conditorem
2839 3096 2857 3122 ,
2886 3065 2941 3112 et
2968 3058 3021 3112 in
3081 3075 3245 3112 unum
3277 3058 3559 3114 Dominum

1997 3152 2181 3207 Jcsum
2212 3152 2511 3217 Christum,
2544 3150 2638 3204 Dei
2677 3151 2871 3205 Filium
2899 3154 3213 3221 unigenam,
3264 3152 3331 3205 ah
3360 3162 3563 3207 aaternn

1989 3243 2240 3312 citraque
2295 3244 2600 3311 passionem
2652 3258 2717 3297 ex
2767 3243 2882 3311 ipso
2914 3242 3025 3296 Deo
3050 3258 3113 3296 ac
3150 3241 3313 3297 Patre
3350 3256 3560 3309 natum,

1993 3335 2168 3389 lumen
2201 3336 2269 3390 de
2314 3338 2535 3401 lumine,
2574 3338 2737 3391 Deum
2770 3353 2951 3391 verum
2997 3339 3062 3391 de
3098 3337 3207 3393 Deo
3252 3354 3402 3402 vero.
3434 3356 3564 3395 con-

1993 3428 2410 3486 Subslanlialcnt
2452 3430 2595 3483 l‘atri
2656 3439 2710 3484 et
2757 3442 3109 3492 coxteroum,
3134 3446 3229 3500 per
3257 3446 3415 3501 quem
3446 3448 3562 3486 ont-

1992 3524 2076 3577 nia
2127 3522 2269 3576 facta
2301 3530 2467 3585 sunt,
2512 3534 2566 3575 et
2610 3521 2660 3573 in
2694 3520 2957 3589 Spiritum
2994 3530 3261 3585 sanctum,
3294 3533 3563 3578 comterne

1992 3616 2057 3668 de
2116 3614 2225 3667 Deo
2264 3628 2325 3665 ac
2378 3612 2535 3665 l‘atre
2590 3615 2991 3679 procedentem,
3055 3616 3236 3667 lumen
3272 3626 3326 3668 et
3361 3617 3559 3683 ipsum,

1994 3706 2267 3775 Deumque
2304 3720 2513 3769 verum,
2550 3716 2605 3758 et
2640 3705 2783 3757 Patri
2839 3722 2901 3757 ac
2954 3705 3094 3760 Filio
3128 3717 3478 3771 comternum,
3509 3721 3560 3762 et

1990 3797 2509 3851 consubstantialem
2540 3796 2895 3863 ;Trinitatcm
2920 3796 3080 3854 unius
3102 3797 3407 3871 etejusdem
3434 3801 3563 3858 sul;-

1998 3890 2231 3953 stantiae,
2267 3888 2571 3958 dignitatis,
2623 3890 2767 3955 solii,
2794 3878 2914 3960 ipim
2945 3906 3105 3944 unam
3143 3892 3195 3946 in
3228 3891 3563 3949 divinitatem

1995 3985 2135 4045 coit,
2171 3985 2375 4053 quippe
2416 3981 2739 4037 Trinitatem
2795 3984 2847 4037 in
2914 3988 3121 4042 unitate
3174 3988 3471 4051 credimus,
3507 3998 3565 4042 ω

1998 4077 2255 4131 unitatem
2281 4078 2331 4129 in
2351 4075 2617 4133 Trinitate
2634 4080 2921 4133 statuimus
2947 4095 2962 4144 ;
2990 4079 3311 4136 Trinitatem
3338 4084 3478 4151 quod
3512 4086 3562 4137 in

2003 4169 2175 4223 tribus
2226 4169 2476 4235 personis
2507 4178 2561 4221 et
2611 4169 2991 4239 ltypostasibus
3018 4172 3271 4227 divinitas
3321 4176 3567 4229 conside-

1999 4270 2191 4324 retur;
2234 4260 2496 4313 unitatem
2549 4261 2692 4327 quod
2753 4262 2914 4315 unius
2975 4262 3058 4317 lue
3113 4264 3426 4321 substantiae
3460 4269 3565 4322 sint

1997 4365 2057 4402 ne
2083 4350 2403 4412 divinitatis,
2433 4358 2488 4403 et
2515 4366 2657 4405 unus
2680 4351 2815 4405 adeo
2846 4350 3009 4407 Deus.
3038 4351 3173 4407 Nam
3201 4369 3364 4409 unum
3398 4355 3564 4412 Deum

1997 4442 2289 4502 credimus,
2335 4439 2462 4493 licet
2507 4439 2558 4492 in
2594 4440 2861 4494 Trinitate
2900 4452 3233 4509 agnoscatur
3265 4462 3279 4511 ;
3311 4454 3366 4500 et
3400 4462 3564 4501 unum

2003 4531 2287 4585 Dominum
2338 4533 2685 4593 conﬁtemur,
2719 4532 2843 4585 licet
2886 4532 2940 4585 in
2976 4535 3149 4587 tribus
3178 4534 3567 4603 hypostasibus

1996 4626 2357 4689 ostendatur;
2409 4638 2471 4677 ac
2503 4639 2683 4691 neque
2716 4625 2766 4677 in
2805 4635 2915 4679 tres
2952 4624 3289 4691 divinitates,
3322 4644 3423 4682 nec
3459 4640 3568 4681 tres

1997 4716 2330 4775 dominatus,
2366 4730 2470 4767 una
2518 4716 2798 4779 divinitas,
2830 4727 2885 4767 et
2940 4732 3078 4769 unus
3133 4718 3221 4769 ille
3261 4718 3570 4773 dominatus

1997 4807 2303 4869 exotbilat;
2343 4823 2516 4874 neque
2558 4823 2746 4860 rursus
2796 4808 2933 4859 alius
2983 4810 3253 4877 quispiam
3297 4808 3439 4862 Deus
3466 4822 3567 4875 est,

2000 4908 2195 4965 praeter
2217 4899 2382 4951 hasce
2415 4908 2524 4951 tres
2554 4913 2837 4965 personas,
2862 4914 2979 4965 qua:
3007 4910 3133 4952 sunt
3162 4898 3346 4963 Pater,
3375 4902 3567 4966 Filius,

1998 5000 2050 5042 et
2100 4988 2334 5057 Spiritus
2363 4996 2633 5055 :sanctus;
2674 5002 2727 5041 et
2758 5005 2875 5057 qua:
2913 5006 3015 5043 non
3047 4992 3367 5045 substantiis
3394 5008 3456 5045 ac
3486 5010 3573 5045 na-

2000 5082 2137 5134 turis
2171 5091 2550 5143 numerantur,
2578 5082 2672 5133 sed
2711 5082 3096 5149 liypostasibus
3126 5096 3175 5136 et
3222 5084 3571 5137 intellectibi-

2000 5174 2138 5226 libus
2166 5184 2329 5240 atque
2367 5173 2621 5240 perfectis
2657 5176 3108 5242 proprietatibus.
3143 5176 3355 5229 Etenim
3409 5190 3571 5229 sanc-

2000 5269 2208 5322 tissima
2257 5266 2499 5319 Trinitas
2554 5268 2804 5333 personis
2842 5267 3121 5332 distincta,
3178 5268 3394 5321 ratione
3440 5268 3571 5322 sub-

314 5368 443 5436 μίαν
481 5365 755 5430 ἐξουσίαν,
794 5364 926 5433 μίαν
956 5362 1261 5431 ἐνέργειαν,
1312 5362 1441 5431 μίαν
1488 5361 1707 5429 βουλὴν,
1760 5358 1890 5429 μίαν
1926 5377 1968 5431 D
2000 5377 2006 5414 ε

1880 5376 1968 5431 νυ
2000 5360 2215 5414 Stantiae
2270 5372 2335 5411 ac
2388 5356 2690 5411 divinitatis
2735 5366 2819 5410 est
2875 5358 3170 5413 individua.
3232 5358 3572 5427 Quapropter

312 5461 557 5529 θέλησιν,
596 5456 729 5526 μίαν
764 5456 1111 5515 δεσποτείαν,
1164 5456 1294 5523 μίαν
1333 5454 1655 5520 κυριότητα,
1692 5454 1748 5503 ὲν
1798 5452 1897 5521 μιᾷ

311 5553 468 5621 οὐσίᾳ.
493 5551 592 5601 καὶ
631 5548 793 5616 φύσει
822 5551 922 5614 τῆς
956 5547 1231 5615 παναγίας
1264 5544 1498 5615 Τριάδος
1527 5546 1893 5613 γινώσκομεν,

317 5649 388 5715 μὴ
419 5650 498 5709 είς
532 5646 592 5697 ἒν
624 5645 923 5714 πρόσωπον
958 5645 989 5713 ἢ
1032 5644 1163 5709 μίαν
1201 5644 1500 5696 ὑπόστασιν
1530 5640 1738 5711 ταύτην
1771 5657 1899 5708 συγ»

313 5741 551 5809 χέοντες.
610 5738 708 5789 Διὰ
740 5736 900 5788 τοῦτο
940 5735 1145 5796 τέλειος
1188 5736 1321 5797 Θεὸς
1366 5735 1394 5785 ὁ
1430 5735 1643 5802 Πατὴρ,
1691 5733 1896 5791 τέλειος

314 5833 443 5893 Θεὸς
467 5833 495 5882 ὸ
524 5831 665 5893 Υἱὸς,
698 5830 902 5891 τέλειος
928 5829 1057 5889 Θεὸς
1083 5830 1142 5879 τὸ
1169 5827 1393 5896 Πνεῦμα
1417 5829 1478 5877 τὸ
1501 5828 1677 5892 ἇγιον,
1706 5825 1893 5893 ἐπειδὴ

315 5922 411 6003 τὴν
452 5922 627 5987 αὐτὴν
664 5922 755 5972 καί
809 5919 933 5989 μίαν
986 5922 1217 5975 ita-:22:
1256 5919 1511 5987 ἀνεὶλιπῆ
1550 5920 1638 5971 καῖ
1683 5916 1889 5970 τι)εἱαν

2004 5466 2164 5506 unam
2213 5450 2592 5512 substantiam,
2630 5465 2797 5503 unum
2844 5466 3090 5519 regnum,
3129 5466 3288 5503 unam
3343 5460 3574 5519 potesta-

2004 5556 2138 5607 tem,
2174 5558 2333 5595 unam
2381 5540 2783 5608 elIicacitatem,
2818 5558 2987 5596 unum
3040 5544 3353 5607 consilium,
3408 5558 3573 5595 unum

2008 5636 2319 5705 imperium,
2354 5651 2517 5687 unum
2550 5635 2912 5695 dominatum.
2950 5640 3000 5690 in
3036 5652 3140 5689 una
3191 5636 3492 5690 substantia
3523 5647 3577 5691 et

2008 5739 2201 5780 natura
2250 5726 2612 5780 sanctissima:
2639 5724 2927 5783 Trinitatis
2960 5730 3303 5798 agnoscimus
3326 5772 3340 5793 ,
3378 5743 3483 5781 non
3519 5726 3572 5780 in

2007 5834 2168 5872 unam
2217 5833 2528 5886 personam,
2574 5818 2656 5870 vel
2704 5835 2866 5873 unum
2920 5822 3252 5890 liypostusim
3303 5836 3419 5873 eam
3450 5834 3572 5873 con—

2004 5913 2292 5967 fundentes
2346 5913 2467 5965 Ideo
2507 5910 2783 5979 perfectus
2812 5912 2953 5967 Deus
2979 5924 3059 5967 est
3095 5912 3272 5971 l‘atcr.
3306 5912 3571 5980 peticclu:
