4286 6466
697 446 763 509 31
1874 455 2137 513 CONST.
2174 456 2329 513 “Ali
2354 455 2745 517 MEYOPUH
3891 453 3960 515 3?

699 562 861 627 licus,
911 562 1115 619 Filius:
1169 566 1450 635 perfectus
1486 568 1650 631 Deus,
1705 568 1944 636 Spiritus
2006 580 2269 623 sanctus:
2304 572 2391 633 Al

2266 589 2269 618 ε
2304 581 2349 633 Λ
2380 572 2496 640 ἔχει
2531 574 2785 642 θεότητα.
2817 570 2950 632 Θεὸς
2999 572 3129 640 γὰρ,
3172 574 3261 622 καὶ
3299 570 3451 634 Θεὸς,
3492 572 3585 622 καί
3622 569 3753 630 Θεὸς
3779 588 3790 599 ·
3842 558 3958 619 ἀλλ’

695 671 816 706 cum
854 670 1013 709 uuam
1072 667 1125 711 ct
1177 658 1425 714 eamdem
1492 661 1745 729 quilibet,
1777 662 1915 715 citra
1973 660 2271 724 defectum,

697 747 1103 815 perlectamqne
1151 749 1489 805 divinitatem
1528 752 1766 818 habeat;
1822 754 1963 807 Deus
2002 754 2171 816 enirn,
2222 763 2277 807 et

698 836 865 901 Deus,
900 848 955 892 et
1009 838 1183 904 Deus;
1222 844 1316 896 sed
1382 843 1497 899 ιιωο
1555 845 1656 898 tria
1720 844 1860 899 Deus
1921 861 2083 909 unus,
2134 848 2278 901 sicut

700 933 877 983 Sancti
912 930 1103 987 Patres
1134 936 1453 1002 praedicant.
1482 936 1615 990 Nam
1649 937 1782 991 nihil
1814 937 1866 991 in
1896 939 1977 991 eis
2008 951 2272 1001 creatum,

703 1022 782 1073 vel
821 1036 1065 1088 servum,
1112 1025 1192 1079 vel
1240 1036 1585 1092 extraneum,
1618 1030 1775 1096 quasi
1811 1028 2014 1082 factum
2065 1041 2275 1083 ortum-

702 1127 805 1178 que
837 1115 1130 1180 posterius.
1166 1115 1299 1170 Cum
1335 1117 1448 1170 lucc
1486 1130 1688 1172 saneta:
1719 1120 1789 1173 sit
1823 1130 1877 1173 et
1916 1120 2280 1174 consubstan-

704 1203 848 1256 tialis
901 1204 1190 1260 Trinitatis
1240 1208 1401 1273 ratio,
1436 1209 1597 1264 simul
1655 1212 1819 1264 etiam
1879 1211 2279 1267 incarnationis

702 1298 959 1364 mysteria
1003 1300 1105 1353 hoc
1144 1301 1380 1368 quodam
1433 1304 1592 1357 modo
1623 1304 1869 1358 confiteri
1903 1319 2127 1359 necesse
2156 1316 2275 1360 est:

700 1389 902 1457 quippe
952 1390 1216 1445 Dominus
1268 1404 1452 1447 noster
1482 1393 1641 1449 Jesus
1688 1395 1966 1459 Christus,
2004 1396 2095 1463 qui
2141 1410 2278 1450 unus

700 1490 782 1533 est
818 1494 1063 1543 esaneta
1098 1481 1394 1551 Trinitate,
1434 1486 1527 1539 Dei
1567 1486 1758 1550 Filius,
1798 1497 2021 1555 propter
2046 1488 2279 1542 salutem

702 1585 962 1637 nosuam,
995 1584 1189 1643 suopte
1221 1577 1475 1641 consilio,
1504 1579 1709 1648 Deique
1766 1581 1948 1637 Patris
1980 1584 2277 1648 voluntate,

703 1662 756 1716 in
798 1674 995 1717 terram
1048 1668 1410 1736 descendens,
1442 1684 1508 1725 ex
1559 1682 1747 1726 sancta
1801 1673 2055 1742 Deipara,
2089 1689 2280 1743 perpe-

702 1760 900 1825 tuaque
928 1758 1148 1827 Virgine
1171 1759 1361 1826 Maria,
1392 1776 1537 1828 vere,
1581 1778 1686 1817 non
1722 1767 1907 1833 specie
1936 1775 2093 1821 tenus
2124 1779 2284 1822 natus

702 1858 805 1912 est,
829 1852 1131 1919 composita
1165 1851 1267 1905 sibi
1297 1867 1363 1907 ex
1386 1869 1447 1909 ea
1478 1869 1667 1920 carne,
1695 1859 1894 1912 mentis
1928 1867 2094 1926 atque
2112 1860 2279 1912 animi

2381 659 2463 728 εἷς
2488 664 2557 716 τά
2581 665 2710 735 τρία
2738 664 2891 728 Θεὸς,
2924 665 2999 727 ὡς
3044 661 3160 727 τοῖς
3195 666 3370 731 ἁγίοις
3414 664 3661 731 Πατράσι
3697 662 3956 731 κηρύττε-

2376 774 2486 809 ται.
2518 757 2683 809 Οὐδὲν
2700 757 2809 826 γὰρ
2837 757 3054 810 κτιστὸν
3082 757 3139 809 ὲν
3166 756 3370 819 αὐτοῖς,
3395 756 3427 826 ἦ
3457 755 3665 820 δοῦλον,
3695 755 3727 823 ἢ
3760 753 3955 807 ὲπεῖσ·

2378 863 2567 910 ακτον,
2614 848 2691 911 ὼς
2746 847 2978 918 ὕστερον
3007 850 3256 915 γεγονός.
3281 848 3439 901 Οὕτω
3459 848 3524 917 δὴ
3546 846 3642 900 τοῦ
3668 846 3768 916 τῆς
3799 848 3960 915 ἁγίας

2382 942 2478 993 καὶ
2507 940 2802 1009 ὁμοουσίου
2840 941 3070 1009 Τριάδος
3107 941 3325 1011 ἔχοντος
3355 941 3541 1008 λόγου,
3578 940 3962 1008 συνομολογεῖν

2380 1036 2598 1103 ἀνάγκη
2630 1034 2723 1087 καὶ
2750 1034 2817 1087 τὰ
2852 1034 2947 1102 τῆς
2970 1033 3470 1105 ἑνανθρωπήσεως,
3492 1033 3635 1086 οὓτω
3662 1035 3956 1102 μυστήρια.

2392 1128 2453 1179 Ὀ
2487 1129 2595 1196 γὰρ
2629 1126 2827 1197 Κύριος
2858 1127 3015 1195 ἡμῶν
3060 1128 3267 1194 Ἰησοῦς
3295 1126 3557 1197 Χριστὸς,
3606 1125 3769 1188 αὐτὸς
3814 1124 3889 1177 ὣν
3933 1126 3962 1176 ὁ

2382 1217 2478 1286 τῆς
2528 1216 2706 1283 ἁγίας.
2733 1216 2963 1285 Τριὰδος
3001 1210 3103 1280 εἷς,
3148 1215 3176 1265 ὀ
3211 1214 3337 1275 Υἱὸς
3388 1214 3484 1266 τοῦ
3536 1212 3698 1273 Θεοῦ.
3730 1212 3820 1263 διὰ
3860 1210 3958 1278 τὴν

2381 1307 2660 1377 ἡμετέραν
2695 1306 2970 1377 σωτηρίαν
3001 1305 3226 1373 ἑκουσία
3273 1304 3437 1375 βουλῇ
3481 1304 3575 1356 καὶ
3621 1301 3756 1355 θεοῦ
3792 1301 3952 1368 θελή-

2387 1418 2521 1471 ματι
2552 1399 2644 1452 τοῦ
2696 1400 3080 1469 γεννήσαντος,
3130 1399 3225 1450 ἐπὶ
3258 1397 3365 1466 γῆν
3398 1396 3700 1456 κατελθὼν,
3746 1396 3811 1447 ὲκ
3860 1392 3961 1459 τῆς

2386 1493 2549 1563 ἁγίας
2578 1492 2845 1545 Θεοτόκου
2876 1493 2972 1547 καὶ
3007 1491 3373 1561 ἀειπαρθένου
3408 1491 3629 1559 Μαρίας
3661 1490 3800 1542 κατὰ
3829 1488 3961 1553 ἀλή-

2385 1586 2558 1647 θειαν,
2599 1586 2660 1638 οὐ
2717 1584 2857 1637 κατὰ
2892 1578 3195 1651 φαντασίαν
3239 1583 3603 1652 γεγέννηται,
3662 1580 3842 1651 σάρκα
3900 1580 3958 1643 ἐξ

2384 1681 2559 1749 αὐτῆς
2605 1681 2791 1733 ἔννουν
2847 1682 2942 1732 καὶ
2991 1678 3234 1748 ἔμψυχον
3279 1677 3462 1747 ἑαυτῷ
3520 1674 3959 1743 συστησάμενος,

2386 1774 2484 1827 καὶ
2512 1774 2718 1834 τέλειος
2762 1771 3006 1840 γεγονὼς
3044 1771 3356 1840 ἄνθρωπος.
3412 1770 3615 1827 τέλειος
3663 1769 3740 1822 ὢν
3788 1768 3956 1831 Θεόςο

2387 1865 2464 1928 ὡς
2493 1862 2633 1917 εῐναι
2663 1865 2756 1916 τὸν
2785 1864 2950 1915 αὑτὸν
2980 1864 3100 1915 ὅλον
3140 1862 3231 1914 τὸν
3266 1862 3420 1919 Θεὸν.
3460 1862 3553 1915 καὶ
3585 1860 3705 1913 ὅλον
3743 1860 3959 1929 ἀνθρω⁹

700 1952 991 2009 compote,
1043 1944 1421 2015 perfectasque
1473 1948 1615 2003 Deus
1664 1950 1956 2015 exsisteus,
2007 1951 2282 2019 perfectus
2317 1936 2392 1991 Βι

2266 1966 2282 2005 5
2317 1936 2359 1991 Β
2388 1974 2490 2010 πον
2517 1973 2531 1988 ⁸
2569 1957 2633 2009 ὲκ
2665 1956 2760 2009 δύο
2798 1954 3040 2024 φύσεων,
3073 1955 3328 2024 θεότητόε
3370 1971 3427 2006 τε
3462 1956 3559 2007 καὶ
3605 1952 3958 2023 ἁνθρωπὸτντ

703 2035 867 2087 homo
919 2032 1097 2090 factus
1143 2048 1267 2103 est;
1322 2040 1399 2093 ita
1452 2040 1701 2111 quidem,
1734 2052 1792 2096 ut
1826 2044 1966 2099 idem
2019 2053 2166 2098 totus
2213 2045 2285 2099 sit

704 2126 866 2191 Deus,
894 2140 948 2182 et
977 2138 1120 2184 totus
1152 2130 1350 2199 homo;
1387 2136 1454 2188 de
1480 2138 1689 2193 naturis
1720 2136 1955 2205 duabus,
1995 2137 2285 2192 divinitate

704 2234 769 2275 ac
796 2221 1157 2289 humanitate,
1188 2241 1293 2279 una
1326 2227 1378 2281 in
1413 2228 1690 2299 hypostasi
1724 2230 2051 2296 subsistens,
2078 2232 2283 2301 absque

702 2314 1041 2382 confusione,
1070 2319 1390 2385 mutatione,
1426 2320 1731 2389 divisione;
1761 2322 1992 2392 ideoque
2024 2322 2160 2377 duas
2192 2338 2284 2375 voc

703 2407 948 2463 luntates
1009 2412 1310 2477 naturales,
1351 2423 1405 2467 et
1455 2416 1698 2469 actiones
1755 2414 2000 2485 duplices
2055 2415 2281 2469 habens.

706 2496 821 2553 Non
867 2510 1045 2555 tamen
1078 2502 1216 2558 duos
1244 2506 1406 2571 lilios,
1434 2518 1523 2560 aut
1556 2509 1691 2563 duos
1716 2508 1986 2573 Christos,
2020 2515 2114 2560 aut
2145 2507 2285 2561 duos

706 2590 963 2648 Dominos
999 2594 1275 2651 dicimus:
1312 2599 1410 2653 sed
1457 2615 1628 2654 unum
1662 2599 1881 2665 Fitium,
1917 2608 1971 2655 ct
2019 2609 2146 2654 ante
2196 2600 2283 2654 itt-

702 2687 1100 2754 earnationem,
1137 2698 1191 2743 et
1223 2700 1343 2759 post
1370 2692 1799 2747 incarnationem
1828 2693 2107 2758 eumdem,
2161 2706 2285 2747 cou-

705 2781 1123 2835 nuhstantialem
1172 2784 1282 2838 lteo
1334 2795 1385 2838 et
1436 2785 1610 2851 Patri,
1647 2801 1711 2840 ac
1752 2786 1911 2841 nobis
1945 2785 2282 2840 hominibus.

705 2874 1068 2940 Quamobrem
1103 2888 1154 2930 et
1183 2889 1428 2931 sanctam
1456 2878 1600 2931 illam
1630 2878 1933 2949 Virginem,
1966 2894 2085 2948 qua:
2108 2880 2283 2946 ipsum

704 2964 960 3021 ineli‘abili
1008 2969 1170 3023 modo
1203 2971 1433 3038 peperit,
1480 2969 1768 3040 Deiparam
1818 2971 2173 3040 appellamus,
2204 2970 2282 3023 uti

702 3070 823 3124 qua:
896 3056 1063 3113 Deum
1123 3062 1419 3129 pepererit,
1470 3076 1634 3115 unum
1665 3076 1695 3116 e
1729 3074 1917 3117 sancta
1972 3060 2283 3115 Triuitate:

704 3152 797 3219 qui
845 3164 901 3205 et
950 3168 1166 3207 crucem
1221 3154 1500 3217 sustinuit,
1542 3164 1797 3223 tauquam
1833 3157 1995 3207 homo
2025 3171 2039 3219 ;
2073 3163 2126 3207 et
2160 3164 2285 3207 tau-

704 3257 865 3308 quam
900 3241 1062 3309 Deus,
1105 3245 1269 3299 tertio
1294 3246 1379 3300 die
1404 3246 1703 3301 resurrexit
1750 3246 1803 3299 iu
1830 3259 2059 3311 corpore
2090 3258 2282 3298 corru-

704 3334 902 3402 ptionis
935 3346 1193 3403 experte;
1229 3352 1460 3407 cumque
1491 3353 1549 3393 se
1576 3337 1860 3402 discipulis
1908 3336 2107 3403 smpius
2151 3350 2284 3389 con-

704 3427 1034 3493 spiciendum
1095 3430 1456 3497 exhibuisset,
1502 3432 1554 3483 iu
1610 3429 1809 3485 caelum
1866 3443 1990 3482 eum
2054 3442 2285 3497 corpore

704 3534 920 3574 sursum
952 3521 1104 3584 abiit,
1134 3523 1324 3576 eodem
1348 3523 1508 3578 modo
1537 3523 1812 3578 rediturus
1840 3520 1904 3574 ad
1923 3520 2283 3589 judicandtun

704 3613 856 3667 vivos
903 3624 1067 3682 atque
1100 3626 1363 3682 mortuos,
1397 3634 1521 3672 eum
1558 3631 1781 3687 regnum
1817 3616 1941 3670 linis
1977 3630 2195 3683 expers,
2230 3624 2284 3667 et

707 3705 989 3775 imperium
1047 3724 1322 3778 nunquam
1364 3709 1767 3765 terminandum
1819 3709 2033 3763 habeat.
2077 3706 2284 3776 Exspe-

703 3799 903 3852 ctanda
954 3815 1169 3868 quoque
1227 3803 1566 3870 singulorum
1624 3803 1905 3856 hominum
1947 3801 2281 3855 resurrectio

2385 2066 2497 2113 τος,
2540 2049 2598 2100 ὲν
2632 2047 2929 2101 ὑποστάσει
2963 2048 3065 2115 μιᾷ
3116 2047 3217 2113 τὴν
3250 2045 3511 2100 σύστασιν
3540 2043 3752 2113 ἔχοντα,
3786 2044 3962 2109 ἀσυγ·

2387 2142 2592 2212 χύτως,
2632 2140 2939 2210 ἀτρέπτως,
2990 2140 3343 2208 ἁδιαιρέτως,
3386 2138 3482 2191 καὶ
3526 2137 3612 2190 διὰ
3660 2135 3820 2189 τοῦτο
3869 2136 3964 2188 δύο

2387 2233 2625 2303 φυσικὰς
2654 2231 2932 2303 θελήσεις,
2986 2232 3079 2285 καὶ
3114 2231 3208 2285 δύο
3253 2229 3540 2299 ἐνεργείας
3599 2228 3960 2296 κεκτημένον.

2388 2326 2697 2397 Τοιγαροῦν
2720 2325 2783 2379 οὐ
2818 2325 2915 2378 δύο
2945 2326 3115 2388 υἱοὺς,
3148 2325 3181 2392 ἢ
3217 2324 3309 2376 δύο
3338 2321 3696 2394 Χριστοὺς,“ἢ
3732 2320 3826 2373 δύο
3857 2323 3959 2374 Ku-

2391 2420 2540 2491 ρίους
2572 2420 2753 2489 φαμέν
2772 2435 2786 2449 ·
2821 2417 2935 2471 ἀλλ’
2965 2418 3062 2471 ἕνα
3106 2418 3255 2477 Υίὸν,
3288 2417 3381 2468 τὸν
3412 2416 3577 2469 αὐτὸν
3606 2414 3699 2466 καὶ
3730 2414 3836 2483 πρὸ
3866 2413 3963 2481 τῆς

2388 2509 2856 2578 ὲνανθρωτήσεως
2883 2507 2980 2560 καὶ
3003 2508 3140 2575 μετὰ
3170 2506 3268 2575 τὴν
3290 2505 3707 2574 ὲνανθρὼπησιν
3730 2519 3745 2534 ⁸
3772 2502 3964 2571 ὁμοού-

2390 2618 2508 2654 σεον
2532 2602 2611 2671 τῷ
2641 2618 2701 2653 τε
2730 2600 2851 2670 Θεῷ
2891 2602 2985 2653 καὶ
3030 2602 3161 2671 ἡμῖν
3209 2603 3320 2662 τοῖς
3368 2598 3702 2665 ἀνθρώποις.
3742 2598 3833 2648 Διὸ
3870 2596 3964 2648 καὶ

2387 2693 2491 2759 τὴν
2520 2692 2685 2759 ἁγίαν
2715 2691 3013 2761 Παρθένον,
3060 2692 3162 2761 τὴν
3207 2693 3461 2762 ἀρρήτως
3503 2690 3665 2743 αὐτὸν
3708 2689 3962 2753 τέξασαν,

2388 2784 2655 2838 Θεοτόκον
2703 2784 3214 2854 προσαγορεύομεν,
3249 2784 3324 2848 ὠς
3357 2784 3449 2836 τὸν
3476 2784 3571 2836 ἕνα
3611 2782 3707 2852 τῆς
3734 2780 3964 2851 Τριάὸος

2387 2879 2676 2931 τετοκυῖαν
2705 2877 2839 2930 Θεόν
2859 2895 2873 2909 ·
2908 2878 2967 2938 ὃς
3008 2878 3103 2930 καὶ
3136 2876 3372 2945 σταυρὸν
3410 2876 3486 2939 ὡς
3518 2875 3803 2944 ἄνθρωπος
3834 2874 3964 2925 ὑπο-

2393 2971 2604 3041 μείνας,
2635 2971 2711 3033 ὡς
2742 2972 2877 3033 Θεὸς
2926 2970 3128 3039 ἀνέστη
3157 2970 3459 3040 τριήμερος
3494 2972 3553 3021 ὲν
3596 2968 3859 3037 ἀφθάρτῳ
3885 2966 3966 3033 τῷ

2391 3064 2629 3133 σώματι,
2684 3065 2777 3117 καὶ
2818 3066 2933 3126 τοῖς
2968 3064 3241 3134 μαθηταῖς
3280 3062 3542 3125 πολλάκις
3572 3060 3963 3132 ἐμφανισθεὶς.

2389 3156 2470 3217 είς
2513 3156 2606 3207 τὸν
2654 3155 2887 3223 οὐρανὸν
2942 3154 3077 3223 μετά
3111 3153 3365 3224 σώματος
3399 3151 3718 3221 ἀνελήλυθε,
3754 3149 3966 3220 μέλλων

2390 3246 2553 3300 πάλιν
2574 3245 2750 3309 οὓτως
2776 3245 3116 3309 ἐλεύσεσθαι,
3167 3246 3349 3315 κρίσιν
3378 3244 3601 3309 ζώντων
3638 3242 3732 3295 καὶ
3756 3242 3964 3309 νεκρῶν

2391 3339 2782 3408 ποιησόμενος,
2818 3338 3177 3404 ἀτελεύτητον
3224 3340 3323 3404 τὴν
3362 3336 3643 3403 βασιλείαν
3674 3334 3834 3401 ἔχων,
3872 3333 3966 3383 καὶ

2390 3434 2454 3485 τὸ
2488 3430 2691 3500 κράτος
2716 3430 3050 3499 ἀπέραντον.
3082 3428 3492 3497 ΙΙροσδοκητέον
3523 3426 3579 3478 δὲ
3610 3427 3703 3477 καὶ
3734 3426 3966 3476 ἑκάστου

2391 3524 2501 3577 τῶν
2530 3522 2838 3592 ἀνθρώπων
2861 3522 3164 3575 ἀνάστασιν
3194 3519 3331 3589 μετὰ
3361 3518 3454 3571 τοῦ
3482 3519 3686 3571 οἰκείου
3714 3516 3966 3585 σώματος

2392 3615 2881 3685 ἀρθαρτισθέντος,
2929 3616 3023 3667 καὶ
3080 3613 3227 3683 ζωὴν
3273 3612 3368 3665 τοῦ
3426 3611 3712 3680 μέλλοντος
3749 3608 3963 3669 αἰῶνος,

2389 3709 2493 3777 τήν
2526 3725 2586 3760 τε
2614 3707 2726 3760 τῶν
2758 3705 3330 3774 δικαίωνάγαλλίασιν
3356 3704 3575 3757 αἰώνιον
3606 3702 3855 3773 ἔχουσαν,
3876 3699 3969 3752 καὶ

2390 3799 2492 3868 τὴν
2524 3799 2634 3851 τῶν
2677 3798 3023 3868 ἁμαρτωλῶν
3055 3798 3275 3849 κόλασιν
3304 3795 3687 3863 ἀτελεύτητον.

705 3906 828 3944 cum
853 3907 1080 3962 corpore
1104 3896 1174 3950 ab
1205 3898 1423 3952 interitu
1454 3899 1751 3962 vindicato,
1784 3898 2066 3965 futurique
2088 3895 2271 3951 saeculi
2308 3894 2464 3961 vita;
2516 3910 2637 3964 qua:
2685 3906 2739 3949 ct
2780 3896 3054 3965 justorum
3101 3902 3359 3947 mteruam
3406 3889 3673 3955 lzstitiam,
3742 3897 3797 3943 et
3864 3886 3970 3941 line

702 3998 901 4041 carens
930 3998 1275 4057 peccatorum
1310 3991 1637 4059 supplicium
1671 3991 1914 4046 habebit.

2130 4327 2171 4382 Α
2184 4322 2542 4383 I‘PENDIX.

704 4489 883 4542 Sancti
937 4484 1214 4554 Augustini
1261 4484 1333 4536 De
1384 4484 1669 4538 Trinitatc.
1722 4483 1805 4537 Ea:
1850 4484 2008 4547 libro,
2052 4483 2143 4549 qui
2208 4481 2282 4533 De

775 4558 1069 4625 cognitione
1117 4571 1251 4607 vera:
1286 4557 1400 4606 vim:
1458 4555 1767 4609 inscribitur
1807 4558 1911 4612 εἰη
1970 4572 2095 4623 quo.
2154 4563 2277 4605 tau-

772 4644 940 4749 quanltl
963 4630 1015 4678 in
1045 4626 1274 4694 dialogo,
1308 4627 1501 4695 fratres
1538 4626 2148 4696 interrogant,magister
2194 4638 2280 4675 rc-

773 4714 901 4749 snou
945 4706 1013 4749 et.

773 4706 1013 4765 Spondet.

778 4878 1119 4938 FlHTliES.
1163 4876 1626 4942 Quemadmodum
1667 4877 1878 4945 pondus
1928 4876 2112 4931 carnis
2168 4875 2289 4929 auio

708 4991 853 5031 mam
882 4980 1159 5042 aggravat,
1200 4969 1281 5023 sic
1310 4977 1366 5021 et
1393 4968 1629 5022 carnalis
1654 4968 1913 5037 cogitatio
1955 4982 2188 5023 mentem
2210 4970 2291 5023 di-

706 5074 829 5126 vina
858 5064 1309 5132 contemplantem
1328 5063 1523 5128 pulsat.
1543 5062 1674 5115 Cum
1699 5064 1843 5115 enim
1866 5063 2118 5130 superius
2152 5061 2289 5115 ratio

706 5176 873 5221 unum
911 5159 1077 5211 Deum
1118 5154 1399 5208 verissime
1423 5168 1543 5207 esse
1580 5153 2056 5214 demonstraverit,
2098 5164 2155 5207 et
2204 5154 2282 5221 ip-

711 5265 828 5305 sum
874 5247 1048 5301 solum
1093 5253 1288 5298 cuncta
1340 5260 1405 5299 ex
1462 5243 1633 5297 nihilo
1678 5242 1874 5297 fecisse
1929 5244 2285 5311 probaverit:

711 5338 981 5413 quomodo
1019 5336 1173 5407 quasi
1232 5345 1342 5391 tres
1381 5334 1513 5389 deos
1565 5336 1796 5389 adorare
1836 5336 2118 5394 docemur.
2162 5337 2286 5389 dntu

706 5436 921 5493 Patrem
956 5429 1250 5500 perfectum
1286 5426 1474 5491 Deum,
1507 5423 1699 5480 Filium
1752 5423 2046 5493 perfectum
2095 5425 2285 5488 Deum.

709 5523 968 5592 Spiritum
1041 5517 1338 5590 perfectum
1409 5515 1580 5572 Deum
1644 5516 1891 5570 confiteri
1972 5518 2289 5569 mouemur?

717 5616 854 5668 Dum
918 5612 1062 5667 enim
1144 5608 1513 5665 subdisttneta:
1582 5617 1694 5662 tres
1786 5623 2032 5677 persona:
2094 5610 2290 5664 distin-

706 5716 964 5776 guuntur,
1020 5702 1148 5772 quid
1186 5701 1327 5756 aliud
1358 5715 1519 5769 quam
1571 5711 1683 5756 tres
1747 5701 1820 5753 dii
1873 5716 1902 5753 ει
1944 5702 2096 5755 nobis
2132 5702 2285 5756 intel~

710 5798 946 5866 liguntnr
969 5798 993 5851 ?

782 5888 1129 5945 MAGIS'I‘EH
1187 5890 1304 5955 Ipsa
1334 5887 1509 5943 latin
1544 5886 1914 5955 ipaalveritate
1958 5902 2015 5941 se
2070 5888 2280 5942 dctuon

2395 4478 2506 4533 Τοῦ
2534 4478 2709 4546 ἁγίου
2757 4477 3179 4546 Αὐτουστίνίίιυ
3213 4477 3346 4544 περὶ
3400 4475 3662 4544 Τριάδος.
3712 4478 3813 4533 Ἕκ
3866 4480 3972 4533 τοὺ

2452 4545 2696 4612 ﬁmi/on
2728 4548 2836 4599 τοῦ
2871 4549 3003 4599 πετὲ
3054 4545 3160 4613 τῆς
3210 4547 3492 4616 γνώσεως
3543 4546 3655 4613 τῆς
3706 4550 3973 4616 ἀληθοῦς

2313 4594 2361 4652 υ
2452 4594 2611 4697 ξῲῖῑξ
2626 4594 3151 4697 ξέπὶξνρξριέένῖρξ
3337 4594 3451 4697 ἰἷζ
3460 4594 3564 4681 ὦς’
3708 4594 3974 4697 ὲλὲξᾷίτῖξ

2465 4687 2727 4754 ἐρωτῶσι
2783 4688 2901 4754 μὲν
2944 4691 3000 4740 οι
3060 4686 3336 4757 ἀδελφοὶ,
3371 4689 3761 4756 ἀποκρίνεται
3816 4686 3907 4743 δὲ⁷
3941 4694 3975 4745 ὁ

2464 4759 2857 4819 δεδάσκαλος.

2465 4873 2780 4925 ΛΔΕΑΦΟΙ.
2823 4872 3036 4940 ’Ὥσπερ
3083 4870 3144 4923 τὸ
3178 4872 3278 4940 τῆς
3324 4872 3528 4942 σαρκὸς
3575 4872 3743 4944 βάρος
3790 4873 3972 4938 πιέζει

2392 4966 2492 5036 τὴν
2525 4963 2726 5035 ψυχὴν,
2755 4962 2903 5017 οὕτω
2939 4966 3035 5016 καὶ
3065 4964 3095 5016 ὸ
3130 4966 3396 5034 σαρκικὸς
3424 4965 3685 5035 λογισμὸς
3709 4966 3808 5037 τὴν
3836 4970 3973 5019 Θεω-

2394 5059 2485 5127 ρὸν
2518 5059 2629 5111 τῶν
2678 5058 2841 5111 θείων
2890 5057 3133 5111 διάνοιαν
3180 5058 3409 5127 ἐνοχλεῖ.
3458 5059 3744 5132 ’Δνωτέρω
3793 5062 3894 5130 μὲν
3941 5062 3971 5111 ὁ

2394 5152 2485 5216 σὸς
2516 5152 2675 5221 λόγος
2702 5151 2799 5205 ἕνα
2825 5151 2961 5203 Θεὸν
2986 5152 3276 5216 ἀπέδειξεν
3299 5152 3664 5222 ἀληθέστατα,
3690 5154 3783 5206 καὶ
3806 5154 3969 5207 αὑτὸν

2395 5246 2559 5315 μόνον
2587 5245 2941 5313 παρέστησεν
2981 5244 3046 5295 ἐκ
3074 5243 3170 5296 τοῦ
3200 5246 3275 5314 μὴ
3310 5244 3463 5307 ὄντος
3504 5245 3684 5301 πάντα
3716 5263 3974 5316 παραγα-

2393 5338 2536 5402 γεῖν.
2578 5334 2740 5387 ’Λλλὰ
2771 5333 2869 5389 νῦν
2898 5333 3062 5389 πάλιν
3086 5339 3239 5407 τρεῖς
3270 5336 3429 5399 θεοὺς
3459 5340 3792 5408 προσκυνεῖν
3822 5339 3971 5407 ἡμᾶς

2392 5426 2539 5479 εἴποι
2567 5443 2649 5489 τις
2677 5427 2768 5489 ἂν,
2816 5426 3168 5491 διδάσκοντος
3199 5426 3317 5491 σοῦ,
3346 5428 3555 5482 τέλειον
3585 5429 3720 5483 Θεὸν
3746 5430 3840 5485 τὸν
3866 5435 3974 5485 Πα-

2392 5521 2552 5591 τέρα,
2580 5521 2789 5575 τέλειον
2809 5523 2943 5575 Θεὸν
2964 5523 3057 5576 τὸν
3075 5523 3226 5585 Υίὸν,
3250 5524 3458 5578 τέλειον
3490 5524 3624 5579 Θεὸν
3648 5526 3711 5579 τὸ
3742 5527 3971 5595 Πνεῦμα

2394 5614 2455 5667 τὸ
2493 5615 2652 5682 ἀγιον
2679 5612 2790 5666 δεῖν
2833 5616 3141 5683 ὁμολογεῖν.
3174 5616 3342 5667 Ὅταν
3386 5616 3494 5686 γὰρ
3534 5614 3659 5684 τρία
3703 5617 3973 5686 πρόσωπά

2395 5722 2477 5765 τις
2533 5704 2776 5774 ὁμολογῇ
2808 5705 3257 5775 διακεκριμένα,
3309 5705 3462 5759 οὐδὲν
3512 5706 3701 5773 ἕτερον
3736 5708 3770 5777 ἢ
3824 5711 3973 5777 τρεῖς

2398 5797 2552 5859 θεοὺς
2582 5796 3063 5864 ἀναγκασθήσεται
3108 5799 3324 5861 πάντως
3368 5796 3677 5866 ὁμολογεῖν.

2472 5890 2922 5945 ΔΙΔᾹΣΚΛΛΟΣ.
2974 5890 3154 5959 Λύιῆς
3187 5891 3285 5959 τῆς
3330 5890 3588 5960 ἀληθείας
3633 5892 3834 5962 ἑαυτὴν
3874 5893 3980 5947 δει-
