4286 6466
703 389 774 444 3;,
1888 368 2147 427 conm:
2200 364 2763 425 llMtMENOPULI
3909 357 3974 422 26

786 499 892 551 ικίι.
954 496 1068 561 Qua
1113 489 1470 548 similitudine
1524 485 1749 538 vocatur
1803 493 2000 533 alterna
2047 479 2133 531 lux
2189 478 2286 531 Pn-
2318 479 2367 534 Α
2472 510 2478 527 Α

2279 479 2367 534 -Α
2472 475 2668 528 ΔΔΕΛ.
2720 473 2838 528 Τίνι
2871 471 3128 542 ὁμοιώσει
3184 471 3212 524 6
3264 469 3452 540 Πατὴρ
3507 468 3680 520 ἀΐδιον
3731 466 3971 519 καλεῖται

701 605 782 644 lt‘l'

768 681 934 735 MAG.
964 679 1100 744 Quia
1133 693 1201 731 ex
1233 689 1292 730 se
1314 671 1654 742 splendorem
1690 667 1765 735 (4)
1793 665 1978 734 genuit
2008 662 2287 730 teqnalem.

774 862 883 914 Fli.
923 857 1112 910 Nonne
1143 853 1238 906 tibi
1293 848 1463 919 magis
1506 842 1698 898 matris
1749 853 1948 894 nomen
1995 835 2291 892 convenire

701 946 1026 1005 videretur?

778 1042 943 1097 MAG.
990 1041 1043 1092 ln
1088 1047 1243 1107 patre
1273 1043 1354 1087 cst
1378 1043 1593 1098 semper
1622 1022 1936 1095 principalis
1965 1032 2125 1072 causa
2173 1029 2292 1107 pro-

703 1122 792 1203 lis,
824 1147 876 1188 et
906 1137 1023 1187 ideo
1053 1105 1101 1183 at
1144 1123 1427 1196 principali
1463 1137 1596 1176 sexu
1629 1115 1814 1173 debuit
1849 1114 1970 1183 jure
1997 1111 2100 1164 hoc
2127 1105 2298 1160 nomi-

707 1246 772 1284 ne
807 1224 1085 1294 appellari.

777 1321 885 1375 Flt.
938 1317 1054 1381 Qua
1107 1309 1463 1365 sitttilitttdine
1515 1303 1713 1358 dicitur
1768 1294 2036 1369 gignens?

777 1410 937 1464 MAG.
972 1409 1192 1461 Certum
1222 1414 1326 1466 cst,
1355 1398 1496 1468 quod
1519 1410 1669 1450 mens
1697 1390 1866 1461 gignit
1890 1386 2298 1457 cogitationem.

705 1506 838 1556 tluut
911 1511 1088 1551 autem
1167 1508 1322 1549 mens
1385 1491 1619 1558 seipsant
1680 1485 1900 1551 cogitat,
1957 1479 2109 1550 quasi
2157 1477 2300 1530 alittd

709 1595 814 1648 sibi
885 1591 1062 1646 simile
1112 1586 1295 1660 [aliam
1335 1583 1438 1638 sibi
1468 1576 1726 1652 similem]
1761 1581 2002 1644 generat.
2041 1571 2132 1626 Sic
2154 1585 2301 1624 sum-

709 1702 829 1740 mus
890 1684 1053 1746 Deus,
1108 1695 1230 1734 cum
1301 1679 1538 1742 seipsum
1592 1673 1778 1734 talem,
1830 1667 2005 1736 qualis
2051 1673 2160 1727 est,
2207 1675 2300 1714 c0-

707 1779 940 1843 gitavit,
1017 1772 1204 1842 procul
1264 1769 1432 1823 dubio
1499 1766 1728 1819 similem
1799 1761 1900 1816 sibi
1955 1772 2051 1828 per
2123 1754 2302 1810 omnia

2396 567 2512 635 φῶς
2533 584 2548 631 ;
3837 604 3840 608 -

2467 660 2594 712 ΔΙΔ.
2636 657 2782 711 Διότι
2844 656 2904 722 ἐξ
2974 655 3175 710 ἑαυτοῦ
3233 651 3582 723 ἀπαύγασμα
3643 651 3976 720 γεγέννηκεν

2395 745 2536 804 ἴσον.

2472 843 2670 896 ΑΔΕΛ.
2705 845 2815 897 Καὶ
2847 843 2907 896 οὐ
2941 841 3144 912 μᾶλλον
3171 841 3320 893 δοκεῖ
3351 838 3797 908 προσφυέστερον
3829 835 3977 904 αὐτῷ

2398 933 2461 985 τὸ
2491 935 2589 1003 τῆς
2625 934 2833 1004 μητρὸς
2866 932 3207 1004 ἁρμόζεσθαι
3233 930 3442 1000 δνομα;

2472 1029 2600 1082 AIA.
2621 1028 2731 1080 Ἀεὶ
2762 1030 2819 1080 ὲν
2851 1027 2928 1096 τῷ
2963 1026 3128 1095 πατρί
3156 1025 3304 1075 ὲστιν
3329 1024 3362 1092 ὴ
3391 1019 3676 1092 ἀρχοειδὴς
3707 1019 3857 1072 αίτία
3884 1016 3979 1069 ’τοῦ

2401 1121 2630 1176 τέκνου’
2667 1123 2758 1175 διὰ
2807 1122 2966 1174 τοῦτο
3015 1120 3112 1173 καὶ
3145 1117 3223 1186 τῷ
3263 1115 3361 1169 τοῦ
3417 1112 3866 1185 ἀρχοειδεστέρου
3924 1113 3980 1164 ὲν

2401 1218 2514 1277 τοῖς
2546 1215 2798 1282 γονεῦσιν
2821 1216 3048 1283 ὀνόματι
3086 1211 3474 1280 προσηκόντως
3503 1208 3613 1261 ἔδει
3638 1203 3940 1277 καλεῖσθαι.

2473 1304 2672 1357 ΔΔΕΛ.
2709 1303 2829 1355 Τίνι
2853 1301 3110 1371 ὁμοιώσει
3143 1300 3361 1368 λέγεται
3386 1299 3619 1368 γεννᾷνς

2474 1393 2604 1450 AIA.
2666 1395 3069 1464 Ἀναμφίϐολον
3118 1393 3193 1456 ῶς
3233 1395 3262 1446 ὁ
3311 1391 3436 1456 νοῦς
3489 1388 3750 1459 λογισμὸν
3793 1386 3979 1454 γεννᾷ.

2409 1491 2584 1542 Ὅταν
2614 1489 2660 1541 δ’
2690 1488 2717 1538 ὁ
2753 1485 2878 1549 νοῦς
2913 1486 3296 1550 ἀναλογίζεται
3332 1484 3544 1548 ἑαυτὸν,
3577 1479 3766 1548 ὥσπερ
3795 1478 3982 1546 ἕτερ,ν
4043 1517 4049 1522 .

2405 1583 2589 1649 ὅμοιον
2618 1579 2817 1632 ἑαυτοῦ
2847 1580 3014 1649 γεννᾷ
3037 1595 3049 1608 ·
3085 1574 3228 1631 οὕτω
3256 1578 3351 1630 καὶ
3373 1578 3400 1630 ό
3430 1576 3598 1644 ἄκρος
3624 1572 3758 1635 Θεὸς
3791 1567 3983 1623 ἑαυτὸν

2405 1671 2670 1736 τοιοῦτον,
2696 1666 2806 1734 οἷός
2829 1674 2966 1734 ὲστι,
2993 1670 3366 1739 λογιζόμενος,
3391 1664 3780 1734 ἀναμφιϐόλως
3811 1658 3985 1728 ἐαυτῷ

2409 1763 2498 1816 διὰ
2530 1765 2752 1818 πάντων
2797 1763 2993 1831 ὁμοίαν
3042 1762 3230 1815 εἰκόνα
3279 1761 3612 1829 γεγέννηκε·
3659 1757 3755 1812 καὶ
3797 1755 3987 1820 ῶσπερ

709 1855 998 1934 imaginem
1061 1860 1363 1931 generavit.
1412 1858 1476 1912 Et
1525 1858 1669 1912 sicut
1714 1855 1943 1926 gignens
1973 1852 2095 1920 jure
2149 1846 2386 1911 PaterB

2293 1873 2309 1911 r
2337 1846 2386 1907 Β
2419 1857 2609 1924 Πατὴρ
2642 1857 2670 1908 ὁ
2701 1856 2908 1922 γεννῶν
2940 1854 3170 1916 δικαίως
3196 1852 3470 1914 καλεῖται,
3507 1849 3650 1904 οὕτω
3677 1849 3769 1902 καὶ
3797 1847 3828 1901 ὁ
3861 1864 3985 1915 γεν-

707 1968 954 2021 vocatur,
996 1956 1066 2009 ita
1100 1953 1372 2008 rectisinte
1403 1950 1617 2019 genitus
1646 1946 1816 2004 Filius
1843 1943 2174 1999 nominatur.

778 2048 892 2102 FB.
958 2047 1013 2100 Si
1054 2045 1200 2098 Deus
1235 2042 1438 2096 Filium
1481 2040 1689 2110 genuit,
1743 2037 1957 2092 videtur
2006 2030 2301 2102 aliquando

709 2140 901 2203 fuisse,
956 2137 1100 2208 quod
1147 2136 1343 2190 Filium
1387 2149 1498 2189 non
1550 2131 1825 2195 habuerit,
1857 2137 1911 2183 et
1954 2127 2057 2181 hoc
2106 2137 2299 2180 nomen

706 2248 771 2286 ex
817 2231 1087 2286 accidenti
1122 2228 1445 2300 possederit.
1491 2224 1647 2294 Quod
1675 2223 1721 2278 si
1752 2224 1854 2278 hoc
1883 2221 1955 2276 ita
1985 2226 2092 2286 est,
2140 2232 2296 2288 supe-

709 2324 821 2376 rior
857 2320 1087 2389 prolatio
1139 2317 1496 2372 labefactatur
1550 2329 1696 2383 :qua
1737 2309 1845 2383 [in]
1905 2309 2012 2365 Deo
2043 2307 2174 2364 nihil
2213 2321 2303 2361 ac-

707 2413 990 2476 cidentale,
1021 2412 1115 2466 sed
1157 2418 1324 2464 totum
1353 2407 1640 2464 essentiale
1671 2405 2085 2475 praedicabatur.

781 2587 946 2644 MAG.
996 2586 1115 2641 lam
1145 2586 1331 2640 docuit
1361 2584 1519 2659 ratio,
1554 2581 1647 2636 Dei
1672 2582 1962 2640 essentiam
1991 2595 2111 2636 esse
2149 2590 2304 2635 mter-

711 2700 834 2736 nam
875 2681 1071 2744 vitam,
1131 2678 1354 2732 initiiet
1401 2677 1524 2730 linis
1574 2675 1835 2729 nesciam.
1889 2671 2040 2738 Quod
2090 2673 2132 2726 si
2191 2672 2304 2726 haec

712 2774 1001 2844 singularis
1028 2771 1126 2843 [et]
1165 2785 1292 2826 vera
1320 2771 1425 2822 vita
1485 2769 1694 2836 absque
1723 2767 1882 2821 initio
1923 2780 2137 2833 semper
2177 2764 2300 2829 fuit;

708 2871 924 2916 constat
965 2861 1111 2929 quod
1180 2869 1233 2913 et
1279 2858 1484 2926 absque
1531 2858 1686 2911 initio
1729 2871 1944 2925 semper
2017 2869 2077 2910 se
2122 2853 2303 2908 vivere

710 2934 996 3011 intellexit.
1029 2954 1186 3022 Qubd
1219 2955 1263 3008 si
1286 2957 1467 3008 vivere
1504 2968 1563 3008 se
1608 2968 1715 3007 non
1767 2951 2057 3016 intellexit,
2087 2950 2304 3020 sapiens

712 3065 821 3104 non
856 3047 960 3103 fuit
990 3065 1006 3116 ;
1053 3048 1203 3118 quod
1247 3045 1405 3102 nefas
1435 3057 1538 3110 est,
1571 3046 1639 3100 de
1676 3044 1786 3100 Deo
1809 3044 2014 3100 dicere.
2052 3043 2206 3110 Quod
2258 3043 2301 3097 si

712 3138 1006 3207 aliquando
1031 3137 1356 3208 sapientiam
1400 3134 1619 3189 aliunde
1646 3134 1876 3203 accepit,
1908 3146 2014 3202 qua
2043 3133 2193 3200 prius
2215 3144 2306 3184 ca-

2412 1947 2598 2016 νηθεὶς
2627 1947 2897 2018 ὀρθότατα
2936 1946 3064 2007 Υἱὸς
3103 1944 3456 2014 ὀνομάζεται.

2484 2039 2682 2092 ΑΔΕΛ.
2719 2039 2783 2092 El
2818 2039 3116 2107 γεγέννηκε
3148 2036 3238 2089 τὸν
3268 2034 3397 2089 ru.»
3429 2037 3457 2088 ὁ
3499 2032 3654 2097 Θεὸς,
3689 2030 3893 2097 δόξειεν
3924 2030 3989 2082 ἂν

2409 2133 2485 2196 ὡς
2517 2129 2584 2204 ἦν
2615 2150 2769 2199 ποτε,
2811 2131 2900 2184 ὅτε
2935 2132 3035 2184 οὑκ
3079 2125 3225 2200 εἶχεν
3266 2130 3415 2191 Υίὺν,
3459 2128 3553 2182 καὶ
3599 2125 3742 2180 κατὰ
3782 2124 3989 2192 συμϐε-

2411 2224 2580 2294 ϐηκὸς
2612 2223 2772 2277 τοῦτο
2815 2223 2876 2276 τὺ
2925 2222 3098 2292 ὄνομα
3146 2221 3479 2292 κτήσασθαι.
3519 2220 3582 2272 Εἰ
3616 2219 3672 2273 δὲ
3699 2215 3846 2270 τοῦτ’
3877 2216 3990 2284 είη,

2409 2319 2479 2369 τὰ
2533 2316 2794 2388 ἀνωτέρω
2828 2315 3116 2384 δειχθέντα
3161 2314 3579 2385 διαρῤυὴσεται,
3614 2309 3684 2364 δι’
3731 2303 3808 2367 ὧν
3855 2308 3993 2361 ὲδεί-

2410 2425 2594 2474 κνυτο,
2643 2408 2812 2477 μηδὲν
2845 2406 3218 2477 συμϐεϐηκὸς,
3268 2405 3382 2459 ἀλλ’
3415 2405 3536 2459 ὅλον
3570 2400 3827 2465 οὐσιῶδες
3851 2396 3992 2453 εἶναι

2410 2502 2470 2554 τὸ
2502 2503 2561 2554 ὲν
2582 2501 2660 2570 τῷ
2681 2501 2822 2571 Θεῷ.

2483 2592 2607 2648 AIA.
2639 2593 2817 2663 Ἔφθη
2849 2592 3072 2659 διδάξας
3102 2595 3129 2646 ὁ
3159 2592 3318 2660 λόγος
3362 2591 3461 2662 τὴν
3493 2591 3589 2645 τοῦ
3637 2589 3773 2644 Θεοῦ
3803 2590 3990 2642 οὐσίαν

2413 2683 2560 2754 ζωὴν
2587 2683 2809 2737 αίὼνιον
2860 2680 3023 2749 εἶναι,
3067 2683 3324 2753 οὐδαμῶς
3355 2682 3535 2756 ἀρχὴν
3579 2684 3674 2736 καὶ
3725 2683 3876 2746 τέλος
3913 2683 3992 2734 εί-

2410 2778 2590 2830 δυῖαν.
2626 2778 2690 2830 Εἰ
2727 2776 2908 2830 τοίνυν
2953 2779 2985 2846 ἡ
3020 2777 3194 2846 είδικὴ
3238 2778 3335 2830 καὶ
3373 2778 3406 2844 ὴ
3459 2775 3664 2845 ἀληθὴς
3700 2771 3838 2844 αὕτη
3873 2772 3988 2843 ζωὴ

2412 2868 2647 2940 ἄναρχος
2679 2864 2749 2940 ἦν
2774 2870 2885 2936 ἀεὶ,
2925 2869 3085 2938 δῆλον
3115 2869 3190 2931 ὼς
3227 2868 3344 2939 ᾔδει
3373 2867 3575 2938 ἑαυτὴν
3605 2867 3785 2931 ζῶσαν
3823 2868 3991 2935 ἀνάρ-

2413 2977 2546 3028 χως.
2579 2960 2640 3012 El
2676 2960 2787 3029 γὰρ
2830 2959 3031 3027 ἑαυτὴν
3059 2958 3160 3011 οὐκ
3205 2960 3472 3026 ἐγίνωσκε
3520 2953 3642 3026 ζῇν,
3682 2957 3783 3008 οὐκ
3827 2955 3895 3009 ἂν
3922 2950 3993 3023 ἦν

2415 3052 2553 3120 σοφή
2583 3066 2596 3080 ⁸
2629 3050 2657 3102 δ
2694 3050 2825 3120 περὶ
2857 3049 2994 3103 Θεοῦ
3033 3049 3216 3118 λέγειν
3254 3049 3490 3104 ἀνόσιον.
3535 3049 3598 3102 El.
3631 3047 3688 3102 δέ
3729 3064 3862 3101 ποτε
3893 3048 3996 3118 τὴν

2415 3143 2610 3210 σοφίαν
2645 3139 2851 3210 ταύτην
2887 3141 3156 3209 ἑτέρωθεν
3200 3139 3416 3205 ἔλαϐεν,
3467 3134 3535 3212 ἦς
3569 3141 3832 3212 ἐστέρητο
3866 3142 3999 3210 πρό-

711 3227 842 3288 rnit,
889 3237 1016 3278 tunc
1077 3226 1128 3278 id
1179 3239 1207 3278 a
1247 3238 1355 3292 quo
1405 3231 1613 3276 tantum
1666 3222 1864 3275 bonum
1917 3219 2148 3288 accepit,
2193 3217 2302 3274 Deo
2334 3218 2376 3274 C

2300 3244 2302 3263 '
2334 3218 2376 3274 (ἶ
2414 3251 2599 3304 τερον,
2622 3234 2732 3286 τότ’
2763 3233 2830 3287 ἂν
2862 3229 2932 3303 ἦν
2967 3234 3146 3287 ἐκεῖνο
3181 3233 3392 3303 βέλτιον
3431 3235 3525 3288 τοῦ
3570 3235 3729 3300 Θεοῦ,
3764 3235 3898 3305 παρ’
3930 3230 3992 3289 οὗ

713 3314 905 3367 melius
953 3313 1186 3376 exstitit,
1228 3311 1372 3381 quod
1427 3310 1886 3366 absurdissimum
1924 3316 2008 3363 est
2053 3324 2067 3362 :
2110 3308 2206 3364 sed
2260 3323 2304 3379 si

712 3404 1046 3472 sempiterna
1082 3405 1206 3468 ,vita
1241 3415 1461 3470 semper
1507 3414 1568 3454 se
1615 3399 1802 3455 vivere
1854 3397 2148 3464 intellexit,
2188 3398 2307 3454 hmc

713 3495 1093 3564 intelligentia!
1133 3493 1402 3563 sapientia
1457 3507 1564 3546 non
1599 3491 1821 3546 aliunde
1850 3490 1901 3545 ei
1945 3490 2165 3558 accidit,
2211 3490 2306 3546 sed

711 3603 930 3657 semper
981 3587 1031 3642 ei
1055 3585 1442 3642 coessentialis
1494 3584 1621 3652 fuit,
1680 3598 1993 3654 quanquam
2047 3583 2191 3639 hanc
2237 3597 2304 3637 ex

711 3692 798 3740 se,
853 3683 913 3729 ut
960 3674 1165 3744 prolem
1196 3689 1382 3738 suam,
1417 3671 1770 3727 ineﬂ‘abiliter
1814 3671 2086 3743 genuerit.
2137 3671 2306 3742 Igitur

710 3767 877 3824 Pater
902 3783 1185 3838 nunquam
1217 3767 1337 3824 sine
1363 3767 1502 3822 Filio
1532 3768 1767 3823 exstitit.

782 3946 894 4001 Fit.
924 3947 1041 4013 Qua
1069 3947 1434 4004 similitudine
1456 3949 1697 4020 spendor
1722 3960 1945 4005 aeternae
1975 3949 2114 4005 lucis
2134 3948 2303 4005 Filius

712 4047 961 4107 Vocatur,
993 4056 1098 4094 non
1139 4039 1294 4095 tilia?
1459 4109 1469 4118 δ

783 4133 950 4189 MAG.
985 4135 1124 4200 Quia
1175 4147 1274 4203 per
1317 4135 1500 4189 omnia
1547 4134 1850 4193 similitudo
1898 4137 2077 4193 Patris
2122 4138 2176 4192 in
2236 4153 2302 4196 eo

712 4225 1068 4295 exprimitur.
1107 4223 1264 4279 Uude
1291 4235 1347 4280 et
1369 4226 1682 4282 similitudo
1718 4227 1838 4296 ejus
1885 4229 2106 4284 dicitur.
2152 4227 2301 4284 Nihil

714 4317 861 4370 enim
897 4315 952 4369 in
1003 4315 1166 4369 rebus
1192 4314 1398 4370 creatis
1431 4316 1498 4369 ad
1530 4314 1804 4385 integrum
1845 4315 1965 4385 ejus
1986 4316 2303 4372 similitudi-

714 4421 840 4462 nem
902 4417 1110 4473 servat,
1177 4423 1204 4461 a
1247 4423 1357 4476 quo
1394 4408 1671 4462 nascitur.
1722 4408 1917 4479 Capilli
1978 4424 2214 4478 namque
2267 4424 2298 4464 a

710 4503 891 4569 capite
949 4507 1061 4554 nati
1105 4511 1256 4566 sunt,
1317 4500 1485 4569 capiti
1524 4500 1861 4567 dissimiles;
1906 4517 2067 4571 poma
2100 4505 2166 4556 ab
2201 4518 2294 4556 ar-

714 4578 941 4650 boribus
972 4602 1098 4647 nata
1126 4602 1273 4660 sunt,
1317 4592 1424 4646 illis
1459 4592 1743 4648 dissimilia
1778 4608 1793 4658 ;
1841 4593 1963 4646 lana
2021 4593 2303 4648 dissimilis

710 4685 1141 4766 ovibustfetus
1220 4685 1585 4752 animalium;
1649 4685 1735 4740 vel
1792 4685 1893 4755 ipsi
1953 4685 2052 4740 lilii
2122 4689 2305 4741 nemi-

713 4792 864 4843 uuni,
916 4795 1019 4832 non
1073 4793 1168 4848 per
1196 4779 1376 4834 omnia
1427 4779 1632 4833 similes
1679 4777 1940 4847 qualitate
1972 4780 2302 4844 genitorum.

713 4868 813 4924 llic
873 4883 1054 4924 autem
1130 4885 1230 4940 per
1283 4871 1465 4925 omnia
1519 4871 1760 4940 gignenti
1817 4881 1904 4925 est
1973 4871 2304 4937 simillimus,

710 4973 766 5017 ct
820 4965 940 5016 ideo
998 4962 1283 5018 verissime
1361 4976 1469 5016 non
1551 4961 1680 5027 ﬁlia,
1761 4960 1855 5016 sed
1909 4959 2077 5016 Filius
2147 4978 2310 5017 voca-

711 5066 820 5110 tur.

785 5241 895 5295 Flt.
937 5239 1053 5306 Qua
1112 5253 1292 5295 autcm
1351 5243 1666 5298 habitudine
1713 5242 1883 5299 Filius
1949 5245 2185 5303 Verbum
2215 5266 2302 5304 vu-

709 5346 870 5387 Eatur
906 5333 928 5384 ’ί

787 5429 952 5482 MAG.
976 5428 1346 5498 Multipliciter
1376 5430 1581 5502 [Latini
1611 5432 1920 5506 tripliciter]
1947 5431 2178 5488 Verbum
2224 5435 2305 5488 in-

711 5523 1022 5593 telligitur;
1099 5526 1250 5580 verbi
1310 5529 1508 5595 gratia,
1561 5541 1684 5582 cum
1745 5529 1845 5584 hoc
1895 5529 2117 5585 verbum
2206 5532 2303 5585 ho-

714 5627 803 5667 mo
857 5618 1059 5684 profert
1113 5633 1255 5682 ore;
1316 5629 1410 5673 aut
1473 5633 1595 5674 cum
1652 5619 1790 5676 idem
1855 5619 2076 5677 verbum
2142 5623 2306 5680 homo

786 5801 864 5867 μ)
901 5799 1039 5854 Male
1078 5799 1169 5854 alii
1204 5797 1429 5871 prolem.

2409 3327 2469 3379 τὸ
2515 3326 2775 3379 τοσοῦτον
2824 3326 3052 3395 εἴληφεν
3103 3325 3336 3395 ἀγαθὸν,
3369 3328 3398 3381 ὃ
3453 3327 3697 3398 νομίζειν
3761 3327 3994 3397 ἀνόητον

2410 3418 2630 3489 κομιδῆ.
2686 3419 2751 3473 Et
2783 3417 2957 3482 ἀΐδιος
3005 3419 3193 3473 τοίνυν
3222 3419 3360 3490 ζωὴ,
3411 3421 3500 3475 ἀεὶ
3558 3422 3762 3491 ἑαυτὴν
3806 3420 3994 3485 ζῶσαν

2409 3511 2571 3572 ἐνόει,
2596 3510 2691 3563 καὶ
2725 3508 2870 3579 αὕτη
2902 3510 3004 3580 τῆς
3029 3511 3271 3581 νοήσεως
3314 3512 3349 3580 ὴ
3401 3513 3564 3581 σοφία
3600 3514 3696 3583 οὐχ
3727 3513 3997 3581 ἑτέρωθεν

2410 3602 2604 3672 ἐκείνῳ
2639 3602 3012 3672 συμϐέϐηκεν,
3065 3602 3184 3655 ἀλλ’
3238 3602 3427 3668 ἀϊδίως
3476 3605 3654 3674 τούτῳ
3703 3605 3910 3675 συνῆν·
3944 3605 3996 3658 ει

2408 3694 2506 3748 καὶ
2538 3693 2748 3764 ταύτην
2777 3693 2852 3756 ὡς
2882 3692 3083 3747 ἑαυτοῦ
3109 3693 3384 3765 γέννημα,
3418 3694 3477 3762 ἐξ
3515 3693 3712 3750 ἑαυτοῦ
3740 3697 3999 3768 ἀρρήτως

2408 3789 2727 3858 ἐγέννησεν.
2763 3787 2824 3841 ’0
2853 3787 3044 3860 Πατὴρ
3068 3788 3254 3843 τοίνυν
3283 3788 3543 3844 οὐδέποτε
3573 3783 3642 3861 ἦν
3668 3789 3800 3844 ἄνευ
3835 3788 3994 3856 Υίοῦ,

2406 3881 2439 3952 ἢ
2474 3880 2743 3950 ὑπῆρξεν.

2477 3971 2678 4024 ΔΔΕΛ.
2717 3968 2840 4024 Τίνι
2865 3969 3180 4040 ὁμοιώματι
3209 3970 3271 4023 τὸ
3298 3968 3394 4022 τοῦ
3423 3968 3596 4022 ἀϊδίου
3618 3968 3796 4038 φωτδς
3817 3968 3998 4023 ἀπαὺ-

2405 4078 2599 4131 γασμα
2641 4061 2792 4125 Υἱὸς,
2823 4061 2939 4114 ἀλλ’
2967 4061 3028 4113 οὐ
3058 4060 3312 4132 θυγάτηρ
3343 4060 3630 4126 καλεῖται;

2476 4153 2603 4206 ΔΙΔ.
2640 4149 2765 4206 Ὀτι
2808 4153 2899 4206 διὰ
2944 4152 3166 4206 πάντων
3218 4154 3277 4206 ἑν
3320 4152 3499 4223 τούτῳ
3544 4154 3576 4222 ἡ
3625 4152 3722 4206 τοῦ
3781 4151 3998 4222 Harpe;

2403 4243 2659 4314 ὁμοιότης
2687 4244 3012 4314 ἑκφαίνεται
3049 4257 3065 4274 ⁸
3095 4243 3222 4297 ὅθεν
3252 4244 3349 4297 καὶ
3386 4243 3648 4314 ὁμοιότης
3693 4244 3862 4299 αὐτοῦ
3901 4246 3993 4297 λέ-

2405 4351 2591 4400 γεται.
2627 4334 2717 4386 Ἐν
2766 4333 2825 4386 δὲ
2861 4335 2978 4397 τοῖς
3029 4335 3274 4396 κτιστοῖς
3324 4335 3652 4404 πράγμασιν
3691 4337 3847 4389 οὐδὲν
3895 4337 3996 4406 τὴν

2404 4426 2583 4496 ἄκραν
2618 4425 2917 4495 ὁμοιότητα
2957 4425 3095 4495 πρὸς
3128 4427 3190 4478 τὸ
3215 4429 3500 4496 γεννῆσαν
3549 4429 3731 4498 τηρεῖ.
3783 4428 3850 4478 At
3884 4429 3994 4500 γὰρ

2405 4518 2596 4588 τρίχες
2651 4516 2805 4587 παρὰ
2855 4515 2956 4586 τῆς
2997 4516 3242 4588 κεφαλῆς
3292 4517 3686 4588 ἐγεννήθησαν,
3737 4521 3994 4588 ἀνόμοιαι

2409 4605 2568 4663 οὖσαι
2599 4611 2665 4679 τῇ
2696 4608 2908 4678 κεφαλῇ
2933 4625 2956 4641 ο
2978 4611 3090 4671 τοῖς
3129 4608 3410 4675 δένδρεσιν
3440 4611 3490 4662 οί
3535 4613 3763 4680 καρποί,
3813 4613 3996 4665 καίτοι

2414 4701 2546 4771 παρ’
2577 4701 2760 4755 αὐτῶν
2798 4701 3192 4771 γεννηθέντεςτ
3246 4704 3317 4756 τὰ
3353 4703 3500 4775 ἔρια,
3538 4705 3692 4775 παρὰ
3720 4705 3829 4758 τῶν
3859 4723 3999 4778 προ-

2413 4792 2618 4854 ϐάτων,
2660 4792 2869 4854 τούτοις
2910 4792 3143 4863 ἀνόμοια
3193 4793 3260 4846 τὰ
3297 4793 3406 4848 τῶν
3459 4795 3614 4859 ζώων
3657 4799 3829 4868 νήπια
3857 4813 3872 4828 ⁸
3904 4802 4002 4853 καὶ

2414 4884 2570 4936 αὐτοὶ
2604 4883 2714 4936 τῶν
2764 4884 3024 4953 πατέρων
3063 4885 3112 4937 οί
3162 4886 3269 4937 υίοὶ
3328 4885 3390 4938 οὐ
3433 4885 3525 4939 διὰ
3573 4888 3792 4942 πάντων
3821 4889 4002 4960 ὅμοιοι
4059 4886 4064 4892 ⁴

2411 4979 2479 5046 τῇ
2501 4976 2609 5028 τῶν
2635 4977 2840 5044 γονέων
2866 4977 3138 5047 ποιότητι.
3172 4974 3343 5040 Οὗτος
3369 4978 3426 5031 δὲ
3455 4978 3544 5032 διὰ
3575 4984 3795 5034 πάντων
3816 4983 4004 5052 ὅμοιός

2412 5071 2530 5121 ἐστι
2549 5068 2628 5139 τῷ
2659 5070 3010 5138 γεννήσαντι,
3033 5073 3128 5124 καὶ
3155 5069 3244 5122 διὰ
3260 5068 3412 5123 τοῦτ’
3432 5071 3822 5142 ἀληθεστάτους
3849 5074 3999 5142 Υίδς,

2412 5163 2527 5215 ἀλλ’
2558 5163 2619 5216 οὗ
2658 5163 2934 5233 θυγάτηρ,
2961 5164 3234 5218 καλεῖται.

2487 5255 2688 5308 ΑΔΕΛ.
2731 5255 2850 5307 Τίνι
2882 5255 2926 5306 δ’
2957 5256 3224 5326 ἀναλογίᾳ
3269 5258 3298 5308 ὁ
3347 5257 3475 5322 Υἱὸς
3513 5254 3668 5324 οὗτος
3694 5263 3865 5329 Λόγος
3896 5281 3999 5316 καθ

2411 5349 2586 5401 λείται
2610 5363 2626 5412 ;

2482 5442 2610 5492 AIA.
2649 5440 2940 5511 Πολλαχῶς
2999 5445 3028 5494 ὁ
3083 5445 3258 5513 Λόγος
3309 5449 3548 5500 νοεῖται*
3601 5449 3762 5517 λόγου
3813 5450 3994 5520 χάριν,

2414 5535 2541 5586 οταν
2581 5536 2608 5586 ὁ
2641 5534 2928 5603 ἀνθρωπο,
2955 5537 3050 5590 τὸν
3081 5538 3241 5606 λόγον
3271 5539 3459 5594 τοῦτον
3497 5544 3750 5615 προφέρῃ
3777 5544 3860 5614 τῷ
3878 5546 3988 5600 στόι

2421 5644 2574 5696 pot-rt,
2610 5628 2800 5698 ἢὸταν
2850 5629 2938 5681 τὸν
2974 5631 3142 5687 αὑτὸν
3189 5633 3348 5702 λόγον
3373 5637 3406 5689 ὁ
3437 5632 3725 5706 ἄνθρωπος
3765 5638 3915 5693 ινέον
3940 5639 4000 5692 ιν
