4286 6466
265 473 338 533 37
1512 468 1607 527 DE
1662 466 1841 526 FIDE
1877 466 2102 524 OliTIIf
2124 465 2368 524 lDiftXA.
3475 460 3543 521 3‘3

262 592 339 658 τῇ
376 587 580 642 ἑαυτοῦ
620 587 813 658 καρδία
846 587 976 641 ἄνευ
1023 589 1157 656 lucu
1200 587 1442 653 γλώττης
1501 582 1789 642 ἁνατυποί,
1818 580 1853 648 ἢ
1884 586 1928 639 Α

1851 586 1928 647 ,Α
1958 581 2160 645 absque
2216 589 2362 631 motu
2420 578 2636 645 lingua),
2694 576 2746 627 in
2794 572 2961 634 corde
3002 588 3100 629 suo
3158 574 3400 637 format;
3452 591 3543 631 aut

264 682 402 733 ὅταν
446 680 582 732 αὐτὸ
610 682 669 731 τὸ
704 681 808 731 ὑπῦ
838 679 933 731 τοῦ
986 681 1146 746 λόγου
1185 679 1591 746 σημαινόμενον
1627 674 1860 741 πρᾶγμα

1848 689 1860 721 ι
1963 684 2085 722 cum
2172 684 2257 723 res
2337 670 2449 738 ipsa
2526 683 2689 737 quam
2758 667 3031 733 significat
3089 666 3213 718 illud
3295 667 3540 729 verbum,

267 765 388 825 οἷόν
424 776 545 825 ἐστι
577 771 791 840 νοῆται.
848 771 1054 824 Τοῦτον
1088 771 1180 824 τὸν
1211 769 1395 839 τρίτον
1441 768 1643 837 τρόπον
1673 766 1700 815 ὁ
1730 764 1860 824 Θεὸς

1848 782 1860 824 ;
1965 762 2143 830 qualis
2190 762 2286 826 sil,
2344 760 2623 815 intellectu
2679 760 2972 829 cogitatur.
3031 756 3140 810 lloc
3209 758 3375 811 tertio
3424 775 3540 810 rno-

269 865 364 917 τὸν
394 863 596 917 ἑαυτοῦ
643 864 944 931 γεγέννηκε
975 864 1171 930 Λόγον,
1204 862 1263 914 ὃν
1293 860 1483 912 ἑαυτὸν
1513 857 1862 924 λογιζόμενος

1851 873 1862 917 ;
1965 854 2032 905 do
2083 852 2223 904 Deus
2266 850 2503 905 Verbum
2564 866 2719 905 suum
2770 852 2975 917 genuit,
3030 864 3149 902 cum
3188 849 3543 915 seipsnrnco-

267 953 449 1010 εἶπεν.
497 958 651 1009 Ἐπεὶ
676 958 769 1009 καὶ
797 957 855 1009 τὸ
884 956 1006 1008 ὅλον
1038 952 1175 1015 εἶδος
1208 952 1303 1005 τοῦ
1332 953 1537 1021 κόσμου
1567 951 1755 1002 τούτου
1787 947 1862 1017 τῷ

1849 948 1862 999 'i
1964 944 2183 1011 gitando
2239 942 2396 995 dixit.
2460 941 2526 995 Et
2554 942 2681 1010 quia
2738 950 2904 993 totam
2962 941 3145 992 mundi
3203 939 3541 991 formamen-

268 1049 426 1119 αὖτῷ
469 1047 723 1117 λογισμῷ
756 1048 1056 1115 πεποίηκε,
1092 1047 1313 1113 λέγεται
1350 1045 1527 1097 πάντα
1558 1042 1633 1110 τῷ
1664 1040 1862 1093 ἑαυτοῦ

1856 1041 1862 1090 i
1964 1033 2086 1087 dem
2138 1034 2466 1103 cogitatione
2515 1032 2740 1097 creavit,
2790 1033 2910 1086 ideo
2979 1034 3197 1092 dicitur,
3251 1031 3390 1100 quod
3435 1046 3548 1082 om-

269 1142 432 1208 Λόγῳ
464 1141 894 1209 δημιουργῆσαι.
926 1139 1088 1191 Ὂοεν
1118 1141 1212 1190 καὶ
1246 1137 1373 1207 περὶ
1401 1137 1499 1205 τῆς
1534 1134 1628 1187 τοῦ
1657 1136 1862 1198 κόσμου

1856 1153 1862 1180 μ
1966 1126 2052 1178 nia
2105 1127 2159 1178 in
2212 1124 2393 1180 Verbo
2467 1140 2568 1179 suo
2609 1124 2818 1180 fecerit.
2854 1123 3006 1178 Unde
3045 1134 3099 1176 et
3157 1123 3223 1175 de
3272 1122 3548 1175 creatione

270 1235 553 1301 ποιήσεως
584 1234 829 1300 λέγεται,
876 1252 893 1282 ι
932 1233 1103 1293 Αὐτὸς
1137 1225 1280 1293 εἶπε,
1308 1230 1403 1284 καὶ
1433 1229 1857 1297 ἐγεννήθησαν.»

1848 1247 1857 1277 ν
1968 1220 2150 1270 mundi
2206 1219 2449 1286 legitur:
2496 1218 2643 1285 «Ipse
2717 1218 2877 1280 dixit,
2928 1229 2983 1270 ct
3062 1216 3199 1268 fat-ta
3271 1225 3396 1267 sunt
3422 1215 3462 1265 ⁵.
3524 1231 3540 1263 ι

269 1326 447 1381 Οὐδὲν
480 1327 589 1392 γὰρ
616 1326 808 1394 ἕτερόν
832 1327 983 1377 ἐστιν
1021 1330 1047 1377 ὸ
1080 1325 1227 1387 Υἱὸς,
1257 1318 1289 1391 ἢ
1316 1327 1343 1375 ό
1375 1324 1545 1390 Λόγος
1575 1321 1669 1373 τοῦ
1699 1321 1863 1385 Θεοῦ,

1853 1361 1863 1385 ,
1967 1308 2107 1363 Nihil
2170 1311 2313 1363 enim
2386 1312 2529 1365 aliud
2594 1320 2675 1364 est
2729 1308 2919 1374 Filius,
2992 1311 3073 1362 vel
3149 1308 3379 1363 Verbum
3431 1308 3545 1369 Dei,

268 1421 321 1470 εί
370 1420 445 1487 μὴ
479 1421 507 1470 6
540 1419 831 1485 λογισμὸς,
880 1419 910 1486 ἢ
960 1420 993 1487 ἡ
1046 1421 1234 1487 τέχνη,
1288 1418 1318 1485 ἢ
1378 1419 1407 1487 ὴ
1464 1417 1624 1482 σοφία
1674 1416 1859 1467 αὐτοῦ.

1856 1455 1859 1466 ,
1965 1419 2125 1470 quam
2194 1404 2468 1473 cogitatio,
2502 1404 2581 1458 vel
2619 1420 2729 1469 ars,
2790 1403 2870 1456 vc!
2905 1404 3168 1471 sapientia
3219 1403 3357 1470 ejus.
3391 1398 3548 1451 Nem-

283 1514 507 1581 ’Λμὲλει
540 1512 635 1561 καὶ
680 1513 869 1579 ἡμεῖς,
910 1512 1040 1563 ὃταν
1085 1510 1213 1579 περί
1249 1527 1396 1571 τινος
1429 1507 1862 1574 διαλογιζώςιεῡα
1966 1510 1975 1561 1

1854 1525 1862 1558 ι
1966 1510 2031 1561 pe
2087 1511 2209 1546 eum
2272 1511 2371 1549 nos
2422 1497 2656 1564 aliquam
2727 1510 2840 1548 rem
2888 1494 3218 1561 cogitamus,
3272 1492 3440 1558 ipsius
3475 1492 3546 1541 rei

266 1608 326 1657 ἑν
366 1606 477 1662 τοῖ,
518 1604 831 1669 λογισμοῖς,
889 1602 1102 1654 ἐκείνου
1157 1600 1252 1652 τοῦ
1302 1602 1626 1670 πράγματος
1680 1602 1863 1651 εἰκόνα

1858 1640 1863 1649 ,
1967 1587 2256 1655 imaginem
2308 1592 2360 1641 in
2421 1589 2746 1663 cogitatione
2812 1596 2997 1641 nostra
3074 1587 3385 1635 formamus.
3462 1582 3550 1633 Sic

268 1695 328 1743 ὲν
362 1696 437 1761 τῷ
473 1694 732 1761 ἡμετέρῳ
754 1692 1037 1761 τυποῦμεν
1059 1692 1323 1760 λογισμῷ,
1358 1692 1516 1743 Οὕτω
1542 1692 1635 1745 καὶ
1660 1692 1684 1741 6
1710 1692 1860 1757 Θεὸς,

1852 1733 1860 1755 ,
1968 1677 2292 1741 Deus,cum
2357 1680 2597 1748 seipsum
2680 1678 2956 1746 cogitavit,
3011 1676 3236 1729 similem
3304 1674 3386 1725 sui
3458 1687 3544 1739 per

265 1790 403 1840 ὅταν
439 1791 639 1841 ἑαυτὸν
695 1790 1008 1855 λογίζηται,
1060 1790 1256 1857 ὁμοίαν
1285 1788 1462 1855 ἑαυτῷ
1508 1788 1649 1839 κατὰ
1686 1787 1862 1839 πάντα

1854 1806 1862 1837 ι
1966 1775 2148 1825 omnia
2221 1774 2505 1841 imaginem
2585 1772 2856 1825 formavit.
2924 1770 3046 1823 Ideo
3114 1770 3213 1820 hoc
3292 1766 3546 1827 Veritum,

268 1883 460 1934 εἰκόνα
501 1883 775 1940 ἐτύπωσε,
822 1886 915 1934 καὶ
954 1879 1105 1942 οὗτος
1137 1883 1166 1933 6
1214 1884 1384 1948 Λόγος
1432 1880 1592 1952 [ἐκεῖ]
1637 1880 1860 1949 εἰκὼνῆ
1899 1923 1936 1952 η

1855 1867 2163 1952 lnimagn,
2230 1867 2312 1919 vel
2393 1866 2689 1919 similitudo
2762 1864 2856 1917 Dei
2916 1866 3168 1929 dit-itur;
3244 1866 3338 1917 sed
3416 1865 3547 1917 nihil

268 1923 460 1934 -..η-μ
501 1923 775 1940 -.-....,.-,
824 1923 915 1934 η...
957 1923 1103 1942 νυν..
1139 1923 1165 1933 ..
1214 1923 1381 1948 μην,
1432 1923 1592 1952 μην.)
1637 1923 1796 1933 ...ηνη
1834 1923 1860 1949 Ἰ

264 1977 533 2042 ὁμοιότης
576 1975 798 2041 λέγεται
831 1976 925 2025 τοῦ
958 1974 1095 2027 Θεοῦ
1119 1992 1131 2003 '
1170 1975 1286 2026 ἀλλ’
1315 1975 1467 2027 οὐδὲν
1492 1975 1680 2041 ἓτερον
1718 1976 1862 2025 ἐκεῖ·
1898 1923 1938 1979 Β

1854 1923 1860 1949 ,
2078 1923 2106 1935 υ
2151 1923 2162 1927 -
3156 1923 3165 1929 ,

1854 2002 1862 2011 .
1898 1923 1938 1979 Β
1967 1962 2111 2015 aliud
2142 2001 2156 2023 ,
2216 1962 2316 2015 nisi
2370 1961 2557 2015 eadem
2589 1962 2853 2025 essentia,
2916 1960 3259 2026 expritnilttr.
3320 1959 3471 2014 Unde
3499 1972 3546 2011 ιιι

267 2065 365 2117 θεν
402 2062 752 2135 ἐκφαίνεται,
798 2070 843 2117 εἰ
874 2069 948 2133 μὴ
999 2068 1032 2135 ἡ
1081 2066 1222 2135 αὑτὴ
1278 2068 1464 2135 ἐκείνη
1507 2065 1665 2119 οὐσία
1698 2082 1711 2094 ·
1743 2064 1866 2117 ὅθεν

1591 2065 1665 2119 ςία
1698 2082 1711 2094 -
1743 2064 1866 2117 ὅθεν
1969 2052 2071 2107 hoc
2121 2054 2344 2107 verbnrn
2400 2054 2620 2117 dicitur,
2674 2054 2825 2120 quasi
2886 2067 3009 2105 vere
3066 2054 3283 2105 bonum.

266 2157 368 2208 καὶ
403 2156 588 2222 λόγος,
624 2156 827 2209 ὡσανεὶ
855 2156 1070 2224 ἁληΟῶς
1102 2157 1332 2224 ἀγαθόν.

340 2251 545 2304 ΑΔιίΛ.
598 2250 757 2303 Ἐπεὶ
804 2250 1048 2319 ἀριδήλῳ
1103 2251 1198 2302 ναὶ
1237 2249 1673 2318 ἀκαταγωνίστῳ
1718 2249 1865 2319 λόγῳ

1854 2267 1865 2308 t
2038 2255 2147 2310 FR.
2197 2255 2334 2310 Cum
2397 2255 2619 2311 evidens
2691 2254 2826 2310 ratio
2898 2253 3039 2307 idem
3116 2250 3350 2307 Verbum
3425 2270 3546 2307 cum

266 2344 405 2411 μίαν
442 2344 535 2394 καὶ
575 2343 886 2410 ἀδιαίρετον
931 2343 1123 2395 οὐσίαν
1169 2338 1308 2395 εἶναι
1341 2342 1435 2395 τοῦ
1468 2342 1643 2410 Λόγου
1671 2342 1862 2397 τούτου
1908 2328 1912 2375 Ῐ

1854 2328 1912 2423 ’,Τ
1964 2347 2147 2413 Patre,
2206 2358 2257 2403 et
2318 2348 2523 2419 Spiritu
2583 2346 2811 2411 Sancto.
2850 2360 3009 2400 unlm
3082 2358 3136 2400 et
3220 2346 3546 2403 individuam

268 2438 415 2503 μετὰ
446 2436 543 2487 τοῦ
577 2437 792 2504 [Ιατρὸς
825 2438 919 2487 καὶ
946 2436 1040 2487 τοῦ
1070 2435 1393 2504 Πνεῦματος
1417 2435 1714 2499 δέδεικται,
1744 2428 1863 2498 πῶς

1854 2452 1863 2496 ξ
1964 2440 2327 2497 substantiam
2416 2439 2914 2510 inexpugnabiliter
2991 2440 3337 2507 probaverit;
3413 2457 3546 2510 quo-

267 2530 334 2580 ἂν
373 2530 459 2597 εἴη
490 2528 742 2589 δυνατὸν,
766 2529 931 2596 μόνον
959 2528 1049 2579 τὸν
1076 2527 1203 2579 Υίὸν
1224 2526 1581 2597 σαρκωοῆναι
1611 2544 1625 2591 ;
1660 2526 1720 2577 Εί
1754 2525 1863 2596 γὰρ

1968 2535 2130 2589 modo
2182 2534 2355 2589 solum
2424 2535 2698 2589 inearnari
2728 2535 2919 2602 potuit
2968 2531 2991 2586 τ
3044 2532 3099 2587 Si
3160 2535 3301 2588 enim
3370 2548 3398 2587 a
3440 2534 3582 2588 Pa-.

267 2626 369 2691 τῆς
399 2622 501 2681 τοῦ
534 2624 745 2692 Πατρός
793 2623 985 2683 οὐσίας
1034 2621 1352 2690 χωρισθεὶς,
1399 2621 1545 2681 ίδίως
1586 2620 1863 2687 σεσάρκω-

1854 2647 1863 2656 ·
1966 2632 2065 2684 tris
2115 2642 2168 2684 et
2239 2632 2471 2700 Spiritus
2550 2631 2723 2683 sancti
2791 2630 3021 2684 essentia
3073 2639 3155 2682 est
3214 2640 3546 2698 separatum,

267 2731 399 2766 ται·
451 2714 635 2782 δῆλον,
682 2713 757 2775 ὡς
805 2716 837 2782 ή
874 2713 969 2766 τοῦ
1022 2714 1257 2782 Πατρός,
1308 2712 1531 2766 καὶτοῦ
1576 2712 1723 2773 Υἱοῦ,
1767 2711 1863 2761 καὶ

1854 2727 1863 2761 ι
1964 2736 2017 2777 et
2055 2726 2130 2776 sic
2173 2724 2522 2791 singulariter
2567 2724 2982 2776 inhurnanatutn
3018 2722 3094 2791 (5)
3140 2740 3153 2775 :
3189 2732 3401 2776 constat
3430 2739 3546 2791 pru-

268 2806 369 2857 106
403 2806 567 2871 ἁγίου
603 2806 927 2874 Πνεῦματος
958 2805 1144 2871 οὐσία,
1182 2804 1284 2857 οὐκ
1332 2805 1482 2857 ἐστιν
1529 2803 1860 2872 ἀδιαίρετος,

1855 2841 1860 2862 ν
1964 2818 2128 2882 lecto,
2164 2820 2303 2887 quod
2353 2816 2551 2881 Patris,
2614 2828 2668 2871 et
2728 2816 2870 2879 Filii,
2952 2827 3004 2869 et
3071 2816 3309 2885 Spiritus
3378 2818 3547 2868 Sancti

269 2897 446 2962 πὰῧυς
485 2901 774 2951 ὑποστᾱσα
813 2898 1117 2969 χωρισμοῦ.

1963 2910 2288 2972 substantia,
2351 2926 2453 2961 tum
2506 2919 2590 2963 est
2647 2908 2949 2972 individua,
3013 2923 3133 2976 quae
3200 2908 3378 2977 potuit
3441 2910 3548 2977 pati

1963 3004 2319 3072 separationis
2372 3003 2710 3063 discrimina,

346 3083 476 3132 ΔΙΔ.
512 3081 733 3146 Ὠσπερ
762 3080 931 3138 ἁῖδιος
957 3079 1190 3147 δύναμις
1247 3079 1342 3131 καὶ
1385 3078 1611 3145 θειότης·
1636 3077 1724 3130 διὰ
1753 3077 1861 3128 τῶν
2035 3100 2038 3149 λ

1855 3097 1861 3122 ’
2035 3095 2199 3151 MAG.
2242 3096 2387 3148 Sicut
2440 3096 2763 3160 sempiterna
2806 3096 2981 3147 virtus
3025 3095 3321 3149 divinitatis
3369 3110 3460 3163 per
3488 3111 3547 3148 ea

273 3178 597 3243 γενομένων
630 3174 973 3240 καθορᾶταιο
1015 3170 1159 3224 οὕτω
1206 3170 1433 3224 δυνατὸν
1470 3170 1725 3240 νοηθῆναι
1768 3170 1860 3220 καὶ
1964 3224 1965 3229 η

1858 3208 1860 3217 ν
1964 3207 2082 3259 qua:
2140 3189 2283 3243 facta
2328 3190 2761 3256 conspiciuntur,
2827 3200 3001 3258 potest
3046 3188 3265 3259 intelligi
3300 3205 3317 3243 :
3349 3190 3427 3243 sic
3454 3191 3550 3242 huc

270 3267 335 3319 τὺ
383 3266 526 3335 βαθὺ
560 3266 721 3317 τοῦτο
776 3267 871 3317 καί
917 3264 1404 3333 συνεσκιασμένον,
1446 3264 1534 3317 διὰ
1577 3263 1687 3315 τῶν
1733 3261 1864 3329 παρ’
1893 3273 1935 3330 ε

1856 3261 1935 3330 Ὠ
1971 3280 2293 3349 profunduur
2353 3280 2663 3348 mysterium
2718 3289 2772 3332 et
2820 3280 3117 3343 occultum,
3179 3294 3274 3346 per
3335 3296 3397 3333 ea
3430 3296 3548 3347 qua:

273 3363 410 3429 ἡμῖν
442 3360 774 3427 γινομένων,
806 3365 902 3410 καὶ
935 3360 1025 3411 διὰ
1066 3358 1163 3411 τοῦ
1207 3359 1370 3426 λόγου
1406 3354 1861 3425 διερευνωμένου,

1859 3399 1861 3413 ι
1970 3376 2019 3427 in
2099 3374 2253 3427 nobis
2298 3383 2579 3441 geruntur,
2648 3374 2855 3426 ratione
2904 3382 3285 3440 perscrutante
3349 3375 3551 3440 ροιιτίι

271 3456 509 3506 δυνατὸν
556 3455 651 3505 καὶ
682 3451 844 3503 τοῦτο
881 3450 1280 3519 κατοραθῆναι.
1315 3450 1485 3516 Δῆλον
1515 3448 1623 3517 γὰρ
1654 3448 1745 3499 τὸν
1775 3449 1866 3500 ἀν-

1860 3478 1866 3487 ·
1966 3467 2182 3533 inspici.
2243 3463 2437 3517 Notum
2501 3474 2583 3517 est
2640 3465 2804 3526 enim,
2868 3465 3014 3533 quod
3090 3464 3323 3517 humana
3404 3480 3552 3515 meris

272 3547 557 3615 θρὼπινον
616 3546 743 3597 νοῦν
800 3545 1157 3614 λογιζόμενον
1211 3543 1306 3610 ἀφ’
1345 3542 1545 3594 ἑαυτοῦ
1602 3541 1865 3608 γεννῆσαι

1861 3578 1865 3589 ’
1968 3564 2189 3611 verbum
2266 3559 2571 3610 communis
2647 3557 2935 3610 locutionis
3009 3570 3071 3609 ex
3139 3571 3197 3609 se
3264 3558 3553 3620 cogitando

272 3642 473 3693 τοῦτον
505 3639 571 3706 δὴ
603 3638 697 3690 τὸν
726 3638 827 3706 τῆς
854 3636 1043 3705 κοινῆς
1068 3636 1357 3690 διαλέκτου
1394 3637 1553 3701 λόγον
1572 3651 1586 3665 ⁸
1623 3635 1715 3687 καὶ
1742 3632 1867 3685 τοῦ-

1858 3661 1867 3672 ·
1966 3651 2135 3718 gignit
2170 3666 2183 3702 :
2230 3657 2283 3702 et
2322 3648 2458 3701 idem
2492 3647 2711 3700 verbum
2748 3647 2799 3699 in
2831 3656 3031 3710 mente,
3073 3658 3127 3701 et
3170 3647 3220 3700 in
3270 3650 3550 3708 nrernoria,

270 3746 369 3785 τον
395 3732 493 3784 τὸν
529 3730 691 3797 λόγον
735 3731 796 3781 ὲν
826 3729 906 3798 τῷ
958 3729 1033 3797 νῷ
1067 3730 1166 3781 καὶ
1200 3730 1264 3797 τῇ
1302 3730 1516 3797 μνήμῃ,
1559 3725 1697 3795 ὁμοῦ
1735 3725 1866 3796 μίαν

1856 3743 1866 3773 '
1965 3740 2121 3794 simul
2187 3755 2288 3792 una
2376 3739 2612 3793 essentia
2666 3737 2899 3791 exsistit.
2982 3737 3118 3790 Cum
3206 3753 3334 3791 vero
3397 3754 3548 3791 mens

272 3820 420 3877 εἶναι
458 3822 675 3874 οὐσίαν.
721 3821 895 3872 Ὅταν
928 3819 987 3871 δὲ
1020 3818 1111 3871 τὸν
1155 3818 1323 3872 αὑτοῦ
1363 3817 1521 3886 λόγον
1560 3818 1655 3871 καὶ
1684 3817 1866 3879 ἄλλοις

1862 3836 1866 3875 ῖ
1968 3834 2191 3886 verbum
2238 3847 2393 3884 suurn
2442 3830 2562 3884 aliis
2630 3831 2966 3884 innotescere
3046 3832 3215 3899 ('ttpil,
3282 3847 3405 3883 cum
3463 3846 3554 3885 ea.

274 3913 607 3983 ἐπιθυμήσῃ
657 3911 890 3979 ποιῆσαι
924 3910 1229 3979 γνώριμον,
1260 3912 1539 3975 οἰκονομεῖ
1586 3909 1723 3977 μετὰ
1769 3907 1867 3960 τοῦ

1858 3910 1867 3958 ⁵
1968 3928 2087 3979 dem
2121 3926 2470 3991 cogitatione,
2524 3939 2642 3992 qua:
2693 3922 2825 3976 nihil
2884 3923 3027 3976 aliud
3078 3935 3163 3976 est
3209 3938 3370 3991 qtram
3424 3939 3550 3977 ver-

1893 3273 1935 3330 Ω

276 4005 415 4057 ίδίου
468 4002 764 4072 λογισμοῦ,
812 4002 871 4067 ὃς
912 4002 1082 4055 οὐδὲν
1114 4002 1321 4071 κιτερόν
1366 4003 1539 4066 ἔστιν,
1571 4002 1605 4071 ἢ
1650 4004 1677 4055 ό
1708 4001 1869 4069 λόγος

1855 4020 1869 4065 ῖ
1971 4009 2093 4061 bum
2147 4023 2301 4060 suum
2332 4018 2387 4061 et
2438 4023 2559 4061 cum
2598 4007 2856 4059 memoria
2907 4007 3143 4075 disponit
3175 4026 3192 4071 ;
3224 4008 3368 4074 quod
3410 4010 3547 4061 idcrtr

270 4097 453 4149 αὑτοῦ
506 4098 604 4150 καὶ
663 4097 807 4164 μετὰ
856 4094 965 4163 τῆς
1006 4095 1232 4164 μνήμης
1266 4096 1437 4147 αὐτὸν
1494 4095 1654 4161 λόγον
1708 4094 1868 4161 σῶμα

1859 4112 1868 4144 ι
1970 4104 2191 4157 verbum
2245 4114 2441 4166 corpus
2499 4100 2651 4152 voeis
2708 4100 2903 4162 induit,
2967 4110 3021 4152 et
3064 4102 3286 4153 auribus
3341 4101 3551 4154 auditi-

273 4190 469 4258 φωνῆς
496 4188 853 4247 ιιῶύσασθαι,
882 4188 982 4241 καὶ
1008 4190 1125 4251 τοῖς
1146 4188 1284 4241 ὠσὶν
1304 4188 1594 4251 ἀκουστὸν,
1622 4190 1719 4242 καὶ
1748 4190 1869 4249 ταῖς

1862 4206 1869 4246 ῖ
1974 4194 2060 4255 le,
2122 4203 2174 4245 et
2221 4192 2477 4245 cordibus
2524 4190 2862 4243 audientium
2915 4190 3125 4244 visibile
3186 4191 3451 4258 procedit,
3498 4200 3554 4241 ιιι

270 4282 389 4335 τῶν
423 4283 741 4335 ἀκουόντων
800 4281 1055 4350 καρδίαις
1106 4280 1301 4350 ὁρατὸν
1348 4281 1538 4350 ἐφίησι
1578 4280 1869 4348 γενέσθαιο

1860 4297 1869 4311 ’
1975 4285 2172 4339 litteris
2228 4285 2391 4339 etiam
2444 4299 2641 4351 corpus
2688 4300 2846 4338 suum
2901 4284 3057 4350 ligari
3111 4284 3371 4348 permittit
3432 4300 3445 4336 :
3499 4292 3552 4336 et

272 4375 359 4426 ἔτι
393 4372 493 4427 καὶ
518 4373 821 4442 γράμμασι
852 4372 1243 4443 περισφίγγων
1272 4372 1333 4424 τὸ
1361 4372 1525 4439 σῶμα
1544 4370 1639 4423 τοῦ
1671 4372 1832 4439 λόγου
1852 4386 1868 4401 ο

1861 4387 1868 4401 ’
1978 4390 2156 4434 tamen
2222 4380 2492 4435 invisibile
2546 4394 2793 4444 manens,
2848 4379 2913 4432 de
2954 4379 3190 4431 essentia
3247 4378 3448 4431 mentis
3500 4388 3553 4430 et

270 4465 393 4519 ἀλλ’
443 4466 598 4532 ὅμως
644 4465 673 4515 6
723 4464 885 4530 λόγος
934 4465 1146 4526 ἐκεῖνος
1170 4466 1402 4535 ἀόρατος
1436 4465 1616 4533 μένων
1644 4463 1742 4532 τῆς
1776 4462 1874 4515 τοῦ

1872 4494 1874 4502 ’
1984 4474 2256 4527 memoria:
2303 4488 2408 4525 non
2461 4472 2685 4526 recedit.
2743 4470 2860 4523 Non
2943 4485 3071 4538 ergo
3145 4484 3320 4529 mens,
3384 4484 3556 4535 neque

270 4557 371 4611 νοῦ
416 4556 644 4623 καὶτῆς
698 4556 923 4624 μνήμης
964 4555 1253 4625 ὑπάρξεως
1301 4556 1401 4609 οὐκ
1442 4557 1741 4627 ἀποχωρεῖ.
1793 4556 1870 4608 Οὐ

1866 4578 1870 4603 ι
1983 4566 2266 4631 memoria,
2304 4564 2395 4618 sed
2444 4564 2615 4618 solum
2670 4562 2907 4616 Verbum
2970 4561 3314 4629 singulariter
3370 4574 3558 4615 sonuit

267 4649 467 4699 τοίνυν
496 4648 527 4699 6
554 4644 681 4709 νοῦς
713 4646 748 4715 ἢ
776 4648 819 4716 ἠ.
848 4648 1065 4717 μνήμη,
1102 4647 1241 4700 ἀλλὰ
1272 4649 1431 4717 μόνος
1454 4650 1484 4700 6
1513 4648 1681 4715 Λόγος
1703 4650 1873 4718 ἤχησε
1908 4643 1956 4702 Ι)

1862 4643 2082 4725 EDper
2149 4671 2345 4722 corpus
2410 4655 2555 4709 vocis
2624 4652 2924 4716 sensibile;
2976 4662 3029 4704 et
3106 4662 3283 4703 tamen
3341 4650 3554 4720 insepa-

278 4741 366 4792 διὰ
400 4738 509 4793 τοῦ
549 4737 836 4807 αἰσθητοῦ.
875 4739 1131 4807 σώματος
1182 4739 1283 4807 τῆς
1328 4739 1534 4809 φωνῆς,
1582 4743 1676 4793 καὶ
1722 4740 1870 4807 ὅμως

1858 4758 1870 4801 ς
1980 4749 2222 4801 rabiliter
2281 4748 2481 4800 mansit
2544 4748 2596 4800 in
2651 4746 2883 4799 essentia
2937 4746 3132 4798 mentis
3178 4755 3234 4798 et
3258 4747 3550 4799 memoria:

268 4830 593 4899 ἀδιαίρετος
617 4830 851 4900 ἔμεινεν
885 4832 955 4882 ὲν.
987 4834 1055 4901 τῇ
1090 4829 1187 4883 τοῦ
1231 4830 1323 4883 νοῦ
1375 4831 1469 4882 καὶ
1510 4831 1609 4899 τῆς
1648 4832 1869 4899 μνήμης

1858 4847 1869 4890 :
1981 4842 2073 4893 Sic
2107 4856 2351 4894 summus
2393 4837 2553 4894 Pater
2597 4839 2828 4893 Verbum
2880 4854 3057 4897 suum.
3105 4838 3338 4903 seipsum
3400 4841 3550 4906 cogi-

269 4924 457 4993 οὐσίᾳ.
492 4921 656 4976 Οὕτω
681 4922 781 4975 καὶ
802 4926 831 4976 ό
855 4924 1027 4992 ἄκρος
1059 4923 1250 4992 [ἰατὴρ
1279 4923 1357 4992 τῷ
1388 4924 1529 4974 νοεῖν
1558 4922 1750 4974 ἑαυτὸν
1776 4921 1868 4973 τὸν

1857 4939 1868 4970 ν
1979 4932 2162 4995 tando,
2218 4934 2403 5000 genuit
2448 4949 2464 4986 :
2522 4937 2664 5001 quod
2712 4935 2763 4986 in
2808 4930 3006 4997 Patris,
3064 4944 3113 4986 et
3155 4931 3387 4999 Spiritus
3430 4950 3549 4988 sau-

272 5016 476 5067 ἑαυτδν
532 5015 711 5083 Λόγον
761 5017 979 5084 ἐνόησε,
1003 5016 1109 5070 κᾶν
1152 5020 1219 5086 τῇ
1260 5015 1355 5069 τοῦ
1389 5018 1605 5085 Ηατρὸς
1643 5023 1739 5067 καὶ
1772 5014 1869 5066 τοῦ

1861 5016 1869 5063 ί
1985 5025 2056 5078 cti
2089 5027 2329 5079 essentia
2385 5026 2547 5079 simul
2613 5025 2976 5078 coesscntiale
3021 5026 3299 5079 consistit.
3329 5024 3433 5079 Sed
3473 5036 3553 5079 ιο-

275 5109 451 5175 ἁγίουν
474 5109 801 5178 Ηνεύματος
832 5111 996 5181 οὐσίᾳ
1036 5111 1341 5180 όμοουσίως
1382 5111 1722 5179 ὑφέστηκεν·
1756 5109 1870 5163 ἀλλ’

1980 5138 2105 5175 men
2138 5139 2237 5175 nec
2286 5121 2471 5184 Pater,
2522 5137 2618 5175 nec
2651 5120 2890 5189 Spiritus
2944 5131 3190 5182 sanctus,
3238 5123 3329 5173 sed
3379 5121 3571 5175 soluor

271 5202 428 5269 ὅμως
474 5201 567 5254 διὰ
612 5202 777 5253 τοῦτο
821 5201 993 5254 οῠθ’ό
1030 5201 1223 5273 Πατὴρ
1266 5202 1389 5254 οὒτε
1434 5202 1494 5254 τὸ
1546 5201 1768 5272 Πνεῦμα
1812 5202 1874 5253 τὸ

1859 5207 1874 5253 ⁵
1982 5214 2242 5275 Verbum,
2278 5216 2423 5282 quod
2459 5226 2541 5267 est
2580 5213 2760 5268 Patris
2807 5213 3001 5279 Filius,
3036 5214 3389 5284 singularilcr
3452 5217 3551 5268 hu-

273 5295 436 5360 arm
464 5311 477 5324 -
517 5292 640 5346 ἀλλ’
671 5295 700 5346 6
747 5294 922 5361 Λόγος
961 5295 1148 5361 μόνος,
1181 5296 1211 5346 6
1237 5294 1328 5347 106
1380 5295 1589 5364 [ἰατρὸς
1618 5296 1645 5346 ἴ
1667 5295 1741 5356 ἰὸς
1778 5295 1871 5363 δη-

1864 5322 1871 5331 ·
1983 5318 2204 5355 rnanum
2236 5308 2450 5370 [corpus
2482 5302 2559 5370 (ϐ)
2590 5303 2763 5357 induit
2794 5302 3073 5364 sensibile,
3120 5319 3178 5355 se
3240 5301 3556 5355 hominibus

272 5385 434 5457 λαδὴ,
478 5386 630 5450 ἰδίως
665 5387 1020 5457 ἀνθρώπινον
1066 5388 1228 5457 σῶμα
1266 5388 1525 5457 αἰσθητὸν
1559 5389 1867 5449 ἐνεδύσατο,

1856 5429 1867 5449 ι
1977 5396 2247 5458 exhibuit,
2284 5411 2484 5463 corpus
2535 5406 2815 5465 sumptum
2859 5396 3077 5465 indigna
3114 5398 3223 5463 pati
3281 5397 3548 5464 permisit,

277 5481 374 5534 ui
411 5480 610 5530 ἑαυτὸν
644 5484 764 5542 τοῖς
806 5483 1122 5553 ἀνθρώποις
1156 5484 1495 5552 παρέστησε.
1530 5480 1604 5531 Τὸ
1634 5480 1872 5551 προσλη-

1858 5508 1872 5519 -
1979 5499 2034 5543 et
2063 5488 2241 5557 ipsum
2281 5489 2719 5556 inseparabiliter
2760 5490 2811 5541 in
2863 5489 3105 5541 essentia
3141 5487 3319 5539 Patris
3344 5496 3396 5539 et
3428 5484 3550 5553 δρία

274 5571 414 5636 νθὲν
465 5572 634 5645 σῶμα
670 5574 907 5645 ἀτιμίαν
940 5578 1266 5645 ὑπενεγκεῖν
1315 5573 1721 5645 συνεχώρησεν,
1755 5576 1873 5628 ἀλλ’

1755 5576 1873 5628 ἀλλ’
1983 5581 2120 5634 ritus
2161 5580 2336 5633 sancti
2371 5577 2643 5632 invisibile
2680 5587 2733 5633 et
2766 5578 3100 5647 impassibile
3123 5586 3441 5646 permansrt.

346 5783 368 5811 ⁵
418 5783 563 5835 Psal.
606 5799 787 5847 xxxrr,
815 5783 871 5836 9.

346 5974 427 6043 (ὅ)
461 5971 647 6029 Latini
689 5973 910 6030 codices
942 5974 1167 6043 habent,
1200 5977 1254 6030 in
1289 5977 1641 6032 humanitate.
2060 5977 2137 6049 (6)
2172 5976 2293 6033 llaec
2323 5977 2375 6032 iu
2399 5976 2607 6033 Latinis
2631 5979 2855 6047 trajecta
2884 5988 3035 6035 sunt.
