4286 6466
281 414 350 476 .ti
1504 404 1603 462 DE
1641 402 1817 461 ΡΠ)ιεί
1862 399 2346 459 ομτιιοοοκλ,
3486 404 3561 465 42

272 530 418 597 ὀπτῇ
625 518 670 593 ᾧ
686 526 817 579 ἴδιόν
837 527 1003 590 ἐστιν,
1088 524 1258 575 ἀΐδιόν
1283 523 1448 582 ἐστιν,
1472 513 1516 585 ᾧ
1540 520 1732 570 ταυτὸν
1756 519 1893 578 ἐστι,
1926 520 1964 575 Α

1878 554 1893 578 ,
1926 520 1971 575 Α
2000 520 2101 579 est)
2124 518 2205 573 cui
2238 518 2619 585 pruptittiucsl,
2643 518 2726 571 γεεί
2751 528 3030 582 alternum,
3059 521 3143 574 cui
3164 520 3323 581 idem,
3350 529 3400 574 et
3421 536 3559 584 esse,

273 621 338 674 τὸ
382 616 549 679 εἶναι,
585 621 679 671 καὶ
702 621 823 687 ζῇν,
876 620 967 669 καὶ
996 619 1135 667 νοεῖν
1160 634 1172 643 ·
1224 614 1315 665 καὶ
1336 612 1508 667 ταῦτα
1541 611 1771 679 τὰτρία.
1796 603 1875 669 εἷς

272 712 413 774 θεὸς
444 730 461 744 υ
500 713 598 763 καὶ
631 713 659 764 ὁ
690 706 768 772 εἷς
793 712 947 772 Θεὸς,
997 710 1169 760 ταῦτα
1189 709 1256 761 τὰ
1302 707 1450 776 τρία,
1473 706 1720 757 τουτέστι
1739 702 1869 757 θεὸς

275 805 377 854 καὶ
413 805 644 871 Κύριος,
694 802 901 871 ἀληθὴς
953 802 1048 851 καὶ
1103 799 1273 859 ὰὶδιος
1302 800 1359 848 ἐν
1390 799 1503 857 τοῖς
1564 793 1878 860 προσώποις

279 896 481 962 ἰ’ριάς·
504 894 712 963 ἀληθὴς
746 896 843 946 καί
864 895 1033 953 ὰῖὸιος
1066 894 1121 942 ὲν
1148 894 1213 958 τῇ
1240 890 1398 958 οὐσίᾳ
1425 888 1608 957 μονάς·
1631 887 1751 937 ἐπεὶ
1784 884 1881 953 μία

276 984 441 1036 οὐσία
460 987 487 1037 6
507 985 722 1052 Πατὴρ,
746 984 841 1035 καὶ
866 988 893 1035 ὁ
922 984 1046 1044 Υἱὸς
1090 985 1181 1033 καὶ
1205 980 1265 1030 τὸ
1285 980 1438 1045 ἅγιον
1454 979 1695 1045 Πνεῦμα.
1729 975 1877 1043 Δῦτη

278 1078 339 1128 δὲ
368 1078 400 1143 ἡ
440 1078 575 1142 ἁγία
600 1075 798 1145 Τριὰς,
831 1077 984 1128 οὐδέν
1011 1091 1063 1125 τι
1096 1072 1281 1142 μεῖζόν
1315 1074 1465 1123 ἐστιν
1492 1075 1549 1122 ἐν
1585 1074 1697 1132 τοῖς
1732 1072 1879 1139 τρισὶ

282 1166 607 1236 προσώποις
637 1166 777 1231 ὁμοῦ
811 1166 1077 1234 ῥηθεῖσιν,
1100 1168 1133 1235 ἢ
1166 1169 1225 1219 ἐν
1249 1167 1329 1218 ἐνὶ
1358 1167 1574 1234 ἑκάστῳ
1599 1164 1883 1235 προσώπῳ

278 1260 431 1321 ἅπαξ
462 1259 744 1327 ῥηθέντες.
767 1258 1040 1309 Ἕκαστον
1060 1258 1169 1325 γὰρ
1190 1259 1298 1309 τῶν
1320 1257 1634 1325 προσώπων
1664 1256 1880 1323 πλήρης

276 1352 433 1401 ἐστὶν
467 1348 633 1400 ουσία
680 1348 739 1399 ὲν
798 1347 998 1415 ἑαυτῷ,
1048 1346 1110 1398 οὐ
1151 1347 1258 1414 μὴν
1313 1330 1462 1415 τρέίς
1510 1346 1715 1406 οὐσίαι,
1764 1343 1881 1396 ἀλλ’

277 1437 365 1501 εἷς
423 1442 586 1504 Θεὸς,
638 1440 738 1509 μία
799 1441 980 1503 οὐσία,
1026 1441 1125 1508 μία
1185 1439 1431 1503 ἐξουσία,
1478 1438 1577 1507 μία
1624 1436 1880 1506 ῦπαρξις,

282 1535 385 1603 μία
439 1534 711 1603 ἁῐδιότης,
760 1534 858 1601 μία
886 1533 1270 1601 μεγαλειότης,
1311 1533 1410 1599 μία
1441 1531 1735 1597 ἀγαθότης,
1764 1532 1881 1584 Πα-

279 1628 412 1691 τὴρ,
438 1626 537 1678 καὶ
553 1625 682 1685 Υἱὸς
711 1626 801 1675 καὶ
848 1623 1005 1691 ἅγιον
1025 1623 1269 1692 Πνεῦμα.
1297 1624 1408 1692 Οὐχ
1429 1624 1616 1690 ἕτερον
1642 1624 1699 1676 δέ
1728 1625 1878 1675 ἐστιν

279 1718 309 1767 ὁ
366 1716 560 1783 Πατὴρ
600 1718 660 1768 ὲν
693 1720 760 1785 τῇ
792 1719 955 1782 φύσει
994 1716 1087 1767 τοῦ
1112 1716 1264 1778 Υξοῦ,
1296 1717 1328 1785 ἦ
1366 1716 1463 1768 τοῦ
1516 1718 1669 1783 ἁγίου
1717 1716 1884 1768 [1νεὺ-

287 1824 489 1874 ματος’
523 1809 639 1860 οὐθ’
672 1808 862 1875 ἕτερον
891 1809 919 1859 6
954 1808 1080 1870 Υἱὸς
1114 1810 1212 1861 καὶ
1252 1808 1311 1860 τὸ
1339 1809 1496 1875 ἅγιον
1526 1808 1749 1877 Πνεῦμα
1781 1808 1876 1860 τοῦ

1983 616 2034 657 et
2061 609 2260 669 vivere,
2291 617 2340 659 ct
2365 609 2636 675 Cllgilﬂl‘CI
2672 620 2829 675 atque
2856 611 2965 663 lucc
2992 611 3113 673 tria,
3151 612 3290 665 Deus
3323 629 3485 679 unus;
3508 625 3564 668 et

1982 714 2119 750 unus
2166 699 2323 761 Deus,
2380 701 2489 753 lta'c
2536 703 2660 765 tria,
2694 703 2791 755 hoc
2841 714 2943 767 est,
2978 704 3116 759 Deus
3164 720 3225 757 ac
3282 706 3561 768 Dominus,

1985 807 2109 845 t'cra
2141 804 2194 845 et
2219 803 2419 847 a-terna
2453 795 2504 847 in
2534 798 2779 864 personis
2813 796 3051 851 Trinitas
3076 814 3088 861 ;
3113 812 3236 851 vera
3273 807 3327 850 et
3360 808 3565 852 aztcrna

1986 886 2036 937 itt
2066 889 2365 940 substantia
2396 889 2593 942 unitas:
2626 893 2881 955 quoniam
2913 905 3016 943 una
3050 891 3357 945 substantia
3380 888 3564 953 Pater,

1984 990 2038 1030 et
2080 978 2267 1042 Filius,
2306 990 2353 1032 ct
2389 978 2622 1046 Spiritus
2655 989 2895 1033 sant-tus.
2965 982 3089 1034 llaec
3139 992 3318 1035 autem
3376 976 3568 1035 saiicta

1986 1068 2225 1122 Trinitas
2256 1069 2424 1121 nihilo
2458 1070 2625 1137 magis
2670 1069 2827 1123 estin
2888 1070 3060 1124 tribus
3111 1073 3356 1140 personis
3406 1074 3567 1125 simul

1986 1160 2167 1223 dictis,
2191 1174 2352 1226 quam
2376 1160 2421 1213 si
2447 1160 2688 1226 qualibet
2719 1162 2769 1212 in
2791 1175 3020 1227 persona
3044 1162 3211 1215 semel
3238 1165 3565 1218 enuntietur.

1990 1250 2117 1302 Nam
2147 1251 2397 1319 qua-libet
2432 1267 2657 1320 persona
2694 1253 2933 1320 perfecta
2974 1254 3023 1305 in
3053 1269 3111 1307 se
3138 1256 3566 1321 substantiaest,

1990 1353 2092 1391 non
2116 1348 2296 1393 tamen
2330 1352 2441 1395 tres
2479 1344 2795 1396 substantia:
2813 1353 2957 1406 sunt,
2983 1346 3076 1399 sed
3102 1360 3241 1400 unus
3272 1344 3436 1408 Deus,
3459 1364 3566 1401 una

1988 1432 2309 1495 substantia,
2330 1448 2432 1485 una
2454 1442 2713 1502 potestas,
2734 1450 2836 1487 una
2860 1434 3123 1497 essentia,
3147 1450 3248 1488 una
3270 1437 3567 1499 aeternitas.

1992 1538 2094 1576 uua
2119 1526 2394 1593 tuajcstas,
2414 1542 2515 1580 una
2538 1527 2768 1594 bonitas;
2785 1525 2967 1591 Pater,
2983 1540 3037 1582 et
3056 1528 3245 1597 Filius,
3265 1540 3317 1584 et
3333 1529 3570 1600 Spiritus

1990 1628 2231 1670 Sanctus.
2266 1617 2382 1671 Non
2420 1631 2505 1673 est
2535 1629 2715 1673 autem
2744 1620 2885 1673 alitnl
2920 1620 3082 1677 Pater
3115 1623 3165 1676 in
3198 1635 3391 1679 natura
3424 1624 3567 1689 Filii,

1994 1708 2073 1759 vel
2112 1708 2343 1776 Spiritus
2384 1711 2581 1765 sancti:
2611 1724 2708 1764 nec
2738 1711 2883 1765 aliud
2921 1710 3089 1767 Filius
3113 1724 3164 1767 et
3188 1714 3420 1783 Spiritus
3445 1731 3569 1769 san-

1990 1807 2107 1853 ctus
2144 1802 2195 1852 in
2223 1812 2409 1855 natura
2442 1800 2638 1864 Patris,
2698 1817 2819 1857 cum
2852 1819 2953 1856 una
2996 1806 3067 1858 sit
3113 1805 3197 1859 his
3238 1818 3453 1872 natura,
3481 1825 3570 1863 ve-

284 1870 501 1965 ίιιτρὸς
527 1900 587 1949 ἐν
624 1900 690 1967 τῇ
718 1870 901 1964 φῦσει·
937 1893 1016 1961 οἷς
1040 1899 1157 1950 ἐστι
1194 1900 1292 1966 μία
1326 1870 1511 1965 (post:
1550 1870 1690 1969 πλὴν
1716 1899 1874 1962 ἄλλος
1904 1870 1951 1931 Β

1904 1870 1951 1931 Β
1983 1908 2097 1945 runt
2131 1885 2270 1946 alius
2299 1904 2379 1947 est
2409 1892 2590 1957 Pater,
2617 1910 2869 1963 persona;
2898 1896 3033 1951 alius
3064 1910 3146 1952 est
3171 1897 3356 1963 Filius,
3382 1915 3567 1969 perso-

281 1989 440 2040 ἐστὶν
473 1991 501 2040 ὁ
563 1991 777 2059 Πατὴρ,
827 1992 906 2059 τῷ
967 1991 1247 2059 προσώπῳ
1286 2007 1299 2020 ·
1340 1990 1498 2053 ἄλλος
1530 1993 1558 2042 6
1614 1992 1763 2053 Υἱὸς,
1794 1992 1872 2060 τῷ

280 2080 593 2150 προσώπῳ
658 2084 752 2135 καὶ
786 2083 975 2152 ἕτερον
1027 2083 1090 2134 τὸ
1148 2083 1376 2151 Πνεῦμα
1441 2084 1503 2134 τὸ
1559 2084 1734 2150 ἅγιον,
1793 2084 1874 2152 τῷ

280 2176 594 2246 προσώπῳ.
632 2177 819 2247 Ἐντῷ
838 2179 1013 2246 Πατρὶ
1037 2176 1301 2247 ἀῑδιότης,
1326 2178 1384 2228 ὲν
1418 2176 1497 2245 τῷ
1526 2176 1635 2245 Υίῴ
1668 2178 1873 2244 ίσότης,

280 2271 342 2322 ὲν
371 2272 448 2339 τῷ
481 2271 625 2338 ἁγίῳ
658 2270 941 2338 Πνεῦματι
989 2271 1089 2338 τῆς
1124 2270 1425 2337 αῖὸιότητος
1465 2270 1561 2321 καὶ
1593 2268 1690 2338 τῆς
1766 2270 1877 2322 ίσόο

280 2381 446 2430 tuto;
480 2363 800 2431 σύνδεσμος.
850 2362 945 2415 Ἐν
984 2364 1033 2414 οἱ
1074 2363 1275 2424 πάντες
1300 2365 1367 2431 τῇ
1398 2362 1577 2431 οὐσίᾳ,
1601 2365 1669 2429 τῇ
1698 2362 1875 2435 ὑπάρ-

284 2450 390 2515 ξει,
426 2454 497 2519 τῇ
551 2451 1088 2521 παντοδυναμότηει,
1116 2454 1182 2521 τῇ
1241 2452 1478 2521 ϐεότητι.
1513 2453 1725 2521 ’Ὠσπερ
1763 2454 1873 2522 γὰρ

285 2544 433 2613 αῦτη
461 2549 495 2614 ἡ
534 2546 669 2609 ἁγία
700 2546 879 2613 Τριὰς
914 2546 1229 2614 ἀδιαίρετός
1257 2547 1372 2598 ἐστι
1393 2548 1460 2614 τῇ
1489 2546 1669 2614 οὐσίᾳ,
1731 2546 1877 2599 οὕτω

284 2642 383 2691 καὶ
402 2642 519 2700 τοῖς
548 2639 732 2706 ἔργοις
772 2638 919 2689 ἐστὶν
953 2637 1279 2705 ἁδιαίρετος’
1318 2639 1368 2690 εί
1434 2639 1528 2689 καί
1592 2656 1711 2692 τινα
1769 2642 1875 2692 τῶν

282 2730 382 2783 τοῦ
404 2731 544 2782 Θεοῦ
568 2730 746 2799 ἔργων
769 2730 915 2790 ἰδίως
934 2730 1045 2779 τισὶ
1064 2728 1172 2779 τῶν
1194 2729 1501 2795 προσώπων
1522 2731 1877 2799 ἁρμόζουσιν,

284 2823 545 2892 ὥσπερὴ
603 2823 666 2873 ἐκ
700 2821 805 2873 τῶν
852 2819 1104 2889 οὐρανῶν
1151 2820 1403 2889 ὴχήσασα
1474 2822 1653 2889 φωνὴ.
1705 2823 1793 2874 ὅτε
1850 2826 1878 2875 6

282 2918 529 2983 Χριστὸς
564 2916 911 2978 ἐϐαπτίζετο,
944 2914 1022 2982 τῷ
1072 2914 1269 2983 ΙΙατρί⁸
1327 2913 1421 2966 καὶ
1470 2914 1549 2983 τῷ
1600 2916 1878 2983 προσώπῳ

282 3009 387 3061 τοῦ
444 3007 578 3061 Υίοῦ
653 3008 800 3075 μόνῳ
832 3006 1104 3075 προσήκει
1168 3008 1200 3072 ἡ
1256 3008 1356 3072 τῆς
1448 3006 1876 3075 ἀνθρωπότητος

288 3101 631 3170 πρόσληψις·
670 3101 766 3151 καὶ
787 3098 865 3167 τῷ
892 3098 1177 3166 προσώπῳ
1201 3096 1292 3149 τοῦ
1349 3098 1502 3163 ἁγίου
1563 3099 1878 3168 Πνεύματος

1979 2000 2086 2048 na;
2150 1985 2287 2040 alius
2324 1997 2407 2041 est
2443 1988 2678 2055 Spiritus
2728 2001 2967 2054 sanctus,
3026 2006 3282 2057 persona.
3320 1991 3374 2046 ltt
3412 1992 3570 2049 l'atre

1978 2077 2273 2142 :etcrnitas,
2331 2079 2382 2131 iu
2440 2078 2578 2135 Filio
2624 2082 2933 2149 :equalitas,
3001 2083 3051 2136 in
3126 2081 3329 2152 Spiritu
3374 2098 3565 2140 sancto

1978 2170 2700 2242 a'ternitatisetmqttalitatis
2726 2175 3013 2229 connexio.
3040 2175 3209 2229 Unum
3235 2193 3427 2233 omnes
3445 2180 3569 2234 sub-

1980 2260 2199 2325 stantia,
2220 2262 2896 2338 essentia,outnipotentia,
2911 2266 3210 2320 divinitate.
3228 2266 3360 2321 Nam
3382 2283 3568 2338 quent-

1980 2352 2266 2406 admodum
2324 2355 2437 2406 hinc
2498 2364 2682 2407 sancta
2730 2354 2969 2409 Trinitas
3011 2357 3281 2410 individua
3308 2374 3390 2413 es».
3441 2362 3566 2411 sub-

1979 2446 2214 2509 stantia,
2268 2445 2345 2499 sic
2404 2456 2460 2499 et
2508 2445 2761 2513 operibus
2822 2458 2906 2501 est
2953 2448 3268 2504 individua:
3325 2450 3450 2504 licet
3502 2469 3565 2506 ex

1981 2538 2236 2607 Operibus
2261 2538 2351 2591 Dei
2385 2538 2633 2605 quaedam
2654 2537 3005 2605 singulariter
3022 2538 3296 2608 aliquibus
3320 2547 3567 2611 personis

1980 2639 2306 2698 congruunt,
2333 2642 2390 2683 ut
2411 2645 2514 2683 vox
2536 2631 2657 2694 ista,
2682 2645 2801 2698 qua:
2839 2629 2905 2685 de
2921 2631 3074 2687 ccelis
3108 2635 3310 2699 sonuit,
3349 2638 3567 2704 quandu

1983 2722 2365 2791 baptizabatur
2394 2722 2664 2787 Christus,
2697 2721 2880 2788 Patri;
2921 2734 2973 2777 et
3000 2725 3100 2777 soli
3148 2741 3392 2794 persona:
3420 2727 3568 2793 Filii,

1982 2816 2332 2869 humanitatis
2402 2816 2699 2884 assumptio
2751 2816 3047 2885 competit;
3101 2830 3155 2873 et
3215 2820 3569 2889 singulariter

1982 2922 2229 2976 personae
2260 2906 2497 2973 Spiritus
2529 2908 2725 2971 sancti,
2755 2909 3026 2962 columba.
3076 2912 3128 2963 in
3181 2911 3337 2979 cujus
3386 2915 3568 2979 specie

1983 3000 2120 3057 idem
2176 2999 2410 3066 Spiritus
2458 3010 2679 3053 sanctus
2724 3015 2889 3069 supra
2946 3000 3141 3055 Filium
3198 3004 3333 3068 Dei,
3388 3007 3478 3072 qui
3513 3016 3571 3057 ut

1984 3094 2142 3147 homo
2157 3092 2556 3163 baptizabatur,
2587 3065 2885 3148 descendit.
2910 3092 3101 3147 Procul
3126 3094 3287 3147 dubio
3306 3065 3486 3150 tamen
3511 3065 3596 3149 et‘

285 3194 440 3251 ίὸίως
473 3193 507 3259 ή
545 3193 873 3258 περιστερὰ,
910 3184 977 3257 ἦς
1043 3190 1102 3239 ἐν
1158 3189 1289 3240 εῖδει
1348 3190 1408 3239 τὸ
1469 3190 1603 3240 αὐτὸ
1650 3190 1949 3272 Πνεῦμαρ

1904 3210 1949 3272 C
1982 3201 2167 3241 vocem
2209 3185 2379 3247 illam,
2404 3194 2458 3239 et
2481 3184 2808 3248 columbam,
2839 3196 2892 3238 et
2922 3183 3313 3240 humanitatem
3346 3189 3569 3253 Christi,

286 3284 455 3349 ἅγιον
480 3280 855 3347 κατελήλυθεν
886 3280 982 3332 ἐπὶ
1010 3283 1101 3332 τὸν
1139 3280 1261 3331 flow
1301 3278 1395 3330 τοῦ
1437 3280 1597 3344 Θεοῦ,
1647 3281 1722 3343 ὡς
1776 3284 1866 3336 ἄν-

1983 3289 2091 3336 tota
2115 3276 2352 3331 Trinitas
2379 3276 2580 3341 eliecit,
2614 3278 2769 3346 cujus
2794 3291 2955 3345 opera
2988 3290 3112 3332 sunt
3153 3278 3451 3333 individua.

286 3374 518 3443 Ορωπον
584 3372 1007 3439 βαπτιζόμενον.
1075 3372 1219 3440 [Ιλὴν
1312 3373 1699 3441 ἀναμφιϐόλως
1780 3379 1881 3446 τὴν
1917 3378 2099 3444 φωνὴν
2130 3374 2369 3441 ἐκείνην,
2426 3373 2519 3424 καὶ
2546 3374 2641 3442 τὴν
2670 3372 3026 3441 περιστερὰν,
3070 3375 3163 3424 καὶ
3201 3373 3301 3442 τὴν
3343 3374 3571 3443 ἀνορω-

292 3469 510 3534 πὸτητα
544 3465 642 3518 τοῦ
687 3466 948 3536 Χριστοῦ,
984 3467 1083 3534 ὅλη
1112 3468 1147 3534 ἡ
1212 3467 1384 3533 Τριας
1456 3470 1789 3536 ἐνήργησεν,
1834 3465 1900 3539 ἧς
1941 3472 2006 3523 τὰ
2036 3470 2171 3537 ἔργα
2202 3468 2491 3535 ἀδιαίρετα
2515 3471 2684 3520 ἐστιν.

1531 3621 1829 3636 —-o_——

1832 3624 2209 3635 w

348 3622 3386 3652 mm—o—wmw—

1555 3754 2129 3843 MONITUM
2219 3736 2293 3803 (¹)

371 4028 735 4097 Subsequens
758 4028 1195 4089 narratiuncula,
1223 4037 1474 4095 tauquam
1501 4026 1911 4095 Harmenopuli,
1934 4035 2249 4081 recensetur
2274 4026 2323 4077 in
2342 4022 2600 4093 Catalogo
2619 4022 2957 4090 Nesseliano,
2976 4037 3136 4094 parte
3162 4044 3222 4093 tt,
3248 4020 3299 4097 p.
3328 4028 3419 4094 27,
3446 4030 3570 4084 cod.

295 4127 393 4191 1‘2,
443 4142 602 4180 num.
630 4126 687 4189 5,
719 4125 1098 4197 nondumque,
1140 4122 1392 4177 Fabricio
1425 4132 1585 4185 teste,
1616 4122 1793 4176 lucem
1819 4123 1983 4175 vidit.
2019 4122 2367 4189 Quapropter
2397 4123 2463 4174 ad
2496 4136 2616 4175 eam
2648 4121 2751 4189 ipsi
2792 4121 3122 4177 aﬂerendam
3166 4124 3390 4194 jamjam
3419 4124 3573 4182 laetus

295 4216 664 4285 accingebar,
695 4228 823 4265 cum
878 4227 907 4264 a
955 4210 1133 4263 doctis
1169 4209 1517 4263 Bibliotheca:
1574 4208 1725 4277 Regii
1776 4206 2141 4263 Taurincnsis
2199 4210 2447 4263 Athenaei
2506 4212 2805 4265 triumviris
2849 4212 2901 4266 id
2950 4214 3082 4266 mihi
3137 4216 3249 4269 sive
3304 4215 3570 4284 gloriolae,

300 4304 425 4356 sive
463 4299 850 4356 deliciolarum
902 4307 1230 4367 praereptum
1277 4298 1461 4351 inveni
1500 4297 1600 4364 (Ξ).
1649 4298 2063 4364 Verumtamen,
2105 4301 2371 4367 quoniam
2422 4300 2705 4369 exemplar
2764 4299 3085 4357 Matriteuse
3137 4303 3189 4355 iu
3242 4304 3568 4370 quibusdam

315 4390 465 4443 haud
512 4386 745 4441 levioris
774 4384 1036 4439 momenti
1071 4384 1308 4437 alienum
1336 4399 1366 4436 a
1403 4381 1726 4438 'l‘aurinensi
1763 4384 2263 4453 deprehenderain,
2296 4397 2666 4454 praetereaque
2696 4389 3199 4443 animadversiones
3230 4388 3346 4458 ejus
3374 4389 3566 4443 lectio-

308 4491 441 4527 nmn
494 4474 751 4527 varietati
806 4471 1172 4535 adhibendas,
1210 4485 1313 4525 non
1369 4472 1547 4524 minus
1576 4471 1735 4537 spatii
1774 4483 1937 4537 quam
1986 4471 2165 4542 ipsqu
2200 4475 2544 4542 opusculum,
2579 4486 2944 4545 occupaturas
2980 4476 3392 4544 intellexeram;
3428 4494 3576 4532 eam-

308 4567 431 4616 dem
461 4562 727 4617 cramben
773 4560 892 4615 sine
936 4560 1155 4616 lectoris
1206 4560 1458 4624 fastidio,
1494 4562 1611 4615 sine
1658 4562 1865 4614 charta:
1898 4559 2185 4637 dispendio
2223 4561 2419 4614 iterum
2482 4563 2689 4631 apponi
2727 4577 2886 4633 posse
2939 4564 3111 4619 visum
3162 4574 3267 4619 est.
3304 4564 3458 4631 Quod
3496 4570 3565 4618 ita

308 4651 562 4703 lubenter
586 4658 934 4715 praestamus.

802 4926 1476 4986 NARRATIUNCULA
1555 4930 1661 4987 DE
1744 4932 2034 4993 TRIBUS
2108 4933 2361 4993 TOMIS
2444 4933 2879 4995 SYNODICIS
2955 4936 3101 4997 SUB

882 5025 1530 5087 IMPERATORIBUS
1563 5027 1774 5090 CONS
1788 5030 2162 5093 ΤΑΝΤΙΝΟ
2199 5031 2483 5093 PORPH
2498 5033 2877 5096 YROGENI
2890 5036 3017 5107 T0,

348 5127 779 5192 MANUELE
810 5127 1258 5201 COMNENO,
1290 5132 1390 5189 ET
1437 5132 1898 5193 MICHAELE
1930 5132 2448 5197 PAL/EOLOGO
2487 5138 3063 5211 PROMULGATIS,
3114 5140 3192 5199 IN
3252 5139 3539 5212 QUIBUS

559 5232 837 5294 ΟΜΝΕὸ
904 5232 1318 5293 ADVERSUS
1400 5236 2019 5298 IMPERATORIAM
2100 5240 2630 5300 MAJESTATEM
2705 5242 3158 5318 TURBARUMl
3222 5245 3381 5305 AUT

1285 5337 1810 5397 REBELLIONIS
1862 5340 2013 5399 DUC
2026 5341 2113 5398 ES
2130 5383 2145 5407 ,
2196 5340 2648 5411 EORUMQUE

804 5441 1278 5502 ADJUTORES
1359 5444 1463 5501 ET
1530 5444 1829 5504 CONSCll
1904 5445 2466 5506 ΛΝΑΤΗΕΜΛἸἙ

1530 5444 1829 5504 CONSCll
1904 5445 2466 5506 ΛΝΑΤΗΕΜΛΤΕ
2539 5448 3175 5509 PEllCUTIUNTUR.

397 5591 524 5641 Ἐπὶ
554 5589 657 5657 τῆς
681 5587 960 5656 βασιλείας
994 5590 1405 5641 Κωνσταντίνου
1447 5589 1540 5641 τοῦ
1613 5593 1894 5663 Πορφυρο-
1923 5593 1977 5651 D
2075 5592 2089 5643 ξ

1884 5593 1977 5651 -D
2075 5592 2185 5646 Sub
2209 5594 2430 5659 imperio
2458 5592 2804 5647 Constantini
2840 5596 3307 5666 Porphyrogeniti,
3344 5615 3576 5655 consen-

315 5682 601 5747 γεννήτου,
656 5679 824 5747 τόμος
870 5679 1190 5748 ὲξεφωνήθη
1224 5721 1238 5744 ,
1307 5682 1729 5750 συμπρὰξλντςς
1806 5686 1895 5737 καὶ

1881 5687 1895 5735 ‘t
2012 5684 2180 5736 tientc
2216 5686 2524 5753 patriarcha
2569 5687 2617 5738 id
2670 5690 2947 5754 temporis.
2974 5690 3185 5753 Alexio,
3227 5706 3289 5745 ac
3341 5696 3573 5761 Synodo,

375 5795 445 5863 (_l_)
475 5796 689 5863 ifriarte.
714 5794 947 5863 co_d._Gr.
978 5796 1169 5863 .Matri‘t.
1198 5810 1244 5858 p.
1264 5798 1371 5846 ut).

378 5859 451 5922 (ε)
492 5860 663 5907 l’asini
689 5858 801 5906 cod.
831 5857 1039 5912 Tauri",
1062 5865 1097 5906 t.
1130 5858 1165 5905 Ι.

650 5945 927 6003 Ρλτῐιοι.
976 5945 1091 6003 Gn.
1145 5944 1258 6005 CL.

3124 5961 3162 6018 2
