4286 6466
789 393 877 474 ιτ
1968 417 2200 476 CUNST
2267 418 2826 483 llAttMENOPULl
3950 422 4025 495 ‘48

785 536 1104 592 stantmop..
1144 524 1808 594 nan.ta,congressisit60
1835 528 2038 582 sanctis
2077 526 2346 588 I‘atrihus.
2385 541 2398 590 ε

2414 530 2834 599 ιὰνεθεμὰτισε,
2876 539 2965 588 καὶ
2999 539 3094 590 σὺν
3144 542 3324 604 αὐτοῖς
3401 544 3701 612 Ὠριγένην,
3754 547 3847 597 καὶ
3897 549 4024 611 τοὺς

785 615 886 668 sub
910 615 1140 682 imperio
1169 614 1511 667 Constantini
1566 614 1806 676 Barbati,
1835 617 2199 670 anathematis
2230 633 2348 671 scn-

786 708 1010 760 tentiam
1042 705 1164 758 tulit
1194 705 1244 756 in
1273 717 1389 768 eos,
1417 705 1507 772 qui
1544 719 1706 758 unam
1753 705 1805 756 in
1848 705 2064 758 Christo
2106 708 2350 759 volunta-

786 811 916 862 tem,
951 809 1005 850 et
1043 811 1204 850 unam
1257 797 1453 865 agendi
1507 797 1614 848 vim
1665 797 1973 849 tradebant.
2017 795 2263 851 Canones
2301 808 2352 848 et

784 894 899 960 ipsa
964 889 1147 944 nullos
1217 888 1496 956 exposuit,
1567 889 1644 942 uti
1712 902 1812 942 nec
1874 889 2060 956 quinta
2107 887 2345 940 ‘l‘ecerat.

782 985 1013 1051 Ideoque
1036 992 1227 1037 coacta
1258 982 1311 1036 in
1346 980 1532 1035 Trullo
1556 981 1739 1048 palatii
1763 978 2345 1047 ConStantiimpolitaui

781 1079 1021 1147 synodus
1051 1076 1156 1128 alia
1205 1075 1330 1137 fuit,
1371 1073 1476 1127 227
1514 1073 1761 1135 Patrum,
1797 1072 2089 1126 Justiniani
2131 1073 2350 1124 naribus

783 1169 1039 1231 mutilati,
1107 1167 1324 1219 Barbati
1375 1165 1493 1226 ﬁlii.
1546 1165 1723 1233 jussu.
1762 1179 2029 1218 canonunt
2083 1163 2348 1215 duntaxat

779 1258 1225 1326 exponendorum
1275 1270 1457 1308 causa.
1503 1254 1845 1322 Quapropter
1896 1265 1949 1306 et
2007 1254 2156 1307 istaec
2193 1263 2345 1306 sexta

780 1349 1004 1412 dicitur,
1047 1348 1125 1399 uti
1172 1362 1292 1414 quae
1342 1344 1694 1414 suppleverit,
1730 1345 1870 1412 quod
1918 1353 2087 1397 sextce
2133 1347 2343 1403 deerat.

777 1451 1046 1490 canonum
1101 1435 1313 1488 scilicet
1373 1434 1795 1501 expositionem.
1858 1433 2099 1502 Septima
2155 1433 2347 1487 Nictea:

774 1529 879 1582 sub
912 1528 1293 1591 Constantino,
1327 1535 1380 1580 et
1409 1536 1581 1579 matre
1617 1526 1786 1593 ipsius
1821 1523 1994 1588 lrene,
2018 1537 2342 1591 cengregata

765 1619 878 1673 fuit
920 1621 1186 1673 adversus
1221 1618 1520 1688 imaginum
1546 1619 1913 1679 adversarios.
1939 1619 2080 1685 quia
2110 1618 2216 1672 367.
2239 1619 2344 1672 Pa-

773 1711 951 1766 tribus
988 1710 1112 1764 istic
1147 1710 1478 1764 anathemati
1533 1709 1684 1762 fuere
1736 1710 1990 1777 subjecti.
2043 1708 2344 1763 Particula-

771 1805 912 1856 rium
943 1801 1273 1872 synodorum
1301 1815 1408 1853 una
1437 1801 1910 1869 Constantinopoli
1941 1802 2210 1854 celebrata
2246 1801 2344 1853 fuit

2451 623 2760 687 αίρειικοὺς
2791 626 3058 687 ἅπαντας.
3097 631 3157 680 ’11
3189 633 3245 682 δὲ
3276 633 3412 702 ’έκτη
3436 638 3490 686 tv
3511 637 4018 690 Κωνσταντινουπό-

2455 703 2534 756 λει
2572 706 2664 756 καὶ
2697 706 2838 775 αὕτη
2876 714 3358 783 συναθροσθεῖσα,
3401 719 3596 770 ἑκατὸν
3644 721 4018 790 ἑϐδομήκοντα

2452 800 2623 864 ἁγίων
2658 797 2794 854 οὖσα
2826 804 3086 873 ΙΙατὲρων
3117 809 3212 860 ἐπὶ
3247 812 3660 866 Κωνσταντίνου
3682 814 3774 867 τοὺ
3809 816 4017 882 "qu-

2453 894 2636 957 νὰτου,
2666 897 2792 958 τοὺς
2834 899 2966 966 μίαν
3010 900 3231 969 θέλησιν
3291 908 3385 956 καὶ
3427 907 3558 975 μίαν
3609 909 3896 978 ἐνέργειαν
3923 912 4018 963 ἐπὶ

2453 984 2690 1052 Χριστοῦ
2740 989 3176 1059 δογματίζοντας
3228 997 3618 1067 ἀνεθεμάτισε.
3662 1002 3910 1064 Κανόνας
3961 1005 4019 1056 δὲ

2450 1076 2570 1129 οὐδὲ
2596 1077 2736 1148 αὕτη
2764 1083 2997 1148 ἐξέθετο,
3029 1087 3219 1160 ὥσπερ
3275 1093 3395 1146 οὐδὲ
3421 1097 3451 1163 ἡ
3484 1098 3736 1167 πέμπτη.
3780 1101 3890 1152 Καὶ
3928 1101 4020 1153 διὰ

2451 1167 2610 1219 τοῦτο
2663 1171 2695 1238 ή
2761 1172 2819 1222 ἐν
2877 1173 3137 1244 Τρούλλῳ
3193 1181 3590 1252 συνηθροίσθη,
3658 1187 3691 1254 ὴ
3745 1187 3840 1238 καὶ
3881 1188 4017 1254 ἕκτη

2449 1257 2737 1330 λεγομένη,
2761 1262 2885 1330 ἥτις
2916 1267 3058 1318 κατὰ
3088 1269 3189 1334 τὴν
3246 1271 3822 1329 Κωνσταντινούπολιν
3849 1280 3908 1328 ἐν
3938 1280 4019 1345 τῷ

2448 1349 2711 1421 Τρούλλῳ
2773 1356 3142 1428 συνηθροίσθη
3207 1361 3302 1414 τοῦ
3363 1365 3652 1430 παλατίου,
3721 1368 4020 1419 διακοσίων

2448 1446 2771 1498 είκοσιεπτὰ
2817 1450 2991 1514 ἁγίων
3029 1451 3164 1504 οὖσα
3212 1456 3497 1525 Πατέρων,
3560 1458 3701 1511 κατὰ
3761 1460 4018 1512 κέλευσιν

2459 1534 2844 1590 Ίουστινιανοῦ
2873 1541 2968 1592 τοῦ
3012 1543 3392 1613 Ῥινοτμήτου,
3421 1548 3516 1600 τοῦ
3539 1549 3657 1602 υἱοῦ
3683 1550 3779 1602 τοῦ
3816 1554 4017 1618 Πωγω-

2457 1623 2644 1688 νὰτου,
2680 1626 2751 1679 δι’
2781 1627 3000 1682 ἔκθεσιν
3036 1633 3131 1684 καὶ
3166 1636 3328 1703 μόνον
3384 1639 3647 1693 κανόνων.
3698 1641 3861 1693 Ὅθεν
3920 1643 4018 1695 καὶ

2453 1713 2587 1784 ἕκτη
2672 1722 3168 1790 προσαγορεύεται,
3227 1726 3303 1789 ὡς
3349 1729 3410 1780 τὸ
3454 1732 3518 1796 τῇ
3580 1730 3714 1802 ἕκτῃ
3764 1733 4015 1785 ἐλλεῖπον

2445 1807 2914 1878 ἀναπληρώσσσα,
2957 1817 3095 1883 ὅπερ
3131 1819 3286 1873 ἐστὶν
3309 1822 3342 1887 ἠ
3373 1821 3485 1872 τῶν
3510 1824 3747 1875 κανόνων
3771 1825 4011 1887 ἑ-κθεσις.

774 1895 827 1945 in
867 1893 1066 1960 tmnplo
1103 1902 1422 1947 sanctorum
1474 1893 1838 1961 apostolorum
1878 1895 1979 1948 sub
2023 1894 2218 1945 Photio
2249 1904 2398 1963 ινδιξ

2456 1898 2518 1950 'lt
2578 1901 2634 1952 δὲ
2686 1902 2892 1972 ἑϐδόμη
2951 1907 3008 1958 tv
3065 1908 3273 1978 Νικαίᾳ
3327 1912 3420 1964 ἐπὶ
3469 1915 3881 1968 Κωνσταντίνου
3917 1919 4012 1968 καὶ

775 1983 1034 2048 triarcha,
1063 1998 1186 2052 quae
1219 1985 1391 2053 prima
1425 1990 1479 2036 et
1512 1986 1750 2038 secunda
1799 1983 2035 2049 dicitur;
2080 1984 2186 2036 alia
2236 1985 2337 2037 sub

773 2075 953 2129 Leone
987 2086 1040 2130 et
1067 2076 1446 2139 Constantino,
1501 2076 1552 2129 in
1594 2076 1951 2130 celeberrimo
1985 2087 2189 2131 sancta:
2240 2075 2334 2129 Dei

769 2170 1066 2236 Sapientia:
1099 2168 1325 2238 templo,
1363 2184 1485 2236 qua:
1509 2169 1799 2238 septimam
1831 2170 2095 2240 synodum
2133 2169 2336 2224 contir-

768 2262 959 2315 mavit.
998 2260 1114 2314 Alia
1148 2261 1280 2315 coiit
1305 2261 1558 2331 Ancyrae,
1591 2260 1658 2316 de
1694 2262 1761 2316 iis
1795 2263 1886 2332 qui
1911 2262 2047 2330 lapsi
2080 2262 2330 2328 fuissent,

765 2353 1062 2408 universali
1107 2353 1281 2420 prima
1315 2354 1520 2423 synodo
1551 2353 1847 2421 antiquior.
1884 2353 1999 2408 Alia
2049 2353 2331 2417 Cmsarem,

763 2445 1040 2512 antiquior
1081 2445 1393 2514 Ancyrana,
1419 2444 1804 2498 ecclesiastica:
1831 2445 1905 2498 rei
1942 2445 2332 2499 constituenda:

759 2539 1015 2591 collecta.
1066 2537 1185 2590 Alia
1235 2537 1490 2606 Gangrte,
1546 2547 1667 2605 post
1717 2537 2012 2603 Nicmnam,
2069 2539 2330 2594 adversus

767 2629 1109 2684 Eustathiunt
1155 2634 1472 2698 quemdam,
1505 2632 1595 2698 qui
1656 2631 2064 2684 matrimonium
2117 2634 2330 2700 vitupe-

763 2725 943 2785 rabat,
996 2732 1048 2776 et
1101 2722 1206 2775 alia
1256 2732 1452 2789 praeter
1505 2722 1930 2777 ecclesiaSticam
1980 2722 2326 2777 traditionem

766 2815 1019 2878 docebat,
1053 2831 1172 2883 qua:
1209 2813 1524 2882 singulatim
1557 2814 1900 2866 anathemate
1936 2815 2178 2866 damnat.
2208 2815 2327 2866 Alia

763 2911 825 2959 ad
854 2910 1041 2964 urbem
1074 2905 1247 2976 Syria:
1277 2905 1650 2958 Antiochiam.
1683 2906 1759 2955 Ac
1785 2905 1901 2956 dua:
1923 2906 2139 2972 quidem
2170 2906 2221 2957 in
2263 2921 2325 2958 ea

761 2997 949 3066 synodi
987 2995 1276 3049 celebratae
1312 3002 1460 3048 sunt.
1491 2992 1628 3057 Una,
1657 2993 1757 3046 sub
1797 2995 2107 3055 Aureliano,
2137 3009 2322 3048 contra

757 3085 986 3138 Paulum
1023 3084 1468 3147 Samosateuutn,
1499 3085 1589 3152 qui
1637 3085 1913 3138 Christum
1948 3086 2162 3138 dicebat
2206 3101 2324 3138 esse

758 3193 953 3247 purttm
983 3176 1292 3238 hominem;
1324 3160 1517 3239 altera,
1548 3178 1648 3230 sub
1686 3178 2025 3239 Constantio,
2057 3176 2324 3230 Constan-

754 3271 852 3324 tini
905 3269 1081 3337 Magni
1130 3269 1409 3337 ﬁlio,qu:e
1440 3285 1678 3324 canones
1732 3271 1998 3339 exposuit.
2051 3270 2169 3324 Alta
2229 3261 2398 3324 luitC

758 3363 938 3414 habita
973 3361 1270 3421 Laodicete,
1308 3375 1429 3428 quae
1486 3363 1539 3414 in
1591 3360 1884 3415 Pacatiana
1939 3363 2170 3431 Phrygia
2221 3366 2324 3416 sita

756 3463 859 3505 est.
892 3454 1007 3504 Alia
1040 3451 1305 3517 Sardicze,
1339 3465 1558 3521 propter
1580 3453 1887 3520 lmjusmodi
1920 3469 2165 3507 causam.
2188 3455 2323 3508 Cmn

760 3545 873 3595 Arii
913 3556 1115 3595 sectam
1160 3544 1512 3597 Constantius
1565 3545 1847 3610 amplexus
1903 3545 2116 3607 fuisset,
2159 3547 2326 3600 frater

757 3636 876 3704 cjus
905 3635 1201 3698 C0nstans,
1243 3635 1426 3688 Itomze
1457 3637 1671 3692 veteris.
1697 3639 2013 3704 imperator,
2046 3639 2240 3691 bellum
2273 3639 2322 3692 ei

754 3742 850 3795 per
893 3728 1106 3780 litteras
1152 3728 1389 3780 minatus
1436 3737 1540 3790 est,
1577 3730 1626 3780 ni
1673 3727 1969 3782 Ecclesiatn
2012 3742 2322 3797 pervertere

750 3819 1049 3870 desineret.
1088 3817 1387 3885 Rescripsit
1431 3818 1540 3880 ille,
1577 3834 1636 3872 se
1665 3819 1785 3872 ﬁdei
1823 3821 2124 3873 doctrinam
2156 3835 2322 3874 accu-

751 3922 924 3961 ratam
959 3925 1226 3977 quzerere.
1258 3912 1601 3978 Quapropter
1629 3926 1692 3961 ex
1731 3910 1970 3977 ipsorum
2001 3922 2055 3964 et
2087 3910 2317 3965 Romani

748 4001 987 4067 episcopi
1013 4002 1309 4064 sententia,
1336 4001 1431 4054 3M
1468 4003 1644 4055 sancti
1678 4001 1868 4056 Patres
1897 4006 1948 4056 in
1981 4005 2082 4057 hac
2114 4006 2319 4073 synodo

747 4105 1145 4157 COIIVt'IIt‘I'IIIH,
1183 4111 1306 4162 quae
1338 4097 1666 4147 auctoritate
1701 4094 1930 4151 Nicaeum
1968 4101 2157 4167 synodi
2195 4114 2316 4152 san-

747 4186 878 4246 cita,
914 4201 1155 4238 canones
1184 4187 1347 4239 etiam
1380 4189 1654 4255 exposuit.
1700 4190 1815 4242 Alia
1844 4189 2176 4260 Carthagine
2215 4191 2318 4244 fuit

732 4274 954 4336 habita,
982 4276 1082 4327 suh
1130 4273 1426 4329 Theodosii
1469 4277 1725 4342 imperio,
1763 4278 1870 4356 2Ιῖ
1902 4280 2108 4332 sanctis
2137 4278 2316 4333 Patri-

746 4369 843 4418 Ims
903 4367 1169 4430 collectis,
1218 4367 1536 4435 quibuscum
1592 4371 1820 4422 aderant
1871 4379 1926 4424 et
1963 4371 2118 4440 Papae
2143 4373 2312 4425 vicem

742 4474 1017 4530 gerentes.
1056 4465 1402 4519 Auctoritate
1434 4466 1629 4534 synodi
1660 4466 1889 4520 Nicaeum
1919 4470 2185 4533 stabilita,
2218 4486 2312 4524 ca-

2447 1991 2685 2061 Εἰρήνης
2723 1996 2823 2063 τῆς
2861 1999 3067 2067 μητρὸς
3107 2002 3278 2054 αὑτοῦ
3321 2005 3690 2074 συνηθροίσθη
3724 2011 3865 2061 κατὰ
3903 2010 4012 2061 τῶν

2442 2083 2859 2158 Ἐίκονομάχων.
2893 2093 3224 2159 τριακοσίων
3251 2097 3516 2164 ἑξήκοντα
3540 2101 3634 2152 καὶ
3658 2101 3796 2154 ἑπτὰ
3829 2102 4000 2168 ἁγίων

2441 2177 2577 2231 οὖσα
2613 2181 2893 2251 Πατέρων,
2929 2183 3025 2246 οὓς
3050 2187 3144 2238 καὶ
3178 2188 3560 2258 ἁνεθεμὰτισε.
3597 2194 3718 2246 Τῶν
3752 2195 3808 2246 δὲ
3848 2212 4003 2263 μερι-

2443 2271 2556 2323 κῶν
2591 2273 2828 2325 συνόδων
2875 2275 2909 2343 ή
2962 2276 3065 2345 μὲν
3109 2280 3251 2331 κατὰ
3287 2280 3386 2350 τὴν
3429 2284 4008 2340 Κωνσταντινούπολιν

2439 2361 2498 2412 ὲν
2527 2361 2603 2428 τῷ
2626 2364 2739 2433 ναῷ
2767 2365 2876 2416 τῶν
2909 2366 3105 2433 Ἀγίων
3139 2370 3479 2426 Ἀποστόλων
3513 2377 3881 2447 συνηθροίσθη
3912 2381 4008 2432 ἐπὶ

2437 2450 2532 2502 τοῦ
2559 2450 2767 2504 Φωτίου
2799 2457 3169 2528 πατριάρχου,
3220 2461 3254 2530 η
3292 2464 3388 2516 καὶ
3422 2465 3615 2535 πρώτη
3644 2472 3741 2523 καὶ
3780 2470 4006 2540 δεύτερα

2438 2541 2704 2614 λεγομένη
2730 2560 2745 2575 ’
2803 2548 2836 2616 ἠ
2876 2547 2932 2600 δὲ
2973 2551 3066 2602 ἐπὶ
3105 2552 3336 2616 Λέοντος
3377 2559 3470 2608 καὶ
3506 2558 3919 2617 Κωνσταντίνου
3947 2567 4006 2618 tv

2435 2632 2511 2725 τῷ
2540 2636 2878 2708 περιωνύμῳ
2927 2642 3041 2710 ναῷ
3069 2642 3170 2712 τῆς
3221 2646 3314 2698 τοῦ
3361 2649 3498 2701 Θεοῦ
3537 2651 3726 2718 ’Δγίας
3779 2657 4002 2725 Σοφίας,

2434 2724 2554 2794 ἥτις
2608 2728 2710 2797 τὴν
2803 2731 3039 2802 ἑϐδόμην
3100 2737 3345 2806 ἐκύρωσε
3413 2742 3662 2795 σύνοδον·
3724 2749 3756 2814 ἠ
3822 2724 3878 2800 δὲ
3945 2753 4003 2802 ἐν

2449 2820 2714 2892 Ἀγκύρᾳ,
2770 2827 3129 2898 πρεσὸυτέρα
3185 2831 3284 2898 τῆς
3337 2834 3722 2906 οίκουμενικῆς
3774 2839 4001 2909 πρώτης

2435 2910 2681 2974 συνόδου,
2715 2914 2844 2981 περὶ
2871 2914 2980 2967 τῶν
3003 2924 3533 2986 παραπεπτωκότων
3576 2929 3822 2981 συστᾶσα
3843 2947 3855 2960 ·
3888 2933 3918 3000 ἡ
3942 2932 4000 2984 δὲ

2435 2999 2491 3094 tv
2515 3001 2844 3094 Ιςαισαρείᾳ,
2866 3007 3216 3078 πρεσϐυτέρα
3247 3013 3340 3064 καὶ
3362 3014 3502 3085 αὕτη
3517 3018 3617 3084 τῆς
3640 3021 3696 3071 ὲν
3731 3022 3998 3094 ’Δγκύρᾳ,

2433 3092 2900 3164 ἐκκλησιαστικῆς
2923 3099 3084 3151 ἕνεκα
3103 3104 3494 3167 καταστάσεως
3513 3092 3963 3178 συναθροισθεῖσα
3982 3133 3996 3145 ο

2432 3185 2463 3251 ἡ
2494 3183 2549 3235 δὲ
2608 3189 2665 3236 tv
2693 3187 2939 3258 Γὰγγρᾳ,
2969 3191 3091 3260 ἥτις
3127 3198 3264 3263 μετὰ
3286 3197 3384 3265 τὴν
3409 3201 3466 3252 ἐν
3500 3201 3706 3273 Νικαίᾳ
3734 3206 3996 3276 συνέστη,

2434 3278 2576 3328 κατὰ
2616 3294 2762 3341 τινος
2812 3281 3134 3348 Εὑσταθίου,
3196 3288 3285 3340 τὸν
3347 3291 3528 3358 γάμον
3585 3295 3993 3364 διαϋὰλλοντος,

2434 3368 2529 3418 καὶ
2564 3368 2705 3422 ἄλλα
2771 3374 2924 3440 παρᾶ
2952 3373 3050 3439 τὴν
3091 3377 3556 3451 ὲκκλησιαστικὴν
3615 3387 3994 3448 νουθετοῦντος

2432 3460 2749 3549 παρὰδοσιν,
2785 3463 2821 3514 ἃ
2862 3467 2954 3515 καὶ
2995 3468 3117 3518 καθ’
3149 3468 3380 3524 ἕκαστον
3413 3475 3804 3544 ἁναθεματίζει
3827 3497 3839 3507 ·
3873 3483 3903 3549 ἠ
3939 3482 3998 3532 δὲ

2426 3549 2487 3598 ὲν
2527 3547 2829 3620 Ἀντιοχείᾳ
2853 3553 2950 3619 τῆς
2976 3555 3193 3623 Συρίας.
3224 3559 3329 3611 Δύο
3354 3563 3410 3613 δὲ
3441 3566 3498 3614 ἐν
3529 3566 3701 3637 ταύτῃ
3737 3547 3998 3634 συνέστη-

2429 3656 2528 3690 σαν
2573 3641 2798 3694 σύνοδοι.
2847 3644 2910 3697 Ἡ
2944 3648 3044 3714 μὲν
3072 3650 3166 3699 ἐπὶ
3205 3651 3572 3722 Αύρηλιανιῦ,
3605 3662 3747 3711 κατὰ
3777 3662 3994 3715 Παύλου

2426 3729 2518 3782 τοῦ
2578 3731 2960 3799 Σαμοσατέως,
3022 3736 3178 3804 ψιλὸν
3233 3743 3524 3812 ἄνθρωπον
3595 3749 3688 3800 τὸν
3752 3751 3997 3820 Χριστὸν

2425 3821 2671 3889 λέγοντος
2693 3839 2708 3854 ⁶
2745 3825 2776 3893 ἠ
2808 3824 2864 3876 δὲ
2897 3827 2990 3878 ἐπὶ
3026 3828 3121 3880 τοῦ
3158 3833 3571 3899 Κωνστανιίου,
3611 3843 3703 3893 τοῦ
3749 3845 3865 3895 υίσῦ
3896 3846 3993 3898 τοῦ

2425 3911 2663 3978 μεγάλου
2711 3914 3154 3982 Κωνσταντίνου,
3235 3921 3355 3990 ἥτις
3431 3928 3525 3978 καὶ
3582 3933 3704 3993 τοὺς
3763 3940 3996 4000 κανόνας

2421 4006 2658 4102 setiam.
2713 4009 2886 4102 Ὶιῗδὲ
2963 4013 3019 4064 ὲν
3076 4017 3371 4090 Λαοδικείᾳ
3453 4024 3552 4092 τῆς
3635 4029 3993 4102 Καπατιανῆς

2421 4096 2822 4173 [ιιακατιανῆς]
2847 4105 3113 4176 Φρυγίαςο
3143 4113 3175 4180 ἡ
3209 4112 3265 4164 δὲ
3295 4117 3352 4166 tv
3407 4117 3664 4189 Σαρδικῇ,
3701 4123 3768 4176 δι’
3809 4096 3993 4181 αἰτίαν

2419 4192 2698 4288 τοιαύτην.
2751 4195 3194 4264 ’Λρειανίσαντος
3241 4207 3646 4274 Κωνσταντίου,
3693 4216 3722 4265 ὁ
3762 4217 3992 4288 ἁδελφὸς

2417 4283 2586 4335 αὑτοῦ
2626 4285 2891 4350 Κώνστας
2919 4290 3018 4358 τῆς
3047 4294 3431 4365 πρεσϐυτέρας
3483 4300 3709 4373 Ῥώμης
3744 4283 3986 4376 κρατέειν,

2385 4379 2656 4476 .πόλ-εμον
2698 4382 2848 4476 αύτῷ
2897 4385 2984 4437 διὰ
3037 4392 3384 4459 γραμμάτων
3422 4395 3748 4468 ἠπείλησεν,
3803 4408 3851 4456 εί
3911 4411 3990 4476 μὴ

2417 4472 2690 4525 παύσαιτο
2729 4475 3076 4545 διαστρέφων
3106 4481 3206 4548 τὴν
3269 4484 3621 4556 Ἐκκλησίαν.
3673 4493 3729 4545 ὐ
3768 4497 3822 4549 δὲ
3859 4472 3985 4552 αντἐ

731 4569 914 4606 nones
946 4556 1112 4607 etiam
1151 4555 1423 4622 exposuit.
1459 4555 1737 4625 Carthago
1767 4568 1977 4621 autem,
2000 4560 2311 4616 Carchedo-
2344 4586 2390 4644 ο

2419 4560 2718 4630 έγραψε,τδ
2742 4565 2836 4634 τῆς
2860 4567 3095 4631 πίστεως
3116 4573 3344 4642 ἀκριϐὲς
3368 4555 3575 4645 ζητεῖν.
3597 4584 3703 4636 Καὶ
3725 4586 3812 4639 διὰ
3831 4591 3988 4643 τοῦτο

736 4645 827 4698 nis
877 4660 1004 4709 pars
1036 4653 1137 4698 est.
1189 4645 1253 4699 Et
1285 4646 1629 4715 Carchedon,
1673 4649 1870 4704 Africa:
1908 4653 2210 4719 provincia.
2244 4653 2311 4706 Et

739 4736 1070 4806 synodoruut
1107 4739 1325 4804 quidem
1363 4742 1477 4794 haec
1506 4742 1645 4795 ratio
1679 4753 1785 4798 cst.
1824 4742 2151 4798 Sanctorum
2182 4760 2308 4798 vero

735 4843 999 4890 canones,
1035 4829 1231 4897 partim
1264 4842 1392 4884 sunt
1424 4846 1489 4885 ex
1523 4833 1749 4901 epistola
1785 4835 1957 4888 sancti
2009 4836 2131 4898 viri,
2185 4835 2309 4889 Dio-

738 4921 874 4995 nysii
906 4921 1285 4986 Alexandrini,
1313 4924 1508 4991 partim
1537 4924 1681 4979 Petri
1712 4925 2086 4992 Alexandrini;
2111 4927 2304 4996 partim

739 5009 992 5076 Gregorii
1034 5010 1427 5065 miraculorum
1479 5013 1736 5084 opiﬁcis:
1773 5016 1970 5084 partim
2019 5031 2083 5068 ex
2119 5016 2307 5069 Basilii

734 5099 914 5166 magni
943 5101 1202 5168 epistola;
1227 5106 1422 5172 partim
1444 5119 1508 5158 ex
1539 5108 1763 5174 epistola
1787 5108 2031 5177 Gregorii
2052 5106 2302 5178 Nyssem,

734 5191 798 5240 ad
839 5190 1109 5255 Letoinm,
1149 5196 1466 5264 episcopum
1501 5197 1768 5253 Melitena:
1814 5217 1828 5253 :
1863 5201 2078 5270 partim,
2107 5218 2169 5255 ex
2205 5201 2300 5255 Ti-

735 5283 940 5334 mothei
971 5284 1332 5341 Alexandrini
1369 5291 1668 5357 reSponsis;
1701 5293 1897 5360 partim
1931 5309 1991 5347 ex
2025 5280 2300 5363 responsis

725 5373 1345 5445 Constantinopolitanae
1403 5383 1618 5450 synodi,
1671 5386 1737 5436 ad
1787 5386 2084 5438 monachos
2136 5402 2299 5453 quos-

722 5474 872 5535 dam,
937 5473 1160 5529 Nicolao
1224 5475 1572 5532 sanctissimo
1645 5476 1959 5544 patriarcha
2024 5479 2288 5544 praeside;

724 5569 919 5633 partim
950 5583 1012 5621 ex
1044 5567 1289 5634 epistolis
1339 5567 1562 5637 Cyrilli;
1609 5568 1806 5634 partim
1861 5568 2156 5637 Nicephori
2204 5583 2296 5638 pa-

727 5651 998 5713 triarchae.
1045 5658 1368 5712 Sanctorum
1411 5660 1785 5727 apostolorum
1819 5675 2056 5713 canones
2102 5673 2293 5714 nume-

725 5768 783 5806 ro
806 5763 928 5804 sunt
957 5750 1046 5814 85;
1080 5750 1467 5804 universalium
1507 5751 1859 5817 synodorum,
1889 5753 2094 5820 prima,
2128 5768 2294 5806 cano-

725 5857 820 5898 nes
851 5844 967 5909 20;
1027 5844 1298 5913 secundat,
1336 5843 1398 5910 7;
1439 5845 1633 5911 tertia,
1699 5843 1763 5910 8;
1817 5856 2044 5915 quarta,
2089 5849 2188 5910 30;
2236 5851 2287 5900 in

2415 4649 2574 4715 δόξαν
2619 4655 2802 4716 αὐτοῖς
2835 4672 2897 4707 τε
2949 4660 3047 4710 καὶ
3107 4661 3187 4729 τῷ
3248 4661 3464 4734 Ῥώμης
3500 4671 3531 4736 ἡ
3565 4670 3781 4737 σύνοδος
3839 4677 3909 4729 αὖ
3949 4698 3982 4748 η

2420 4744 2810 4834 συνηθροίσθη,
2849 4750 3195 4816 ,τριακοσίων
3257 4760 3670 4826 τεσσαράκοντα
3721 4771 3812 4818 καὶ
3866 4744 3988 4834 ενδ,

2413 4832 2588 4927 ἁγίων
2621 4831 2756 4888 οὖσα
2799 4839 3079 4906 Πατέρων,
3111 4843 3146 4912 ἡ
3183 4845 3280 4916 τὴν
3319 4849 3376 4898 tv
3427 4850 3633 4922 Νικαίᾳ
3686 4831 3987 4927 κυρώσασὰ

2414 4925 2632 4977 σύνοδον
2661 4930 2752 4981 καὶ
2799 4933 3030 5022 κανόνας
3095 4934 3329 4998 ἐξέθετο.
3368 4940 3430 4992 ἸΙ
3458 4942 3513 4993 δὲ
3539 4945 3596 4995 tv
3629 4925 3979 5022 Καρθαγένῃ,
4054 4942 4058 4946 ’

2410 5019 2531 5086 ἥτις
2564 5021 2656 5071 ἐπὶ
2689 5021 2973 5074 Θεοδοσίου
3023 5025 3117 5076 τοῦ
3152 5029 3369 5099 Μικρυύ
3437 5039 3828 5109 συνηθροίσθη,
3863 5019 3984 5102 διά.-

2411 5114 2614 5167 κοσίων
2637 5116 2917 5171 δεκαεπτὰ
2936 5121 3110 5188 ἁγίων
3135 5123 3267 5177 οὖσα
3293 5128 3575 5198 Πατέρων,
3604 5135 3725 5198 μεθ’
3748 5131 3821 5194 ὧν
3841 5135 3984 5208 ἦσαν

2406 5209 2501 5258 καὶ
2515 5211 2882 5278 τοποτηρητα“ι
2899 5213 2992 5264 τοῦ
3014 5214 3243 5281 Πάππα,
3272 5219 3304 5288 ἢ
3322 5219 3422 5289 τὴν
3439 5223 3496 5273 tv
3511 5222 3716 5297 Νικαίᾳ
3731 5229 3822 5280 καὶ
3839 5231 3981 5299 α’ὑιη

2406 5296 2706 5390 πυρώσασα
2732 5301 2952 5355 σύνοδον
2984 5306 3076 5356 καὶ
3129 5309 3361 5371 κανόνας
3381 5313 3616 5376 ἐξέθετο.
3654 5296 3981 5390 Καρθὰγενα

2405 5388 2486 5446 δὲ.
2523 5391 2692 5459 μέρος
2723 5394 2818 5461 τῆς
2876 5396 3222 5464 Καρχηδόνος
3266 5403 3446 5455 ἐστίν’
3479 5407 3510 5475 ἡ
3543 5408 3598 5459 δὲ
3650 5388 3976 5482 Καρχηδὼν,

2403 5484 2642 5551 ἐπαρχία
2662 5484 2756 5554 τῆς
2787 5486 3052 5556 Ἀφρικῆς
3096 5492 3191 5543 καὶ
3219 5497 3284 5546 τὰ
3304 5496 3403 5562 μὲν
3424 5498 3532 5550 τῶν
3555 5488 3788 5556 συνόδων
3806 5506 3980 5570 οὕτως

2401 5575 2536 5644 ἔχει.
2575 5578 2636 5628 Οί
2673 5576 2728 5629 δὲ
2763 5580 2871 5632 τῶν
2918 5582 3090 5650 ἁγίων
3125 5587 3456 5655 κανόνες,λοι
3487 5592 3587 5660 μέν
3629 5596 3767 5648 είσιν
3789 5599 3852 5650 ὲκ
3880 5601 3976 5667 τῆς

2400 5667 2686 5736 ἐπιστολῆς
2712 5671 2807 5722 τοῦ
2824 5673 2981 5740 ἁγίου
2999 5679 3273 5730 Διονυσίου
3293 5679 3714 5753 Ἀλεξανδρείας’
3735 5689 3783 5740 οἱ
3803 5689 3859 5742 δὶ
3881 5691 3977 5744 τοῦ

2396 5757 2557 5852 ἁγίου
2593 5756 2799 5830 Πέτρου
2856 5763 3292 5836 Ἀλεξανδρείας·
3329 5774 3376 5823 ot
3409 5774 3484 5838 δὲ,
3518 5777 3611 5829 τοῦ
3645 5781 3801 5847 ἁγίου
3840 5784 3976 5852 Γρη-

2397 5850 2579 5919 γορίου
2609 5851 2702 5904 τοῦ
2733 5855 3163 5927 Θαυματουργοὺ
3184 5875 3195 5890 ο
3236 5865 3282 5913 οἱ
3317 5863 3393 5928 δὲ,
3430 5867 3490 5917 ἐκ
3523 5868 3630 5919 τῶν
3657 5850 3968 5928 ἐπιστολῶν
