4286 6466
736 463 798 528 9i
1895 474 2158 537 CONS'I‘.
2198 471 2768 536 llAltMENOPULl
3922 472 3995 535 92

1367 585 1395 633 7
1427 585 1685 651 ejusdem.

805 681 863 735 Si
911 680 1033 750 quis
1078 689 1258 735 autem
1302 682 1356 733 in
1389 681 1630 748 periculo
1680 683 2036 747 constitutus,
2070 682 2325 751 episcopo

733 788 840 827 non
889 783 1177 844 pnes-cute,
1220 773 1329 827 aris
1357 773 1701 828 reconciliari
1737 775 1978 844 petierit,
2008 775 2324 844 episcopum

730 866 1009 933 presbyter
1048 866 1363 935 interroget,
1397 880 1460 920 ac
1502 876 1660 935 prout
1694 865 1744 920 ei
1779 880 2099 936 responsum
2136 866 2320 931 fuerit,

735 971 882 1029 ngat.

1363 1052 1431 1106 20
1456 1052 1711 1123 ejusdem.

802 1143 1182 1210 Presbyterum
1216 1155 1525 1199 accusatum
1553 1146 1840 1215 episc0pus
1866 1161 1998 1201 suus
2024 1146 2321 1211 examinet,

732 1250 835 1287 una
866 1251 984 1288 cum
1019 1251 1110 1288 sex
1147 1235 1266 1290 aliis
1302 1236 1594 1305 episc0pis,
1629 1252 1768 1305 quos
1807 1247 1959 1291 actor
1985 1247 2037 1291 ct
2071 1253 2196 1293 rens
2227 1237 2325 1291 eli-

733 1338 887 1396 gent;
925 1328 1210 1381 diaconum
1266 1343 1414 1392 vero,
1469 1345 1589 1381 cum
1637 1330 1756 1384 aliis
1808 1330 1979 1384 tribus
2010 1329 2316 1398 episcopis;

734 1418 969 1487 reliquos
996 1420 1243 1485 clericos,
1270 1423 1441 1476 solus.
1477 1418 1813 1476 Observetur
1842 1430 2020 1474 autem
2061 1432 2115 1474 et
2147 1421 2200 1475 in
2232 1420 2315 1474 his

733 1511 871 1563 idem
904 1513 1137 1579 spatium
1166 1522 1465 1583 temporum
1497 1513 1598 1582 (ι),
1637 1515 1780 1584 quod
1816 1514 1872 1568 in
1900 1513 2194 1585 episcopis.

1323 1691 1396 1745 25
1428 1691 1688 1759 ejusdem.

800 1779 903 1844 Qui
936 1794 1088 1835 sacra
1128 1792 1384 1845 tractant,
1422 1798 1452 1838 a
1501 1783 1822 1854 conjttgihus
1881 1786 2214 1842 abstineant.
2264 1788 2320 1841 ιιι

729 1872 829 1925 nisi
849 1873 1074 1939 faciant,
1103 1875 1474 1945 deponuntor.

1324 2055 1393 2108 27
1424 2055 1683 2124 ejusdem.

798 2138 1065 2195 Sacerdos
1083 2144 1360 2199 convictus
1378 2156 1434 2201 ct
1452 2148 1727 2215 depositus
1747 2164 1918 2219 neque
1942 2158 1996 2203 ut
2021 2150 2193 2207 laicus
2211 2166 2324 2219 pue-

728 2231 1012 2288 nitentium
1047 2252 1213 2306 agens
1250 2253 1438 2292 rursus
1472 2241 1778 2306 ordinator,
1812 2257 1986 2312 neque
2014 2242 2321 2314 rebaptiza-

730 2332 834 2387 tor,
860 2327 1011 2392 quasi
1038 2329 1167 2396 quid
1208 2329 1333 2382 inde
1366 2332 1726 2396 proluunt-us.

1319 2420 1386 2475 48
1412 2422 1671 2491 ejusdem.

810 2505 1303 2576 RebaptizzttiOItes,
1329 2523 1381 2565 et
1405 2520 1611 2569 itcratze
1636 2518 2031 2587 ordinationes,
2056 2534 2111 2577 et
2144 2537 2322 2579 remo-

730 2600 903 2654 tiones
948 2602 1345 2672 episcoporum,
1381 2623 1446 2660 ne
1481 2607 1631 2663 linit.

1362 2698 1424 2751 ’51
1459 2701 1716 2768 ejusdem.

800 2781 900 2849 Qui
934 2786 1194 2841 honorem
1240 2792 1583 2859 ampliorem,
1649 2809 1911 2863 poscente
1971 2803 2317 2870 necessitate,

731 2875 998 2942 repudiat,
1034 2877 1183 2933 illum
1218 2883 1405 2947 etiam,
1437 2900 1598 2952 quem
1638 2886 1822 2957 habet,
1856 2891 2068 2959 perdet.

1321 2974 1391 3029 29
1412 2976 1679 3044 ejusdem.

804 3057 1338 3129 Excommunicatus,
1385 3068 1428 3121 si
1468 3080 1595 3124 ante
1617 3074 2055 3141 conopes-sionem
2076 3092 2321 3135 commu-

733 3151 1016 3220 nicaverit,
1044 3159 1393 3226 semetipsum
1422 3160 1665 3219 damnat.

1332 3253 1434 3307 104
1457 3256 1718 3321 eiusdem.

803 3340 1090 3407 Sacerdos,
1124 3344 1215 3412 qui
1249 3343 1510 3411 judicium
1545 3352 1822 3418 publicum
1877 3354 1947 3410 ab
1982 3357 2315 3429 imperatore

733 3430 886 3497 petit,
923 3432 1230 3500 deponitur.

1313 3533 1417 3587 122
1446 3536 1687 3604 ejusdem
1703 3578 1718 3593 .

800 3613 903 3680 Qui
938 3614 1004 3669 de
1056 3632 1324 3676 consensu
1367 3631 1643 3682 communi
1685 3634 2162 3698 pronuntiaturum
2194 3652 2317 3692 sen-

735 3708 957 3761 tentiam
988 3726 1093 3764 non
1122 3714 1342 3781 accipit,
1371 3723 1771 3778 communionis
1801 3739 1998 3782 exsors
2031 3739 2171 3783 esto.

1238 3807 1300 3860 l7
1331 3808 1526 3863 Basilii
1556 3810 1763 3885 Magni.

806 3891 1111 3963 Presbyter,
1168 3898 1257 3965 qui
1313 3914 1409 3966 per
1456 3905 1794 3961 coactioncm
1840 3906 2067 3975 iuravit,
2104 3927 2165 3966 se
2206 3928 2311 3966 non

735 3984 1008 4038 obiturum
1055 3987 1412 4045 ministerium
1466 4009 1703 4057 sacrum.
1758 4000 1802 4052 si
1855 4001 2322 4073 lactietttttpmtii-

739 4086 865 4142 teat,
891 4078 1163 4145 privatim,
1201 4097 1306 4135 non
1336 4086 1568 4153 publice,
1598 4103 1755 4143 sacro
1784 4090 2023 4162 lnngitor
2047 4095 2245 4155 oﬂicio.

1257 4174 1324 4227 70
1352 4175 1544 4230 Basilii
1581 4178 1787 4249 Magni.

810 4258 1096 4327 Diaeonus,
1144 4264 1227 4318 vel
1284 4267 1591 4337 presbyter,
1642 4272 1821 4338 quise
1856 4274 2122 4343 pollutum
2167 4277 2323 4335 labiis

738 4350 915 4406 fuscus
937 4351 1118 4420 fuerit,
1142 4370 1170 4407 a
1197 4357 1496 4413 ministerio
1515 4375 1669 4416 sacro
1685 4365 1961 4431 exclusus,
1984 4379 2323 4427 sacramenta

736 4443 995 4511 percipiat
1022 4460 1144 4500 cum
1177 4448 1419 4505 diaconis
1455 4461 1549 4505 aut
1578 4455 1930 4526 presbyteris.
1967 4459 2063 4514 Sin
2114 4464 2321 4532 aliquid

737 4536 899 4590 etiam
929 4539 1161 4607 amplius
1185 4556 1305 4596 eum
1334 4547 1674 4602 commisisse
1723 4553 1987 4618 paruerit,
2016 4555 2320 4623 deponitor-

1353 4724 1375 4777 1
1410 4725 1727 4795 Attt'yrame.

806 4810 1117 4882 Presbyter,
1138 4814 1229 4880 qui
1260 4829 1355 4882 per
1394 4819 1730 4873 coactionem
1761 4821 2099 4880 daemonibus
2136 4828 2330 4884 immo-

740 4903 952 4963 Iaverit,
998 4920 1063 4958 ac
1092 4906 1289 4961 deinde
1332 4923 1524 4963 rursus
1559 4921 1838 4965 certamen
1872 4914 2114 4977 iniverit.
2157 4920 2329 4975 hono-

735 4998 812 5050 ris
842 4998 1080 5064 quidem,
1116 5014 1181 5052 ac
1210 5000 1359 5055 sedis
1393 5003 1664 5071 particeps
1698 5016 1855 5059 esto:
1888 5010 1983 5061 sed
2014 5009 2146 5065 nihil
2169 5014 2328 5069 obeat

734 5105 922 5144 eorum
951 5107 1070 5160 qua:
1100 5092 1166 5146 ad
1194 5094 1530 5150 sacerdotale
1557 5113 1751 5153 munus
1778 5100 2073 5168 pertinent.

1371 5183 1406 5236 2
1431 5184 1688 5252 ejusdem.

808 5270 1072 5326 Similiter
1106 5280 1159 5325 ct
1204 5272 1480 5327 diaconus.
1542 5274 1790 5331 lnteudat
1825 5288 2005 5334 autem
2061 5276 2326 5351 [pmnam]

736 5364 1045 5433 cpiscopus,
1087 5363 1171 5418 vel
1204 5365 1433 5431 minuat,
1470 5380 1568 5435 pro
1610 5368 1850 5438 ipsorum
1883 5372 2219 5440 paenitentia:
2246 5389 2331 5426 ra-

738 5459 904 5513 tione.

1264 5550 1298 5604 5
1326 5552 1522 5607 habita:
1555 5556 1608 5608 in
1637 5554 1846 5611 Trulla.

815 5641 1136 5697 Sacerdotes
1164 5654 1234 5697 ’et
1271 5645 1503 5711 diaconi,
1565 5658 1831 5719 quotquot
1860 5662 1985 5708 ante
2035 5653 2326 5709 concilium

744 5733 846 5787 hoc
881 5744 1124 5789 nostrum
1178 5734 1366 5792 illicite
1412 5741 1631 5809 nuptias
1675 5742 1965 5804 iterarunt.
2007 5754 2102 5799 aut
2135 5746 2328 5800 viduas

820 5914 898 5984 (I)
941 5913 1050 5973 Hoc
1082 5926 1187 5988 est,
1218 5919 1355 5977 idem
1391 5922 1531 5991 dies,
1566 5935 1621 5979 ut
1645 5923 1839 5981 Jutisc.
1873 5926 2191 5999 loquuntur.

2353 585 2404 644 A

2344 3281 2391 3343 ϐ

3007 584 3061 635 '0
3090 582 3138 642 ζ’
3175 585 3417 650 ταύτης.

2516 676 2641 730 Ἐὰν
2674 677 2731 731 δέ
2759 695 2844 742 τις
2885 677 3214 733 κινδυνεύων
3241 678 3549 732 ἐπισκόπου
3604 675 3680 749 μὴ
3712 678 4006 750 παρόντος,

2430 770 2634 841 αἰτήσῃ
2662 768 3073 839 καταλλαγῆναι
3097 771 3211 833 τοῖς
3235 769 3672 839 θυσιαστηρίοις,
3706 772 3734 823 ὁ
3762 771 4001 839 πρεσϐύ-

2429 879 2585 933 τερος
2607 863 2700 914 τὸν
2723 863 3024 917 ἐπίσκοπον
3044 860 3406 934 ἐρωτησάτω,
3437 862 3701 915 καὶκατὰ
3728 861 3790 915 τὸ
3814 862 4003 934 λεχθὲν

2430 955 2624 1026 ἐκείνῳ
2658 956 2907 1012 ποιείτω.

3013 1050 3078 1103 '0
3105 1048 3154 1103 κ’
3185 1051 3407 1117 ταύτης

2499 1143 2881 1214 Πρεσϐύτερον
2917 1143 3421 1212 κατηγορούμενος,
3447 1142 3548 1194 σὺν
3582 1143 3760 1205 ἄλλοις
3787 1142 3847 1208 ἓξ
3876 1144 4002 1195 ἐπι.

2431 1238 2677 1297 σκόποις,
2735 1234 2829 1299 οὓς
2877 1238 2905 1288 ὁ
2957 1234 3285 1304 κατηγορῶν
3312 1235 3405 1289 καὶ
3436 1235 3465 1287 ὀ
3520 1236 4002 1307 κατηγορούμενος

2428 1328 2784 1397 αἱρήσονται,
2820 1328 2849 1377 ὁ
2883 1326 3011 1389 ἴδιος
3062 1328 3363 1388 ἐπίσκοπος
3413 1325 3761 1390 ἐξετασάτωο
3814 1327 4001 1379 διάκο-

2426 1436 2516 1471 νον
2541 1419 2624 1485 δέ,
2658 1420 2754 1472 σὺν
2780 1418 2960 1480 ἄλλοις
2983 1418 3189 1488 τρισίν’
3226 1418 3319 1470 ἐπὶ
3352 1418 3410 1472 δὲ
3439 1418 3550 1470 τῶν
3575 1418 3781 1471 λοιπῶν
3804 1417 4003 1487 κληρι-

2426 1513 2560 1577 κῶν,
2598 1514 2781 1580 μόνος.
2811 1513 2993 1565 Ἔστω
3044 1512 3101 1565 δι
3143 1514 3237 1565 καὶ
3267 1513 3359 1565 ἐπὶ
3390 1512 3598 1565 τούτων
3642 1513 3675 1581 ή
3724 1512 3862 1583 αὑτὴ
3891 1511 4002 1565 τῶν

2462 1606 2637 1674 αιρῶν
2676 1604 2999 1675 προθεσμία,
3036 1607 3069 1675 ή
3102 1605 3196 1657 καὶ
3220 1606 3313 1657 ἐπὶ
3344 1605 3453 1658 τῶν
3484 1606 3823 1660 ἐπισκόπων.

3001 1695 3058 1749 '0
3103 1696 3185 1750 κε’
3215 1700 3461 1764 ταύτης.

2491 1787 2559 1843 Οί
2590 1788 2657 1841 τὰ
2716 1788 2839 1859 ίερὰ
2893 1791 3423 1860 μεταχειριζόμενοι,
3474 1794 3539 1845 ἐκ
3593 1792 3704 1845 τῶν
3756 1790 4005 1861 συμϐίων

2426 1882 2950 1952 ὲγκρατευέσθωσαν
2982 1900 2994 1913 ο
3034 1885 3108 1954 μὴ
3145 1885 3429 1947 ποιοῦντες
3462 1884 3540 1951 δὲ,
3601 1883 4004 1955 καθαιρείσθω⁴

2427 1992 2552 2029 σαν.

2986 2072 3051 2126 '0
3077 2070 3167 2131 κζ’
3191 2072 3439 2141 ταύτης.

2508 2164 2830 2234 ’Ῑερωμένος
2861 2166 3143 2237 ἐλεγχθεὶς
3176 2166 3274 2220 καὶ
3336 2165 3709 2237 καθαιρεθεὶς,
3756 2168 3893 2237 μήτε
3926 2166 4002 2229 ὡς

2422 2254 2611 2318 λαῖκὺς
2677 2255 2956 2334 μετανρῶν
3007 2255 3165 2319 αὖθις
3213 2253 3653 2326 χειροτονείσθω,
3718 2255 3854 2324 μήτε
3896 2252 4002 2324 μὴν

2422 2348 2903 2437 ἀναϐαπτιζέσθιρ,
2936 2348 3011 2412 ὥς
3034 2366 3087 2401 τι
3116 2349 3413 2417 προκόψων
3442 2346 3722 2401 ἐντεῦθεν.

2978 2443 3040 2497 '0
3066 2445 3166 2513 μη⁹
3196 2445 3442 2511 ταύτης.

2506 2536 2950 2602 Ἀναϐαπτίσεις,
2973 2538 3069 2589 καὶ
3099 2536 3630 2607 ἀναχειροτονήσεις,
3653 2528 3753 2585 καί
3773 2547 4001 2601 psum-

2421 2629 2605 2695 ει-ήσεις
2635 2629 2969 2694 ἐπισκόπων,
3003 2630 3078 2698 μὴ
3111 2630 3467 2694 γινέσθωσαν.

2965 2721 3030 2774 '0
3062 2722 3158 2775 λα’
3198 2723 3447 2788 ταύτης.

2506 2812 2569 2864 ’0
2602 2811 2777 2881 μείζω
2822 2813 2990 2883 τιμὴν
3020 2812 3438 2882 ἀπωθούμενος,
3487 2814 3739 2885 ἀνάγκης
3798 2815 3999 2869 καλού-

2425 2920 2546 2974 σης,
2572 2903 2668 2956 καὶ
2701 2902 2770 2973 ἢν
2801 2901 2916 2974 ἔχει
2953 2904 3383 2973 προσαπολέσει.

2963 2993 3026 3050 ’0
3048 3000 3133 3051 κθ⁹
3164 3001 3407 3067 ταύτης.

2506 3088 2904 3161 Ἀκοινῶνητος
2930 3092 3272 3161 κοινωνήσας
3301 3091 3408 3162 πρὸ
3434 3091 3809 3162 συμπαθείας,
3836 3094 3997 3147 αὖτο-

2422 3185 2781 3256 κατάκριτος.

2990 3275 3054 3329 ’0
3076 3276 3170 3343 ρδν
3188 3277 3426 3344 ταύτης.

2502 3369 2828 3440 Ὶερωμένος
2877 3369 3147 3439 δημοσίαν
3193 3370 3379 3439 κρίσιν
3418 3368 3569 3439 παρὰ
3610 3368 3878 3439 βασιλέως
3907 3371 3997 3425 αἱ·

2416 3459 2547 3524 τῶν,
2572 3458 2974 3530 καθαιρείσθω.

2963 3551 3018 3605 ’0
3034 3552 3177 3620 ρκβ¹
3215 3554 3465 3621 ταύτης.

2486 3643 2609 3696 Τῶν
2640 3644 2782 3697 κατὰ
2811 3645 2999 3714 κοινὴν
3020 3644 3326 3699 συναίνεσιν
3365 3646 3711 3716 ἐκλεγέντων
3740 3647 3841 3719 τὴν
3867 3647 3994 3719 κρί-

2421 3750 2507 3787 σιν
2527 3737 2555 3789 ὀ
2592 3735 2669 3807 μὴ
2697 3735 3007 3804 δεχόμενος,
3034 3736 3425 3806 ἀκοινώνητος.

2732 3829 2797 3881 '0
2826 3826 2897 3888 ιζ’
2926 3829 3033 3881 τοῦ
3060 3830 3337 3892 Μεγάλου
3367 3833 3721 3886 Βασιλείου.

2493 3919 2875 3990 Πρεσϐύτερος
2905 3920 2975 3973 δι’
3002 3920 3252 3989 ἀνάγκην
3282 3925 3487 3992 ὀμόσας
3530 3929 3603 3995 μὴ
3634 3927 3999 3998 λειτουργεῖν,

2423 4011 2871 4083 μεταμελόμενος
2901 4011 3008 4083 ἰδίᾳ
3039 4014 3132 4065 καὶ
3167 4013 3244 4083 μὴ
3273 4012 3513 4086 δημοσίᾳ
3545 4016 3958 4090 λειτουργείτω.

2750 4189 2815 4244 '0
2835 4189 2883 4245 θ’
2916 4190 3024 4244 τοῦ
3047 4191 3332 4260 Μεγάλου
3358 4195 3705 4251 Βασιλείαν.

2496 4283 2757 4345 Διάκονος
2784 4283 2817 4353 ἢ
2849 4282 3226 4353 πρεσϐύτερος
3247 4284 3593 4354 ὁμολογήσας
3614 4284 3822 4357 χείλεσι
3845 4302 4007 4357 μιαν-

2425 4376 2609 4445 θῆναι,
2663 4375 2762 4443 τῆς
2798 4374 3148 4444 λειτουργίας
3200 4374 3462 4444 εἱρχθεὶς,
3494 4376 3602 4429 τῶν
3639 4378 4005 4446 ἀγιασμάτων

2429 4466 2709 4537 μετεχέτω
2739 4467 2879 4535 μετὰ
2932 4465 3044 4518 τῶν
3101 4465 3432 4538 διακόνωνῆ
3490 4469 3910 4541 πρεσϐυτέρων.
3945 4470 4007 4523 Ei

2426 4557 2482 4611 δέ
2505 4574 2559 4611 τι
2600 4558 2697 4610 καὶ
2726 4556 2891 4610 πλέον
2918 4556 3110 4609 τούτου
3146 4558 3345 4629 φανείη
3395 4560 3757 4632 ἡμαρτηκὼς,
3806 4562 4005 4616 καθαι-

2432 4648 2651 4717 ρείσθω.

2863 4743 2929 4796 Ὀ
2957 4743 3012 4795 α’
3035 4741 3143 4809 τῆς
3172 4742 3243 4795 ἐν
3288 4744 3565 4812 Ἀγκύρῃ.

2502 4831 2883 4902 Πρεσϐύτερος
2935 4834 2964 4885 ὁ
2990 4834 3058 4886 δι’
3098 4834 3350 4902 ἀνάγκην
3398 4837 3510 4899 τοῖς
3560 4836 3783 4905 δαίμοσι
3815 4837 4007 4902 θύσας.

2430 4920 2547 4977 εἶτα
2580 4925 2983 4990 ἁναπαλαίσας,
3018 4925 3124 4994 τῆς
3150 4926 3250 4996 μὲν
3280 4926 3447 4996 τιμῆς
3480 4928 3760 4997 μετεχέτω
3785 4930 3881 4982 καὶ
3909 4930 4010 4998 τῆς

2430 5017 2729 5088 καθέδρας,
2754 5018 2922 5089 μηδὲν
2954 5018 3087 5071 δέτι
3116 5018 3224 5071 τῶν
3256 5019 3553 5090 ἱερατικῶν
3593 5020 4008 5092 λειτουργείτω.

3022 5202 3079 5255 '0
3099 5202 3161 5266 β’
3184 5202 3425 5270 ταύτης.

2496 5278 2787 5359 ίὪσαύτως
2831 5296 2921 5350 καὶ
2956 5295 3223 5360 διάκονος·
3256 5296 3577 5350 ἐπιτεινέτω
3607 5297 3667 5350 δέ
3697 5300 3725 5351 ὁ
3767 5299 3839 5353 ἐπ
3855 5299 4009 5354 ίσκο-

2434 5405 2556 5452 πος,
2580 5389 2613 5459 ἢ
2639 5388 2965 5460 ἀφαιρείτω.
2993 5389 3127 5458 πρὸς
3158 5389 3259 5461 τὴν
3285 5388 3494 5446 τούτων
3531 5391 3851 5461 μετάνοιαν.

2858 5568 2923 5622 '0
2951 5568 3002 5638 τ’
3032 5567 3145 5636 τῆς
3172 5568 3244 5623 ἐν
3281 5570 3581 5638 Τρούλλῳ.

2514 5661 2701 5731 Ἰερεῖς
2729 5660 2825 5713 καὶ
2854 5660 3120 5723 διάκονοι,
3154 5660 3270 5715 ὅσοι
3296 5662 3403 5733 πρὸ
3432 5662 3534 5730 τῆς
3562 5662 3723 5733 ἡμῶν
3754 5664 4015 5720 συνελεύ-

2434 5770 2570 5818 esto;
2599 5752 2853 5822 ἁθὲσμως
2876 5753 2999 5807 δυσὶ
3021 5754 3455 5821 προσωμίλησαν
3486 5755 3710 5823 γάμοις,
3767 5757 3801 5827 ἢ
3828 5758 4011 5830 χήρας
