4286 6466
239 432 346 501 101

828 552 892 605 '0
924 553 1029 616 ιβ’
1056 551 1278 607 αὐτῶν.

307 641 547 711 Οίκέτης
613 644 674 695 οὺ
739 643 1037 715 κληροῡται
1098 645 1248 713 παρὰ
1308 644 1537 714 γνώμην
1593 644 1684 697 τοῦ
1747 644 1830 697 δε-

231 732 468 787 σπότου.

646 828 712 882 ’0
741 826 833 897 ,ιγ’
876 827 984 896 τῆς
1024 831 1094 883 ὲν
1139 832 1435 898 Τρούλλῳ.

305 920 614 989 Κληρικδς,
672 920 749 991 μὴ
805 922 831 964 δ
878 923 943 974 ὲκ
1009 922 1219 990 γένουῆ
1281 923 1396 977 ἀλλ’
1492 923 1672 989 ἄξιος,
1748 941 1849 992 γι-·

230 1008 440 1061 νέςθω.

609 1101 666 1152 '0
712 1101 766 1169 η’
828 1101 938 1167 τῆς
992 1104 1063 1155 ἐν
1131 1107 1481 1174 Καισαρείᾳ.

307 1191 538 1256 Λαῖκὸς,
577 1186 638 1246 οὗ
672 1196 705 1262 ή
739 1195 879 1265 γυνὴ
905 1196 1153 1265 φανερῶς
1183 1198 1423 1269 ἠλέγχθη
1460 1198 1828 1270 μοιχευθεῖσα,

1494 438 1538 496 Ε
1558 434 1841 496 Pl'l‘OME
1880 436 2128 497 (ΖΑΝοδῖ
2142 437 2274 501 UM.

3418 449 3523 515 102

2522 558 2591 611 82
2625 560 2946 615 eorunrdem.

2008 644 2207 700 Servus
2242 656 2438 715 praeter
2494 653 2816 706 sententiam
2857 652 3062 708 domini
3118 668 3222 710 nou
3288 656 3345 710 lit
3405 658 3519 712 cle-

1936 736 2103 789 ricus.

2407 833 2477 887 33
2516 835 2709 889 habita:
2739 837 2791 889 in
2828 835 3030 892 Trulla.

2004 918 2249 976 Clericus
2290 921 2402 990 (lat,
2434 939 2541 979 non
2578 940 2777 995 genere
2815 928 2995 981 clarus
3023 967 3038 993 ,
3072 929 3165 983 sed
3198 930 3287 999 qui
3320 932 3515 1001 dignus

1934 1025 2038 1069 εει.

2499 1110 2532 1164 8
2571 1110 2939 1165 Cman'ensis.

2005 1197 2220 1261 Laicus.
2274 1200 2430 1268 cujus
2487 1217 2623 1255 uxor
2675 1203 2966 1257 manifesto
3019 1205 3263 1259 convicta
3313 1218 3395 1261 est
3452 1210 3516 1263 de

234 1286 312 1351 μὴ
342 1285 679 1352 κληροῦσθω
710 1303 723 1316 ·
757 1290 854 1341 καὶ
878 1291 904 1340 ὁ
960 1293 1378 1361 κεκληρωμένος
1408 1296 1454 1345 εί
1488 1297 1708 1365 κατέχει
1734 1295 1830 1365 τὴν

1821 1315 1830 1344 ι
1936 1292 2226 1345 commisso
2255 1292 2544 1357 adulterio,
2577 1291 2810 1348 clericus
2844 1310 2909 1348 ne
2941 1295 3032 1348 ﬁat
3062 1312 3077 1358 ς
3110 1306 3165 1351 et
3190 1298 3279 1367 qui
3311 1301 3377 1352 ad
3407 1301 3513 1354 cle—

234 1377 659 1442 μυιχευθεῖσαν,
694 1378 1006 1442 ἐξωθείσθω
1051 1382 1147 1452 τῆς
1180 1386 1621 1456 ὲγχειρισθείσης
1681 1386 1830 1456 αὐτῷ

230 1480 541 1530 οακονιας.

578 1563 642 1614 '0
675 1573 720 1631 γ’
770 1564 876 1619 τοῦ
940 1567 1116 1631 ἁγίου
1168 1571 1494 1637 Κυρίλλου.

304 1652 487 1705 Ὅταν
556 1657 727 1729 μέλλῃ
778 1663 1209 1728 χειροτονεῖσθαι
1263 1666 1547 1736 κληρικδς,
1598 1669 1827 1738 ἔρευνα-

228 1747 347 1799 σθω
393 1750 420 1799 ὁ
453 1749 568 1817 βίος
605 1753 797 1819 αὐτοῦ,
830 1756 878 1807 εί
912 1754 1159 1825 γαμετὴν
1192 1756 1329 1825 ἔχει,
1360 1758 1393 1828 ἦ
1427 1760 1524 1828 μὴ,
1559 1762 1652 1813 καὶ
1684 1761 1824 1827 πῶς,

226 1841 326 1891 καὶ
359 1842 495 1893 ποτε
529 1845 803 1913 ἐγήματο,
830 1848 923 1899 καὶ
948 1850 995 1900 εἰ
1024 1849 1314 1917 ἀπέσχετο,
1352 1855 1444 1902 καὶ
1482 1854 1530 1904 εί
1561 1852 1636 1922 μὴ
1660 1853 1819 1906 έκσέυ

225 1935 429 2002 ὄληται
463 1935 495 2003 ἢ
530 1940 664 2006 παρ’
700 1939 1033 2002 ἐπισκόπου,
1096 1941 1129 2011 ἢ
1166 1945 1231 1995 ὲκ
1281 1944 1689 2014 μοναστηρίου’
1726 1950 1822 2002 καὶ

222 2024 407 2089 οὕτως
439 2028 771 2099 ἀδιάϐλητος
822 2032 1094 2104 εὑρεθεὶς,
1134 2036 1578 2106 χειροτονείσθω.

828 2214 892 2267 ’0
950 2222 984 2269 ι’
1020 2216 1129 2272 τῆς
1184 2216 1255 2272 δ’.

850 2236 892 2267 (Ι
950 2236 982 2269 ι’
1020 2236 1051 2269 τ
1184 2236 1255 2272 0⁷.

299 2303 514 2371 Μηδεὶς
546 2305 643 2359 δύο
689 2308 899 2363 πόλεων
954 2236 1129 2374 voci";C
1149 2313 1493 2383 κληρούσθω.
1555 2317 1617 2369 Εἰ
1651 2318 1706 2372 δέ
1738 2336 1824 2384 τις

1938 1382 2163 1435 ricatum
2219 1383 2491 1450 pervenit,
2530 1386 2574 1437 si
2608 1384 2863 1453 pollutam
2916 1388 3186 1442 adulterio
3230 1393 3448 1456 retinet,
3483 1409 3511 1446 a

1935 1470 2244 1526 ministerio
2273 1474 2374 1526 εἰὺί
2410 1476 2605 1528 tradito
2636 1475 2899 1544 rejicitor.

2546 1566 2579 1620 3
2615 1566 2677 1621 S.
2715 1566 2924 1638 Cyrilli.

2003 1658 2140 1714 Cum
2174 1661 2511 1715 ordinandus
2556 1672 2641 1717 est
2685 1663 2938 1728 clericus.
2972 1666 3288 1733 exploretur
3341 1668 3512 1734 ipsius

1932 1752 2065 1815 vita,
2103 1764 2230 1806 num
2268 1754 2463 1807 haheat
2518 1768 2763 1819 uxorem,
2798 1770 2973 1809 necne
3004 1773 3017 1821 ;
3072 1768 3182 1810 tum
3216 1764 3509 1826 qttouiodo,

1932 1852 1987 1898 et
2034 1844 2251 1912 quando
2299 1846 2708 1898 matrimonium
2767 1848 3149 1911 contraxerit,
3218 1864 3281 1902 an
3340 1852 3509 1904 absti-

1930 1938 2127 2000 nuerit,
2165 1952 2231 1990 an
2268 1952 2373 1990 non
2422 1938 2631 2005 ejectus
2683 1937 2845 1991 fuerit
2880 1939 2960 1993 vel
3012 1940 3081 1993 ab
3109 1940 3383 2010 cpiscOpo,
3424 1944 3508 1997 vel

1928 2041 1995 2081 ex
2030 2028 2357 2082 monasterio
2384 2044 2398 2094 ;
2436 2038 2598 2097 atque
2629 2028 2700 2081 ita
2736 2039 2984 2099 repertus
3013 2044 3208 2099 expers
3238 2033 3505 2098 criminis,

1926 2120 2228 2177 ordinator.

2545 2211 2611 2266 10
2651 2221 2877 2281 quartw.

1997 2302 2166 2359 Nemo
2193 2306 2417 2358 duarum
2467 2305 2749 2358 civitatum
2809 2305 3040 2361 clericus
3069 2304 3318 2361 emcilor.
3350 2306 3504 2374 Quod

226 2393 291 2459 ἐξ
335 2396 508 2463 ἄλλης
555 2399 636 2460 είς
675 2400 848 2469 ἄλλην
878 2403 1180 2471 ἐκκλησίαν
1213 2408 1504 2478 μετετέθη,
1542 2411 1687 2464 κατὰ
1715 2430 1824 2484 μη-

1812 2440 1824 2455 .
1926 2398 1969 2453 si
2000 2398 2120 2466 quis
2150 2413 2216 2453 ex
2253 2412 2357 2451 una
2413 2397 2465 2450 iu
2518 2398 2682 2452 aliam
2726 2398 3010 2453 ecclesiam
3046 2399 3338 2455 translatus
3389 2400 3504 2455 fue-

221 2488 316 2539 δὲν
345 2492 628 2559 μετεχέτω
658 2491 766 2546 τῶν
796 2493 897 2562 τῆς
948 2497 1240 2567 προτέρας,
1274 2498 1304 2567 ἧ
1341 2499 1437 2553 τοῦ
1498 2501 1631 2555 ίδίου
1684 2504 1819 2574 βαθ-

226 2578 337 2647 μοῦ
370 2581 720 2637 ἐκπεσεῖται.

816 2676 882 2731 ’0
937 2688 1001 2733 ιε’
1046 2681 1156 2749 τῆς
1196 2681 1257 2742 ζ’.

296 2765 514 2833 Μηδεὶς
555 2767 614 2817 ἐν
676 2769 1251 2825 Κωνσταντινουπόλει
1294 2774 1353 2826 ὲν
1404 2773 1556 2827 δυσὶν
1615 2775 1821 2848 ἐκκλη-

1925 2494 2015 2556 rit,
2050 2494 2101 2545 in
2129 2491 2273 2545 nullo
2318 2492 2585 2560 particeps
2636 2508 2817 2546 rerum
2864 2494 3061 2562 prioris
3090 2504 3206 2548 esto
3230 2532 3246 2559 ,
3276 2504 3505 2549 caetero-

1923 2583 2015 2649 qui
2048 2582 2219 2652 gradu
2247 2597 2345 2636 suo
2366 2582 2704 2650 spoliandus.

2528 2674 2597 2728 15
2637 2674 2894 2741 septimm.

1992 2768 2165 2823 Nemo
2197 2764 2665 2834 Constantinopoli
2712 2767 2920 2821 duabus
2950 2768 3000 2819 iu
3029 2768 3277 2823 ecclesiis
3337 2769 3502 2824 cleri-

225 2855 377 2917 σίαις
443 2856 782 2927 κληρούσθω
816 2877 831 2891 ο
865 2863 1287 2933 αἰσχροκέρδεια
1356 2866 1484 2936 γάρ.
1555 2868 1819 2939 Ἀλλαχοῦ

1809 2870 1819 2923 i
1922 2877 2021 2916 cus
2049 2860 2277 2915 elIicitor
2299 2877 2315 2926 ;
2336 2860 2440 2913 hoc
2469 2858 2614 2912 enim
2655 2859 2827 2927 turpis
2859 2858 2989 2913 lucri
3023 2861 3288 2928 cupiditas
3319 2863 3501 2917 luerit.

222 2945 284 2997 δὲ
336 2947 502 3001 τοῦτο
559 2951 816 3017 γινέσθω,
874 2952 963 3005 διὰ
1011 2955 1113 3022 τὴν
1173 2955 1283 3009 τῶν
1359 2957 1666 3027 ἀνθρώπων
1733 2961 1820 3015 έν-

1809 2992 1820 3002 .
1920 2952 2061 3007 Alibi
2092 2968 2221 3007 vero
2255 2952 2307 3006 id
2355 2950 2471 3006 ﬂeri
2519 2950 2698 3014 liccat,
2743 2960 2967 3019 propter
3016 2951 3294 3005 hominum
3333 2968 3501 3022 ponu-

220 3039 402 3096 δειαν.

806 3137 1155 3190 ΕΠΙΓΡΑΦΗ
1202 3137 1263 3192 Β.

230 3223 380 3277 πνα
437 3223 535 3278 δεῖ
584 3226 695 3280 τὸν
745 3229 1316 3305 κληρικὸν-ειοιεῖν,
1371 3232 1471 3287 καί
1538 3235 1674 3291 τίνα
1736 3236 1823 3305 μὴ
1854 3244 1896 3300 C

920 3299 1137 3353 ποιεῖν.

1921 3048 2083 3103 riam.

2507 3132 2810 3190 TITL’LUS
2851 3135 2921 3189 ll.

2053 3230 2184 3297 Qua:
2216 3230 2410 3283 clerico
2444 3228 2711 3297 facienda,
2743 3238 2792 3282 et
2826 3245 2944 3298 qua
2992 3245 3093 3283 non
3130 3229 3394 3298 facienda.

232 3384 301 3437 '0
347 3394 415 3440 ιε’
454 3388 575 3443 τῶν
604 3389 1122 3467 ἀποσςόλῳν,καὶ
1169 3394 1203 3445 ό
1246 3390 1289 3467 e’
1334 3391 1444 3461 τῆς
1486 3394 1536 3446 δ’
1570 3396 1671 3449 καί
1698 3399 1732 3450 ὀ
1762 3404 1813 3467 τ’
1923 3413 1924 3420 ‘

1809 3404 1813 3420 ν
1923 3384 2109 3440 Canon
2152 3384 2217 3439 l5
2251 3384 2731 3467 apastolorum,_et
2762 3385 2794 3439 5
2824 3388 3014 3455 synodi
3045 3387 3103 3453 4,
3156 3398 3205 3442 et
3250 3390 3283 3443 5
3318 3390 3501 3445 Antio-

730 3458 840 3527 τῆς
885 3463 955 3514 ἐν
970 3462 1318 3531 Ἀντιοχείᾳ.

295 3548 585 3617 Κληρικδς
613 3551 714 3619 τῆς
760 3553 969 3614 οίκείας
1014 3554 1237 3618 ἐκστὰς,
1274 3556 1365 3609 καὶ
1400 3556 1487 3609 ἐπ’
1518 3557 1815 3628 ἀλλοτρίας

2611 3458 2807 3511 cliente.

1993 3547 2259 3612 Clericus,
2293 3547 2382 3617 qui
2409 3562 2505 3601 sua
2535 3548 2745 3611 relicta,
2776 3549 2923 3618 degit
2947 3549 2999 3603 in
3030 3551 3203 3604 aliena
3235 3554 3496 3621 paruecia,

219 3640 420 3703 οἰκῶν,
453 3642 531 3705 ὡς
561 3646 589 3694 ὁ
618 3643 805 3705 λαῖκὸς
858 3647 1087 3713 μενέτω,
1134 3647 1230 3700 καὶ
1265 3648 1521 3715 μάλιστα,
1568 3651 1619 3703 εί
1663 3654 1815 3722 παρὰ

1809 3671 1815 3706 ι
1924 3653 2023 3693 ceu
2060 3640 2232 3692 laicus
2264 3648 2481 3692 maneto
2507 3679 2523 3703 ,
2558 3639 2818 3703 maxime,
2853 3639 2898 3693 si
2932 3642 3000 3694 ab
3035 3641 3288 3709 episcopo
3317 3657 3501 3698 arces-

222 3728 325 3781 τοῢ
368 3733 679 3785 ἐπισκόπου
721 3734 1079 3804 καλούμενος,
1110 3738 1209 3806 οὐχ
1264 3740 1601 3809 ὑπήκουσεν.

636 3826 701 3879 Ὀ
757 3832 837 3890 ις’
874 3825 994 3879 τῶν
1041 3830 1428 3883 ἀποστόλων.

298 3911 418 3966 Καὶ
441 3914 470 3967 ὁ
531 3914 725 3967 τοῦτον
756 3918 817 3968 έν
840 3915 1039 3985 γνώσει
1062 3922 1313 3988 κατέχων
1339 3921 1661 3988 ἐπίσκοπος,
1712 3924 1815 3992 ἁφ-

220 4005 529 4075 οριζέσθω.

642 4098 707 4151 '0
741 4106 817 4166 ιη’
862 4101 974 4170 τῆς
1002 4102 1074 4156 ἐν
1122 4105 1423 4172 uacuo.

294 4192 412 4245 Kal.
453 4194 484 4246 δ
532 4191 623 4245 διὰ
670 4192 971 4264 βαρϐάρων
1015 4198 1342 4271 ἐπιδρομὴν,
1398 4182 1592 4269 ἤτινα
1647 4202 1816 4273 ἄλλην

223 4285 564 4355 περίστασιν
590 4285 832 4355 ἀλλαχοῦ
861 4289 1155 4359 γενόμενος
1185 4291 1470 4361 κληρικὸς,
1516 4294 1566 4345 ει
1615 4293 1691 4364 μὴ
1718 4296 1814 4349 τοῦ

218 4377 405 4429 δεινοῦ
453 4378 840 4445 παυσαμένου,
871 4380 951 4440 είς
980 4380 1073 4432 τὸν
1126 4383 1329 4435 οίκεῖον
1361 4383 1651 4438 ἐπανέλθοι
1680 4385 1815 4458 κλῆ-

222 4486 343 4535 ρον,
390 4469 771 4541 καθαιρείσθω
798 4470 897 4523 σὺν
923 4471 1003 4541 τῷ
1038 4473 1349 4541 κατέχοντι.

673 4560 737 4614 ’0
777 4564 825 4616 θ’
856 4560 965 4630 τῆς
996 4563 1067 4616 ἐν
1099 4561 1387 4633 Σῳόικῇ.

302 4655 366 4706 Ὀ
401 4654 460 4705 δὲ
503 4652 584 4722 μὴ
618 4653 943 4723 βουλόμενος
965 4655 1226 4711 ἀπελθεῖν
1250 4660 1331 4722 είς
1356 4658 1425 4728 ἢν
1443 4661 1811 4732 κεκλήρωται,

216 4746 309 4799 τοῦ
342 4743 540 4797 λοιποῦ
576 4746 652 4815 μὴ
677 4746 936 4816 δεχέσθω.

674 4838 738 4893 '0
769 4846 820 4893 κ’
849 4841 970 4894 τῶν
1000 4842 1387 4897 ἀποστόλων.

291 4934 410 4986 Καὶ
443 4934 500 4985 εί
549 4949 635 4993 τις
662 4933 894 5002 γνώμης
927 4933 1053 5002 δίχα
1100 4933 1197 4986 τοῦ
1253 4935 1458 4989 οίκείου
1512 4938 1813 4990 ἐπισκόπου

218 5027 357 5094 πρὸς
386 5025 552 5079 ἄλλον
585 5024 788 5092 κλῆρον
820 5024 1078 5080 ἀπελθὼν
1110 5026 1494 5098 προσδεχθείη,
1531 5029 1815 5101 καθαιρεί-

221 5121 336 5173 σθω
370 5122 472 5173 σὺν
511 5117 589 5188 τῷ
624 5117 933 5187 δεξαμένῳ.

643 5209 705 5264 '0
733 5207 789 5273 ς’
816 5208 927 5276 τῆς
973 5208 1044 5262 ἂν
1070 5210 1444 5279 Καρθαγένῃ.

300 5305 361 5356 '0
406 5303 523 5371 γὰρ
554 5302 705 5367 ἅρπαξ
737 5303 1009 5369 ἀναγνοὺς
1039 5303 1099 5354 ιν
1128 5303 1401 5373 ἐκκλησίᾳ
1431 5305 1489 5356 ιν
1518 5304 1655 5375 ἄλλη
1678 5304 1814 5375 πρὸς

219 5400 506 5468 κλήρωσιν
546 5396 625 5466 μὴ
655 5394 921 5464 δεχέσθω.

672 5488 736 5542 '0
757 5494 805 5541 κ’
834 5486 955 5541 τῶν
1003 5487 1389 5542 ἀποστόλων.

195 5629 199 5632 .
300 5581 588 5654 Κληρικὺς
633 5578 843 5647 ἐγγύας
881 5576 1084 5640 διδοὺς,
1122 5577 1517 5650 καθαιρείσθω.

900 5670 938 5720 Σ
943 5668 1180 5737 χόλιον.

296 5764 359 5815 Et
388 5764 457 5816 δι’
515 5760 994 5831 αἰσχροκέρδειαν,
1042 5760 1137 5831 καὶ
1178 5756 1296 5831 ,ἐπὶ
1347 5759 1598 5812 τελωνῶν
1659 5759 1817 5813 τοῦτο

224 5838 366 5885 ποιεί
389 5849 403 5861 ·
458 5835 511 5885 εἰ
542 5830 707 5886 δέδι’
741 5835 1014 5897 ἀνάγκην,
1049 5830 1143 5883 καὶ
1173 5830 1267 5882 ἐπὶ
1300 5830 1599 5899 κληρικῶν,
1656 5834 1817 5882 ἐπαι-

222 5920 427 5966 νετεος.

1922 3730 2079 3793 situs,
2117 3745 2224 3786 non
2256 3730 2577 3785 obediverit.

2466 3822 2534 3875 16
2574 3823 2956 3889 apostolorum.

1996 3913 2061 3967 Et
2109 3914 2418 3984 episcopus,
2468 3916 2561 3985 qui
2597 3916 2778 3971 sciens
2814 3916 2955 3971 hunc
2989 3930 3154 3986 penes
3184 3931 3246 3973 se
3278 3917 3498 3985 retinet,

1926 4014 2259 4077 segregator.

2401 4097 2470 4153 l8
2508 4096 2696 4151 habita:
2727 4098 2781 4150 in
2816 4096 3018 4153 Trulla.

1995 4189 2061 4242 Et
2094 4191 2185 4261 qui
2225 4199 2443 4259 propter
2475 4191 2755 4243 incursum
2805 4187 3190 4253 Barbarorum,
3236 4190 3317 4244 vel
3352 4193 3497 4260 quod

1923 4282 2067 4336 aliud
2104 4283 2422 4351 periculum,
2457 4280 2582 4335 alibi
2634 4279 2808 4336 lactus
2840 4290 2923 4335 est
2953 4280 3203 4345 clericus,
3238 4282 3341 4336 nisi
3374 4298 3495 4335 cum

1931 4374 2129 4427 malum
2177 4374 2471 4429 cessaverit
2515 4388 2671 4427 suum
2704 4374 2770 4427 ad
2804 4374 3009 4427 clerum
3044 4373 3287 4437 redierit,
3338 4375 3503 4444 depo-

1925 4468 2074 4520 nitur
2107 4482 2211 4519 nna
2242 4480 2365 4520 cum
2396 4465 2509 4528 illo,
2543 4464 2635 4533 qui
2667 4480 2788 4518 eum
2815 4479 2980 4533 penes
3016 4478 3075 4518 se
3104 4465 3319 4521 retinet.

2502 4557 2535 4611 9
2567 4556 2924 4611 Sardicensis.

1994 4649 2096 4715 Qui
2143 4648 2293 4702 abire
2325 4662 2429 4701 non
2475 4646 2590 4700 vult
2636 4647 2701 4700 ad
2734 4645 3042 4709 ecclesiam,
3077 4645 3233 4717 cujus
3261 4645 3501 4700 clericus

1921 4740 2098 4795 factus
2125 4748 2231 4802 est,
2266 4740 2332 4793 de
2364 4749 2564 4793 catero
2595 4752 2701 4791 non
2746 4738 3073 4791 admittitor.

2479 4828 2549 4883 20
2575 4831 2954 4896 apostolorum.

1994 4921 2059 4974 Et
2094 4921 2137 4976 si
2169 4920 2292 4989 quis
2336 4918 2541 4988 absque
2573 4920 2843 4974 sententia
2888 4920 2972 4973 sui
3022 4918 3260 4988 episcopi
3318 4917 3501 4988 proie-

1921 5029 2041 5071 ctus
2073 5016 2139 5069 ad
2178 5013 2340 5067 alium
2360 5014 2587 5075 clerum,
2618 5021 2868 5081 receptus
2892 5010 3078 5079 fuerit,
3124 5028 3230 5068 una
3257 5028 3379 5067 cum
3409 5027 3495 5079 eo,

1920 5111 2011 5180 qui
2054 5109 2326 5163 hominem
2356 5105 2588 5175 recepit,
2623 5104 2929 5172 deponitur.

2431 5198 2464 5252 6
2502 5197 2983 5267 Carthaginiensis.

1992 5294 2127 5348 Nam
2150 5294 2240 5364 qui
2273 5293 2443 5347 semel
2478 5292 2533 5345 in
2569 5292 2805 5346 ecclesia
2863 5292 3095 5363 quadam
3127 5291 3346 5347 lectoris
3377 5306 3495 5346 mu-

1923 5400 2025 5441 nus
2051 5385 2210 5450 ohiit,
2242 5382 2288 5438 is
2316 5384 2371 5437 in
2402 5384 2504 5437 alia
2538 5384 2604 5437 ad
2632 5382 2954 5437 clericatum
2992 5397 3099 5437 non
3130 5383 3454 5439 admittitor.

2468 5474 2539 5530 20
2590 5476 2969 5541 apostolorum.

1993 5569 2260 5633 Clericus,
2291 5566 2381 5637 qui
2418 5564 2798 5633 lldejussiones
2824 5570 3066 5634 praestat,
3097 5563 3404 5633 deponitur.

2569 5657 2863 5711 Scholium.

1998 5759 2053 5812 Si
2108 5763 2327 5824 propter
2373 5763 2530 5824 turpe
2581 5750 2820 5824 lucrum.
2877 5758 2933 5805 et
2984 5750 3040 5824 in_
3084 5749 3496 5824 publicanorum

1926 5820 2372 5881 causis'idlacit.
2410 5822 2506 5877 Siu
2558 5821 2792 5888 alicujus
2838 5820 3175 5875 necessitatis
3225 5829 3496 5889 respectu,

1925 5910 1978 5953 et
2015 5901 2065 5952 in
2098 5898 2420 5953 clericorum
2454 5892 2656 5957 causis,
2690 5891 2901 5945 Iaudem
2934 5899 3193 5946 meretur.
