4286 6466
273 431 384 502 109
679 540 734 592 ⁸ο
750 544 855 609 μα’
887 536 999 606 τῆς
1027 537 1099 592 ἐν
1122 537 1464 605 Λαοδικείᾳ.

351 632 657 704 Ἰερατικδς
687 633 720 701 ἢ
768 630 1036 703 κληρικδς
1093 630 1223 686 ἄνευ
1253 630 1560 696 κελεύσεως
1613 632 1708 687 τοῦ
1740 634 1858 687 ἐπι-

266 725 482 782 σκόπου
516 725 596 796 μὴ
624 724 886 777 ὁδευέτω.

847 813 914 867 '0
933 811 1021 867 κδ’
1049 814 1276 883 ταύτης

354 909 681 980 Ἰερωμένος
713 908 854 973 ὅλως
898 908 931 980 ἢ
966 908 1395 981 κεκληρωμένος
1416 910 1507 975 ,είς
1555 908 1858 981 καπηλεῖον

266 1001 349 1072 μὴ
375 1000 739 1072 ιίσερχέσθω.

840 1092 895 1143 '0
930 1091 1031 1154 ,ις’
1058 1092 1301 1159 ταύτης.

351 1186 675 1257 Ἰερατικὸς,
707 1186 740 1255 ἦ
768 1184 1053 1255 κληρικὸς,
1092 1184 1345 1254 μάγος,ἢ
1377 1184 1648 1250 ἐπαοιδός,
1684 1185 1718 1257 ἢ
1753 1200 1859 1256 μα-

1549 426 1887 489 ΕΡΙΤΟΜΕ
1927 428 2311 491 CANONUM.

1883 546 1932 604 Δ

3435 431 3540 498 110

2518 543 2578 599 41
2619 541 2957 600 Laodiceam.

2031 633 2297 692 Sacerdos
2326 641 2421 689 aut
2471 634 2705 693 clericus
2732 636 2938 709 absque
2977 635 3135 708 jussu
3172 638 3411 709 episcopi
3443 641 3546 695 iter

1958 740 2064 782 non
2098 727 2282 785 iaciat.

2579 820 2651 875 24
2678 820 2933 890 ejusdem.

2030 910 2299 968 Sacerdos
2340 920 2435 967 aut
2473 914 2738 982 ascriptus
2774 913 2921 969 clero
2962 926 3259 986 cauponam
3318 932 3545 989 prorsus

1958 1019 2067 1060 non
2098 1002 2417 1076 ingreditur.

2594 1098 2662 1152 56
2692 1098 2943 1167 ejusdem.

2031 1188 2295 1247 Sacerdos
2319 1202 2412 1248 aut
2459 1192 2710 1258 clericus,
2747 1191 2837 1261 qui
2872 1206 3060 1261 magus
3102 1203 3210 1258 est,
3245 1201 3336 1247 aut
3358 1192 3543 1247 incan-

266 1277 606 1349 θηματικδς,
640 1276 676 1349 ἢ
707 1276 1059 1349 ἀστρολόγος,
1094 1276 1127 1346 ἢ
1157 1275 1490 1346 πιριάπτης,
1514 1276 1859 1349 ἐκριπτίσθω

1852 1295 1859 1328 ι
1960 1294 2221 1349 tator,ant
2254 1286 2689 1350 mathematicus,
2720 1293 2813 1339 aut
2858 1286 3185 1356 astrologus,
3234 1298 3329 1343 aut
3361 1287 3452 1358 qui
3485 1288 3544 1342 li-

259 1371 367 1443 τῆς
393 1370 721 1442 ἐκκλησίας.

850 1459 915 1512 '0
951 1456 1003 1511 κ’
1028 1442 1273 1524 ταύτης.

338 1551 498 1622 Μήτι
528 1550 783 1614 ξέάκονος
832 1550 1163 1613 ἀκέλευστος
1194 1546 1509 1631 ἔμπροσθεν
1557 1548 1860 1621 πρεσϐυτέ-

265 1659 371 1711 ρου
423 1641 790 1707 καθεζέσθω,
829 1643 970 1712 μήτε
1024 1640 1287 1711 κληρικὸς
1322 1639 1631 1712 ἔμπροσθεν
1677 1642 1859 1698 διακό-

260 1752 382 1788 νου.

271 1826 345 1879 '0
379 1827 471 1880 κδ’
507 1825 617 1895 τῆς
645 1834 697 1880 α’
729 1826 831 1880 καί
856 1828 942 1892 β’,
970 1827 1070 1882 καί
1110 1830 1144 1884 d
1172 1828 1262 1883 νδ¹
1284 1828 1395 1897 τῆς
1416 1827 1487 1881 ἐν
1513 1826 1855 1894 Λαοδικείᾳ.

1957 1384 2179 1443 gaturas
2200 1374 2351 1443 iacit,
2390 1378 2603 1449 ejicitor
2632 1393 2697 1432 ex
2724 1374 2985 1431 ecclesia.

2547 1468 2621 1522 20
2647 1471 2906 1536 eiusdem.

2028 1552 2213 1628 Neque
2237 1558 2495 1614 diaconus
2523 1560 2762 1626 iniussus
2787 1571 2914 1616 ante
2939 1558 3311 1629 presbyterum
3334 1558 3542 1625 sedeat,

1958 1656 2134 1713 neque
2164 1644 2394 1701 clericus
2426 1658 2551 1703 ante
2578 1650 2887 1703 diaconum.

2141 1822 2212 1880 24
2238 1829 2425 1896 prima:
2453 1845 2515 1882 ac
2544 1830 2809 1896 secundae,
2834 1841 2883 1885 et
2918 1831 2984 1885 54
3013 1832 3343 1888 Laodiceae.

341 1922 628 1990 Κληρικὸς
661 1923 691 1988 ἦ
721 1921 973 1989 μονάζων
1007 1924 1065 1975 ἐν
1097 1921 1514 1992 ἱπποδρόμωςῆ
1546 1920 1860 1989 θυμελικοῖς
1895 1920 1936 1976 Β

1851 1920 1936 1982 :B
2036 1920 2315 1981 Clericus,
2362 1931 2453 1975 aut
2513 1922 2829 1986 monachus,
2887 1922 2976 1991 qui
3035 1923 3387 1979 Circensibus
3448 1935 3543 1980 aut

262 2017 559 2083 παιγνίοις
620 2016 1040 2084 παρουσιάζων,
1095 2016 1128 2087 ἢ
1162 2016 1266 2070 κᾶν
1318 2018 1375 2069 ἐν
1409 2015 1576 2085 γάμῳ
1605 2014 1852 2085 κληθείη,

258 2114 366 2180 τῆς
392 2111 506 2163 τῶν
538 2114 815 2178 παιγνίων
845 2111 1154 2182 παρουσίας
1193 2110 1269 2183 μὴ
1307 2110 1792 2181 προεξερχόμενος,
1820 2109 1852 2179 ἢ

260 2202 603 2267 παυσάσθω,
637 2204 670 2273 ἢ
695 2206 1091 2275 καθαιρείσθω.

694 2298 757 2350 '0
791 2298 877 2358 κζ’
907 2299 1019 2365 τῆς
1041 2300 1113 2351 ἐν
1152 2299 1451 2366 Τρούλλῳ.

340 2389 628 2460 Κληρικδς
686 2392 957 2447 ἀνοίκειον
992 2391 1197 2460 ἐσθῆτα
1232 2389 1711 2461 ἀμφιεννύμενος,
1752 2388 1854 2442 κᾶν

259 2482 326 2535 ἐν
351 2482 463 2549 ὀδῷ
488 2483 605 2553 εἴη,
637 2483 917 2554 ἑϐδομάδα
963 2483 1092 2553 μίαν
1129 2483 1497 2551 ἀφοριζέσθω.

850 2576 911 2631 '0
931 2581 1022 2646 ,ιγ
1056 2579 1305 2643 ταύτης.

338 2666 425 2719 Td
464 2665 587 2719 θεῖα
624 2668 786 2735 λόγια
824 2668 913 2721 ἐπ’
968 2668 1219 2736 ἇμόωνος
1266 2668 1342 2735 μὴ
1372 2665 1797 2734 ἀναγινωσκέτω
1827 2666 1856 2719 ὁ

264 2757 349 2827 μὴ
389 2758 759 2826 κεκαρμένος,
780 2761 872 2811 καὶ
899 2759 974 2827 μὴ
1004 2758 1183 2826 τυχὼν
1214 2759 1488 2826 εὐλογίας.
1532 2758 1589 2811 '0
1615 2758 1672 2811 δέ
1703 2756 1857 2827 παρά

258 2849 445 2903 ταῦτα
472 2850 670 2914 ⁴ιιοοιιῖιον,
698 2848 1067 2919 ἀφοριζέσθω.

874 2941 931 2991 Ὀ
964 2939 1035 2993 ιδ’
1062 2938 1173 3007 τῆς
1202 2938 1275 3001 ζ’.

343 3033 459 3085 Καὶ
491 3035 519 3086 ὀ
560 3033 636 3102 μὴ
669 3033 1007 3102 χειροθεσίας
1039 3034 1242 3101 τυχὼν,
1278 3032 1327 3085 εί
1357 3032 1451 3085 καὶ
1480 3033 1713 3103 μοναχδς
1744 3018 1854 3105 εῗη,

261 3126 368 3188 τὰς
398 3126 551 3194 ἱερὰς
592 3120 679 3177 ἐπ’
728 3125 987 3192 ἀμὸωνος
1039 3124 1259 3193 βίϐλους
1291 3125 1367 3195 μὴ
1413 3126 1854 3193 ἀναγινωσκέτω.

262 3217 680 3287 Χιιρσθετέίτω
735 3214 793 3270 δὲ
837 3217 1195 3284 ἀναγνώστας
1240 3218 1337 3271 καὶ
1366 3218 1669 3289 ἡγούμενος
1702 3221 1759 3272 ἐν
1781 3219 1858 3290 τῷ

268 3310 390 3379 ἰδίῳ
450 3309 829 3377 μοναστηρίῳ,
887 3310 933 3361 εί
970 3308 1270 3379 ἱερωμένος
1306 3311 1414 3380 εἴη,
1448 3311 1545 3363 καὶ
1577 3310 1710 3380 παρ’
1735 3312 1857 3363 ἐπι-

264 3402 484 3455 σκόπου
520 3402 866 3471 χειροθεσίαν
919 3401 1073 3471 ἔχει·
1116 3403 1213 3456 καὶ
1259 3403 1703 3473 χωρεπίσκοιτος,
1741 3403 1859 3457 κατ’

267 3494 589 3564 ἐπιτροπὴν
614 3495 940 3547 ἐπισκόπου.
1106 3485 1114 3500 ’

680 3587 742 3638 '0
776 3593 858 3651 ις’
878 3586 988 3655 τῆς
1010 3586 1081 3640 ἐν
1108 3587 1484 3658 Καρθαγένῃ.

362 3681 420 3733 ὐ
452 3680 647 3749 ἔνηϐος
679 3678 1039 3749 ἀναγνώστης
1087 3679 1121 3747 ἢ
1151 3679 1420 3748 γαμείτω,
1466 3680 1499 3748 ἢ
1530 3679 1864 3756 ἐγκράτειαν

264 3774 620 3843 όμοὶογείτω
642 3789 656 3803 ·
695 3771 788 3825 καὶ
817 3774 866 3824 οἱ
896 3772 1249 3838 ἀναγνῶσται
1271 3771 1362 3823 τὸν
1387 3770 1560 3841 δῆμον
1595 3774 1670 3841 μὴ
1697 3790 1866 3844 προσ-

265 3868 646 3929 κυνείτωσαν,
672 3865 807 3933 μετά
848 3865 947 3930 τῂν
981 3863 1292 3932 ἀνάγνωσιν
1319 3865 1543 3934 δηλαδή.

732 3960 798 4013 ὀ
822 3965 864 4011 ε’
893 3957 1004 4026 τῆς
1026 3958 1096 4012 ἐν
1126 3957 1427 4025 Τρούλλῳ.

328 4055 395 4106 Oi
438 4052 740 4120 ψάλλοντες
777 4049 917 4120 μετὰ
971 4049 1172 4118 πολλῆς
1236 4049 1510 4118 προσοχῆς
1551 4052 1644 4102 καὶ
1698 4063 1866 4102 κατα-

1960 2012 2183 2068 musicis
2224 2012 2449 2066 ludicris
2499 2012 2674 2077 adest,
2712 2024 2805 2067 ant
2847 2014 3107 2069 invitatus
3150 2017 3215 2070 ad
3254 2018 3540 2086 nuptias.si

1956 2117 2246 2176 antequam
2282 2105 2367 2160 illa
2394 2105 2597 2160 ludicra
2624 2106 2774 2173 ﬁunt,
2820 2123 2927 2163 non
2952 2110 3247 2180 egreditur,
3275 2123 3365 2165 aut
3396 2112 3541 2168 desi-

1957 2208 2073 2265 nat,
2106 2210 2201 2254 aut
2230 2199 2537 2269 deponitor.

2476 2294 2546 2347 27
2579 2294 2771 2349 habitus
2803 2295 2857 2349 in
2890 2294 3095 2350 Trulla.

2026 2381 2275 2438 Clericus
2306 2394 2513 2439 vestem
2544 2386 2649 2441 sibi
2687 2403 2795 2441 non
2819 2390 3227 2442 convenientem
3286 2389 3537 2456 induens,

1956 2474 2170 2531 etiamsi
2199 2476 2269 2531 sit
2300 2475 2350 2530 in
2389 2475 2599 2540 itinere,
2624 2479 2981 2546 septimanam
3012 2496 3172 2535 unam
3205 2491 3536 2552 segregator.

2604 2574 2674 2627 55
2697 2573 2934 2642 ejusdem
2960 2616 2972 2627 .

2027 2660 2259 2718 Oracula
2282 2665 2463 2720 divina
2490 2668 2543 2720 in
2588 2666 2820 2721 amboue
2867 2682 2970 2721 non
2995 2666 3161 2735 legat,
3202 2666 3293 2737 qui
3326 2682 3430 2722 non
3456 2676 3541 2724 est

1958 2759 2169 2815 tonsus.
2205 2768 2303 2809 nec
2344 2756 2782 2813 benedictionem
2819 2769 3163 2815 consecutus.
3199 2759 3302 2826 Qui
3338 2770 3537 2830 praeter

1957 2841 2075 2900 lucc
2108 2844 2259 2912 facit,
2289 2860 2629 2919 scgregator.

2591 2942 2660 2998 14
2690 2944 2928 3012 septima:
2963 2985 2976 2998 .

2029 3016 2129 3094 Qui
2164 3042 2356 3085 manus
2377 3032 2776 3101 impositionem
2810 3042 2915 3088 non
2940 3039 3022 3088 est
3044 3042 3389 3099 consecutus,
3414 3034 3543 3090 licet

1960 3120 2259 3174 monachus
2302 3122 2394 3188 sit,
2427 3138 2615 3179 sacros
2665 3124 2719 3179 in
2750 3126 2982 3179 amboue
3010 3124 3179 3180 libros
3221 3141 3328 3180 non
3376 3127 3537 3197 legat.

1958 3208 2199 3281 imponat
2231 3223 2411 3269 autem
2441 3230 2632 3270 manus
2663 3216 2955 3272 lectoribus
2971 3217 3134 3271 etiam
3162 3216 3333 3272 abbas
3358 3217 3412 3273 in
3439 3233 3540 3273 suo

1961 3304 2311 3365 monasterio,
2344 3303 2389 3358 si
2424 3306 2713 3361 sacerdotii
2743 3306 2971 3375 gradum
3016 3307 3197 3371 habet,
3233 3315 3289 3361 et
3335 3309 3402 3360 ab
3426 3309 3544 3374 epi-

1958 3406 2127 3462 scopo
2179 3408 2375 3449 manus
2428 3395 2825 3465 itnpositionem
2879 3403 3071 3452 nactus
3123 3406 3207 3452 est
3249 3412 3264 3451 :
3306 3397 3542 3466 itemque

1961 3487 2399 3558 clturepiscopus,
2426 3490 2661 3560 episcopi
2698 3490 2986 3560 permissu.

2480 3582 2548 3637 16
2574 3581 3024 3650 Carthaginensis.

2031 3667 2248 3734 Lector,
2273 3672 2362 3739 qui
2382 3672 2550 3741 pubes
2569 3680 2671 3737 est,
2693 3681 2786 3727 aut
2810 3672 3213 3728 matrimonium
3235 3674 3541 3739 contrahat,

1963 3771 2057 3815 aut
2087 3762 2476 3817 continentiam
2512 3765 2815 3830 promittat.
2848 3763 3038 3833 Neque
3086 3764 3336 3834 populum
3373 3768 3540 3818 lecto-

1967 3865 2054 3908 res
2075 3854 2323 3922 adorcut,
2350 3863 2470 3924 post
2498 3855 2784 3910 lectionem
2811 3856 3043 3911 scilicet.

2473 3946 2509 4000 ὅ
2532 3948 2728 4003 habite
2759 3949 2811 4001 in
2836 3946 2877 4001 Τ
2882 3950 3041 4003 fullo.

2036 4037 2135 4102 Qui
2166 4048 2396 4105 canunt,
2430 4041 2600 4094 multa
2649 4054 2774 4096 cum
2813 4043 3111 4097 attentione
3168 4052 3223 4097 ct
3267 4058 3533 4113 compun-

263 4142 478 4204 νύξεως
509 4139 901 4209 ψαλλέτωσαν,·
915 4136 1067 4206 βοαῖς
1093 4136 1350 4200 ἀτάκτοις
1378 4139 1471 4191 καὶ
1502 4138 1865 4208 ἀναρμόστοις

1847 4154 1865 4199 ;
1970 4131 2156 4182 ctione
2200 4141 2400 4185 canant
2438 4172 2454 4196 ,
2504 4131 2830 4187 inordinatis
2863 4142 2919 4189 et
2954 4148 3062 4187 non
3091 4137 3539 4191 convenientibus

266 4233 347 4303 μὴ
377 4231 679 4302 χρώμεναι

684 4346 750 4399 '0
780 4351 845 4399 ιε’
879 4335 989 4414 τῆς
1032 4345 1103 4398 ἐν
1130 4342 1470 4408 Λαοδικείᾳ.

339 4442 457 4496 Καὶ
490 4441 620 4492 ἄνευ
651 4438 762 4491 τῶν
790 4437 1093 4491 κανονικῶν
1141 4435 1383 4505 ψαλτῶν,
1412 4434 1506 4487 καὶ
1533 4435 1642 4488 ἀπὸ
1681 4434 1865 4504 διφθέ-

1969 4220 2303 4277 clamoribus
2335 4221 2477 4276 baud
2514 4232 2750 4279 utentes.

2534 4330 2605 4385 15
2629 4331 2963 4388 Laodiceam.

2050 4419 2214 4475 Extra
2252 4433 2511 4479 cantores
2546 4426 2845 4493 regulares,
2876 4429 3051 4497 deque
3082 4431 3271 4485 codice
3320 4432 3371 4484 in
3417 4432 3541 4501 prd.

268 4549 374 4603 ρας
431 4532 521 4581 ἐπ’
547 4528 805 4598 ἀμόωνος
868 4527 1208 4597 ψαλλόντων,
1238 4526 1431 4597 μηδεὶς
1486 4528 1545 4579 ἐν
1595 4525 1861 4596 ἐκκλησίᾳ
1894 4601 1919 4603 ᾗ

1486 4528 1545 4579 δν
1595 4525 1861 4596 ἐκκλησίᾳ
1972 4513 2087 4583 pilo
2108 4524 2392 4580 canentes,
2424 4517 2601 4571 nullus
2632 4517 2682 4571 in
2718 4517 2949 4572 ecclesia
2981 4530 3161 4574 canat,

264 4623 545 4694 ww.
654 4686 655 4689 η

963 4712 1247 4778 Σχόλιον.

347 4830 568 4896 Ἥγουν
592 4826 701 4880 τῶν
745 4827 854 4881 ἀπὺ
893 4828 1116 4891 κανόνος
1146 4826 1447 4895 γινομένων
1468 4866 1482 4880 .
1514 4807 1784 4896 Διφθέρας
1814 4824 1870 4878 δέ

287 4900 372 4959 τὰς
406 4890 630 4966 βῖὅλους
686 4899 864 4957 καλεῖ,
890 4898 977 4951 διὰ
1019 4890 1107 4949 τὸν
1138 4890 1461 4966 μεμϐράνας
1492 4890 1866 4956 ἀὑτὰςεῖναιο

281 4969 540 5039 διφθέραι
567 4968 700 5039 γὰρ,
731 4968 804 5031 τά
829 4968 1093 5036 δέρματα.

855 5076 921 5131 '0
946 5084 1031 5147 κγ*
1061 5080 1304 5143 ταύτης.

342 5175 733 5243 ’Λναγνὼστης
762 5173 797 5244 ἢ
822 5172 1031 5241 ψάλτης
1072 5170 1313 5240 ὦράριον
1356 5168 1432 5239 μὴ
1467 5169 1723 5238 φορείτω.

683 5283 748 5335 '0
785 5288 832 5337 ε’
861 5279 970 5349 τῆς
1002 5280 1073 5334 ὲν
1114 5277 1487 5347 Καρθατένῃ.

345 5400 633 5470 Κληρικὸς
672 5398 833 5453 τόκον
862 5396 939 5467 μὴ
982 5396 1338 5464 λαμϐανέτω·
1358 5393 1420 5445 τὸ
1442 5391 1548 5460 γὰρ
1578 5392 1635 5444 ἐν
1666 5391 1871 5456 λαῖκοῖς

274 5491 637 5560 ἐπιλήψιμον,
666 5488 846 5558 πολλῷ
878 5488 1083 5558 μᾶλλον
1125 5489 1185 5540 ἐν
1226 5485 1525 5555 κληρικοϊς.

826 5663 893 5717 'O
951 5661 1043 5716 xa’
1074 5663 1316 5729 ταύτης.

344 5783 533 5837 Τέκνα
566 5778 854 5849 κληρικῶν
906 5777 1141 5842 ἐθνικοίς
1172 5778 1207 5850 η
1243 5777 1537 5848 αἱρετικοίς
1578 5775 1652 5843 μὴ
1705 5791 1870 5843 γαμι-

279 5881 389 5937 uit;
446 5872 941 5928 συναπτέσθωσαν.

2589 4694 2881 4750 Scholium.

2046 4804 2157 4859 iinc
2193 4815 2298 4884 est,
2336 4807 2427 4873 qui
2451 4810 2768 4884 secundum
2805 4813 3046 4879 regulam
3081 4814 3237 4877 liqut.
3270 4813 3539 4884 Διφθέρας

1976 4885 2192 4951 autem,
2214 4880 2329 4951 sive
2360 4881 2599 4951 codices,
2624 4878 2794 4932 libros
2822 4878 2977 4933 vocat
3003 4900 3017 4944 ;
3041 4886 3185 4951 quod
3215 4878 3543 4940 membrana:

1973 4948 2086 4998 sint
2123 4960 2141 5009 ;
2171 4944 2423 5015 διφθέραι
2453 4948 2597 4999 enim
2630 4960 2784 5003 cutes
2815 4951 2931 5005 sive
2964 4944 3129 5018 pelles
3164 4967 3310 5009 sunt.

2580 5059 2651 5113 25
2684 5061 2942 5129 ejusdem.

2049 5152 2263 5216 Lector,
2296 5152 2409 5205 sive
2439 5160 2654 5218 cantor,
2689 5158 2930 5209 orarium
2961 5174 3089 5213 non~
3104 5168 3304 5230 gestet.

2504 5264 2538 5318 5
2561 5264 3011 5338 Carthaginensis.

2044 5384 2289 5439 Clericus
2328 5398 2553 5438 usuram
2609 5400 2715 5439 non
2776 5387 3029 5454 accipiat.
3078 5389 3229 5454 Quod
3291 5394 3435 5446 enim
3488 5392 3543 5447 in

1976 5475 2133 5529 luicis
2182 5475 2665 5543 reprehensionem
2702 5487 2965 5543 meretur,
3022 5482 3193 5538 multo
3258 5486 3428 5553 magis
3485 5487 3542 5541 in

1974 5566 2208 5623 clericis.

2576 5660 2641 5713 21
2683 5662 2944 5723 eiusdem.

2045 5774 2384 5827 (Ilerirornm
2416 5771 2575 5825 liberi
2626 5787 2748 5826 cum
2809 5779 3054 5844 paganis,
3113 5792 3204 5834 aut
3246 5779 3542 5845 hareticis,

1979 5864 2327 5920 matrimonio
2359 5880 2424 5919 ne
2462 5865 2769 5935 iunguutor.
