4286 6466
737 422 840 488 115

1914 411 2174 471 CONST.
2233 403 2794 468 HARMENOPULI

3875 387 3974 452 116

730 532 908 598 prium
935 529 1018 580 die
1048 526 1168 581 Maii
1203 525 1455 591 habetur,
1487 538 1518 579 e
1544 523 1779 580 lldelium
1799 525 2068 591 republica
2103 523 2303 575 tollun-
2331 533 2378 588 Α
2407 536 2422 572 1

2283 550 2303 563 -
2331 533 2378 588 Α
2407 519 2602 588 πρώτῃ
2629 514 2724 568 τοῦ
2755 513 2932 569 Μαΐου
2964 510 3299 580 πανήγυρις,
3337 504 3435 575 τῆς
3479 503 3592 556 τῶν
3629 498 3841 554 πιστῶν
3872 515 3975 552 πο-

731 629 839 675 tor.
875 620 1013 684 Quin
1046 619 1209 671 etiam
1238 616 1677 670 muliercularum
1702 615 2040 677 saltationes,
2067 626 2119 666 et
2139 612 2301 666 larva:

730 711 970 771 comit-te.
997 718 1048 763 et
1075 708 1316 763 satirica:
1336 717 1390 762 et
1422 707 1662 773 tragicae,
1711 713 1766 758 et
1825 706 1880 760 in
1935 703 2302 759 torcularibus

732 803 1038 870 imploratio
1074 801 1292 867 Bacchi,
1324 807 1377 856 et
1403 800 1548 855 risus
1578 799 1633 855 in
1684 797 1862 864 doliis,
1915 813 2038 853 cum
2069 797 2298 866 primum

729 901 915 951 viuum
978 894 1295 949 aﬂunditur.
1327 891 1428 958 Qui
1462 902 1645 945 autem
1694 890 1748 944 in
1778 890 1865 946 bis
1893 891 2162 958 persistit,
2194 887 2303 943 cle-

738 990 878 1044 ricus
908 987 1124 1054 quidem
1157 984 1460 1050 tleponitor,
1487 981 1658 1036 laicus
1687 995 1816 1036 vero
1854 989 2192 1050 segregator.

1345 1158 1415 1210 65
1451 1157 1706 1226 ejusdem.

808 1255 907 1322 Qui
936 1265 1061 1309 ante
1088 1253 1326 1307 oilicinas
1357 1253 1411 1307 in
1444 1251 1740 1305 noviluniis
1790 1262 1951 1319 rogos
1979 1249 2303 1313 accendunt,

737 1355 790 1400 et
817 1361 981 1414 super
1009 1361 1102 1400 eos
1139 1345 1375 1407 saltant,
1435 1343 1617 1399 clerici
1664 1342 1880 1412 quidem
1945 1343 2304 1406 deponuntur,

741 1439 863 1494 laici
887 1453 1014 1494 vero
1043 1448 1408 1509 segregantor.

1337 1531 1402 1586 67
1446 1529 1683 1597 ejusdem
1699 1568 1713 1583 .

810 1619 910 1686 Qui
936 1621 1250 1689 sanguinem
1273 1621 1523 1675 animalis
1568 1631 1896 1688 quocunque
1934 1625 2094 1671 mouo
2121 1629 2308 1670 come-

741 1717 842 1781 dit,
858 1718 1088 1772 clericus
1100 1717 1313 1787 quidem
1334 1717 1636 1784 deponitor,
1651 1715 1823 1770 laicus
1833 1728 1962 1769 vero
1977 1717 2307 1780 scgregator.

1338 1809 1403 1864 77
1444 1808 1699 1877 ejusdem.

809 1901 876 1956 Et
905 1903 1001 1970 qui
1026 1917 1147 1957 cum
1177 1901 1494 1957 mulieribus
1524 1901 1688 1954 lavat.

1367 1997 1435 2052 79
1474 1997 1711 2066 ejusdem

808 2095 910 2162 Qui
947 2102 1067 2165 post
1097 2093 1292 2146 festum
1347 2087 1656 2144 Nativitatis
1705 2086 1905 2142 Christi
1954 2081 2315 2152 similagiuem

738 2193 999 2256 coquunt,
1031 2197 1260 2251 eamque
1287 2178 1386 2234 sibi
1421 2178 1649 2232 invicem
1679 2176 1811 2231 dant
1858 2185 2315 2241 tanquam........

740 2275 933 2331 clerici
961 2273 1184 2343 quidem
1204 2270 1508 2340 deponitor,
1538 2266 1664 2322 laici
1695 2279 1827 2322 vero
1860 2271 2241 2334 segregantor.

1339 2447 1409 2502 80
1446 2446 1705 2517 ejusdem.

816 2546 916 2613 Qui
957 2544 1132 2601 tribus
1170 2540 1440 2596 continuis
1493 2537 1688 2593 diebus
1728 2531 2048 2598 Dominicis,
2109 2530 2316 2599 absque

745 2636 1064 2710 gravissima
1104 2633 1443 2694 necessitate,
1490 2630 1645 2684 abest
1691 2628 1759 2683 ab
1809 2625 2064 2692 ecclesia,
2093 2623 2322 2680 clericus

742 2726 961 2800 quidem
992 2723 1297 2794 deponitor,
1330 2722 1497 2776 laicus
1536 2734 1664 2775 vero
1690 2725 2021 2790 segregator.

1334 2813 1404 2870 86
1425 2813 1686 2884 ejusdem.

817 2910 1082 2966 Similiter
1110 2917 1166 2964 et
1195 2907 1288 2978 qui
1347 2906 1672 2962 lenocinium
1719 2903 1870 2972 facit,
1921 2902 1988 2958 ad
2020 2900 2321 2957 animarum

748 3003 1048 3058 interitum.

1297 3119 1316 3132 ο
1356 3090 1424 3146 88
1463 3091 1718 3161 ejusdem.

817 3185 882 3239 Et
912 3184 1003 3252 qui
1036 3184 1337 3254 iumentum
1368 3182 1421 3236 in
1460 3172 1719 3249 templum
1778 3176 2098 3242 introducit,
2121 3173 2321 3245 absque

747 3277 925 3346 aliqua
961 3277 1014 3331 in
1049 3277 1245 3331 itinere
1276 3273 1623 3330 necessitate.

1348 3361 1417 3417 97
1456 3360 1711 3430 ejusdem.

819 3453 921 3522 Qui
964 3468 1088 3508 cum
1118 3451 1347 3510 muliere
1377 3451 1678 3516 cohabitat,
1709 3464 1774 3504 ne
1797 3448 2019 3519 quidem
2047 3446 2101 3502 in
2138 3443 2324 3514 templi

749 3546 1171 3603 catecltumeniis
1195 3545 1371 3613 degat.
1403 3542 1517 3598 Hoc
1540 3545 1629 3612 qui
1651 3540 2078 3607 transgreditur,
2096 3538 2326 3594 clericus

751 3639 966 3708 quidem
999 3636 1321 3707 deponitor,
1351 3636 1524 3691 laicus
1558 3645 1738 3691 autem
1777 3642 2111 3705 segregator.

1357 3726 1423 3780 l3
1460 3727 1714 3794 septimae.

827 3816 926 3883 Qui
963 3816 1032 3872 de
1057 3817 1397 3871 monasteriis
1446 3817 1716 3870 mundana
1749 3810 2048 3874 diversoria
2100 3809 2327 3874 faciunt,

758 3925 926 3979 caque
959 3925 1063 3964 non
1091 3910 1386 3965 restituunt
1415 3949 1432 3975 ,
1465 3907 1649 3964 clerici
1692 3906 1913 3978 quidem
1964 3906 2329 3975 deponuntor,

757 4002 884 4056 laici
914 4016 1042 4057 vero
1077 3991 1451 4072 segrehantor.

1199 4092 1270 4148 28
1308 4092 1494 4160 prima
1519 4107 1580 4145 ac
1615 4093 1878 4147 secundat.

831 4184 931 4250 Qui
965 4193 1174 4239 castrat
1208 4183 1440 4251 aliquem
1470 4183 1550 4237 vel
1578 4199 1673 4237 sua
1698 4199 1882 4254 manu,
1911 4182 2178 4252 veljussu,
2202 4178 2333 4235 abs-

759 4293 862 4344 que
910 4276 1078 4331 morbi
1127 4276 1473 4341 necessitate,
1505 4274 1738 4330 clericus
1768 4275 1980 4344 quidem
2022 4270 2331 4342 deponitor,

766 4368 934 4422 laicus
961 4378 1165 4431 autem,
1194 4375 1524 4436 segregator.

1327 4457 1397 4511 28
1435 4456 1771 4511 Laodicenis.

2407 608 2615 672 λιτείας
2659 603 3181 676 περιαιρείσθωσαν.
3220 596 3382 652 Ἀλλὰ
3415 594 3525 666 μὴν
3577 592 3674 647 καὶ
3729 591 3974 662 γυναίων

2406 702 2686 772 ὀρχήσεις,
2733 700 2828 752 καὶ
2881 697 3205 768 προσωπεῖα
3243 690 3492 762 κωμικὰ,
3526 688 3622 743 καὶ
3678 685 3974 758 σατυρικὰ,

2408 795 2504 847 καὶ
2549 791 2814 864 τραγικά,
2849 791 2942 843 καὶ
2991 790 3025 858 ἡ
3057 789 3150 840 ἐπὶ
3181 786 3368 856 ληνοῖς
3412 780 3508 837 τοῦ
3549 778 3809 834 Διονύσου
3858 777 3980 831 ἐπί-

2409 885 2623 952 κλησις,
2658 883 2751 936 καὶ
2787 883 2818 935 ὀ
2863 883 2922 935 ἐν
2958 881 3078 944 τοῖς
3122 877 3304 940 πίθοις
3335 874 3514 946 γέλως
3544 869 3826 941 τηναρχὴν
3856 871 3979 921 ἐπι-

2410 978 2673 1048 χεομένου
2709 974 2803 1029 τοῦ
2832 975 3002 1028 οῐνου.
3040 972 3101 1027 '0
3129 971 3186 1025 δέ
3217 969 3432 1032 τούτοις
3456 966 3756 1036 ἐπιμένων,
3787 962 3980 1032 κληριο

2410 1070 2504 1132 κὸς
2538 1068 2660 1139 μὲν,
2697 1063 3072 1137 καθαιρείσθω
3096 1077 3114 1095 ·
3141 1063 3329 1125 λαῖκὸς
3352 1061 3431 1128 δέ,
3463 1055 3831 1130 ἀφοριζέσθω.

2996 1153 3060 1208 'o
3085 1152 3164 1219 ξεν
3193 1145 3405 1220 αὐτῆς.

2480 1251 2546 1305 Ol
2579 1252 2637 1304 ὲν
2661 1251 2782 1314 ταῖς
2815 1248 3132 1318 νουμηνίαις
3162 1245 3268 1315 πρδ
3293 1244 3403 1297 τῶν
3431 1237 3813 1314 ἐργαστηρίων
3839 1253 3981 1306 πυρο

2414 1345 2573 1406 καῖάς
2627 1345 2962 1405 ἀνάπτοντες
3053 1342 3150 1392 καὶ
3205 1335 3660 1408 ύπεραλλόμενοι,
3723 1328 3984 1398 κληρικοὶ

2417 1433 2540 1503 μὲν,
2579 1429 3096 1500 καθαιρείσθωσαν·
3143 1426 3326 1480 λαῖκοὶ
3372 1424 3456 1491 δέ,
3506 1418 3978 1493 ἀφοριζέσθωσαν.

2987 1521 3050 1575 '0
3082 1518 3166 1585 EC
3201 1516 3414 1582 αὐτῆς.

2495 1615 2556 1671 '0
2585 1614 2782 1668 ἐσθίων
2829 1609 2970 1682 αἷμα
3010 1613 3154 1676 ζώου
3188 1609 3488 1680 οίῳδήποτε
3530 1606 3744 1677 τρόπῳ,
3786 1603 3984 1674 κληρι·

2415 1702 2510 1768 κδς
2549 1704 2668 1772 μὲν,
2705 1703 3109 1773 καθαιρείσθωο
3143 1702 3332 1763 λαῖκὸς
3366 1699 3444 1766 δέ,
3473 1695 3846 1768 ἀφοριζέσθω.

2989 1796 3053 1847 '0
3087 1791 3168 1852 στ’
3209 1789 3423 1859 αὐτῆς.

2347 1881 2393 1942 Β
2492 1887 2601 1940 Καὶ
2639 1886 2668 1940 ὁ
2699 1887 2915 1956 γυναιξὶ
2947 1886 3361 1955 συλλουόμνενος.

2985 1979 3051 2033 '0
3083 1981 3168 2034 σθ’
3211 1973 3422 2044 αὐτῆς.

2486 2072 2548 2125 Οί
2579 2071 2716 2141 μετά
2740 2073 2841 2141 τὴν
2885 2075 3078 2145 ἑορτὴν
3103 2073 3202 2141 τῆς
3240 2070 3336 2125 τοῦ
3383 2067 3626 2142 Χριστοῦ
3673 2066 3988 2138 Γεννήσεως

2417 2163 2696 2232 σεμίδαλιν
2735 2165 2980 2232 ἕψοντες,
3013 2166 3108 2218 κα)⁸
3136 2164 3341 2234 ταύτης
3371 2162 3621 2230 ἀλλήλοις
3657 2158 3981 2231 μεταδιδόν-

2417 2273 2510 2318 τες
2541 2256 2618 2319 ὡς
2661 2257 2955 2328 ἐπιλόχιον,
2985 2257 3242 2328 κληρικοὶ
3293 2256 3418 2326 μὲν,
3461 2252 3940 2324 καθαιρείσθωσαν
3967 2263 3982 2278 ’

2417 2349 2596 2403 λαϊκοὶ
2623 2349 2700 2416 δέ,
2729 2349 3205 2424 ἀφοριζέσθωσαν.

3010 2440 3075 2496 '0
3110 2438 3168 2494 ,π’
3195 2440 3407 2510 αὐτῆς.

2499 2534 2563 2590 '0
2584 2533 2676 2588 ἐπὶ
2705 2533 2886 2600 τρισὶν
2915 2533 3044 2604 ἐξῆς
3087 2534 3421 2604 Κυριακαῖς,
3454 2532 3700 2601 ἀνάγκης
3739 2528 3860 2600 δίχα
3885 2528 3989 2596 βα-

2425 2627 2682 2698 ρυτάτης,
2708 2627 2808 2696 τῆς
2835 2626 3132 2695 ἐκκλησίας
3160 2625 3697 2695 ἀπολιμπανόμενος,
3722 2622 3990 2692 κληρικδς

2425 2719 2547 2790 μὲν,
2580 2716 2954 2788 καθαιρείσθω
2975 2731 2992 2748 ο
3018 2715 3207 2778 λαῖκὸς
3254 2715 3334 2778 δέ,
3369 2713 3736 2785 ἀφοριζέσθω.

2999 2807 3061 2862 '0
3090 2813 3194 2872 σις’
3219 2804 3429 2874 αὐτῆς.

2503 2901 2777 2966 Ὢσαύτως
2815 2900 2909 2956 καὶ
2932 2901 2962 2955 6
2994 2899 3379 2971 πορνοϐοσκῶν
3410 2897 3502 2952 ἐπὶ
3531 2895 3721 2968 ψυχῶν
3745 2893 3981 2965 ὀλέθρῳ.

2733 3124 2739 3132 .
2984 3081 3050 3133 Ὀ
3080 3079 3178 3148 κη’
3209 3078 3424 3147 αὐτῆς.

2505 3175 2613 3228 Καὶ
2644 3176 2672 3228 ὁ
2698 3173 2894 3240 κτῆνος
2925 3173 3006 3236 είς
3038 3170 3183 3241 ἱερὸν
3205 3168 3468 3238 εἰσάγων,
3498 3165 3672 3238 χωρίς
3695 3180 3840 3228 τινος
3867 3161 3996 3216 καθ’

2424 3266 2540 3321 ὁδὸν
2568 3266 2833 3334 ἀνάγκης.

2714 3357 2783 3410 '0
2829 3356 3233 3422 ἐνενηκοστὸς
3265 3352 3516 3421 ἕϐδομος
3546 3344 3757 3416 αὐτῆς.

2507 3449 2567 3502 '0
2611 3448 2826 3516 γυναικὶ
2861 3427 3146 3511 συνοικῶν,
3178 3443 3299 3516 μηδ⁹
3334 3447 3392 3497 ἐν
3421 3445 3533 3506 τοῖς
3562 3440 3656 3495 τοῦ
3699 3436 3829 3493 ναοῦ
3860 3453 3997 3491 κατ-

2432 3542 2650 3597 οικεὶτω
2700 3540 3194 3610 κατηχουμενείοις.
3239 3540 3298 3592 '0
3353 3536 3410 3591 δέ
3444 3533 3825 3605 παραϐαίνων,
3857 3530 3995 3598 κλη-

2431 3635 2581 3706 ρικδς
2615 3633 2736 3704 μὲν,
2768 3631 3176 3702 καθαιρείσθωο
3210 3629 3398 3692 λαῖκδς
3428 3628 3510 3694 δὲ,
3557 3621 3924 3696 ἀφοριζέσθω.

3010 3725 3075 3777 '0
3106 3721 3172 3793 ιγ’
3198 3722 3310 3790 τῆς
3340 3719 3408 3782 ζ’.

2506 3819 2570 3872 Ol
2623 3817 2960 3888 μοναστήρια
3017 3815 3260 3885 κοσμικά
3311 3809 3595 3873 ποιοῦντες
3651 3804 3998 3872 καταγώγια,

2432 3912 2527 3967 καὶ
2585 3911 2659 3980 μὴ
2706 3908 3207 3971 ἀποκαθιστῶντες,
3245 3903 3500 3975 κληρικοὶ
3547 3901 3667 3970 μὶν,
3715 3897 4001 3968 καθαιρεί-

2436 4001 2652 4055 σθωσαν
2673 4017 2687 4030 ·
2715 4001 2894 4053 λαῖκοὶ
2922 3999 3000 4061 δὲ,
3030 3995 3506 4068 ἀφοριζέσθωσαν.

2899 4093 2965 4145 '0
2994 4096 3067 4157 ιη’
3101 4088 3211 4155 τῆς
3245 4092 3298 4141 a’
3337 4084 3436 4140 καί
3463 4085 3546 4150 β’.

2518 4186 2578 4243 '0
2608 4184 2934 4254 εὐνουχίζων
2977 4183 3098 4236 τινά
3125 4182 3158 4253 ἢ
3187 4180 3522 4251 αὐτοχειρίᾳ,
3556 4178 3589 4248 ἢ
3639 4180 4006 4248 ἐπιτάγματι,

2446 4277 2618 4347 χωρὶς
2651 4275 2898 4344 ἀνάγκης
2927 4277 3107 4341 νόσου,
3145 4272 3408 4344 κληρικδς
3442 4271 3563 4342 μὲν,
3597 4269 3968 4342 καθαιρείσθω
3989 4285 4007 4302 ⁸

2439 4369 2628 4430 λαῖκδς
2649 4367 2726 4433 δὲ,
2767 4366 3134 4435 ἀφοριζέσθω.

2835 4459 2900 4512 '0
2923 4457 3004 4518 κζ’
3029 4455 3138 4525 τῆς
3178 4456 3247 4509 ἐν
3276 4454 3615 4522 Λαοδικείᾳ.

834 4554 1074 4609 Clericus
1122 4561 1217 4607 aut
1273 4551 1444 4605 laicus
1521 4550 1587 4603 ad
1645 4550 1914 4612 comina,
1986 4563 2102 4617 quae
2165 4554 2425 4618 agapaeD
2520 4551 2526 4603 l

2317 4563 2345 4602 ε
2371 4554 2425 4614 Ῑ)
2520 4549 2794 4619 Κληρικδς
2823 4547 2856 4616 ἢ
2883 4546 3068 4608 λαῖκδς
3095 4547 3173 4606 είς
3197 4545 3419 4613 ἀγάπην
3449 4542 3699 4610 κληθεὶς.
3733 4541 3898 4611 μέρος
3931 4539 4009 4609 μὴ

768 4648 1038 4708 dicuntur,
1061 4643 1336 4705 invitatus,
1364 4651 1568 4709 partem
1599 4657 1703 4693 non
1729 4640 1992 4708 accipiat;
2021 4640 2218 4708 quippe
2258 4641 2342 4692 in-

763 4739 959 4805 jnriatn
984 4734 1159 4795 ordini
1191 4734 1337 4787 facit.
1366 4733 1563 4787 Clerici
1597 4732 1681 4785 vel
1730 4732 1852 4789 laici
1890 4732 1957 4784 de
2006 4731 2144 4801 stipe
2195 4747 2340 4801 sym-

771 4829 922 4900 posia
955 4842 1060 4883 non
1084 4827 1338 4898 habento.

1323 4911 1635 4971 TITULUS
1685 4912 1776 4970 IV.

829 5009 934 5080 Qui
963 5009 1032 5065 ad
1060 5008 1372 5066 clericorum
1405 5006 1792 5064 accusationem
1820 5022 1922 5061 non
1954 5006 2289 5062 admittendi.

1142 5101 1325 5161 Conon
1357 5099 1460 5156 128
1499 5099 1950 5169 Carthaginensis.

847 5195 1170 5267 Segregstus
1208 5192 1274 5247 ad
1306 5191 1627 5248 clericorum
1671 5195 2072 5248 accusationem
2115 5207 2218 5246 non
2248 5192 2343 5245 ad-

778 5289 1024 5344 mittitor.

1367 5378 1465 5433 129
1499 5377 1749 5445 ejusdem.

846 5470 1029 5540 Neque
1073 5486 1280 5536 servus,
1315 5482 1405 5523 aut
1445 5469 1694 5531 libertus,
1723 5478 1816 5522 aut
1842 5466 2207 5530 insimulatus,
2241 5477 2333 5520 attt

777 5567 993 5631 mimus,
1027 5574 1118 5616 aut
1148 5578 1403 5632 paganus,
1435 5570 1526 5614 aut
1557 5561 1862 5624 haereticus,
1894 5570 1985 5612 aut
2014 5557 2252 5612 Judazus.

1364 5654 1463 5709 l30
1493 5653 1750 5722 ejusdem.

842 5749 948 5800 Νιιρ
979 5750 1046 5810 is,
1080 5747 1169 5816 qui
1207 5746 1433 5798 diversis
1478 5759 1542 5796 ex
1585 5743 1766 5795 causis
1817 5757 1913 5799 eos
1963 5742 2260 5803 accusavit,
2296 5740 2338 5793 si

772 5845 824 5897 in
856 5858 962 5897 uno
995 5843 1206 5897 mentiri
1245 5841 1519 5895 convictus
1554 5840 1734 5895 fuerit.

2444 4641 2669 4710 αἱρείτω
2691 4658 2706 4672 ο
2736 4639 2946 4710 ὑϐρίζει
2973 4641 3080 4708 γὰρ
3117 4637 3217 4707 τὴν
3248 4636 3418 4699 τάξιν.
3451 4635 3724 4704 Κληρικοὶ
3751 4633 3785 4703 ἢ
3828 4632 4010 4686 λαῖκοὶ

2444 4733 2505 4799 ἐξ
2533 4734 2727 4804 ἐράνου
2757 4733 2829 4802 μὴ
2856 4729 3441 4796 συμποσιαζέσθωσαν.

2972 4909 3315 4962 ΕΠΙΓΡΑΦΙΙ
3346 4907 3420 4962 Δ’.

2580 5007 2741 5070 Τίνες
2773 5005 2859 5068 εις
2892 5002 3256 5070 κατηγορίαν
3282 4997 3584 5066 κληρικῶν
3620 4997 3881 5050 ἀδεκτοι.

2810 5096 2874 5147 '0
2895 5100 3025 5163 ρκη⁹
3059 5091 3169 5161 τῆς
3188 5093 3257 5144 ἐν
3294 5089 3661 5158 Καρθαγέγῃ.

2533 5186 2939 5258 Ἀιξωρισμένος
2973 5186 3054 5246 είς
3091 5182 3427 5252 κατηγορίαν
3483 5178 3761 5250 κληρικῶν
3807 5178 3882 5247 μὴ
3921 5176 4015 5229 δε-

2450 5283 2648 5353 χέσΟω.

3012 5369 3074 5421 Ὀ
3105 5370 3232 5435 ρκο¹
3258 5363 3469 5432 αὐτῆς.

2523 5467 2669 5533 Μηδὲ
2704 5463 2912 5524 δοῦλος,
2959 5462 2992 5530 ἢ
3034 5459 3423 5526 ἀπελεύθερος,
3454 5450 3962 5524 ἥδια6ε6>.ημένος,
3983 5449 4023 5521 ἢ

2456 5564 2641 5631 μῖμος,
2679 5557 2710 5626 ἦ
2743 5553 3023 5624 "thymi:
3057 5552 3350 5621 αἱρετικὸς,
3384 5549 3416 5618 ἦ
3456 5547 3734 5608 Ἰουδαῖος.

3031 5645 3084 5696 ’0
3103 5646 3195 5710 ρλ¹
3229 5639 3438 5706 αὐτῆς.

2524 5739 2672 5809 Μηδὲ
2705 5741 2730 5790 ὁ
2761 5736 2996 5806 διάφορα
3048 5732 3435 5801 κατηγορήσας
3475 5727 3678 5795 αὐτῶν,
3712 5727 3758 5779 εί
3801 5725 3880 5789 είς
3953 5721 4014 5775 ἓν

2455 5833 2659 5886 τούτων
2690 5830 3016 5901 ψευδόμενος
3051 5825 3356 5894 ἐλεγχθείη.
