4286 6466
301 416 400 480 137
1546 416 1881 475 EPITOME
1931 417 2178 477 CAVOX
2193 422 2325 479 UM.
3454 428 3550 490 138

293 525 547 605 τωνεξη,
585 524 681 605 καί
712 527 974 605 ἀμάρτοι,
1000 526 1352 605 παυσάμενος
1375 527 1871 605 τοῦ-ἁμαρτάνειν,
1904 532 1949 586 Α
1980 544 1985 579 ι

1858 568 1871 591 ,
1904 532 1949 586 Α
1980 529 2022 580 si
2058 530 2125 581 sit
2157 544 2221 583 ex
2253 534 2446 605 ordine
2477 534 2807 589 ﬂectentium
2859 550 3017 605 genu,
3052 546 3105 590 et
3142 550 3327 604 peccet
3358 580 3371 602 ,
3407 547 3550 605 quol

293 593 542 679 γενέσθω
572 593 1088 679 τῶν.ἀκροωμένων
1114 612 1125 625 ·
1156 598 1204 647 εί
1235 595 1292 679 ἀὲ
1330 596 1440 679 τῶν
1476 593 1868 679 ἀκροωμένων,

293 664 411 745 ἐξω
439 665 623 745 στήτω
659 667 757 735 τῆς
797 664 1105 745 ἐκκλησίας
1129 682 1152 745 '_
1174 666 1270 717 καὶ
1311 667 1357 745 o_l
1395 664 1739 745 dupotbpsvm
1769 668 1877 745 γᾲρ

292 732 453 793 me;
487 732 723 804 ἵσταντο
767 737 866 804 τῆς
922 732 1242 799 ἐκκλησίας,
1286 736 1448 803 μέχρι
1489 738 1587 803 τῇς
1625 732 1875 802 ἀναγνώὲ

293 817 437 865 σεως
464 802 560 855 τοῦ
588 804 747 872 ἀγίου
778 802 1137 873 Εὖαγγελίου.

718 898 782 950 Ὀ
803 896 864 961 β’
894 896 1006 963 τῆς
1031 896 1100 949 ἐν
1129 896 1467 961 Λαοδικείᾳ.

382 990 442 1045 '0
463 993 744 1063 διαφόρως
798 990 1089 1061 ἁμαρτὼν,
1149 993 1197 1042 εί
1225 988 1465 1059 γνησίως
1525 991 1877 1061 μετανοήσει,

288 1082 558 1151 δεχέσθω.

743 1173 808 1225 ’0
835 1174 881 1225 θ’
906 1171 1015 1238 τῆς
1040 1172 1110 1223 ἐν
1150 1173 1425 1241 Ἀγκύρῃ.

379 1264 439 1316 '0
472 1264 783 1335 παρθενίαν
821 1263 1319 1333 ἑπαγγειλάμενος,
1355 1263 1451 1317 καὶ
1480 1263 1777 1333 ἀθετήσας,
1806 1263 1882 1325 ὡς

286 1356 529 1425 δίγαμος
561 1357 889 1425 λογιζέσθω.

732 1448 791 1501 '0
829 1448 877 1512 ξ’
911 1448 1024 1515 τῆς
1047 1449 1117 1501 ἐν
1157 1447 1455 1516 Τρούλλῳ.

376 1542 436 1593 '0
466 1542 735 1611 δαιμονᾷν
793 1539 1269 1610 προσποιούμενος
1300 1542 1413 1602 τοῖς
1446 1540 1557 1592 τῶν
1587 1538 1884 1610 ὠσαληθῶς

286 1632 684 1699 δαιμονώντων
718 1632 1020 1700 ἐπιτιμίοις
1048 1630 1461 1685 ὑποδαλλέσθω.

2019 613 2205 651 eccaru
2234 602 2511 659 desinens.
2552 605 2604 656 in
2635 602 2884 658 onlineni
2907 602 3211 659 auditorum
3242 602 3435 661 referri
3456 614 3553 661 de-

2019 678 2127 745 eat.
2156 670 2249 722 Sin
2289 686 2350 725 ex
2407 674 2745 745 audientibus
2777 676 2867 735 sit,
2915 677 3177 729 consistat
3202 684 3354 731 extra
3383 678 3555 732 eccle-

1986 744 2123 789 siam
2162 753 2177 802 ;
2210 754 2331 812 nam
2389 745 2450 812 '_et
2478 744 2751 798 auditores
2806 754 2959 797 extra
2987 745 3270 799 ecclesiam
3313 749 3551 812 stabant,

1983 820 2153 872 usque
2180 808 2248 864 ad
2284 809 2577 865 lectionem
2610 815 2779 867 sancti
2810 814 3102 883 Evangelii.

2543 901 2598 954 ll
2655 898 2986 957 Laodiceam.

2052 986 2151 1053 Qui
2201 989 2515 1045 dill'erenter
2568 993 2843 1062 peccavit,
2897 995 2941 1047 si
3001 1009 3125 1047 vere
3179 994 3551 1062 pmnitentiam

1982 1077 2170 1144 egerit,
2199 1079 2475 1148 recipitor.

2566 1173 2597 1226 9
2642 1174 2959 1243 Ancyranw.

2058 1254 2161 1319 Qui
2195 1258 2503 1325 virginitate
2539 1264 2834 1330 promissa,
2875 1272 3057 1317 votum
3100 1262 3310 1317 irritum
3348 1262 3550 1327 iecerit,

1993 1354 2248 1414 tanquam
2283 1350 2528 1418 digamus
2564 1353 2811 1407 habetor.
2856 1364 2871 1372 ‘

2463 1445 2531 1499 60
2558 1446 2751 1500 liubitw
2794 1449 2849 1500 in
2892 1446 3098 1501 Trulla.

2057 1527 2159 1593 Qui
2201 1546 2230 1583 a
2258 1533 2500 1589 daemone
2534 1539 2716 1591 vexari
2748 1554 2807 1592 se
2851 1538 3091 1603 simulat,
3141 1539 3314 1607 pmnis
3370 1555 3558 1609 reapse

1987 1630 2302 1677 ventorum
2335 1642 2363 1679 a
2389 1627 2633 1682 daemone
2663 1630 2967 1697 subjicitur.

294 1724 362 1775 '0
407 1723 498 1787 ξα¹
533 1726 783 1791 ταύτης.
808 1724 908 1778 καὶ
938 1726 971 1777 ό
992 1724 1053 1787 β’
1080 1722 1187 1776 τοῦ
1220 1722 1503 1789 Μεγάλου
1531 1723 1879 1777 Βασίλειον.
1922 1790 1931 1791 7

1620 1723 1879 1777 σιλειου,
1922 1790 1931 1791 7
2258 1715 2318 1769 6i
2355 1717 2609 1784 ejusdem,
2664 1731 2713 1773 et
2763 1722 2822 1774 ll
2873 1721 3064 1775 Basilii
3105 1722 3308 1791 Magni.

361 1818 426 1867 Οί
464 1790 730 1884 μάντεσιν
757 1855 772 1877 ,
836 1817 868 1885 ἢ
914 1817 1029 1877 τοῖς
1086 1814 1405 1881 λεγομένοις
1460 1814 1881 1883 ἑκατοντάρχοις
1916 1790 1956 1843 Β

1857 1831 1881 1876 ς
1916 1790 1956 1843 Β
2055 1803 2156 1867 Qui
2189 1806 2395 1870 ariolis,
2423 1809 2508 1863 vel
2546 1809 2614 1865 iis
2646 1811 2734 1879 qui
2763 1812 3111 1868 centuriones
3152 1825 3434 1877 vocantur,
3471 1832 3549 1868 se-

288 1908 530 1969 ἑαυτοίις
572 1907 890 1969 δεδωκότας,
928 1907 1004 1969 ὥς
1030 1923 1082 1958 τι
1111 1906 1242 1975 παρ’
1265 1905 1490 1957 ἐκείνων
1515 1906 1881 1974 μαθησόμενοι

1866 1925 1881 1958 ι
1986 1904 2095 1949 met
2126 1897 2453 1966 addixerint,
2481 1901 2628 1955 velut
2669 1903 2869 1973 aliquid
2916 1905 2985 1959 ab
3018 1906 3099 1960 eis
3142 1922 3399 1961 arcanum
3438 1923 3558 1975 per-

282 1998 399 2049 τὼν
434 1998 789 2066 ἀπορρήτων.
819 1996 1071 2060 ἑξαετίαν
1121 1996 1587 2049 ὑποπιπτέτωσαν
1608 2034 1621 2054 ,
1673 1995 1705 2063 ἢ
1738 1997 1812 2058 ὡς
1845 1998 1873 2049 ό

1862 1998 1873 2049 ι
1985 1989 2215 2053 cepturi,
2247 1994 2506 2047 sexennio
2532 1996 2907 2059 succumbant,
2946 1999 3027 2051 vel
3066 2000 3350 2054 homicida:
3398 2014 3554 2069 poena

286 2090 493 2154 φονεὺς
524 2087 1007 2154 ἑπιτιμάσθωσαν.
1050 2086 1208 2140 Κατά
1240 2086 1416 2138 ταῦτα
1458 2084 1537 2148 δὲ,
1578 2086 1672 2137 καὶ
1700 2087 1747 2137 oi
1780 2086 1881 2155 ἀρ-

1863 2116 1881 2127 .
1984 2078 2304 2138 alliciantur.
2352 2082 2618 2141 Similiter
2646 2097 2699 2142 et
2736 2088 2826 2158 qui
2862 2106 3018 2144 ursos
3050 2094 3349 2158 attrahunt,
3384 2105 3437 2149 et
3466 2098 3555 2165 qui

286 2198 458 2243 κτους
489 2179 912 2248 ἐπισυρόμενοι,
950 2179 1046 2232 καὶ
1076 2177 1339 2247 οίτύχην,
1376 2178 1471 2230 καὶ
1512 2179 1879 2247 εἱμαρμένην,

1864 2218 1879 2241 ,
1984 2172 2277 2241 fortunam,
2325 2187 2378 2231 ct
2409 2177 2602 2245 fatum,
2645 2193 2698 2237 et
2728 2184 3063 2238 nativitatem
3105 2187 3155 2239 in
3191 2203 3284 2242 ore
3337 2190 3554 2252 habent,

288 2272 391 2321 καὶ
421 2270 779 2336 γενεαλογίαν
801 2266 1134 2337 φωνοῦντες,
1165 2269 1262 2321 καὶ
1289 2268 1340 2319 oi
1388 2267 1673 2336 λεγόμενοι
1706 2268 1881 2336 Νεφο-

1864 2298 1881 2309 .
1982 2275 2038 2317 et
2072 2266 2162 2333 qui
2196 2266 2579 2337 Nephodiocta:
2614 2284 2897 2341 vocantur,
2929 2290 2982 2331 et
3037 2279 3302 2349 Gytettlte,
3336 2292 3389 2334 et
3412 2280 3554 2351 Phy-

283 2364 546 2423 διὼκται,
594 2363 691 2414 καὶ
718 2362 986 2414 Γυτευταὶ
1011 2400 1026 2424 ,
1064 2360 1159 2413 καὶ
1192 2358 1579 2428 φυλακτήριοι,
1620 2360 1715 2412 καὶ
1749 2360 1882 2427 μάν-

1864 2387 1882 2399 -
1986 2354 2219 2421 lacterii,
2245 2368 2298 2413 et
2343 2363 2524 2417 arioli.
2556 2362 2709 2429 Quod
2739 2368 2783 2420 si
2814 2381 3187 2436 perseverant,
3220 2388 3282 2426 ex
3318 2373 3556 2427 Ecclesia

285 2468 429 2512 τεις.
479 2451 867 2519 Ἐπιμένοντες
913 2451 992 2516 δὲ,
1022 2450 1121 2521 τῆς
1175 2448 1508 2519 Ἐκκλησίας
1543 2450 1883 2520 ἀπορριπτέ-

286 2545 538 2597 σθωσαν.

298 2636 365 2688 '0
418 2636 508 2689 κδ’
551 2636 665 2703 τῆς
692 2637 762 2690 ἐν
802 2638 1084 2705 Ἀγκύρῃ.
1118 2639 1218 2689 καὶ
1251 2640 1283 2691 ό
1331 2644 1426 2705 κγ’
1462 2636 1575 2691 τοῦ
1598 2636 1880 2706 Μεγάλου

916 2710 1264 2761 Βασιλείου.

1986 2447 2295 2517 ejiciuntor.

2230 2629 2300 2683 24
2342 2632 2661 2701 Ancyranw,
2688 2642 2737 2687 et
2770 2635 2839 2690 85
2871 2636 3065 2692 Basilii
3103 2638 3307 2710 Magni.

2059 2789 2125 2843 Et
2156 2791 2246 2859 qui
2278 2792 2558 2857 ariolatur,
2600 2803 2654 2847 et
2692 2796 2742 2847 in
2774 2798 2995 2851 domum
3021 2814 3171 2853 suam
3199 2817 3355 2871 quem
3390 2806 3559 2858 dedu-

1988 2881 2062 2934 cit
2126 2884 2193 2936 ad
2261 2884 2493 2939 tollenda
2556 2887 2852 2951 veneficia,
2909 2890 2990 2944 vel
3067 2891 3359 2948 lustranda:
3420 2898 3560 2949 il!ius

1988 2987 2174 3038 causa,
2240 2990 2336 3042 per
2388 2978 2821 3046 quinquennium
2873 2982 2959 3036 vel
3022 2987 3343 3041 sexennium
3405 2990 3561 3043 resti-

1991 3064 2175 3119 tuit0r.

785 3164 850 3215 Ὀ
884 3161 944 3226 β’
981 3160 1089 3215 τοῦ
1119 3161 1400 3226 Νύσσης.
1906 3138 1949 3196 c
2404 3198 2414 3212 .

1246 3177 1400 3226 ’σης.
1906 3138 1949 3196 c
2404 3198 2414 3212 .
2630 3162 2663 3216 2
2693 3161 2745 3215 Ν
2748 3166 2938 3233 gueni.

369 3257 435 3309 '0
461 3255 522 3308 δὲ
551 3256 690 3325 πρὸς
730 3254 937 3324 γόητας
961 3257 1059 3307 καὶ
1093 3254 1323 3322 μάντεις
1354 3254 1534 3307 ἀπιὼν
1562 3254 1650 3305 ἐπ’
1682 3254 1877 3323 ἀθετή-
2051 3255 2061 3309 i

1869 3284 1877 3294 .
2051 3250 2154 3316 Qui
2211 3251 2280 3305 ad
2328 3268 2515 3324 magos
2570 3264 2627 3310 et
2684 3257 2885 3311 ariolos
2936 3259 3145 3313 accedit
3200 3262 3263 3313 ad
3308 3264 3561 3331 reproba-

282 3366 373 3402 σει
417 3349 518 3417 τῆς
569 3349 833 3413 πίστεως,
884 3348 959 3409 ὡς
1020 3348 1096 3417 μὴ
1119 3346 1418 3412 ,πιστεύων
1446 3347 1578 3400 Θεὸν
1605 3342 1743 3400 εἶναι
1788 3348 1879 3399 τὸν

1867 3366 1879 3398 ο
1988 3341 2182 3395 tionem
2243 3344 2405 3408 lidei,
2468 3354 2725 3415 tanquam
2780 3362 2887 3401 non
2940 3349 3168 3403 credens
3229 3352 3378 3405 illum
3438 3370 3559 3409 esse

281 3443 424 3510 παρ’
483 3440 646 3509 ήμῶν
683 3440 840 3512 [παρ’
872 3437 1031 3509 ἡμῖν]
1090 3438 1593 3508 προσκυνούμενον,
1630 3438 1717 3493 διὰ
1762 3439 1876 3508 βίου

1868 3456 1876 3489 .
1984 3429 2178 3497 Deum,
2208 3434 2300 3503 qui
2331 3450 2359 3488 a
2393 3436 2548 3490 nobis
2579 3438 2861 3503 adoratur,
2888 3448 2997 3493 tota
3021 3440 3127 3494 vita
3160 3446 3560 3501 communionis

279 3530 638 3597 ἀκοινώνητα
649 3550 689 3594 ;.

649 3550 689 3594 ἶ.
1981 3538 2170 3578 σχεθε-ε
2202 3534 2338 3579 εεῑο.

715 3625 779 3677 '0
810 3624 898 3693 κγ’
924 3627 1036 3692 τῆς
1074 3624 1143 3677 ἐν
1181 3624 1481 3689 Τρούλλῳ.

372 3717 437 3768 '0
464 3716 566 3787 τὴν
597 3716 810 3787 μητέρα
834 3716 929 3769 τοῦ
958 3716 1016 3780 ἐξ
1051 3717 1208 3784 ἁγίου
1260 3714 1640 3784 βαπτίσματος
1684 3717 1876 3771 ἀναδε-

287 3809 527 3879 χθέντος
561 3807 715 3876 αὑτῷ
747 3807 1093 3878 χηρεύουσαν
1114 3807 1422 3875 ἀγαγέσθαι
1459 3808 1759 3875 τολμήσας,
1785 3809 1877 3862 τοῦ

284 3899 637 3953 συνοικεσίου
676 3900 969 3969 λυομένου,
992 3900 1072 3969 τῷ
1102 3899 1197 3952 τοῦ
1236 3897 1593 3966 πορνεύοντος
1619 3902 1879 3971 ἐπιτιμίῳ

284 3993 792 4047 καθυποόαλέσθω.
824 3994 1047 4058 Μείζων
1073 3994 1179 4064 γάρ
1207 3995 1240 4063 ἡ
1277 3992 1424 4045 κατά
1450 3991 1669 4062 πνεῦμα
1689 3995 1881 4047 οἰκειό-

279 4104 386 4155 της
414 4087 514 4156 τῆς
540 4085 682 4138 κατά
711 4086 870 4153 σῶμα
902 4086 1223 4155 συναφείας.

697 4177 762 4231 '0
800 4177 891 4230 κδ’
922 4178 1033 4246 τῆς
1061 4178 1132 4231 ἐν
1180 4179 1485 4245 Τρούλλῳ.

369 4270 705 4339 Ἐξάδελφος
763 4270 1035 4342 ἑξαδέλφῃ
1084 4269 1161 4340 μὴ
1206 4271 1461 4339 γαμικῶς
1495 4270 1875 4338 συναπτέσθω,

284 4361 433 4431 μηδὲ
472 4360 660 4431 πατὴρ
698 4362 791 4413 καὶ
852 4361 967 4422 υίὸς
998 4361 1171 4429 μητρὶ
1200 4360 1297 4413 καὶ
1335 4362 1595 4430 θυγατρὶ,
1643 4360 1676 4431 ἢ
1731 4361 1881 4415 δυσὶν

1868 4378 1881 4414 ι
1984 4374 2159 4428 neque
2198 4369 2351 4427 pater
2382 4370 2435 4415 et
2488 4361 2631 4416 illius
2659 4365 2818 4417 matri
2852 4373 3016 4433 atque
3048 4366 3191 4431 ﬁliae,
3232 4366 3315 4420 vel
3350 4368 3560 4420 duabus

280 4455 555 4521 ἀδελφαῖς
600 4469 615 4483 ·
649 4452 786 4521 μηδὲ
810 4450 904 4503 δύο
938 4451 1159 4519 ἀδελφοὶ
1190 4451 1401 4521 μητέρα
1438 4454 1533 4503 καὶ
1582 4450 1879 4521 θυγατέρα,
1914 4475 1959 4530 ο

1866 4493 1879 4519 ,
1914 4475 1959 4530 D
1986 4450 2298 4514 sororibus;
2337 4466 2515 4520 neque
2547 4454 2653 4506 duo
2682 4451 2883 4507 fratres
2913 4465 3140 4509 matrem
3174 4469 3227 4511 et
3256 4458 3445 4521 tiliam,
3478 4460 3558 4512 vel

281 4545 441 4614 ἧδύο
480 4544 720 4610 ἀδελφὰς
780 4541 1236 4610 λαμϐανέτωσαν.
1298 4543 1361 4592 υἱ
1416 4540 1473 4593 δὲ
1502 4542 1655 4608 παρὰ
1681 4540 1878 4604 ταῦτα,

1869 4580 1878 4604 ,
1986 4544 2122 4595 duas
2156 4557 2376 4595 sorores
2412 4543 2705 4609 accipiant.
2744 4542 3046 4609 Quialiter
3075 4548 3307 4613 egerint,
3338 4557 3561 4616 septen-

280 4634 589 4687 ἑπταετίαν
612 4632 1101 4695 ὑποπιπτέτωσαν,
1132 4629 1234 4697 τῆς
1265 4630 1530 4696 συζυγίας
1565 4629 1844 4700 λυθείσης.

1408 4630 1530 4696 γίας
1565 4629 1844 4700 λυθείσης.
1988 4631 2079 4685 nio
2106 4628 2487 4701 procumbant,
2521 4633 2699 4688 soluto
2729 4635 3100 4690 matrimonio.

620 4721 683 4774 '0
708 4720 1124 4788 ἐνενηκοστὸς
1152 4719 1323 4784 ἕκτος
1348 4718 1561 4786 αὐτῆς.

1268 4738 1323 4784 ος
1348 4718 1561 4786 αὐτῆς.
2598 4724 2667 4779 96
2705 4726 2960 4793 ejusdem.

372 4817 437 4869 '0
486 4834 589 4885 την
639 4814 814 4885 ἑτέρῳ
848 4811 1288 4882 μνηστευθεῖσαν
1341 4811 1501 4875 ζῶντι
1534 4811 1715 4865 λαϐὼν
1775 4832 1882 4883 μοι·
2057 4823 2064 4860 t

1869 4845 1882 4858 .
2057 4813 2157 4880 Qui
2198 4812 2351 4869 alteri
2383 4815 2506 4871 vivo
2534 4818 2853 4885 desponsam
2898 4820 3193 4888 acceperit,
3236 4820 3561 4877 adulterium

1986 4907 2298 4960 committit.

365 2798 482 2853 Καὶ
506 2801 534 2852 ό
558 2799 987 2869 μαντευόμενος,
1024 2800 1119 2851 καὶ
1170 2800 1487 2866 εἰσαγαγών
1516 2817 1634 2851 τινα
1675 2801 1753 2862 είς
1789 2801 1881 2853 τὸν

286 2886 448 2943 οἷκον
493 2893 587 2943 ἐπὶ
638 2892 923 2961 ἀναιρέσει
977 2892 1350 2959 φαρμακείας,
1386 2891 1418 2960 ἦ
1457 2889 1744 2959 καθάρσει,
1793 2890 1881 2943 διά

287 2984 628 3046 πενταετίας
654 2984 686 3051 ἢ
713 2983 963 3050 ἑξαετίας
995 2981 1087 3034 τοῦ
1126 2982 1334 3034 τελείου
1358 2981 1699 3051 τυγχανέτω.

2463 3618 2531 3671 53
2569 3619 2763 3675 habita:
2793 3622 2845 3673 in
2884 3621 3089 3677 Trulla.

2053 3707 2154 3773 Qui
2199 3719 2428 3764 matrem
2460 3714 2598 3781 ejus,
2626 3727 2787 3780 quem
2823 3713 2893 3766 de
2927 3728 3085 3768 sacro
3114 3714 3439 3785 baptismate
3473 3736 3561 3775 su-

1982 3804 2152 3864 stulit,
2180 3803 2396 3857 viduam
2428 3805 2623 3859 factam
2652 3807 2853 3861 ducere
2879 3807 3042 3861 fuerit
3067 3824 3252 3871 ausus,
3280 3813 3561 3867 matrimo-

1984 3894 2073 3945 nio
2098 3895 2297 3960 soluto,
2326 3900 2643 3953 scortatoris
2674 3914 2847 3969 paena
2883 3900 3187 3970 subjicitor.
3217 3902 3389 3973 Major
3417 3908 3559 3961 enim

1984 3994 2065 4040 est
2096 3986 2398 4054 spiritualis
2423 3991 2774 4046 necessitudo
2804 4005 2867 4045 ea
2897 3991 3302 4061 conjunctione,
3331 4011 3451 4065 qua:
3476 4010 3563 4052 est

1983 4078 2279 4134 secundum
2310 4096 2553 4137 carnem.

2476 4173 2544 4229 54
2577 4177 2772 4229 habita:
2795 4178 2847 4230 iu
2874 4176 3078 4233 Trulla.

2060 4263 2327 4321 Sobrinus
2362 4266 2599 4321 sobrina:
2623 4284 2721 4337 per
2752 4271 3161 4326 matrimonium
3193 4290 3259 4327 ne
3280 4274 3558 4342 jungitur;

282 4912 478 4981 χεῖται.

720 4999 784 5050 '0
814 5004 896 5050 κε’
927 4995 1035 5063 τῆς
1067 4996 1139 5047 ἐν
1174 4993 1456 5062 Ἀγκύρῃ.

363 5094 434 5146 Εἰ
468 5109 556 5154 τις
620 5092 761 5161 κόρῃ
796 5088 1307 5159 μνηστευσάμενος,
1366 5091 1435 5155 τῇ
1467 5087 1672 5156 ἀδελ.φῇ
1714 5088 1879 5156 αὐτῆς

285 5184 635 5253 συγγένηται
701 5181 994 5250 πρότερον,
1049 5176 1147 5229 καὶ
1198 5175 1404 5245 ταύτην
1435 5177 1879 5246 ἐπιφορέσειῌ),

286 5275 414 5327 εἶτα
437 5274 538 5343 τὴν
578 5272 828 5342 μνηστὴν
854 5269 1122 5338 γαμήσει,
1159 5267 1255 5318 καὶ
1288 5269 1320 5335 ἡ
1365 5268 1634 5335 φθαρεῖσα
1678 5267 1883 5338 ἀγχόνῃ

2548 5000 2620 5053 25
2666 5001 2983 5070 Ancyranar.

2058 5092 2116 5146 Si
2147 5092 2268 5159 quis
2320 5093 2494 5161 puella
2548 5092 2651 5145 sibi
2684 5094 3191 5161 desponsata,,cum
3219 5094 3338 5163 ejus
3372 5111 3563 5151 sorore

1986 5183 2134 5250 prius
2179 5198 2289 5238 rem
2326 5185 2599 5245 habuerit,
2624 5198 2852 5252 eamque
2900 5185 3175 5250 gravidam
3215 5185 3430 5251 fecerit,
3461 5188 3559 5241 de-

1986 5276 2111 5329 inde
2140 5290 2393 5345 sponsam
2431 5275 2649 5329 duxerit
2681 5290 2926 5339 uxorem,
2954 5286 3007 5327 et
3047 5276 3134 5328 illa
3165 5275 3331 5330 altera
3365 5278 3557 5333 vitiata

1986 5365 2181 5433 laqueo
2205 5366 2367 5420 vitam
2414 5364 2634 5429 ﬁnierit,
2662 5365 2784 5435 ejus
2822 5364 2947 5420 lacti
2979 5366 3209 5433 conscii,
3248 5377 3441 5425 exacto
3469 5371 3560 5425 de-

1986 5457 2199 5524 cennio,
2234 5457 2615 5512 restituuntor.

2541 5550 2609 5604 ’14
2644 5549 3011 5605 Cmariensis.

2056 5641 2157 5708 Qui
2207 5641 2488 5697 mulierem
2536 5642 2818 5711 appetivit,
2862 5652 2917 5697 et
2949 5644 3015 5698 ad
3048 5642 3249 5699 factum
3284 5660 3386 5699 non
3429 5660 3559 5717 pro-

1987 5732 2171 5800 cessit,
2200 5732 2459 5788 divinitus
2487 5742 2736 5788 servatus
2771 5745 2877 5787 est.

288 5371 590 5436 χρήσαιτο,
618 5366 668 5416 ot
697 5362 1001 5423 συνειδότες
1023 5361 1112 5413 διὰ
1138 5359 1427 5421 δεκαετίας
1456 5360 1880 5428 τυγχανέτωσαν

283 5460 383 5512 τοῦ
409 5457 651 5510 τελείου.

704 5548 768 5601 '0
796 5546 879 5601 οόν
908 5542 1015 5615 τῆς
1040 5546 1109 5598 ἐν
1138 5548 1485 5612 Καισαρείᾳ.

378 5646 441 5698 ὐ
470 5644 737 5711 γυναικὸς
790 5640 1163 5708 ἐπιθυμήσας,
1210 5641 1304 5691 καὶ
1362 5640 1441 5700 είς
1474 5636 1634 5706 ἔργον
1668 5638 1743 5708 μὴ
1778 5656 1882 5707 χω-

286 5742 491 5810 ρήσας,
516 5738 711 5789 θεόθεν
743 5733 1012 5804 ἐτηρήθη.

364 5887 447 5952 (1)
478 5883 801 5945 Τουτέστιν,
839 5880 1037 5946 ἑγκυον
1076 5878 1311 5947 ποιήσει.

621 5977 897 6034 ΡΑΤιυιι..
940 5976 1055 6032 (in.
1098 5976 1224 6033 (ιιι.

3216 5962 3246 6014 5
