4286 6466
699 396 796 463 161
1876 411 2142 477 CONST.
2184 417 2759 487 HARMENOPULI
3864 435 3970 496 152

695 533 820 572 eum
873 533 1096 591 pr0pter
1146 537 1369 577 munera
1425 528 1782 595 recnrrerint,
1866 531 2129 588 decennio
2167 541 2359 601 suc-5

2279 566 2290 576 -
2317 541 2359 601 Δ
2393 543 2485 595 ἐπὶ
2515 544 2724 613 ταύτην
2745 547 3173 618 ἀναδραμόντες,
3197 547 3484 603 δεκαετίαν
3509 548 3971 604 ὕποπιπτέτωσαν

695 607 973 677 cumbant,
1010 626 1133 666 cum
1191 613 1419 668 triennis
1472 617 1768 672 auditionis
1804 621 2000 688 spatio.
2063 623 2120 676 In
2167 638 2283 678 om-

2275 650 2283 668 ι
2389 638 2526 706 μετά
2560 607 2807 708 τριετοῦς
2856 607 3176 710 ἀκροάσεως
3235 642 3455 713 χρόνον.
3503 643 3649 714 Πλὴν
3680 644 3768 712 ἐφ’
3796 645 3967 698 ἅπασι

694 700 853 756 nibus
906 711 1085 758 tamen
1144 706 1477 774 paenitentia:
1512 711 1724 779 Species
1772 715 2137 769 examinanda
2170 726 2278 782 est,
2384 752 2386 762 ι

2277 763 2278 773 η
2384 700 2444 780 τὸ
2467 729 2563 799 τῆς
2593 700 2894 799 μετανοίας
2923 700 3065 797 είδος
3095 700 3435 802 ιξὲτάὲτιον,
3463 736 3560 787 καὶ
3590 700 3666 806 τῷ
3699 700 3969 805 θερμοτέ-

692 803 749 847 et
817 796 871 849 in
927 811 1052 850 eum
1120 799 1212 868 qui
1280 799 1566 856 ardentius
1640 804 2020 872 paenitentiam
2079 809 2274 880 egerit,

2387 796 2530 887 ρως-
2553 796 2947 893 μετανοήσαντι
3004 796 3521 895 φιλανθρωπότερον
3571 827 3600 878 ό
3638 796 3969 890 ’ἐπισκόπος

691 888 982 959 episcopus
1027 904 1087 944 se
1143 890 1521 949 humaniorem
1556 908 1738 964 gerat.

1027 904 1087 944 se
1143 890 1521 949 humaniorem
1556 908 1738 964 gerat.
2383 888 2701 970 διακείσθω.

1292 1010 1360 1063 14
1409 1011 1671 1081 ejusdem.
2946 1025 2984 1080 ο(

2946 1025 3010 1080 '0
3038 1025 3110 1081 ιδ’
3160 1029 3409 1096 ταύτης.

766 1099 822 1154 Si
869 1102 1307 1158 catechumenus
1381 1104 1565 1173 lapsus
1605 1104 1795 1169 fuerit,
1852 1107 2147 1162 triennium
2197 1110 2278 1163 in-
2455 1119 2458 1168 ἶ

2270 1140 2278 1149 ·
2455 1118 2880 1189 Κατηχούμενος
2906 1120 2952 1173 εί
2976 1121 3314 1187 παραπέσοι,
3344 1121 3593 1193 τριετίαν
3626 1122 3925 1191 ἀκροάσθω
3948 1141 3962 1155 δ

696 1202 775 1244 ter
830 1193 1119 1249 audientes
1157 1194 1246 1260 sit,
1305 1205 1470 1261 atque
1519 1197 1593 1250 ita
1658 1213 1782 1251 cum
1868 1201 2278 1258 catechumenis
2381 1226 2388 1262 ι

2080 1202 2278 1258 tmenis
2381 1210 2479 1263 καὶ
2514 1210 2688 1274 οὕτως
2733 1212 2875 1281 μετά
2903 1212 3015 1265 τῶν
3047 1214 3481 1284 κατηχουμένων
3507 1214 3772 1284 εὐχέσθω.

695 1292 964 1351 precetur.

1259 1400 1290 1452 5
1375 1403 1694 1469 Ancyranw.
2819 1410 2883 1462 ὀ
2912 1417 2951 1479 τ

2819 1410 2883 1462 '0
2912 1415 2960 1479 τ’
3015 1410 3126 1478 τῆς
3151 1411 3221 1464 ἐν
3259 1412 3537 1481 Ἀγκύρῃ.

761 1486 864 1551 Qui
930 1487 977 1542 vi
1029 1497 1085 1542 et
1143 1493 1432 1545 tormentis
1507 1491 1791 1559 adhibitis,
1882 1495 1968 1550 vel
2023 1495 2276 1552 manibus

2275 1535 2276 1541 η
2461 1498 2521 1552 '0
2577 1499 2666 1570 βίᾳ
2710 1500 2806 1554 καὶ
2850 1501 3108 1569 βασάνοις
3155 1502 3187 1572 ἢ
3237 1501 3386 1572 θῦμα
3420 1504 3479 1558 ἐν
3517 1505 3638 1566 ταῖς
3687 1505 3967 1576 χερσὶν,ἧ

691 1577 989 1642 victimam,
1053 1581 1132 1633 vel
1194 1596 1289 1635 ore
1338 1581 1516 1635 cibum
1577 1584 1872 1651 exceperit,
1939 1601 1968 1639 a
2026 1600 2274 1642 commu-

2383 1590 2582 1662 βρῶμα
2615 1591 2912 1662 δεξάμενος
2939 1595 2998 1646 ὲν
3029 1594 3107 1664 τῷ
3140 1595 3394 1664 στόματι,
3425 1597 3525 1665 τῆς
3563 1599 3856 1660 κοινωνίας
3892 1598 3968 1669 μὴ

691 1671 851 1723 nione
894 1686 999 1724 non
1043 1682 1280 1728 areetor.
1328 1673 1488 1740 Quod
1555 1675 1598 1727 si
1675 1676 1848 1731 laicus
1927 1679 2021 1742 sit,
2093 1682 2260 1734 etiam
2380 1703 2383 1735 τ

2380 1683 2698 1740 κωλυέσθω.
2749 1685 2863 1740 Καὶ
2903 1689 2951 1739 εί
2999 1688 3190 1750 λαῖκὸς
3231 1688 3289 1740 δὲ
3338 1689 3448 1759 εἴη,
3503 1688 3596 1742 καὶ
3625 1693 3967 1761 χειροτονίας

689 1764 1086 1816 ordinationem
1145 1767 1526 1835 consequitor,
1600 1769 1895 1839 cteteroqui
1957 1771 2272 1841 {reprehen-
2376 1798 2381 1813 ι

1758 1769 1895 1839 'oqui
1957 1771 2272 1841 {reprehen-
2376 1778 2718 1850 τυγχανέτω,
2743 1778 2921 1842 ἄλλως
2949 1780 3323 1850 ἀνεπίληπτος
3355 1779 3450 1834 ὢν.

689 1871 860 1910 SIOIIIS
909 1871 1124 1926 expers.
2305 1885 2349 1940 Β

1315 1974 1350 2028 4
1375 1974 1640 2043 ejusdem.
2956 1979 3007 2031 ἐ

2956 1979 3020 2031 '0
3053 1976 3100 2031 δ’
3163 1980 3405 2046 ταύτης.

762 2062 865 2130 Qui
919 2064 989 2119 ob
1034 2066 1142 2121 vim
1205 2067 1507 2122 adhibitam
1562 2068 1915 2136 sacriﬁcavit.
1986 2079 2041 2126 et
2089 2084 2276 2126 cinna-

2468 2069 2530 2125 '0
2562 2069 2655 2142 βία
2680 2070 2851 2136 θύσας
2880 2071 2974 2125 καὶ
3007 2071 3304 2142 δειπνήσας
3337 2074 3397 2125 ιν
3433 2073 3547 2136 τοῖς
3573 2070 3891 2136 είδωλείοις,
3916 2072 3967 2125 εἰ

690 2158 766 2208 vit
810 2158 859 2209 in
897 2159 1236 2213 deastrorum
1306 2161 1543 2229 templis,
1620 2163 1667 2216 si
1723 2163 1940 2230 quidem
1978 2177 2102 2217 eum
2164 2163 2263 2216 ab-

2386 2165 2487 2234 μὲν
2547 2165 2918 2232 ἀπαγόμενος,
2972 2165 3067 2216 καὶ
3137 2165 3380 2234 σχήματι
3440 2163 3806 2235 φαιδροτέρῳ,
3870 2163 3965 2216 καὶ

689 2256 1000 2317 duceretur,
1060 2262 1115 2307 et
1173 2255 1355 2310 habitu
1403 2255 1608 2310 laetiore
1646 2265 1699 2310 et
1769 2255 2139 2326 Splendidiore
2187 2269 2278 2311 ve-

2382 2255 2575 2324 ὲσθῆτι
2613 2253 2972 2326 λαμπροτέρα
3003 2253 3224 2324 ἐχρῆτο,
3260 2253 3356 2306 καὶ
3398 2252 3710 2322 ἀδιαφόρως
3738 2250 3833 2304 τοῦ
3859 2251 3970 2304 δείε-

689 2346 816 2398 situ
868 2346 1143 2412 utebatur,
1181 2358 1344 2418 atque
1389 2349 1762 2406 indiﬂ‘erenter
1799 2364 1968 2405 caena!
2007 2351 2277 2418 particeps

2273 2382 2277 2397 .
2383 2365 2520 2402 πνου
2554 2349 2805 2419 μετέσχε,
2847 2347 2915 2402 δι’
2962 2346 3211 2412 ἐξαετίας
3255 2343 3352 2399 τοῦ
3380 2345 3591 2400 τελείου
3619 2343 3965 2415 τυγχανέτω.

691 2433 873 2497 tlehat,
923 2435 1181 2489 sexennio
1239 2436 1566 2491 restituitor.

1302 2551 1335 2604 5
1373 2552 1632 2621 ejusdem.
2967 2547 2994 2596 ἐ

2967 2547 3031 2602 '0
3065 2547 3108 2602 ε’
3145 2547 3389 2613 ταύτης.

760 2643 854 2696 Sin
912 2643 1092 2696 omnia
1142 2646 1447 2710 contraria,
1509 2644 1778 2714 siquidem
1831 2643 2269 2711 manducaverit,

2455 2641 2517 2697 Εί
2549 2644 2606 2698 δὲ
2636 2645 2748 2697 πᾶν
2782 2642 3113 2703 τούναντίον,
3161 2640 3352 2709 φαγὼν
3413 2641 3534 2709 μὲν,
3563 2637 3650 2692 διὰ
3678 2636 3922 2709 τριετίας
3948 2653 3965 2671 ⁸

694 2736 968 2802 triennio;
1005 2737 1046 2791 si
1087 2751 1191 2791 non
1233 2738 1663 2803 manducaverit,
1710 2737 1951 2791 biennio.

1484 2741 1663 2803 iverit,
1710 2737 1951 2791 biennio.
2389 2739 2463 2809 μὴ
2504 2737 2697 2808 φαγὼν
2724 2738 2802 2804 δὲ,
2833 2736 2920 2790 διὰ
2955 2736 3176 2796 διετίας.

1317 2848 1349 2901 6
1391 2848 1649 2917 ejusdem.
2961 2849 3009 2901 ’ί

2961 2849 3024 2901 '0
3057 2848 3111 2913 ς’
3150 2850 3390 2914 ταύτης.

765 2938 865 3002 Qui
913 2939 1322 2992 comminationi
1385 2940 1652 2993 duntaxat
1700 2940 1890 3003 cessit,
1960 2954 2024 2993 ac
2083 2939 2279 2995 deinde

2276 2961 2279 2987 ι
2471 2946 2528 2998 '0
2560 2944 2760 3015 ἀπειλῇ
2791 2946 2951 3013 μόνον
2980 2943 3152 3008 εἴξας,
3182 2941 3300 2995 εἶτα
3329 2941 3695 3012 μετανοήσας,
3723 2941 3815 2996 διὰ
3839 2958 3968 2996 πεν-

695 3030 973 3097 paenituit,
1040 3030 1413 3100 quinquennio
1461 3031 1786 3085 restituitor.
2385 3062 2387 3072 ι

1637 3031 1786 3084 lilOl'.
2385 3041 2605 3102 ταετίας
2635 3039 2728 3090 τοῦ
2757 3038 2966 3091 τελείου
2991 3034 3329 3105 τυγχανέτω.

1313 3146 1344 3198 7
1383 3145 1647 3214 ejusdem.
2962 3151 3005 3202 ἰ

2962 3151 3026 3202 '0
3062 3148 3104 3208 ζ’
3156 3154 3400 3215 ταύτης.

766 3238 889 3304 Qui-
917 3252 1038 3291 cum
1074 3236 1301 3306 paganis
1351 3237 1406 3289 in
1458 3236 1612 3292 festis
1658 3252 1869 3298 eorum,
1914 3248 1967 3292 et
2020 3239 2134 3294 suis
2161 3239 2274 3305 qui—
2305 3245 2352 3306 ο

2305 3245 2352 3306 C
2470 3245 2526 3297 Ὀ
2557 3247 2670 3306 τοῖς
2699 3244 2937 3305 ἐθνικοῖς
2970 3243 3029 3294 ὲν
3055 3243 3178 3304 ταῖς
3209 3243 3424 3310 ἑορταῖς
3461 3240 3665 3304 αὐτῶν,
3699 3239 3797 3292 καὶ
3825 3238 3970 3307 μετά

698 3333 818 3387 dem
899 3345 1025 3383 cum
1084 3330 1223 3384 cibis
1276 3328 1530 3384 convivia
1601 3330 1810 3394 habuit,
1874 3330 2092 3384 biennio
2155 3345 2282 3384 suc-
2388 3339 2390 3386 ἐ

2275 3359 2282 3369 ·
2388 3337 2535 3391 ἰδίων
2577 3336 2884 3408 βρωμάτων
2921 3334 3322 3398 συνεστιαθεὶς,
3351 3333 3559 3388 διετίαν
3583 3332 3967 3390 ὑποπιπτέτω.

700 3424 940 3482 cumbat.

1321 3534 1353 3588 8
1394 3535 1651 3604 ejusdem.
2965 3539 3013 3591 ἐ

2965 3539 3027 3591 '0
3055 3544 3108 3605 η’
3161 3539 3407 3604 ταύτης.

769 3628 869 3693 Qui
914 3628 996 3682 bis
1033 3635 1085 3682 et
1109 3636 1190 3683 ter
1221 3642 1286 3681 ex
1331 3626 1608 3682 coactione
1631 3626 1979 3698 sacriﬁcavit,
2006 3628 2286 3694 septennio

2277 3645 2286 3679 ι
2469 3633 2528 3685 '0
2554 3631 2635 3694 δίς
2661 3631 2758 3686 καὶ
2786 3633 2908 3701 τρὶς
2951 3631 3021 3684 δι’
3059 3630 3308 3700 ἀνάγκην
3332 3631 3502 3695 θύσας
3550 3629 3639 3683 διὰ
3671 3627 3969 3692 ἑπταετίας

698 3717 1021 3772 restituitor.
2385 3745 2390 3763 .

2385 3723 2480 3778 τοῦ
2511 3723 2718 3777 τελείου
2744 3723 3083 3794 τυγχανέτω.

1321 3829 1354 3884 9
1419 3831 1674 3899 ejusdem.
2961 3837 3013 3891 '0

2961 3837 3025 3891 '0
3070 3836 3117 3893 θ’
3155 3837 3400 3904 ταύτης.

776 3926 876 3990 Qui
921 3939 1027 3976 non
1097 3923 1258 3976 modo
1327 3921 1548 3987 defecit,
1622 3937 1808 3976 verum
1883 3923 2045 3977 etiam
2110 3925 2288 3994 coegit

2278 3936 2288 3980 ι
2470 3932 2531 3985 '0
2568 3930 2646 4002 μὴ
2714 3929 2877 4001 μόνον
2937 3929 3211 3994 ἀποστὰς,
3266 3929 3404 3982 ἀλλά
3437 3929 3536 3984 καὶ
3565 3928 3760 3991 ἄλλους
3795 3945 3970 3980 κατα-

700 4021 856 4082 alim,
895 4015 1159 4070 decenuio
1217 4013 1543 4067 Γθειῖιυίιοΐο
2389 4023 2691 4093 ναγκάσας,
2743 4022 2833 4075 διὰ
2888 4021 3177 4084 δεκαετίας
3209 4019 3528 4090 τυγχανέτω
3580 4019 3677 4072 τοῦ
3736 4020 3968 4073 τελείου.

1168 4131 1194 4183 1
1258 4129 1402 4183 Petri
1453 4129 1828 4184 Alexandrini.
2712 4137 2778 4189 ’0
2803 4141 2856 4187 a'

2712 4137 2778 4189 ’0
2803 4141 2856 4187 a'
2886 4135 3114 4203 Πέτρου
3168 4135 3643 4203 Ἀλεξανδρείας.

779 4228 880 4294 Qui
967 4235 1092 4294 post
1158 4223 1356 4278 multos
1427 4224 1705 4278 cruciatus
1786 4225 2072 4279 tormentis
2136 4222 2286 4289 victi,
2465 4240 2471 4274 1

2277 4264 2286 4289 ,
2465 4230 2532 4282 Οί
2567 4227 2707 4299 μετά
2736 4228 2939 4290 πολλὰς
2975 4227 3163 4288 αίκίας
3190 4229 3301 4279 τῶν
3336 4228 3586 4297 βασάνων
3614 4227 3969 4298 ἡττηθέντες.

703 4322 982 4375 Christum
1029 4319 1366 4386 negaverint.
1411 4332 1477 4373 ac
1527 4318 1724 4371 deinde
1797 4326 1998 4370 mutata
2074 4328 2293 4371 senten-
2391 4339 2395 4373 τ

2280 4344 2293 4356 ·
2391 4320 2489 4375 καὶ
2514 4320 2608 4372 τὸν
2643 4317 2884 4389 Χριστὸν
2931 4317 3332 4387 ἀρνησάμενοι,
3380 4317 3578 4370 ἔπειτα
3610 4319 3972 4387 μεταγνόντες

709 4419 780 4469 tia
844 4413 1101 4476 luxerint,
1154 4427 1278 4466 cum
1320 4411 1430 4479 jam
1489 4419 1726 4478 quatuor
1747 4424 1920 4463 annos
1961 4409 2291 4477 persecutio.
2392 4429 2401 4464 :

2286 4438 2291 4450 -
2392 4411 2488 4465 καὶ
2506 4409 2856 4473 πενθοῦντες,
2873 4408 3160 4478 τεσσάρων
3187 4408 3325 4462 ἑτῶν
3358 4410 3460 4480 ἤδη
3487 4410 3564 4478 τῷ
3581 4409 3806 4477 διωγμῷ
3831 4426 3978 4479 παρ-

708 4508 791 4558 nis
869 4503 1250 4573 praeterierint,
1315 4506 1480 4556 etiam
1554 4502 1690 4555 alios
1743 4501 1812 4555 40
1876 4501 1994 4555 dies
2055 4500 2291 4570 puniun«-
2393 4521 2400 4554 l

2169 4500 2291 4555 iune
2393 4501 2680 4567 ελθόντων,
2707 4502 2802 4553 καὶ
2833 4499 3000 4560 ἄλλας
3063 4497 3278 4567 ἡμέρας
3308 4497 3759 4568 ὲπιτιμὰσθωσαν
3790 4500 3861 4564 μ’.

710 4609 810 4651 tor.
2318 4591 2365 4648 ι)

1306 4685 1342 4738 2
1403 4684 1657 4752 ejusdem.
2983 4679 2998 4699 '

2983 4679 3050 4734 '0
3063 4677 3125 4742 ,β’
3147 4679 3383 4731 τούτου.

812 4802 914 4867 Qui
989 4815 1120 4854 vero
1172 4800 1307 4868 lapsi
1385 4808 1533 4862 sunt,
1587 4808 1943 4867 posteaquam
2025 4797 2290 4850 duntaxat
2477 4804 2504 4852 ί

2277 4803 2290 4850 i
2477 4801 2541 4852 Ol
2567 4800 2624 4852 δὲ
2651 4800 2790 4868 μετά
2809 4798 2870 4850 τὸ
2900 4795 3304 4864 φυλακισθῆναι
3339 4792 3500 4861 μόνον
3535 4790 3969 4862 παραπεσόντες,

711 4895 978 4949 carcerati
1027 4892 1280 4956 fuissent,
1371 4891 1542 4944 altero
1605 4890 1772 4944 etiam
1853 4904 2000 4942 anno
2055 4889 2289 4958 puniun-
2391 4909 2403 4944 ι

1853 4904 2000 4942 anno
2055 4889 2289 4958 puuiun-
2391 4892 2484 4944 καὶ
2513 4891 2596 4944 ἓτε
2610 4908 2699 4960 ρον
2725 4890 2972 4944 ὲνιαυτὶν
2999 4885 3473 4955 ὲπιτιμάσθωσαν.

715 5000 820 5042 ιον.

738 5004 820 5042 or.

1346 5076 1380 5129 ὅ
1413 5074 1667 5142 ejusdem.

2967 5067 3030 5120 '0
3067 5073 3119 5135 γ’
3163 5065 3403 5120 τούτου.

785 5190 886 5254 Qui
945 5203 1074 5243 vero
1119 5187 1184 5241 ad
1229 5186 1508 5239 interitum
1560 5187 1762 5254 alisque
1804 5183 2149 5237 necessitate
2189 5196 2287 5236 sua
2467 5189 2477 5232 t

2278 5199 2287 5233 ι
2467 5185 2529 5235 Οί
2561 5183 2616 5237 δὲ
2648 5184 2785 5255 πρὸς
2813 5184 2912 5252 τὴν
2940 5181 3221 5236 ἀπώλειαν
3254 5181 3425 5251 χωρὶς
3455 5179 3704 5247 ἀνάγκης
3734 5177 3970 5245 αὐτομο-

719 5294 910 5354 sponte
977 5280 1338 5348 perrexerint.
1398 5293 1461 5332 ac
1529 5279 1721 5333 deinde
1788 5277 2164 5348 pmnituerint,
2224 5275 2289 5329 ad
2395 5275 2411 5326 7

2050 5277 2164 5340 'int,
2224 5275 2289 5329 ad
2395 5275 2684 5346 λήσαντες,
2713 5273 2832 5329 εἶτα
2871 5275 3330 5344 μετανοήσαντες,
3356 5273 3447 5325 ἐπὶ
3477 5272 3742 5343 τριετίαν.

717 5374 1035 5432 triennium.

1351 5466 1384 5520 4
1411 5463 1663 5533 ejusdem.
2974 5458 3037 5512 Ὀ

2974 5458 3037 5512 '0
3077 5459 3125 5512 δ’
3167 5459 3403 5513 τούτου.

791 5581 892 5646 Qui
931 5596 1056 5635 vero
1109 5588 1397 5648 postquam
1453 5578 1588 5646 lapsi
1652 5585 1799 5641 sunt,
1863 5590 1968 5630 non
2028 5573 2293 5642 pmnitue-
2465 5579 2483 5628 (

2187 5581 2293 5627 Lue-
2465 5576 2529 5628 Οί
2567 5575 2622 5628 δὲ
2661 5577 2799 5643 μετά
2831 5575 2891 5626 τὸ
2929 5576 3115 5628 πεσεῖν
3144 5572 3526 5642 ἀμετανόητοι,
3554 5569 3879 5640 ἀπόϐλητοι.

724 5675 852 5738 rint,
900 5673 1197 5743 rejiciendi.

1325 5784 1357 5839 5
1411 5786 1660 5850 ejusdem.
2987 5776 3017 5826 ’⁴

2987 5776 3053 5830 '0
3083 5773 3124 5828 ε’
3152 5776 3386 5830 τούτου.

798 5900 896 5966 Qui
962 5899 1442 5957 dissimulationem
1497 5897 1863 5961 adhibuerim,
1916 5906 1970 5951 et
2022 5896 2294 5952 irriserint
2469 5899 2490 5947 (

2279 5905 2294 5949 ι
2469 5898 2530 5948 ΟΞ
2568 5894 2625 5947 δὲ
2663 5890 3222 5967 ὑποκρινάμενοικώ
3255 5887 3646 5953 διαπαίξαντες
3674 5885 3797 5949 τοὺς
3851 5883 3971 5955 βιά-
