4286 6466
276 404 386 471 153
1512 414 1877 481 ΕΡΙΤΟΜΕ.
1914 418 1968 473 C.

1836 417 1877 481 Ξ.
1914 417 2312 481 CANONUM.
3426 414 3528 477 154

277 542 503 588 σαντας,
538 525 629 578 καὶ
690 524 853 580 θῦσαι
888 525 1271 595 διαφυγόντες,
1302 525 1576 599 ἑξάμηνον
1607 531 1863 601 ἑπιτιμά-
1891 539 1936 591 Α
1966 562 1969 579 ε

1841 561 1863 570 -
1891 539 1936 591 Α
1966 550 2082 600 eos,
2147 551 2174 588 a
2222 532 2421 603 quibus
2467 530 2815 601 cogebantur,
2885 538 3046 598 atque
3108 530 3204 594 ita,
3243 530 3533 596 quominus

276 616 516 671 σοωσαν.
1964 626 2357 690 sacriﬁcarent,
2408 622 2725 694 emiserint,
2777 637 2871 678 sex
2926 620 3199 675 mensibus
3250 623 3526 690 castigan-

1969 730 2070 775 ιοι.

865 792 922 844 '0
960 790 1015 856 ς’
1065 793 1307 848 τούτου.

1220 810 1307 848 ου·
2568 808 2602 863 6
2659 808 2912 874 ejusdem.

350 882 414 933 Oi
437 882 494 934 δὶ
523 882 747 944 δούλους
777 884 895 936 ἀνθ’
920 884 1103 936 αὐτῶν
1126 882 1289 936 θῦσαι
1311 886 1859 951 καταναγκάσαντες,
2035 911 2042 951 ι

1829 902 1859 950 iv
2035 903 2134 969 Qui
2187 916 2374 957 servos
2429 916 2527 971 pro
2571 916 2630 955 se
2694 900 3009 954 sacrificare
3063 897 3369 966 coegerint,
3422 895 3521 963 ipsi

275 973 440 1025 αὐτοὶ
477 974 577 1041 μὲν
608 974 880 1043 τριετίαν.
1965 1024 1967 1037 .

795 992 880 1030 αν.
1965 996 2180 1063 quidem
2231 994 2487 1047 triennio.

863 1066 927 1117 Ὀ
965 1064 1012 1125 ζ’
1052 1068 1291 1120 τούτου.

1206 1084 1291 1120 ου.
2580 1085 2610 1137 7
2642 1082 2898 1152 ejusdem.

350 1154 415 1205 Οί
452 1155 509 1206 δὲ
542 1157 1096 1225 καταναγκασθέντες
1132 1157 1333 1221 δοῦλοι,
1360 1160 1627 1214 ἐνιαυτόν.
2036 1180 2042 1227 :

1415 1160 1627 1214 ⁵ιαυτ⁶νο
2036 1176 2187 1231 Servi
2238 1192 2367 1231 vero
2426 1177 2623 1236 coacti.
2674 1191 2855 1229 annuo
2904 1173 3107 1239 spatio-

864 1250 918 1300 Ὀ
951 1256 1003 1318 η’
1052 1252 1288 1305 τούτου.

1229 1271 1288 1305 υ⁸
2574 1268 2606 1323 8
2665 1268 2920 1337 ejusdem.

348 1342 413 1393 Οί
448 1341 881 1409 παραδοθέντες,
909 1344 1003 1394 καὶ
1035 1343 1103 1395 δι’
1134 1344 1381 1415 ἀνάγκην
1416 1346 1516 1415 μὲν
1549 1348 1865 1416 ἀρνησάμε-
2034 1372 2040 1408 ε

1845 1378 1865 1389 “
2034 1363 2135 1429 Qui
2195 1360 2374 1414 traditi
2424 1369 2572 1423 sunt,
2622 1370 2675 1412 et
2734 1368 2957 1425 propter
3030 1356 3367 1408 coactinuem
3416 1352 3537 1422 qui-

272 1448 382 1491 νοι,
416 1430 535 1484 εἶτα
591 1434 692 1503 τὴν
743 1429 918 1505 ἧτταν
946 1435 1446 1505 ἀνακαλεσάμενοι,
1477 1438 1569 1489 καὶ
1601 1440 1863 1506 γενναίως

1843 1457 1863 1503 ἲ
1965 1457 2084 1511 dem
2133 1457 2503 1520 almegarunt,
2556 1455 2763 1509 verumT
2813 1454 2998 1516 postea
3068 1447 3310 1499 cessione
3383 1460 3535 1497 revo-

271 1525 706 1594 αγωνισάμενοι,
760 1527 820 1577 ὲν
882 1525 1059 1579 ἅπασι
1104 1527 1245 1595 μετὰ
1286 1530 1462 1597 χαρᾶς
1498 1530 1859 1583 κοινωνείτω-

1843 1558 1859 1569 ·
1966 1558 2120 1608 cata.
2156 1546 2367 1598 fortiter
2406 1544 2776 1603 decertarunt,
2834 1541 2886 1592 in
2934 1538 3187 1592 omnibus
3239 1553 3359 1591 cum
3407 1551 3535 1607 gra-

274 1632 403 1669 σαν-
1965 1638 2222 1691 tulatione
2243 1635 2660 1687 communicent.

863 1711 927 1762 Ὀ
960 1709 1007 1763 θ’
1056 1712 1298 1766 τούτου.

1208 1730 1298 1766 ου·
2561 1724 2594 1777 9
2650 1722 2900 1789 ejusdem.

357 1800 642 1861 ὀσαύτως
705 1802 800 1854 καὶ
852 1804 903 1854 οί
938 1805 1017 1865 είς
1048 1806 1175 1866 τοὺς
1207 1806 1424 1873 ἀγῶνας
1454 1807 1862 1877 αύτομολήσαν-
1897 1869 1936 1885 _
2044 1827 2049 1873 ε

1811 1828 1862 1857 ν·
1897 1869 1936 1885 ,,
2044 1820 2311 1876 Similiter
2366 1828 2420 1872 et
2502 1816 2594 1885 qui
2649 1823 2840 1884 sponte
2894 1812 2960 1864 ad
3040 1810 3287 1864 obeunda
3354 1819 3503 1864 certa

269 1910 388 1953 τες.
438 1894 614 1963 ’Υπὲρ
664 1895 891 1964 Χριστῷ
915 1898 1044 1964 γὰρ,
1078 1899 1124 1949 εί
1176 1869 1269 1951 καί
1321 1900 1395 1969 μὴ
1442 1869 1602 1952 κατὰ.
1630 1869 1863 1970 Χριστὸν
1896 1869 1937 1922 Β

1837 1920 1863 1954 ν
1896 1869 1937 1922 Β
1968 1869 2842 1983 πήδα-’-βί-ροττεκειῐὶηι.’Νειηι
2894 1918 2993 1971 pro
3044 1902 3269 1958 Christo
3332 1904 3380 1956 id
3446 1901 3526 1955 l‘a—

271 1986 638 2054 πεποιήκασι,
662 1987 887 2055 φεύγειν
920 1990 1011 2040 καὶ
1040 1989 1404 2059 διωκομένους
1436 1992 1787 2049 κελεύσαντα.

1964 2006 2136 2067 ciunt,
2200 2003 2411 2056 tametsi
2495 2017 2598 2053 non
2689 2001 2985 2053 secundum
3078 1995 3375 2059 Christum,
3437 1996 3529 2063 qui

1963 2098 2394 2168 persecutionem
2452 2094 2715 2163 patientes
2768 2091 2953 2157 fugere
2998 2088 3186 2156 jussit.

886 2174 941 2225 Ὀ
973 2172 1003 2225 ι’
1027 2175 1262 2227 τούτου.
2558 2182 2578 2234 1

1250 2215 1262 2227 ·
2558 2182 2623 2235 10
2682 2181 2938 2247 ejusdem.

344 2264 622 2331 Κληρικοὶ
676 2265 1254 2337 δὲ,αὺτομολήσαντες
1311 2271 1389 2332 είς
1442 2268 1568 2330 τοὺς
1624 2270 1860 2335 ἀγῶνας,
2032 2292 2036 2322 ι

1834 2285 1860 2335 ³,
2032 2278 2225 2333 Clerici
2287 2292 2439 2336 vero,
2493 2274 2581 2343 qui
2646 2282 2842 2341 spnnte
2900 2269 2963 2321 ad
3022 2267 3274 2323 obeunda
3350 2274 3526 2319 certa-

272 2354 351 2422 μὴ
414 2354 949 2423 λειτουργείτωσαν,
997 2358 1079 2410 ὅτι
1136 2358 1196 2411 τὸ
1249 2361 1398 2427 σφῶν
1443 2359 1863 2412 καταλελοίπασι

1837 2376 1863 2411 ι
1965 2372 2109 2424 mina
2164 2383 2224 2423 se
2263 2364 2614 2427 cuntuleriut,
2666 2362 3032 2416 ministerium
3095 2372 3313 2412 sacrum
3404 2371 3529 2426 per-

268 2445 554 2513 ποίμνιον,
584 2444 613 2497 ὅ
638 2445 829 2514 μηδεὶς
856 2446 966 2499 τῶν
997 2448 1310 2501 ἀποστόλων
1345 2449 1665 2519 πεποίηκεν.

1962 2470 2141 2531 agant,
2210 2458 2646 2529 quandoquidem
2737 2455 2877 2508 ovile
2936 2467 3093 2507 suum
3168 2451 3527 2519 reliquerunt,

1964 2555 2106 2623 quod
2157 2550 2533 2620 apostolorum
2585 2562 2749 2602 nemo
2801 2546 2949 2598 fecit.

858 2629 919 2683 '0
951 2633 1024 2685 ια’
1056 2636 1292 2686 τούτου.

1222 2651 1292 2686 ›υ,
2559 2640 2618 2694 Η
2656 2638 2914 2707 ejusdem.

342 2722 475 2783 Τοῖς
542 2722 887 2791 αὐθαιρέτως
930 2723 1027 2790 μὲν
1073 2724 1166 2774 τὸν
1226 2723 1412 2787 ἀγῶνα
1456 2724 1858 2788 ὑπεισελοοῦσι,
2033 2743 2034 2747 ‘

1833 2765 1858 2788 ’ν
2033 2741 2102 2794 lis
2152 2737 2244 2808 qui
2322 2745 2516 2805 sponte
2587 2732 2808 2802 quidem
2890 2738 3167 2783 certamen
3244 2725 3525 2785 obierunt.

265 2817 359 2870 διὰ
403 2818 459 2868 δὲ
506 2816 707 2878 πολλὰς
755 2818 938 2877 αἰκίας
986 2819 1407 2884 ἀρνησαμένοις,
1436 2813 1552 2870 εἶτα
1600 2823 1863 2888 μετανοή-

1836 2849 1863 2861 '
1962 2848 2147 2886 verum
2198 2840 2420 2899 propter
2478 2830 2655 2882 varios
2686 2824 2967 2878 cruciatus
3022 2824 3395 2888 abnegarunt,
3462 2832 3525 2871 ac

266 2924 421 2970 σασι,
453 2908 546 2958 καὶ
583 2908 645 2958 τὸ
676 2908 918 2976 πραχθὲν
968 2908 1412 2976 ἁπιδυρομὲνοις,
1457 2909 1605 2971 ἄξιον
1639 2909 1860 2961 ὲπινεῦυ

1836 2939 1860 2952 ·’
1963 2925 2154 2978 deinde
2219 2936 2437 2975 rursum
2498 2920 2904 2987 ρωυὶιιιειιιιιι,
2986 2913 3294 2979 factumque
3370 2924 3527 2962 suum

270 3017 387 3058 σαι.
423 3002 521 3053 καὶ
574 3000 932 3069 συνεύχεσθαί
966 3018 1023 3052 τε
1068 3002 1209 3070 ὑπὲρ
1249 3002 1449 3065 αὐτῶν,
1482 3004 1573 3054 καὶ
1606 3002 1663 3054 τὸ
1706 3002 1859 3055 Θείον

1837 3020 1859 3053 ν
1967 3016 2340 3085 deplorarunt,
2409 3025 2622 3078 a-quum
2692 3017 2777 3060 cst
2844 3019 3105 3064 annnerc,
3148 3019 3211 3055 ac.
3284 3016 3381 3069 pro
3449 2999 3529 3054 eis

266 3091 539 3158 ὲξι).εοῦν.

1964 3117 2073 3162 tum
2102 3120 2288 3175 preces
2324 3103 2566 3162 fundere.
2601 3109 2711 3153 tum
2750 3098 2961 3152 Numen
3010 3096 3246 3165 placare.

854 3182 919 3237 '0
951 3185 1024 3246 ιβ’
1057 3186 1295 3238 τούτου.
1888 3216 1930 3271 C

1260 3204 1295 3237 ὀ
1888 3216 1930 3271 C
2548 3194 2616 3248 l9.
2696 3194 2952 3261 ejusdem.

341 3281 409 3335 Οἱ
442 3280 706 3347 χρήματα
758 3280 1158 3349 παρασχόντες.
1189 3280 1273 3331 ἵνα
1312 3279 1578 3348 βασάνους
1610 3279 1860 3345 ἐκφύγω-

1834 3308 1860 3317 ·
2037 3292 2140 3360 Qui
2190 3290 2454 3361 pecunias
2509 3286 2799 3349 dederunt,
2891 3293 2950 3337 ut
3005 3282 3294 3336 tormentis
3345 3280 3526 3347 eripe-

267 3389 379 3434 σιν,
415 3370 745 3441 ἀνέγκλητοι
774 3387 787 3401 ⁶
812 3372 1112 3440 χρημάτων
1144 3373 1347 3441 μᾶλλον
1378 3372 1409 3441 ἤ
1438 3372 1613 3439 ψυχῆς
1658 3372 1859 3440 ζημίαν

1834 3390 1859 3423 ν
1964 3394 2170 3448 rentur,
2248 3384 2401 3452 culpa
2464 3390 2675 3441 carent,
2743 3392 2864 3429 cum
2929 3374 3306 3442 pecuniarum,
3365 3386 3526 3439 quam

265 3464 545 3533 ἑλόμενοι.

1962 3478 2155 3529 anima:
2216 3473 2628 3532 detrimentum,
2696 3467 2879 3521 subire
2934 3462 3245 3517 maluerint.

853 3557 919 3611 '0
950 3556 1019 3625 ιγ’
1059 3557 1297 3612 τούτου.

1249 3576 1297 3612 υ.
2551 3562 2617 3614 13
2684 3558 2941 3628 ejusdem.

349 3648 636 3710 Ὡσαύτως
692 3650 786 3701 καὶ
836 3650 884 3700 οί
937 3652 1078 3717 φυγῇ
1116 3648 1212 3717 ’τὴν
1257 3649 1533 3718 σωτηρίαν
1588 3648 1859 3719 εὑρόντες,
2034 3658 2041 3710 1

1835 3668 1859 3716 “ο
2034 3656 2299 3711 Similiter
2348 3662 2401 3707 ct
2457 3653 2547 3720 qui
2587 3654 2708 3719 fuga
2760 3650 2923 3704 saluti
2965 3665 3077 3702 sure
3117 3644 3527 3708 cou5ulnerunt,

259 3740 372 3793 κᾶν
409 3740 531 3793 ἀντ’
566 3741 748 3793 αὐτῶν
772 3743 951 3810 ἕτεροι
985 3740 1415 3810 κατεσχέθησαν.

1962 3747 2089 3801 licet
2138 3761 2234 3815 pro
2288 3746 2368 3799 eis
2408 3743 2500 3797 :tlii
2559 3742 2815 3812 prehensi
2883 3740 3109 3793 fuerint.

862 3833 924 3884 Ὀ
947 3832 1015 3884 ιδ’
1060 3836 1301 3886 τούτου.

1243 3851 1301 3886 υ·
2560 3837 2625 3889 14
2681 3835 2934 3900 ejusdem.

333 3928 401 3984 Οί
428 3927 572 3997 μετὰ
596 3926 801 3987 πολλὰς
820 3925 1024 3987 αἰκίας,
1054 3925 1148 3975 καὶ
1174 3923 1321 3991 θῦμα
1345 3925 1462 3987 ταῖς
1485 3924 1672 3993 χερσὶν
1698 3924 1862 3978 ἀκου-

1822 3945 1862 3977 ›-
2033 3932 2132 3996 Qui
2186 3941 2305 3997 post
2356 3930 2537 3983 varios
2574 3928 2871 3982 :cruciatus
2908 3927 3184 3980 victimam
3231 3923 3344 3977 suis
3398 3936 3514 3974 ma-

259 4022 395 4079 aim;
421 4018 735 4086 δεξάμενοι,
763 4020 829 4085 τῇ
855 4034 915 4067 τε
937 4015 1249 4086 λειτουργίᾳ
1273 4016 1606 4085 μενέτωσαν,
1637 4018 1861 4081 καὶτοῖς

1835 4034 1861 4081 ς
1961 4025 2117 4079 nibus
2193 4022 2344 4075 inviti
2406 4026 2750 4089 acceperunt,
2827 4019 2975 4071 etin
3050 4015 3356 4070 ministerio
3411 4028 3526 4065 ma-

258 4113 508 4179 ὀμολογη
517 4111 633 4170 ταῖς
669 4107 1168 4175 ὲγγραφέσθωσαν.

1962 4124 2146 4177 neant,
2206 4122 2260 4165 et
2312 4113 2453 4165 inter
2502 4108 2846 4163 confessores
2901 4106 3230 4159 referuntor.

266 4205 337 4253 Ὀ
368 4209 425 4254 α’
459 4200 572 4253 τοῦ
621 4199 796 4264 ἁγίου
855 4197 1194 4264 Γρηγορίου
1229 4196 1336 4251 τοῦ
1367 4199 1857 4268 Θαυματουργοῦ.

1612 4199 1857 4267 ουργοῦ.
2194 4207 2217 4259 1
2258 4204 2318 4260 S.
2347 4203 2582 4274 Gregorii
2615 4200 2991 4254 miraculorum
3021 4198 3302 4267 eﬂ'ectoris.

334 4295 401 4345 Oi.
443 4294 507 4345 ἐν
539 4290 898 4361 αἰχμαλωσίᾳ
936 4290 1049 4343 τῶν
1090 4290 1385 4361 βαρϐάρων
1414 4291 1682 4359 φαγόντες
1715 4290 1858 4362 βρώ-

1836 4320 1858 4331 ·
2030 4299 2134 4366 Qui
2168 4299 2221 4353 in
2253 4297 2566 4365 captivitate
2593 4296 2740 4350 cibos
2761 4294 3125 4348 Barbarorum
3153 4296 3528 4350 comederunt.

260 4403 437 4451 ματα,
477 4381 794 4436 ἁνεύθυνοι.

660 4398 794 4436 ovat.
1962 4392 2118 4449 culoa
2148 4400 2352 4448 carent.

860 4473 916 4528 '0
938 4470 999 4540 β’
1032 4475 1273 4529 τούτου.

1221 4494 1273 4529 υ.
2594 4475 2629 4527 2
2658 4472 2913 4541 ejusdem.

332 4573 399 4624 Οί
445 4570 540 4621 τὸν
589 4568 784 4638 καιρὸν
833 4569 933 4634 τῆς
979 4569 1090 4622 τῶν
1134 4567 1434 4638 βαρϐάρων
1478 4569 1855 4640 καταδρομῆς,
1885 4542 1932 4597 D

1839 4608 1855 4635 ν
1885 4542 1932 4597 D
2029 4573 2130 4640 Qui
2162 4583 2377 4639 tempus
2422 4566 2746 4623 incursionis
2798 4562 3187 4622 ltarbarorum,
3232 4560 3373 4627 quod
3407 4576 3531 4628 per—

252 4665 353 4716 τίιν
376 4664 554 4716 πᾶσιν
593 4660 819 4729 δλεθρον
849 4661 1107 4728 φέροντα,
1142 4659 1371 4728 κέρδους
1422 4660 1640 4721 ἑαυτοῖς
1667 4659 1860 4730 καιρὸν

1838 4677 1860 4713 υ
1959 4666 2153 4720 niciem
2183 4660 2448 4716 universis
2473 4657 2650 4719 aﬂ'ert,
2676 4669 2774 4722 pro
2796 4653 2927 4706 lucri
2951 4651 3032 4704 sui
3056 4652 3344 4704 occasione
3365 4651 3530 4705 duxe-

254 4756 643 4823 ἡγησάμενοι.
664 4750 732 4801 τὰ
748 4748 1007 4818 ἀλλότρια
1025 4748 1389 4817 διηρπάκασι,
1412 4749 1511 4817 τῆς
1528 4750 1860 4820 Ἐκκλησίας

1834 4767 1860 4813 ς
1958 4761 2091 4824 rint,
2131 4756 2415 4822 alienaque
2455 4747 2794 4819 diripuerint,
2826 4759 2891 4799 ex
2927 4742 3167 4797 Ecclesia
3218 4743 3526 4812 ejiciuntor,

255 4843 753 4916 ἐκριπτέσθωσανι
783 4842 859 4903 ὡς
888 4842 1107 4904 ἀσεὸεῖς
1144 4842 1239 4893 καὶ
1270 4843 1607 4909 Θεοστυγεῑς.

1040 4843 1107 4904 εἰς
1144 4842 1239 4893 καὶ
1270 4843 1607 4909 Θεοστυγεῑς.
1959 4851 2103 4907 velut
2141 4847 2289 4917 impii
2329 4854 2383 4901 et
2411 4844 2568 4899 invisi
2605 4842 2732 4895 Deo.

862 4935 927 4987 Ὀ
958 4934 1005 4985 δ’
1042 4935 1283 4987 τούτου.
2578 4936 2612 4989 ι
2643 4935 2900 5003 ejusdem.

329 5031 395 5082 Οί
432 5029 563 5089 τοὺς
588 5027 959 5094 διαφυγόντας
983 5024 1367 5093 αἰχμαλώτους
1398 5025 1489 5095 βίᾳ
1507 5028 1851 5095 κατέχοντες,

1836 5070 1851 5094 .
2032 5033 2133 5099 Qui
2157 5032 2403 5099 captivos
2429 5030 2519 5098 qui
2549 5030 2667 5096 fuga
2692 5028 2986 5089 evaserint,
3016 5028 3062 5081 vi
3105 5026 3367 5087 detinent,
3404 5040 3526 5078 eos-

254 5123 673 5181 ἁποδότωσαν,
715 5119 802 5171 ἵνα
857 5119 932 5186 μὴ
976 5119 1210 5186 σκηπτοὶ
1252 5118 1493 5171 πέσωσιν
1524 5119 1611 5170 ἐπ’
1652 5120 1853 5183 αὐτοὺς

1835 5138 1853 5183 ῖ
1959 5127 2077 5178 dem
2117 5123 2426 5183 restituant,
2481 5134 2547 5173 ne
2598 5118 2818 5171 fulmina
2861 5117 3072 5170 caelitus
3131 5117 3181 5167 in
3230 5129 3323 5167 eos
3383 5114 3527 5167 dcci-

254 5212 589 5284 oipmeEV.
1958 5220 2107 5271 dam.

866 5300 921 5349 '0
965 5299 1013 5349 θ’
1045 5298 1284 5351 τούτου.

1208 5316 1284 5351 2v.
2587 5303 2619 5356 9
2649 5302 2900 5371 ejusdem.

330 5398 397 5450 Οἰ
451 5392 811 5463 αἰχμαλωσίᾳ.
868 5390 1190 5458 ληφθέντες,
1229 5392 1323 5443 καὶ
1357 5391 1609 5444 τοσοῦτον
1648 5394 1850 5464 ἐκϐαρ-

1832 5425 1850 5435 ·
2026 5401 2126 5465 Qui
2190 5408 2454 5452 venerunt
2515 5397 2566 5449 iu
2636 5396 3023 5461 captivitatem,
3064 5402 3116 5447 et
3172 5408 3339 5460 usque
3390 5390 3524 5446 adeo

254 5491 636 5560 εαρωὸἐντες,
680 5484 822 5537 ὥστε
853 5486 946 5535 καὶ
980 5485 1122 5535 κατὰ
1151 5482 1259 5534 τῶν
1292 5483 1581 5551 ὁμοφύλων
1615 5489 1843 5554 χωρεῖν,

1831 5526 1843 5549 ι
1960 5493 2176 5548 barbati
2211 5491 2336 5544 facti
2381 5500 2526 5551 sunt,
2568 5499 2619 5539 ut
2648 5490 2809 5540 etiam
2854 5502 2963 5540 sua:
3006 5486 3241 5539 nationis
3278 5484 3523 5537 homines

251 5590 353 5638 aut".
377 5586 481 5651 τῆς
515 5578 842 5649 ἀκροάσεως
868 5575 1352 5644 ὰπειργὲρθωσαν,
1389 5574 1493 5636 ἓως
1526 5574 1590 5628 ἄν
1620 5594 1670 5629 τι
1720 5578 1845 5647 περὶ

1831 5580 1845 5629 ἱ
1961 5586 2238 5646 invadant,
2272 5583 2430 5636 etiam
2466 5582 2531 5633 ab
2560 5579 2836 5633 auditione
2866 5588 3176 5644 arceantur,
3207 5579 3378 5632 donec
3420 5574 3523 5630 ali-

253 5678 447 5734 αὺτῶν
472 5676 647 5739 δόξειε
673 5675 738 5742 τῇ
767 5670 995 5739 συνόδῳ.

1961 5676 2088 5744 quid
2118 5674 2354 5744 synodus
2382 5673 2445 5727 de
2483 5672 2612 5742 ipsis
2644 5672 2916 5726 statuerit.

327 5866 408 5934 (l)
446 5862 558 5919 lioc
584 5871 666 5918 est
692 5860 973 5930 martyrio,
1004 5861 1117 5913 sive
1148 5856 1457 5911 testimonia
1486 5857 1696 5911 veritati
1733 5856 2064 5925 pcrltihcuda
