4286 6466
698 439 803 506 159
1889 440 2151 501 CONST.
2191 433 2675 498 HARMENOPU
2687 432 2760 494 LI
3857 425 3954 489 160

693 563 971 624 peccatum
1006 568 1109 607 non
1163 552 1380 614 habere,
1422 552 1783 619 nosmetipsos
1813 551 2070 615 fallimus,
2101 569 2119 600 ι
2167 556 2261 620 per
2293 554 2338 608 Α
2367 550 2385 601 ε

2260 573 2261 576 η
2293 554 2338 608 Α
2367 550 2586 619 ἔχομεν,
2613 547 2844 608 ἑαυτοὺς
2872 546 3173 613 ἀπατῶμεν
3195 560 3208 573 ο
3257 563 3274 594 ι
3301 543 3386 597 διά
3422 540 3952 611 ταπεινοφροσύνην,

695 647 1052 700 humilitatem
1096 686 1111 712 ,
1143 661 1248 699 non
1293 644 1578 697 veritatem
1637 659 1758 697 essc
1789 645 2088 712 prolatum,
2127 657 2266 696 ana-
2374 661 2387 696 π

1949 652 2088 709 tum,
2127 657 2266 696 ana-
2374 646 2468 697 καὶ
2493 642 2614 713 οὐχὶ
2637 640 2776 695 κατά
2809 641 3065 711 ἀλήθειαν
3100 640 3338 709 εἴρηται,
3371 638 3641 708 ἀνάθεμα.

697 739 902 791 thema.

1245 826 1348 879 “5
1378 825 1633 893 ejusdem.
2919 817 2933 836 '

2919 817 2982 871 '0
3015 825 3126 885 pts'
3161 819 3408 883 ταύτης.

768 919 850 982 Εἰ,
879 919 962 987 qui
990 917 1143 979 dicit,
1173 915 1423 970 homines
1459 924 1674 969 sanctos
1703 916 1842 968 istnc
1863 915 2085 968 verbum
2114 932 2128 968 :
2162 933 2180 965 ι
2209 912 2276 965 Ει
2449 909 2460 927 ’

2271 951 2276 965 .
2449 908 2542 979 Τῷ
2579 909 2812 976 λέγοντι,
2863 908 2989 973 τοὺς
3027 909 3217 976 ἁγίους
3249 908 3330 968 τὸ,
3369 925 3387 958 ι
3414 908 3523 963 Καὶ
3555 907 3691 974 ἄφες
3722 909 3856 976 ἡμῖν
3894 907 3963 959 τά

700 1010 918 1061 remitte
979 1007 1132 1061 nobis
1181 1007 1360 1060 debita
1415 1016 1652 1067 nostran
1704 1021 1808 1057 non
1843 1021 1941 1072 pro
1967 1020 2024 1058 sc
2051 1004 2274 1069 dicere‘r,
2378 1002 2392 1055 ἐ

2378 1002 2724 1070 ὀφειλήματα
2759 1000 2936 1070 ἡμῶν.
2972 1019 2989 1052 s
3028 1001 3128 1069 οὐχ
3159 1000 3298 1069 ὑπὲρ
3326 1001 3534 1053 ἑαυτῶν
3569 1001 3770 1068 λέγειν,
3789 998 3862 1061 ὡς
3883 1001 3967 1051 ὅν-

698 1101 850 1168 quasi
869 1099 959 1167 qui
993 1114 1219 1166 peccare
1244 1107 1536 1168 nequeant,
1561 1099 1653 1150 St'd
1678 1112 1774 1163 pro
1793 1096 2072 1150 hominum
2098 1096 2275 1166 vulgo,
2378 1109 2390 1142 ι

2266 1137 2275 1162 ,
2378 1109 2484 1146 των
2521 1094 2943 1164 ἀναμαρτήτων,
2971 1091 3086 1144 ἀλλ’
3121 1092 3262 1161 ὑπὲρ
3287 1092 3393 1144 τῶν
3422 1093 3653 1156 πολλῶν,
3689 1092 3958 1160 ἀνάθεμα.

702 1194 1013 1248 anathema.

1382 1285 1404 1338 1
1439 1284 1752 1353 Cangreuw.
2853 1268 2917 1323 '0
2937 1268 2988 1322 α’
3017 1268 3074 1332 τῆ

2853 1268 2917 1323 '0
2937 1268 2988 1322 α’
3017 1268 3126 1336 τῆς
3157 1270 3228 1323 ἐν
3273 1268 3540 1339 Γάγγρᾳ.

775 1375 828 1428 Si
861 1376 980 1443 quis
1037 1377 1335 1444 legitimum
1389 1377 1794 1430 matrimonium
1829 1375 2122 1445 vituperat,
2154 1389 2282 1429 ana-
2457 1364 2467 1415 Ῑ

2159 1389 2282 1429 ana.
2457 1363 2522 1417 Et
2551 1380 2634 1426 τις
2665 1365 2756 1417 τὸν
2787 1363 3013 1434 ἔννομον
3047 1365 3319 1434 μέμφοιτο
3354 1365 3553 1433 γάμοι,
3577 1362 3851 1432 ἀνάθεμα.

704 1467 904 1520 thema.

1304 1564 1339 1617 ‘2
1395 1563 1650 1632 ejusdem.
2463 1631 2481 1632 η
2692 1629 2704 1632 _
2813 1629 2848 1632 ν
2926 1540 2996 1632 _"

2966 1540 3028 1593 '0
3057 1538 3115 1604 ,β’
3149 1541 3399 1607 ταύτης.

773 1647 826 1698 Si
860 1649 980 1714 quis
1025 1646 1272 1716 religiose
1305 1660 1610 1704 vescentem
1643 1647 1896 1703 carnibus
1930 1651 2135 1718 absque
2161 1664 2288 1704 san-
2461 1631 2465 1682 ί

2277 1678 2288 1688 ,
2461 1631 2527 1682 Et
2553 1647 2634 1691 τις
2659 1629 2750 1682 τὸν
2774 1629 3020 1693 εὐλαϐῶς
3050 1631 3305 1684 ἐσθίοντα
3335 1630 3472 1700 κρέα
3501 1631 3672 1700 χωρὶς
3711 1632 3969 1700 αἵματος,

704 1741 963 1810 guine,et
1010 1741 1320 1796 simulacris
1375 1742 1655 1796 immolato
1685 1781 1699 1806 ,
1732 1749 1788 1796 et
1839 1741 2124 1804 suifocato,
2159 1757 2290 1797 con-
2392 1739 2396 1772 τ

2277 1770 2290 1779 ,
2392 1720 2488 1773 καὶ
2547 1722 2922 1788 είδωλοθύτου,
2977 1724 3068 1776 καὶ
3111 1725 3372 1787 πνικτοῦ,
3423 1725 3790 1797 κατακρίνει,
3840 1728 3969 1780 ἀνά-

701 1832 942 1896 demnat,
975 1834 1295 1888 anathema.
2394 1814 2559 1885 θεμα·

1316 1926 1349 1977 5
1405 1926 1665 1993 ejusdem.
2321 1905 2366 1962 Β
2975 1908 3008 1962 Ὗ

2321 1905 2366 1962 Β
2975 1908 3040 1963 '0
3071 1909 3118 1980 γ’
3147 1911 3387 1979 ταύτης.

774 2008 826 2060 Si
845 2011 963 2076 quis
987 2025 1141 2064 servo
1162 2013 1436 2080 religionis
1453 2029 1579 2083 erga
1601 2015 1770 2068 Deum
1801 2024 2062 2084 praetextu
2078 2014 2289 2079 suadet,

2277 2053 2289 2079 '
2469 1999 2536 2052 Εί
2566 2017 2650 2063 τις
2701 2000 2908 2066 δοῦλον,
2944 2001 3252 2064 θεοσεὸείας
3299 2003 3599 2072 προφάσει,
3637 2003 3733 2058 τοῦ
3763 2005 3969 2059 οἰκείου

701 2112 759 2152 ut
793 2104 1069 2156 dominum
1101 2120 1259 2158 suum
1285 2114 1615 2170 contemnat,
1645 2108 1955 2163 anathema.

1887 2123 1955 2163 .3.
2394 2091 2571 2146 πείθει
2608 2093 2871 2147 δεσπότου
2899 2098 3282 2162 καταφρονεῖν,
3305 2096 3579 2166 ἀνάθεμα.

1299 2198 1332 2250 4
1401 2198 1658 2260 eiusdem.
2969 2186 2991 2229 ’⁴

2969 2186 3032 2238 '0
3059 2184 3109 2240 δ’
3139 2188 3385 2254 ταύτης.

784 2284 886 2348 Qui
919 2285 1135 2340 hmsitat
1161 2302 1186 2339 a
1212 2290 1530 2358 presbytero
1568 2289 1862 2359 coniugato
1888 2284 2293 2359 [sacramenta]

2282 2284 2293 2357 Ι
2478 2279 2537 2331 Ὀ
2569 2279 2984 2349 διακρινόμενος
3022 2281 3176 2349 παρά
3229 2281 3609 2353 πρεσϐυτέρου
3658 2285 3974 2355 γεγαμηκό-

709 2379 1008 2444 percipere,
1037 2379 1324 2433 anathema
1362 2382 1454 2434 sit.
2395 2392 2401 2410 ‘

2395 2391 2484 2438 τος
2521 2373 2990 2444 μεταλαμϐάνειν,
3028 2375 3115 2443 εἴη
3157 2375 3427 2445 ἀνάθεμα.

1333 2473 1365 2526 5
1410 2474 1668 2541 ejusdem.
2976 2467 3025 2518 ἐ

2976 2467 3038 2518 Ὀ
3062 2473 3106 2520 ε’
3141 2469 3385 2534 ταύτης.

779 2561 882 2626 Qui
953 2563 1121 2617 aedem
1189 2579 1401 2620 sacram
1445 2565 1746 2619 contemnit
1779 2605 1793 2629 ,
1827 2567 2140 2621 anathema.

2050 2580 2140 2620 na.
2476 2556 2537 2610 '0
2559 2557 2654 2610 τοῦ
2687 2557 2832 2611 θείου
2869 2558 3231 2630 καταφρονῶν
3253 2561 3427 2624 οἴκου,
3466 2560 3738 2633 ἀνάθεμα.

1277 2657 1309 2710 6
1340 2657 1598 2725 ejusdem.

2980 2650 3038 2702 '0
3069 2648 3120 2714 ς’
3145 2652 3389 2719 ταύτης.

809 2746 1070 2800 Similiter
1119 2757 1172 2801 et
1214 2748 1306 2816 qui
1375 2764 1618 2802 seorsum
1650 2748 2040 2805 cmtusbabet.
2479 2739 2501 2792 ’³

1813 2766 1824 2802 ς
1850 2748 2040 2805 habet,
2479 2739 2756 2806 Ὡσαύτως
2786 2743 2878 2796 καὶ
2910 2743 2936 2796 ὁ
2969 2744 3352 2814 ἐκκλησιάζων
3378 2747 3505 2818 ίδίᾳ.

1366 2841 1395 2891 7
1448 2841 1710 2907 ejusdem.
2972 2835 3034 2888 Ὅ

1695 2881 1710 2895 ,
2972 2835 3034 2888 '0
3062 2835 3108 2895 ζ’
3133 2837 3379 2904 ταύτης.

777 2929 971 2999 Ei,qui
1010 2941 1206 2997 praeter
1222 2933 1460 3001 episc0pi
1497 2933 1576 2985 vel
1602 2931 1904 3001 presbyteri
1965 2931 2290 2986 sententiam

2281 2948 2290 2986 ι
2471 2923 2562 2994 Τῷ
2617 2927 2767 2995 παρά
2815 2928 3042 2999 γνώμην
3072 2930 3429 3000 ὲπισκόπουῆ
3479 2932 3863 3002 πρεσϐυτέρου
3905 2936 3973 2989 τά

710 3039 796 3079 res
827 3023 1225 3077 ecclesiasticas
1261 3033 1477 3087 tractat,
1523 3024 1838 3078 anathema.
2395 3034 2402 3050 ‘

1787 3041 1838 3077 ιι,
2395 3015 2494 3086 τῆς
2527 3017 2826 3088 ἐκκλησίας
2854 3020 3171 3088 πράττοντι,
3198 3021 3473 3089 ἀνάθεμα.

1308 3116 1340 3170 8
1391 3114 1650 3184 ejusdem.
2944 3113 3000 3166 '0

2944 3113 3007 3166 '0
3038 3120 3088 3180 η’
3120 3117 3361 3182 ταύτης.

2481 3205 2757 3259 Ὡσαύτως
2785 3207 2879 3260 καὶ
2908 3209 2985 3278 τῷ
3019 3211 3215 3263 διδόντι
3253 3211 3284 3280 ἢ
3322 3211 3658 3280 λαμϐάνοντι
3689 3230 3971 3282 καρποφο-

2403 3296 2524 3366 ρίαν
2551 3297 2681 3351 ἀνευ
2713 3301 2806 3352 τοῦ
2840 3301 3164 3367 ἐπισκόπου,
3212 3303 3308 3356 καὶ
3354 3303 3448 3356 τοῦ
3498 3306 3592 3357 ἐπὶ
3644 3305 3745 3374 τὴν
3772 3307 3977 3358 οἰκονο-

2401 3389 2530 3458 μίαν
2555 3395 2916 3461 τεταγμένου.

790 3207 1054 3262 Similiter
1081 3216 1135 3263 et
1167 3208 1212 3262 ei
1244 3209 1333 3277 qui
1365 3207 1452 3260 dat
1485 3208 1564 3261 vel
1589 3209 1784 3276 accipit
1813 3209 2144 3263 oblationem
2167 3208 2280 3262 fru-

702 3307 882 3354 ctuum
919 3301 1119 3367 absque
1170 3301 1450 3365 episcopo,
1497 3308 1548 3350 et
1590 3313 1655 3352 eo
1693 3300 1785 3368 qui
1837 3299 2295 3354 administrationi
2324 3265 2364 3318 Ο

707 3388 922 3460 {rerum
944 3390 1187 3444 ecclesia;
1216 3389 1233 3460 ]
1274 3389 1562 3457 pra-leonis
1595 3399 1700 3444 est.

1301 3477 1334 3531 9
1382 3479 1639 3546 ejusdem.

776 3571 963 3626 Itidem
996 3581 1049 3623 et
1085 3570 1178 3634 illi,
1213 3572 1302 3637 qui
1326 3571 1687 3639 virginitatem
1719 3571 1870 3635 colit,
1894 3571 1976 3625 vel
2009 3571 2296 3626 continen-

707 3659 833 3710 tism
871 3668 1073 3722 servat,
1125 3674 1229 3712 non
1283 3658 1452 3727 ipsius
1500 3659 1626 3714 boni
1657 3673 1845 3724 causa,
1876 3659 1972 3715 sed
2012 3659 2153 3728 quod
2184 3674 2298 3712 nia-

708 3751 1018 3803 trimonium
1051 3751 1420 3804 abominetur.

1309 3841 1375 3894 10
1447 3842 1702 3909 ejusdem.
2975 3849 3001 3901 't

1676 3863 1702 3895 ι.
2975 3849 3028 3902 '0
3063 3851 3096 3902 ι’
3125 3852 3368 3918 ταύτης.

774 3933 875 3998 Qui
910 3941 1130 4001 propter
1185 3934 1658 3997 exercitationem,
1688 3949 1806 4001 qua:
1837 3934 2089 4004 religiosa
2129 3945 2286 4004 puta-

2479 3940 2539 3994 '0
2566 3941 2652 3994 διὰ
2685 3941 3052 4010 νομιζομένην
3078 3943 3310 4009 ἄσκησιν
3343 3943 3714 4012 ρακενδυτῶν,
3752 3942 3981 3994 καὶτῶν

706 4036 811 4087 tur,
846 4026 1036 4091 pannis
1070 4025 1260 4086 utitur,
1286 4027 1530 4094 aliosque
1563 4026 1647 4096 pie
1678 4042 1832 4081 veros
1864 4028 1930 4098 (1
1961 4032 1980 4097 ;
2010 4039 2287 4097 gestantes

2286 4067 2287 4075 η
2398 4031 2640 4093 εὐλαϐῶς
2668 4034 2796 4096 τοὺς
2831 4033 3032 4103 βήρους
3057 4034 3368 4104 φορούντων
3409 4035 3858 4102 καταγινώσκων,
3887 4035 3978 4104 εἴη

705 4121 945 4184 damnat,
978 4119 1049 4173 sit
1076 4120 1389 4174 anathema.
2358 4141 2364 4146 '

978 4119 1049 4173 sit
1076 4120 1389 4174 anathema.
2358 4141 2364 4146 ·
2398 4123 2669 4194 ἀνάθεμα.

2971 3485 3033 3537 '0
3076 3488 3122 3539 θ’
3160 3487 3399 3552 ταύτης.

2480 3573 2643 3626 Ἀλλὰ
2662 3573 2724 3643 δὴ
2761 3575 2856 3626 καὶ
2888 3573 2965 3644 τῷ
3001 3577 3449 3648 παρθενεύοντιῆ
3491 3581 3975 3649 ὲγκρσιτευομένῳ,

2397 3664 2458 3717 οὐ
2490 3665 2559 3718 δι’
2582 3665 2716 3718 αὐτὸ
2741 3666 2802 3718 τὸ
2849 3669 3032 3732 καλὸν,
3065 3669 3181 3721 ἀλλ’
3214 3669 3290 3732 ὼς
3321 3670 3415 3722 τὸν
3461 3671 3641 3742 γάμον
3690 3670 3981 3741 βδελυσσοο

2402 3762 2571 3828 μένῳ.

1388 4212 1455 4266 14
1504 4214 1760 4280 ejusdem.

775 4299 951 4354 Liberi
989 4340 1004 4364 ,
1036 4301 1124 4369 qui
1180 4315 1440 4368 pretestu
1479 4306 1744 4374 religiosa:
1780 4307 1996 4376 pietatis
2029 4323 2060 4363 α
2087 4325 2287 4379 paren-

716 4394 858 4449 tibus
890 4394 1171 4456 recednnt,
1194 4397 1486 4449 anathema
1523 4407 1707 4450 sunto.

1341 4485 1405 4536 i6
1459 4487 1723 4553 ejusdem.

2980 4216 3042 4269 '0
3073 4214 3142 4269 ιδ’
3171 4218 3416 4282 ταύτης.

2469 4311 2552 4365 τὰ
2600 4309 2806 4362 πιστῶν
2863 4309 3072 4376 γονέων
3095 4309 3537 4378 ἀναχωρήσαντα
3583 4307 3750 4361 τέκνα
3792 4307 3986 4362 θεοσε-

2399 4405 2551 4467 ϐείας
2577 4405 2873 4474 προφάσει,
2898 4401 3171 4469 ἀνάθεμα.

2937 4494 3003 4546 '0
3035 4500 3114 4555 ις’
3139 4494 3384 4560 ταύτης.

803 4573 1180 4627 Cnntemnenti
1243 4590 1355 4633 eos.
1391 4578 1481 4644 qui
1541 4592 1603 4631 ex
1651 4579 1754 4631 (ide
1819 4580 2140 4634 dilectiones
2205 4580 2285 4652 (2)
2324 4595 2367 4651 ι)
2465 4592 2495 4644 Ί

2324 4595 2367 4651 1)
2465 4590 2557 4660 Τῷ
2589 4585 3018 4656 καταφρονοῦντι
3053 4587 3162 4638 τῶν
3197 4589 3260 4640 ὲκ
3292 4588 3532 4650 πίστεως
3565 4587 3791 4655 ἀγάπας
3859 4605 3983 4640 ποι-

712 4666 938 4726 lacinnt,
974 4677 1025 4718 et
1060 4667 1472 4723 invitationibus
1501 4669 1812 4736 hujusmodi
1845 4688 1948 4725 non
1981 4673 2282 4727 communi-
2392 4702 2404 4738 ε

2239 4673 2282 4726 ί-
2392 4684 2619 4749 ούντων,
2646 4683 2742 4736 καὶ
2763 4683 2880 4744 ταῖς
2905 4680 3132 4750 κλήσεσι
3160 4678 3234 4750 μὴ
3258 4681 3630 4748 κοινωνοῦντι,
3656 4681 3931 4749 ἀνάθεμα.

679 4755 870 4818 .cunli,
904 4757 1213 4810 anathema.

1304 4852 1370 4904 i7
1426 4850 1684 4918 ejusdem.
2953 4855 2996 4907 'l

2953 4855 3018 4908 '0
3045 4854 3116 4916 ιζ’
3151 4855 3403 4920 ταύτης.

781 4941 1046 5002 Similiter
1084 4948 1137 4994 et
1170 4942 1244 4995 illi
1280 4979 1295 5005 ,
1330 4943 1417 5011 qui
1453 4954 1670 5012 propter
1700 4942 2153 5000 exercitationem
2198 4945 2286 5000 die

2284 4971 2286 4995 ;
2478 4945 2754 5007 Ὡσαύτως
2782 4945 2877 4998 καὶ
2909 4945 2987 5014 τῷ
3016 4944 3084 4997 δι’
3118 4943 3357 5012 ἀσκησιν
3384 4943 3443 4996 ἐν
3474 4945 3540 5013 τῇ
3591 4944 3851 5014 κυριακῇ
3880 4961 3976 5014 νη-

700 5033 981 5086 Domittico
1009 5033 1244 5101 jejunat.

973 5052 981 5082 ι
1009 5033 1244 5101 jejunat.
2399 5040 2665 5093 στεύοντι.

1300 5124 1368 5176 18
1429 5127 1687 5194 ejusdem.

771 5214 900 5266 Item
937 5215 1032 5280 illi,
1065 5215 1154 5283 qui
1223 5216 1419 5270 usitata
1456 5217 1660 5286 jejunia
1706 5220 1840 5271 citra
1905 5221 2287 5276 necessitatem

708 5307 869 5360 Solvit
895 5345 908 5360 .

2952 5129 3017 5181 '0
3044 5134 3116 5194 ιη’
3137 5129 3383 5194 ταύτης.

2472 5225 2580 5277 Καὶ
2604 5223 2682 5292 τῷ
2725 5222 2825 5284 τὰς
2881 5220 3280 5290 νενομισμένας
3316 5221 3574 5283 νηστείας
3602 5225 3774 5292 χωρὶς
3805 5223 3976 5291 ἀνάγ-

2396 5331 2494 5385 κης
2534 5312 2896 5384 παραλύοντι.

1374 5398 1437 5453 19
1467 5399 1723 5468 ejusdem.

777 5494 914 5559 Quin
943 5493 1107 5547 etiam
1135 5493 1469 5546 abominanti
1534 5503 1828 5561 martyrum
1863 5509 2021 5548 causa
2064 5494 2283 5548 institu-

704 5597 786 5642 tas
844 5587 1276 5656 Congressiones,
1313 5596 1368 5641 et
1414 5600 1534 5654 quae
1566 5586 1617 5638 in
1647 5586 1726 5638 eis
1753 5586 2019 5640 obeuntur
2051 5585 2283 5640 functio-

706 5697 820 5732 “US.

2936 5404 2990 5455 Ὀ
3020 5402 3089 5457 ιϐ’
3120 5404 3342 5469 ταύτης

2472 5500 2632 5552 Ἀλλὰ
2663 5499 2728 5566 δὴ
2765 5500 2855 5550 καὶ
2882 5498 2962 5567 τῷ
3016 5497 3425 5567 βδελυσσομένῳ
3464 5497 3564 5560 τὰς
3595 5496 3704 5550 τῶν
3749 5497 3968 5568 μαρτύ-

2392 5606 2500 5659 ρων
2525 5590 2792 5654 συνάξεις,
2829 5590 2922 5641 καὶ
2957 5590 3054 5651 τὰς
3079 5591 3135 5642 ὲν
3170 5591 3354 5652 αὐτοῖς
3382 5590 3751 5661 λειτουργίας.

778 5793 849 5852 (Ιέ
886 5793 995 5845 iloc
1029 5796 1324 5856 estserica,
1349 5795 1491 5846 unile
1534 5801 1721 5864 vestes;
1743 5793 2031 5856 holnvcrre.
2066 5795 2102 5848 l.
2135 5796 2189 5854 4.
2213 5795 2273 5848 C.
2295 5796 2358 5848 de
2387 5806 2514 5853 vcst.
2554 5795 2782 5851 i'tolover.
2823 5794 2914 5850 lib.
2948 5809 3020 5859 ιι,
3044 5807 3164 5864 qua:
3187 5801 3310 5848 tota:
3329 5793 3395 5849 de
3428 5793 3607 5850 serico
3629 5801 3775 5851 sunt.

781 5866 855 5927 (2i
892 5864 998 5917 Hoc
1027 5875 1102 5917 cst
1139 5865 1397 5918 exhibent
1425 5865 1672 5917 convivia
1704 5862 1965 5919 fratribus
2004 5883 2065 5919 ex
2116 5868 2431 5920 dilectione.
