4270 6488
263 360 541 426 201~

1330 362 1407 421 1N
1450 359 2047 421 EXALTATIONEM
2079 363 2136 422 S.
2181 362 2472 423 CRUClS.

3446 359 3551 427 202

268 478 412 548 αὕτη
453 476 687 547 μάστιξζ
720 477 815 529 καὶ
848 476 1079 548 ἀπαρχὴ
1114 475 1317 538 παντὸς
1350 477 1516 528 πόνου
1546 478 1637 527 καὶ
1686 477 1864 545 πάσης

1992 476 2169 529 uvitus
2202 479 2365 529 etiam
2408 474 2660 545 populum
2696 475 2920 530 dimisit.
2958 475 3424 542 Quemadmodum
3457 495 3554 532 au-

265 568 577 638 ἀλγηδόνος
630 568 947 639 ἀκροθίνιον
991 569 1103 631 τοῖς
1148 567 1416 627 ἐναντίοις
1457 566 1685 633 ἐγίνετο,
1730 566 1871 617 οὓτω

264 661 382 721 τοῖς
411 660 791 728 ᾠκειωμένοις
814 658 934 726 Θεῷ
964 657 1191 727 μείζονα
1218 656 1318 725 τὴν
1346 654 1508 725 χάριν
1535 654 1705 706 ἐδίδου
1736 652 1873 722 μετά

266 750 479 818 πολλῆς
513 749 614 816 τῆς
653 748 1115 819 παραδοξοποιίας
1161 746 1558 815 ἐνεργουμένη.
1597 745 1717 797 Ἰνα
1764 744 1873 812 γάρ

267 842 347 912 μὴ
384 842 684 911 συντυχίας
717 841 865 902 τινὸς
898 840 996 893 καὶ
1033 839 1345 908 αὐτομάτου
1370 838 1604 891 θανάτου
1634 835 1869 905 νομισθῇ

265 930 328 981 τὸ
363 930 658 998 γινόμενον
682 970 696 995 ,
725 929 758 998 ἢ
786 930 943 991 νόσος
967 929 1001 999 ἢ
1028 928 1184 997 λιμὸς
1216 926 1404 989 ἁπλῶς
1435 926 1682 979 ἐπελθὼν
1709 926 1837 998 δόξῃ
1856 967 1869 989 ,

266 1021 448 1073 πολλά
480 1022 769 1091 συντρέχει
792 1022 861 1073 τὰ
884 1021 1100 1087 ἐξαίσια
1120 1035 1134 1052 ·
1168 1022 1263 1074 καὶ
1291 1020 1427 1089 ὁμοῦ
1456 1020 1557 1088 μὲν
1586 1019 1873 1088 παρόντων

268 1115 536 1166 ἁπάντων
567 1115 697 1174 τοὺς
730 1114 914 1177 ἀξίους
949 1114 982 1182 ἡ
1026 1113 1269 1184 τιμωρία
1304 1112 1566 1181 γινώσκει
1598 1111 1692 1166 καὶ
1735 1110 1874 1181 μετά

264 1206 639 1275 προρρήσεως
690 1206 953 1268 τελεῖται,
1004 1205 1100 1257 καὶ
1137 1206 1236 1274 μιᾷ
1275 1206 1431 1257 νυκτὶ
1471 1203 1673 1265 πάντες
1720 1204 1877 1255 ἀναι-

270 1295 521 1366 ροῦνται,
540 1298 635 1348 καὶ
664 1296 818 1361 μόνοι
838 1296 949 1348 τῶν
973 1296 1151 1348 ἄλλων
1177 1296 1226 1348 οἱ
1259 1295 1598 1366 πρωτότοκοι
1630 1293 1877 1362 ἀποθνή-

266 1408 490 1455 σκουσι,
527 1390 671 1443 ὥστε
703 1390 798 1442 καὶ
837 1393 899 1442 τὸ
929 1390 1156 1443 δυνατὸν
1186 1388 1425 1442 ἐνταῦθα
1451 1387 1547 1441 τοῦ
1580 1386 1740 1452 Θεοῦ,
1784 1386 1876 1439 xal.

263 1483 327 1534 τδ
355 1480 591 1547 δίκαιον,
614 1483 710 1534 καὶ
734 1482 795 1534 τὸ
818 1481 1181 1551 κηδεμονικὸν
1206 1481 1548 1550 ἀναφανῆναι
1573 1480 1668 1532 καὶ
1691 1479 1877 1547 φιλάν-

265 1573 514 1642 θρωπον.
562 1572 637 1626 Τὸ
684 1572 807 1641 μὲν,
855 1574 940 1626 ὅτι
986 1575 1044 1626 ἐν
1094 1573 1193 1643 μιᾷ
1237 1575 1377 1643 ῥοπῇ
1416 1571 1673 1625 τοσοῦτον
1717 1570 1878 1641 ἐργον

264 1666 516 1733 ἐγεγόνει
544 1680 559 1695 ⁸
594 1665 655 1719 τὸ
694 1666 781 1730 δὲ,
816 1666 901 1718 ὅτι
938 1666 1082 1736 ὑπὲρ
1117 1667 1214 1735 τῆς
1246 1664 1597 1733 πρωτογόνου
1638 1662 1875 1730 θλίψεως

278 1758 507 1825 Ἰσραὴλ
528 1800 541 1822 ,
584 1760 650 1810 τὰ
688 1757 1019 1824 πρωτότοκα
1056 1754 1361 1829 ἀνῃροῦντο
1394 1755 1501 1806 τῶν
1533 1752 1839 1821 θλιψάντων
1862 1769 1875 1785 ο

1979 576 2083 620 tem
2143 569 2254 619 lure.
2304 568 2458 636 plaga
2500 568 2712 621 eteteris
2743 570 2993 622 omnibus
3038 572 3284 639 asperior
3317 575 3552 635 exstitit,

1978 657 2413 727 principiumque
2475 660 2655 711 omnis
2711 658 2951 721 laboris,
3008 664 3294 729 omnisque
3350 662 3555 718 doloris

1976 751 2255 804 exordium
2289 748 2432 802 fuit:
2472 750 2544 802 ita
2584 750 2707 813 illis,
2732 752 2822 819 qui
2873 751 2978 804 Deo
3018 750 3314 807 familiares
3344 763 3395 806 et
3427 769 3555 807 cou-

1971 840 2142 909 juucti
2196 852 2378 908 erant,
2418 843 2671 908 majorem
2718 846 2902 911 gratia?
2939 844 3151 911 copiam
3206 845 3386 899 umltis
3443 862 3555 899 ina-

1979 936 2204 1003 gnisque
2237 935 2511 990 miraculis
2538 945 2786 989 tcstatam
2820 937 3268 990 subministravit.
3303 938 3377 991 Ne
3411 942 3553 992 enim

1980 1026 2203 1079 fortuito
2238 1028 2448 1079 euidam
2484 1027 2632 1080 casui
2678 1027 2725 1079 id
2752 1028 2893 1093 quod
2929 1028 3131 1092 evenit,
3168 1030 3550 1095 :ISCt’lbei‘Clllr,

1982 1126 2076 1169 aut
2116 1120 2360 1179 morbus,
2404 1128 2493 1169 aut
2528 1117 2696 1186 pestis
2738 1120 3012 1172 communi
3064 1136 3245 1172 rerum
3280 1138 3439 1175 cursu
3475 1125 3558 1175 in-

1981 1207 2193 1275 gruissc
2226 1208 2582 1272 crederetur;
2611 1208 2775 1261 multa
2807 1208 2965 1275 plane
3006 1210 3364 1265 admiratione
3396 1215 3558 1275 digna

1980 1308 2345 1363 concurrunt;
2389 1302 2637 1369 quamvis
2668 1315 2857 1355 omnes
2902 1305 3207 1371 promiscue
3243 1306 3403 1358 simul
3442 1322 3559 1357 ver-

1981 1402 2253 1454 sarentur,
2281 1402 2523 1445 attamen
2556 1407 2713 1460 paena
2741 1394 2934 1462 dignos
2967 1410 3121 1464 pteua
3157 1398 3433 1465 agnoscit;
3464 1414 3560 1449 nec

1981 1483 2099 1535 sine
2156 1482 2506 1549 praedictione
2558 1482 2845 1552 infligitur,
2898 1500 3116 1551 unaque
3172 1496 3328 1539 nocte
3370 1504 3559 1541 tilllliCS

1982 1576 2363 1643 perimuntur,
2423 1585 2475 1629 et
2525 1576 2621 1630 soli
2658 1592 2723 1630 ex
2760 1588 2866 1631 tota
2914 1580 3261 1632 multitudine
3294 1581 3561 1648 primoge-

1984 1665 2082 1718 niti
2119 1666 2416 1733 intereunt,
2444 1676 2500 1719 ut
2548 1668 2774 1735 proinde
2804 1669 2907 1723 hoc
2940 1669 3076 1732 loco,
3102 1680 3155 1724 et
3183 1670 3274 1723 Dei
3310 1674 3557 1740 potentia

1982 1766 2039 1811 ct
2064 1757 2297 1825 justitia,
2334 1767 2388 1812 et
2414 1775 2561 1820 cura,
2603 1769 2659 1815 et
2688 1760 3001 1815 humanitas
3030 1764 3322 1819 elucescat.
3364 1764 3563 1816 Poten-

264 1852 328 1903 τὸ
356 1852 416 1902 δὲ
445 1850 545 1919 τῆς
570 1849 941 1918 ἀγαθότητος,
970 1850 1051 1902 ὃτι.
1083 1849 1231 1917 μετά-
1249 1846 1469 1915 φειδοῦς
1498 1846 1873 1916 ἐπεξέρχεται,

1986 1850 2057 1900 tia
2091 1850 2333 1917 quidem,
2367 1854 2507 1918 quod
2562 1867 2670 1905 uno
2704 1864 2975 1907 momento
3021 1872 3105 1909 res
3151 1866 3296 1908 tanta
3336 1858 3398 1909 sit
3442 1873 3562 1925 per-

266 1944 345 2005 ώς
376 1948 452 2013 μὴ
481 1943 806 2011 βουλόμενος
826 1940 1037 2002 πάντας
1062 1940 1233 2010 ἄρδην
1253 1938 1573 1992 ἀπολέσθαι.
1594 1938 1694 1989 Διά
1716 1936 1874 1988 τοῦτο

268 2036 405 2103 γοῦν
431 2035 543 2089 οὐδ’
576 2037 640 2088 ἐκ
670 2035 898 2104 πρώτης
926 2031 1143 2101 πληγῆς
1174 2030 1285 2083 τῶν
1316 2029 1621 2101 ἀνθρώπων
1642 2030 1876 2083 ἅπτεται

267 2128 383 2181 οὐδ’
414 2130 546 2183 ἀνευ
578 2128 947 2199 προρρήσεως
974 2126 1073 2193 τὴν
1107 2124 1281 2194 ὀργὴν
1314 2124 1593 2193 ἐπιφέρει,
1625 2124 1743 2193 ἅμα
1777 2121 1878 2190 μὲν
1914 2110 1926 2129 ⁸

1985 1952 2104 1993 aeta
2126 1958 2141 2007 ;
2166 1940 2372 2007 justitia
2400 1953 2601 2007 autem,
2627 1946 2769 2012 quod
2795 1945 2910 1998 loco
2946 1946 3292 2016 primogcnize
3320 1947 3562 2001 afﬂictio—

1988 2032 2095 2092 nis,
2124 2048 2282 2100 quam
2336 2035 2501 2088 subiit
2557 2035 2755 2098 Israel,
2821 2038 3176 2108 primogenita
3239 2055 3425 2093 eorum
3472 2042 3563 2109 qui

1989 2121 2311 2190 afﬂixerant,
2359 2125 2643 2181 interfecta
2680 2139 2839 2193 sunt;
2885 2137 2938 2181 at
2969 2129 3185 2185 bonitas
3216 2134 3265 2184 in
3298 2148 3365 2186 eo
3395 2150 3563 2201 appa-

1991 2225 2093 2280 ret,
2119 2218 2260 2285 quod
2301 2218 2370 2271 ita
2418 2220 2588 2284 punit,
2628 2231 2679 2273 ut
2715 2222 2873 2275 simul
2903 2235 3120 2289 pareat,
3155 2224 3346 2278 nolens
3382 2228 3563 2279 videli-

267 2224 341 2277 δι’
374 2225 583 2292 ἐτέρων
629 2222 831 2282 αὐτοὺς
868 2216 1166 2287 διορθῶσαι
1214 2215 1608 2288 μηχανώμενος
1629 2254 1643 2278 ,
1677 2214 1793 2283 ἅμα
1819 2213 1881 2276 δὲ

270 2320 371 2371 καὶ
405 2319 518 2378 τοῖς
564 2317 775 2385 ῥήμασι
825 2311 1309 2382 σωφρονεστέρους
1350 2308 1762 2380 ἀπεργάζεσθαι
1790 2306 1880 2358 Θέ-

270 2411 411 2471 λων,
469 2408 567 2460 καὶ
619 2406 695 2476 μὴ
746 2406 824 2467 είς
881 2404 1079 2471 πεῖραν
1138 2401 1315 2454 ἐλθεῖν
1368 2400 1476 2455 τῶν
1537 2400 1878 2470 πραγμάτων

1991 2400 2163 2468 prima
2212 2402 2367 2470 plaga
2400 2403 2451 2455 in
2486 2405 2732 2457 homines
2778 2409 2953 2470 szevit,
2985 2424 3158 2476 neque
3187 2411 3302 2463 sine
3340 2427 3564 2477 pnemoc

271 2500 503 2562 αὐτούς,
1992 2493 2197 2547 uitione
2231 2505 2286 2548 et
2338 2496 2688 2562 praedictione
2746 2500 2880 2550 iram
2936 2515 3088 2552 suam
3146 2502 3328 2567 infert,
3367 2504 3565 2574 quippe

271 2596 362 2649 (ui
414 2593 757 2664 propositum
796 2600 960 2657 esset,
1002 2606 1096 2646 eos
1129 2591 1327 2660 partim
1364 2589 1594 2643 aliorum
1630 2586 1869 2656 periculo
1910 2585 1976 2639 ad
2004 2586 2282 2640 meliorem
2352 2600 2584 2643 mentem
2660 2593 2972 2654 traducere,
3009 2594 3205 2661 partim
3237 2596 3417 2651 verbis
3448 2614 3564 2661 mo'

276 2688 601 2741 deratiores
642 2695 697 2739 et
725 2684 975 2739 saniores
1003 2683 1245 2747 efficere,
1289 2690 1359 2736 ut’
1398 2697 1469 2737 ne
1517 2681 1762 2749 ipsorum
1794 2677 2131 2749 flagellorum
2188 2695 2409 2735 sensum
2443 2681 2677 2752 aliquem
2748 2694 2801 2737 et
2868 2687 3298 2753 experimentum
3372 2666 3564 2759 capere

270 2788 587 2849 oporteret.

346 2874 489 2925 Τότε
516 2871 573 2924 δὲ
622 2869 849 2934 πιστοὺς
883 2870 1045 2941 μόνον
1093 2871 1174 2932 είς
1209 2868 1553 2937 εὐφροσύνην
1592 2865 1879 2919 συνεκάλει

266 2964 334 3019 τὸ
372 2963 835 3033 τερατοῦργημα,
881 2962 1018 3016 ἀλλὰ
1058 2962 1154 3015 καὶ
1202 2960 1297 3013 νῦν
1350 2960 1552 3030 μᾶλλον
1596 2960 1767 3029 ἡμᾶς,
1801 2956 1882 3021 οἷς

269 3057 420 3111 κατὰ
440 3054 668 3125 πνεῦμα
706 3056 771 3107 τὰ
814 3054 910 3108 τοῦ
941 3056 1268 3125 γράμματος
1292 3053 1604 3123 θεωρεῖται,
1628 3054 1725 3105 καὶ
1744 3052 1883 3105 κατά

270 3148 546 3219 λαμπρὰν
590 3145 853 3215 ἀλήθειαν
884 3146 954 3198 τὰ
989 3144 1082 3198 τοῦ
1116 3144 1291 3197 τύπου
1325 3145 1419 3195 καὶ
1448 3144 1546 3212 τῆς
1582 3146 1741 3206 σκιᾶς
1775 3145 1881 3210 ἐρ-

272 3241 608 3312 μηνεὺεται.
642 3240 751 3290 Καὶ
780 3238 891 3306 γὰρ
912 3236 1001 3290 διὰ
1034 3235 1273 3308 σταυροῦ
1304 3235 1553 3288 δοθεῖσαν
1585 3237 1718 3304 ἡμῖν
1752 3235 1880 3287 θαυ-

272 3335 499 3406 μαστὴν
533 3330 857 3400 ἐλευθερίαν
894 3330 1280 3400 προδείκνυσιν
1319 3331 1353 3399 ἡ
1408 3328 1621 3396 ἱστορία
1662 3328 1754 3380 καὶ
1780 3328 1877 3398 τὴν

270 3428 422 3495 ὑπὲρ
449 3425 613 3495 ἡμῶν
642 3425 861 3491 σφαγὴν
895 3422 990 3474 τοῦ
1023 3421 1169 3475 θείου
1218 3421 1443 3490 ’Δμνοῦ,
1474 3418 1571 3472 καὶ
1604 3421 1788 3489 πάσχα
1820 3420 1879 3473 τὸ

271 3517 584 3585 μυστικὸν,
628 3515 722 3567 καὶ
758 3514 859 3581 τὴν
907 3513 1256 3581 παγκόσμιον
1290 3512 1567 3582 σωτηρίαν
1607 3512 1880 3582 ἁριδήλως

268 3608 704 3679 προαναφαίνει.
745 3598 823 3657 OB
851 3604 963 3674 γὰρ
992 3606 1025 3673 ὴ
1057 3604 1267 3674 τυπικὴ
1299 3604 1602 3673 μετάληψις
1636 3602 1784 3671 ζωῆς
1812 3598 1880 3673 ἦν

270 3698 619 3767 φυλακτικὴ,
672 3698 768 3749 καὶ
808 3696 891 3758 είς
937 3694 1256 3764 ἐλευθερίαν
1295 3694 1655 3760 μετεϐίϐαζε,
1688 3694 1880 3747 τούτου

268 3795 500 3854 πάντως
535 3793 567 3859 ὴ
596 3789 830 3861 ἀληθινὴ
880 3788 1139 3841 κοινωνία
1195 3786 1291 3840 καὶ
1322 3787 1623 3840 ἀθανασίαν
1654 3786 1747 3839 καὶ
1775 3788 1883 3838 uio-

268 3887 470 3937 θεσίαν
507 3880 618 3937 οἶδε
666 3882 1025 3954 χαρίζεσθαι),
1078 3886 1142 3933 ἐκ
1178 3880 1384 3949 γηΐνων
1426 3879 1751 3948 οὐρανίους,
1788 3880 1885 3930 καὶ

271 3978 440 4039 θεοὺς
474 3976 535 4041 ἐξ
568 3974 877 4045 ἀνθρώπων
909 3970 1347 4043 ἀπεργαζομένη
1377 3972 1504 4031 τοὺς
1536 3970 1879 4037 δεχομένους.

271 4071 378 4125 Διὰ
407 4068 579 4124 τοῦτο
612 4067 747 4135 γοῦν
786 4066 847 4119 τὸ
874 4065 1234 4133 διαϐατήριον
1266 4066 1326 4116 ἐν
1353 4062 1614 4131 Αἰγύπτῳ
1646 4064 1882 4114 τελεῖται

267 4164 490 4231 πάσχα,
534 4159 629 4213 καὶ
681 4157 741 4211 τδ
779 4158 868 4210 διὰ
920 4159 1157 4226 σταυροό
1213 4156 1357 4223 μέγα
1406 4155 1745 4223 σκιαγραφεῖ
1790 4154 1883 4205 καὶ

264 4253 535 4321 ἀληθινὸν
555 4250 747 4319 πάσχα
764 4250 863 4318 τὴν
889 4246 1275 4317 πνευματικὴτ¹
1294 4245 1567 4299 διάϐασιν.
1592 4246 1804 4299 Γίνεται
1827 4246 1884 4298 δὲ

264 4348 349 4416 τῷ
386 4344 599 4415 πρώτῳ
631 4344 787 4412 μηνὶ,
821 4344 904 4395 ὅτι
942 4341 1115 4403 τύπος
1152 4336 1220 4411 ἦν
1259 4337 1501 4410 Χριστοῦ
1531 4340 1629 4409 τῆς
1663 4340 1883 4394 πάντων

263 4440 474 4509 ἀρχῆς,
512 4437 611 4490 καὶ
637 4436 739 4505 τῆς
770 4438 828 4487 ἐν
878 4434 1105 4504 Χριστῷ
1136 4432 1332 4502 καινῆς
1369 4432 1599 4496 κτίσεως
1628 4436 1767 4503 μετά
1792 4432 1878 4485 τὸν

1989 4444 2174 4482 verum
2209 4430 2258 4481 in
2314 4444 2477 4481 cruce
2518 4428 2823 4489 adumbrat,
2889 4428 3037 4479 illum
3108 4428 3358 4481 videlicet
3417 4430 3571 4497 spiri-

264 4530 525 4600 χειμῶνα
552 4529 654 4597 τῆς
671 4525 952 4590 ἀσεόείας,
973 4525 1164 4594 ὥσπερ
1192 4528 1250 4577 ἐν
1284 4526 1406 4593 ἔαρι
1431 4524 1641 4593 φαιδρῷ
1669 4524 1763 4575 καὶ
1794 4525 1878 4575 εὑ-

1991 4519 2187 4573 tualem
2228 4520 2537 4573 transitum.
2603 4519 2912 4572 lnstitnitur
2977 4528 3155 4571 autem
3205 4521 3380 4587 primo
3420 4536 3571 4573 men-

261 4626 397 4677 ώδει
418 4623 525 4688 τῆς
543 4623 809 4682 πίστεως,
832 4618 923 4670 καὶ
946 4616 1451 4687 δημιουργηθείσης
1476 4618 1572 4670 καὶ
1584 4616 1878 4685 κληθείσης

1988 4627 2070 4678 se,
2124 4612 2248 4679 quia
2309 4612 2475 4682 figura
2537 4613 2742 4666 Christi
2775 4626 2911 4676 erat,
2958 4614 3047 4680 qui
3099 4617 3341 4666 outuium
3391 4631 3569 4666 rerum

263 4714 378 4767 ὑπὸ
404 4709 650 4780 Χριστοῦ
676 4709 764 4761 διὰ
793 4707 1127 4774 πνεύματος,
1167 4705 1353 4769 καθὼς
1381 4707 1518 4775 πρὸς
1547 4707 1715 4776 αὐτὴν
1739 4708 1877 4760 ἀνω.

1988 4705 2314 4775 principium
2370 4714 2470 4770 est,
2502 4713 2556 4759 et
2586 4705 2703 4773 ejus
2733 4721 2851 4771 qua:
2886 4708 2936 4759 iu
2980 4707 3199 4760 Christo
3259 4717 3365 4771 est,
3424 4725 3573 4761 novat

262 4811 359 4860 θεν
390 4806 606 4870 ἔλεγεν·
636 4799 833 4866 Ἐλθέ,
856 4800 894 4866 ἠ
916 4800 1193 4864 πλησίον
1214 4815 1353 4865 μου,
1386 4798 1546 4863 καλή
1577 4814 1698 4866 μου
1720 4813 1878 4863 περι-

1987 4807 2251 4850 creaturcc
2287 4804 2407 4864 post
2463 4795 2758 4863 impietatis
2795 4796 3050 4861 hiemem,
3080 4798 3220 4850 velut
3255 4798 3306 4850 iu
3342 4813 3464 4851 vere
3496 4800 3572 4852 ui-

1990 2317 2073 2360 cet
2123 2324 2313 2363 omnes
2359 2310 2602 2365 l'uuditus
2645 2311 2892 2367 interire.
2925 2315 3041 2380 Qua
3072 2318 3136 2369 de
3178 2333 3342 2371 causa
3393 2336 3565 2389 neque

2061 2861 2128 2915 Et
2162 2872 2287 2913 tunc
2335 2858 2552 2926 quidem
2600 2857 2744 2911 solus
2783 2857 2965 2910 fideles
3022 2859 3322 2927 prodigium
3367 2863 3465 2915 hoc
3501 2850 3566 2911 a'd

1984 2954 2228 3008 latitiam
2273 2950 2560 3016 invitabat,
2608 2959 2662 3003 at
2711 2964 2854 3002 nunc
2910 2950 3076 3002 multo
3137 2953 3305 3019 magis
3343 2953 3577 3003 advocat.

1987 3061 2106 3109 nos,
2162 3044 2253 3113 qui
2299 3042 2496 3110 spiritu
2549 3057 2610 3095 ea
2669 3056 2785 3108 qua:
2832 3041 3034 3109 scripta
3104 3055 3265 3106 sunt,
3321 3054 3567 3095 coiitem-

1986 3137 2216 3205 plamur,
2270 3133 2468 3203 quibus
2508 3134 2730 3201 antiqua
2792 3132 2877 3185 illa
2926 3142 3171 3201 typorum
3229 3135 3563 3185 mnhrarnni-

1987 3246 2091 3301 que
2138 3229 2412 3283 involucra
2445 3227 2742 3296 perspicuae
2796 3226 3042 3278 veritatis
3099 3226 3365 3280 beneficio
3419 3238 3571 3295 ριιιρ-

1985 3332 2166 3378 seunt.
2199 3322 2412 3376 Etenim
2459 3334 2769 3374 concessam
2828 3319 3004 3379 nobis,
3053 3320 3231 3372 crut'is
3284 3323 3477 3373 mei-itu
3522 3332 3571 3373 et

1984 3430 2225 3478 munere,
2270 3414 2481 3483 plenam
2548 3412 2904 3465 admiratione
2952 3412 3255 3465 libertatem
3306 3423 3413 3465 tota
3465 3416 3573 3466 luet:

1983 3508 2209 3562 historia
2306 3513 2709 3573 praemonstrat,
2781 3503 3133 3571 divinumque
3204 3503 3416 3571 Agnum
3476 3521 3574 3573 pro

1984 3599 2140 3652 nobis
2191 3598 2552 3659 immolatum,
2597 3608 2651 3649 et
2712 3596 2996 3664 mysticum
3053 3595 3180 3648 illud
3246 3596 3468 3662 pascha,
3521 3606 3575 3651 et

1986 3692 2148 3743 totius
2202 3688 2634 3742 mundisalutem
2681 3686 2959 3739 evidenter
3012 3686 3342 3755 praefigurat.
3392 3688 3573 3755 Neque

1984 3788 2123 3839 enim
2161 3784 2460 3851 corporalis
2498 3782 2582 3835 illa
2621 3782 2893 3849 perceptio
2926 3782 3089 3833 vitam
3117 3782 3484 3841 custo.li.~hat,
3521 3792 3574 3834 rt

1987 3878 2036 3928 iu
2071 3874 2372 3927 libertatem
2405 3873 2752 3937 traducebat;
2798 3882 2850 3923 at
2890 3870 3047 3938 hujus
3104 3887 3227 3924 vera
3247 3882 3483 3940 sumptio
3524 3884 3573 3925 et

1985 3964 2294 4019 communio
2314 3964 2771 4018 immortalitatem
2791 3974 2841 4015 et
2868 3963 3095 4015 liliorum
3120 3963 3459 4031 adoptionem
3485 3968 3570 4019 do-

1988 4065 2099 4120 nat,
2142 4066 2197 4109 ct
2235 4072 2300 4109 ex
2337 4056 2690 4110 terrestribus
2718 4056 2990 4118 cwlestes,
3029 4056 3268 4123 deosque
3299 4073 3364 4108 ex
3399 4057 3572 4109 humi-

1989 4150 2165 4210 uihus,
2202 4163 2292 4203 eos
2334 4149 2425 4217 qui
2479 4150 2769 4216 accipiunt,
2815 4149 3013 4202 reddit.
3067 4148 3353 4216 Propterea
3410 4151 3573 4218 igitur

1988 4245 2188 4312 pascha
2241 4242 2367 4295 illud
2416 4243 2675 4296 transitus
2734 4242 2955 4310 jamjam
3022 4242 3358 4295 imminentis
3411 4258 3571 4311 argu-

1987 4347 2254 4397 mentum,
2291 4337 2340 4386 in
2371 4332 2607 4403 {Egypto
2660 4335 2956 4403 peragitur,
2991 4335 3233 4402 illudque
3282 4338 3483 4402 grande
3517 4346 3572 4387 et

1909 3279 1952 3338 C

260 4902 478 4968 στερὰ,
502 4898 591 4950 ὅτι
608 4895 739 4950 ἰδοὺ
759 4900 791 4949 o'
810 4893 1034 4964 χειμὼν
1050 4893 1346 4963 παρῆλθε.
1363 4895 1750 4965 Συνετάφημεν
1768 4899 1877 4966 γάρ

258 4994 442 5062 αὐτῷ,
476 4992 573 5042 καὶ
608 4989 1012 5056 συνανέστημεν
1041 4987 1129 5039 διὰ
1149 4987 1383 5055 λουτροῦ
1412 4988 1837 5055 παλιγγενεσίας
1859 5030 1875 5055 ,

259 5091 360 5139 καὶ
378 5088 483 5154 τὴν
501 5080 852 5149 παλαιότητα
868 5078 961 5131 τοῦ
980 5080 1152 5149 Ἀδάμ
1172 5078 1501 5147 ἀποθέμενοι
1521 5080 1579 5131 ἐν
1595 5084 1873 5150 καινότητι

258 5181 413 5247 ζωῆς
468 5172 881 5242 πολιτευόμεθα
920 5171 1128 5241 τροφὴν
1160 5171 1319 5235 ἀξίαν
1364 5171 1465 5241 τῆς
1497 5173 1668 5226 ἀϊδίου
1704 5171 1873 5241 ζωῆς,

257 5276 319 5327 τὸ
354 5273 555 5339 πάσχα
598 5266 855 5335 ἀληθινὸν
900 5265 1220 5334 ποιούμενοι
1245 5302 1260 5329 ,
1296 5266 1390 5317 καὶ
1422 5266 1588 5336 σαρκὶ
1618 5264 1752 5317 Θεοῦ
1783 5265 1877 5317 καὶ

258 5369 467 5435 αἵματι
512 5363 870 5433 τρεφόμενοι.

1989 4888 2098 4943 tido
2127 4897 2181 4943 et
2227 4889 2571 4943 suaveoleute
2627 4888 2771 4953 fidei,
2823 4890 3055 4944 condita:
3110 4901 3163 4944 et
3219 4901 3485 4945 renovata:
3542 4909 3568 4945 a

1985 4981 2207 5035 Christo
2236 4996 2329 5048 per
2358 4980 2628 5045 spiritum,
2660 4982 3117 5047 queinadumdnm
3149 4985 3213 5037 ad
3240 4984 3379 5037 illam
3408 4999 3569 5050 supra

1986 5074 2195 5128 dicebat
2235 5090 2247 5125 :
2282 5071 2431 5138 Veni,
2452 5072 2695 5140 proxima
2717 5090 2852 5137 mea,
2878 5074 3111 5141 formosa
3142 5092 3254 5128 mea
3290 5076 3566 5137 columba;
3600 5088 3606 5093 ‘

1980 5184 2096 5222 ecce
2142 5168 2304 5220 hiems
2341 5167 2457 5235 jam
2484 5167 2695 5219 transiit
2735 5166 2803 5218 ³⁵.
2850 5166 3168 5236 Consepulti
3203 5170 3345 5221 enim
3382 5185 3568 5223 smnus

1982 5276 2106 5315 cum
2167 5261 2282 5323 illo,
2329 5269 2383 5313 et
2413 5259 2864 5313 consurreximus
2906 5276 3001 5327 per
3030 5262 3310 5314 lavacrum
3349 5278 3570 5330 regene-

1986 5353 2235 5415 rationis,
2289 5361 2342 5405 et
2394 5352 2635 5421 deposita
2672 5353 2878 5405 ‘Adami
2911 5362 3180 5406 vetustate
3235 5354 3289 5405 in
3330 5356 3568 5407 novitate

258 5431 389 5511 vita:
424 5431 777 5509 ambulamus
820 5494 835 5521 ,
916 5453 1117 5523 quibus
1201 5467 1393 5507 verum
1450 5431 1651 5522 pascha
1719 5450 2037 5504 alimentum
2079 5447 2411 5516 suupiterna
2456 5445 2562 5497 vita
2619 5444 2839 5514 dignum
2889 5448 3248 5515 suppeditat;
3299 5448 3569 5500 uutrimur

254 5551 407 5604 enim
444 5562 615 5601 carne
665 5555 721 5601 et
756 5549 1025 5617 sanguine
1056 5547 1170 5601 Dei.

332 5636 519 5704 Οὗτος
551 5640 679 5709 ἐμοὶ
715 5642 809 5691 τοῦ
844 5640 1065 5710 πρώτου
1108 5640 1276 5710 μηνὸς
1311 5641 1337 5693 ὁ
1389 5637 1570 5707 λόγος,
1611 5628 1673 5691 οὗ
1709 5638 1773 5707 τῇ
1804 5637 1878 5690 δε-

2008 5635 2130 5691 llaec
2169 5634 2298 5689 mihi
2357 5632 2516 5702 primi
2568 5632 2770 5689 mensis
2806 5632 2946 5688 ratio
2978 5648 3100 5688 esse
3140 5632 3348 5687 videtur
3382 5650 3394 5696 ;
3450 5647 3568 5685 rcu-

333 5820 382 5850 ³⁸
414 5818 584 5871 Cant.
632 5834 694 5878 ll,
727 5816 815 5870 ii.

575 5915 844 5974 i’n'uut.
883 5917 995 5970 tia.
1049 5914 1145 5973 (IL
1673 5972 1683 5982 ,
3170 5915 3198 5974 7
