4270 6488
707 425 818 487 ‘203

1818 421 2144 479 MACAlill
2186 419 2821 480 CllRYSOCEl’HALI

3879 392 4025 488 ρο(

707 540 794 607 ius
832 534 1046 603 quidem
1097 531 1304 588 decima
1337 532 1422 585 die
1464 545 1634 600 agnus
1660 530 2049 599 accipiebatur,
2090 530 2300 583 deeitna
2335 536 2374 590 Α

2295 548 2300 582 ι
2335 536 2374 590 Α
2411 528 2548 597 κάτῃ
2586 534 2684 596 μὲν
2715 533 2774 581 τὸ
2805 530 3073 605 πρᾴὄατον
3103 531 3462 599 ἐλαμϐάνετο,
3495 535 3560 602 τῇ
3594 550 3981 602 τεσσαρεσκαι·

707 637 898 694 quarta
942 640 1068 678 vero
1107 626 1171 678 ad
1220 638 1500 690 vesperam
1545 622 1948 676 immolabatur.
1984 621 2138 684 Illud,
2173 621 2298 688 quia

707 719 1028 786 longissima
1085 718 1331 784 qumdam
1380 725 1504 767 ante
1555 729 1654 766 nos
1689 713 1881 766 smcula
1937 714 2296 772 exstiterunt;

705 811 904 878 quibus
974 815 1094 860 erat
1150 807 1194 858 is
1256 821 1344 872 qni
1392 819 1608 871 semper
1669 814 1772 864 est,
1836 814 1889 856 et
1940 803 2051 854 ba-c
2100 802 2297 855 s:ecula

709 913 972 953 numerus
1020 896 1280 950 denarius
1328 907 1548 963 pronter
1605 895 1989 963 perfectionem
2040 903 2093 944 et
2127 894 2297 960 pit-ni-

708 993 947 1041 tudinem
982 989 1228 1047 denotat,
1255 986 1576 1052 initiumque
1627 985 1910 1050 praesentis
1947 983 2127 1036 smeuli
2169 982 2299 1035 insi.

706 1093 835 1133 nuat
892 1092 1146 1147 tanquam
1179 1079 1443 1131 immenso
1492 1076 1565 1130 illi
1621 1076 1802 1128 vieini.
1845 1075 1958 1129 lloc
1991 1091 2136 1142 vero,
2171 1077 2294 1143 quia

707 1189 942 1232 veterem
1002 1174 1172 1228 divini
1252 1173 1464 1227 consilii
1544 1173 1858 1235 terminum,
1937 1171 2297 1240 ultimumque

707 1285 919 1337 tempus
993 1268 1152 1322 Verbi
1229 1265 1906 1332 int-arnatireprazsentat.
1977 1265 2093 1319 Non
2148 1268 2293 1318 enim

707 1376 968 1430 Itttperttm
1001 1368 1095 1410 aut
1128 1373 1320 1412 recens
1359 1367 1440 1409 est
1484 1357 1911 1426 dispensationis
1981 1356 2139 1423 hujus
2179 1372 2299 1426 my-

705 1455 952 1515 sterium,
983 1451 1078 1504 sed
1128 1464 1158 1502 a
1215 1449 1609 1501 constitutione
1670 1447 1857 1499 mundi
1906 1446 1959 1500 in
2000 1447 2298 1514 praacogni-

704 1547 848 1598 tione
875 1543 1112 1610 Spiritus
1143 1540 1496 1603 custoditum,
1536 1540 1956 1606 novissiinisque
1987 1539 2140 1591 ltisee
2162 1550 2298 1592 tent-

703 1627 925 1706 p‘oribus
963 1635 1334 1704 prtedieatum,
1382 1642 1634 1699 tanquam
1693 1632 1742 1683 in
1790 1633 1894 1684 line
1928 1631 2054 1694 diei,
2089 1641 2143 1684 et
2166 1644 2296 1683 con-

704 1727 1013 1795 tractajam
1079 1724 1190 1777 vita
1256 1733 1442 1776 nostra
1479 1724 1638 1774 linem
1692 1721 1921 1787 accepit.
1988 1721 2041 1773 In
2096 1721 2293 1789 quina-

703 1830 841 1881 riutn
883 1840 1009 1880 vero
1044 1824 1252 1877 dierum
1285 1819 1398 1874 sive
1426 1819 1880 1871 illtnniuattontnn
1929 1817 2295 1885 praescriptio-

2407 619 2609 689 δεκάτῃ
2635 621 2688 671 δέ
2719 621 2852 689 πρὸς
2881 623 3122 691 ἑσπέραν
3146 622 3350 676 ἐθύετο.
3387 625 3459 675 Τὸ
3484 625 3607 692 μὲν,
3664 626 3747 678 ὅτι
3783 629 3983 696 μακροί

2403 726 2545 771 τινες
2575 707 2714 780 ἦσαν
2740 717 2788 764 οἱ
2823 713 2926 781 πρὸ
2959 714 3117 782 ήμῶν
3135 714 3330 776 αἰῶνες
3360 715 3483 766 καθ’
3503 715 3595 777 οὒς
3621 711 3690 785 ἦν
3712 719 3738 767 6
3766 719 3854 770 ἀεὶ
3883 719 3980 782 ὢν,

2403 802 2498 852 καὶ
2531 802 2750 865 τούτους
2788 804 2820 872 ὴ
2855 803 3052 872 δεκάτη
3093 805 3179 857 διὰ
3208 806 3268 856 τὸ
3308 806 3510 859 τέλειον
3548 809 3641 858 καὶ
3669 808 3875 876 πλῆρες
3901 813 3980 861 εί-

2404 895 2716 958 κονίζουσα,
2762 897 2852 949 καὶ
2880 898 2979 965 τὴν
3036 898 3208 969 ἀρχὴν
3251 899 3509 967 ἐμφαίνει
3554 900 3651 951 τοῦ
3709 902 3983 970 παρόντος

2403 986 2622 1050 αἰῶνος,
2651 988 2724 1048 ὠ,
2753 989 2848 1041 τοῦ
2879 989 3114 1056 ἀπείρου
3143 990 3355 1042 ἐκείνου
3393 995 3664 1058 γείτονοςο
3697 994 3756 1045 τὸ
3786 995 3866 1059 δὲ,
3899 995 3983 1046 ὅτι

2401 1079 2493 1130 τὸν
2519 1081 2744 1150 ἀρχαῖον
2775 1082 2900 1150 ὅρον
2929 1082 3171 1135 δείκνυσι
3200 1085 3300 1153 τῆς
3331 1084 3479 1148 Θείας
3510 1086 3728 1155 βουλῆς,
3761 1088 3853 1138 καὶ
3888 1087 3981 1138 τὸν

2401 1173 2714 1226 τελευταῖον
2741 1177 2933 1243 χρό.ον
2966 1176 3398 1246 παρίστησιτῆς
3429 1176 3524 1229 τοῦ
3551 1178 3726 1244 Λόγου
3761 1179 3980 1245 σαρκῶ-

2408 1278 2570 1326 σεως.
2611 1267 2686 1317 Οὐ
2729 1269 2836 1336 γὰρ
2868 1268 2986 1319 νέον
3006 1271 3029 1330 ,’
3054 1266 3172 1320 οὐδὲ
3215 1268 3532 1336 πρόσφατον
3562 1269 3623 1322 τὸ
3651 1272 3984 1338 τῆς-οἱκονο-

2405 1356 2534 1426 μίας
2568 1360 2887 1427 μυστήριον,
2921 1359 3038 1410 ἀλλ’
3070 1360 3133 1410 ἐκ
3168 1359 3259 1429 τῆ;
3293 1359 3388 1412 τοῦ
3418 1361 3625 1429 κόσμου
3652 1361 3983 1430 καταδολῆς,

2401 1450 2457 1501 ἐν
2485 1452 2552 1520 τῇ
2584 1451 2892 1521 προγνώσει
2920 1451 3014 1504 τοῦ
3049 1452 3369 1520 Πνεύματος
3398 1455 3822 1522 φυλαττόμενον,
3850 1456 3982 1525 ὁμοῦ

2398 1540 2454 1593 δὲ
2483 1541 2578 1593 καὶ
2613 1543 3136 1611 προκηρυττόμενον
3159 1544 3216 1594 ἐν
3250 1545 3500 1613 ἐσχάτοις
3531 1549 3764 1614 καιροῖς,
3795 1546 3867 1607 ὡς
3890 1549 3985 1598 ἐπὶ

2397 1633 2542 1687 τέλει
2575 1634 2672 1702 τῆς
2700 1635 2939 1704 ἡμέρας,
2972 1638 3068 1687 καὶ
3100 1637 3531 1707 συστελλομένης
3566 1637 3663 1707 ήδη
3700 1637 3804 1706 τῆς
3846 1639 3984 1707 ἠμε-

2397 1725 2563 1793 τέρας
2595 1724 2740 1793 ζωῆς
2773 1727 2834 1778 τὸ
2865 1727 3038 1795 πέρας
3069 1727 3306 1792 ἐδέξατο.
3348 1729 3440 1791 Εἰς
3475 1729 3713 1782 πεντάδα
3749 1730 3802 1782 δὲ
3843 1732 3982 1800 ήμεο

2401 1816 2509 1884 ρῶν
2541 1818 2660 1886 ήτοι
2690 1818 2989 1887 φωτισμῶν
3035 1819 3358 1882 νομοθεσίαν
3397 1820 3427 1871 6
3457 1821 3650 1890 χρόνος
3677 1823 3822 1884 ἅπας
3857 1822 3981 1875 καθ’

702 1937 824 1973 nent
885 1933 1044 1972 omne
1093 1925 1330 1981 tempus.
1380 1927 1486 1979 quo
1536 1910 1963 1969 observabatur,
2013 1908 2291 1962 dividitur.
2325 1883 2370 1940 Β

2325 1883 2370 1940 Β
2401 1883 2460 1958 δν
2500 1883 2772 1976 ἐτηρεῖτο,
2819 1883 3219 1980 διαμετρεῖται.
3281 1912 3406 1967 Ἐπὶ
3587 1914 3854 1984 Θεραπεία
3882 1916 3984 1985 τῆς

700 2012 834 2065 Nam
886 2010 951 2062 de
980 2008 1223 2061 curando
1266 2004 1482 2072 generis
1511 2001 1683 2055 nostri
1739 2014 1891 2062 casu,
1954 1999 2096 2051 Dens
2150 1998 2294 2048 Ada-

701 2123 789 2161 mo
840 2077 1102 2157 salutaria
1161 2094 1451 2164 pt'a‘t‘t'pil,
1505 2100 1558 2145 et
1620 2105 1739 2143 cum
1795 2089 1909 2142 Noe
1939 2089 2048 2157 egit
2103 2088 2172 2141 de
2208 2101 2295 2140 re-

701 2201 800 2252 bus
853 2196 917 2247 ad
979 2191 1208 2245 salutem
1265 2196 1503 2239 nostrain
1556 2182 2009 2243 coudmzibilibus,
2058 2188 2109 2234 et
2167 2194 2290 2232 cum

699 2292 1010 2345 Aliraltatno
1073 2294 1290 2352 paetum
1364 2280 1517 2341 iniit,
1560 2289 1613 2331 et
1671 2293 1766 2346 per
1837 2276 2056 2347 Moysen
2121 2276 2289 2344 legem

702 2384 843 2444 tulit,
892 2392 944 2434 et
983 2393 1076 2445 per
1110 2375 1404 2445 prophetas
1462 2370 1680 2424 oracula
1729 2370 1919 2433 edidit,
1980 2383 2102 2436 qua:
2153 2368 2292 2422 dit-i-

701 2489 780 2527 me
815 2467 1140 2539 cognitionis
1174 2464 1315 2517 velut
1353 2462 1532 2513 lumen
1583 2459 1993 2528 prmportantia,
2028 2459 2131 2512 hoc
2173 2458 2291 2513 loco

701 2563 904 2631 tropice
936 2560 1047 2612 dies
1085 2555 1464 2614 nominantur,
1501 2550 1553 2603 in
1589 2550 1884 2618 Evangelio
1913 2559 2094 2603 autem
2123 2549 2291 2604 certis

696 2656 802 2710 dici
838 2649 1133 2705 intervallis
1165 2654 1574 2713 comparantur,
1600 2642 1741 2694 intra
1768 2642 2289 2712 qute'Operariorum

700 2745 985 2799 multitudo
1011 2750 1307 2795 convocata
1339 2748 1442 2790 est.
1468 2736 1638 2804 Igitur
1671 2734 1860 2803 quinta
1902 2733 1968 2786 ad
2001 2747 2288 2802 vesperam

699 2836 1009 2888 immolatur
1043 2833 1250 2898 Agnus,
1278 2829 1403 2897 quia
1440 2837 1491 2880 et
1527 2827 1580 2880 in
1603 2824 2076 2879 consunttttatiOtzc
2107 2820 2288 2876 saaculi

698 2943 876 2996 passm
912 2924 1114 2979 Christi
1179 2931 1397 2991 peracta
1451 2927 1554 2981 est,
1605 2925 1659 2970 et
1687 2916 1936 2970 tenebras
1973 2914 2290 2983 ignorantiae

697 3019 966 3072 dissolvit.
1007 3015 1212 3066 Exorta
1238 3011 1388 3064 enim
1421 3020 1507 3063 est
1541 3009 1597 3061 itt
1631 3007 1826 3061 diebus
1854 3007 1975 3074 ejus
1993 3005 2212 3073 justitia
2237 3013 2288 3059 et

699 3109 1029 3162 abundantia
1079 3103 1330 3171 pacis“;
1385 3116 1671 3170 poStquam
1725 3101 1769 3152 is
1812 3099 1902 3166 qui
1952 3114 2050 3152 nos
2100 3097 2289 3166 inique

696 3200 1080 3261 interﬁciebat,
1120 3199 1263 3265 juste
1301 3196 1538 3247 vicissim
1576 3196 1643 3245 ab
1680 3193 1799 3260 ipso
1825 3201 1908 3245 est
1939 3191 2286 3254 interfectus,

698 3297 874 3351 noctis
908 3293 1159 3347 videlicet
1189 3290 1460 3358 princeps;
1497 3288 1637 3354 quod
1673 3285 1984 3339 imminutio
2017 3283 2158 3340 lucis
2199 3285 2290 3338 de-

697 3389 934 3443 notabat.

767 3479 1156 3533 lmmolabatur
1173 3483 1353 3528 autem
1379 3487 1475 3542 per
1490 3473 1677 3525 domos
1699 3481 1750 3524 et
1774 3470 2002 3523 [aitiilias
2024 3468 2286 3537 integras,

693 3584 744 3622 et
777 3569 1021 3639 cognatis
1051 3578 1145 3619 aut
1191 3565 1384 3618 vicinis
1427 3562 1903 3625 convenientibus,
1933 3564 2059 3629 quia
2105 3562 2292 3615 Eccle-

693 3666 785 3715 size
812 3671 1009 3715 statum
1042 3657 1372 3718 delineabat,
1407 3671 1527 3724 qua:
1557 3671 1658 3706 una
1691 3665 1768 3707 est
1803 3654 1924 3717 fide,
1957 3653 2083 3707 licet
2109 3654 2290 3706 multi-

695 3757 818 3822 plex
864 3755 939 3806 sit
986 3767 1083 3821 per
1129 3750 1276 3803 varia
1327 3748 1444 3802 loca
1496 3746 1812 3810 dill'usione,
1848 3746 2288 3815 quandoquidem

695 3862 836 3900 unus
889 3858 1016 3896 vere
1063 3857 1146 3897 est
1191 3841 1489 3912 perfectus,
1547 3850 1602 3892 et
1633 3841 1984 3909 impartibilis
2015 3839 2286 3902 Christus,

691 3940 779 4006 qui
829 3938 1028 4005 ubique
1060 3943 1112 3988 et
1144 3936 1195 3988 itt
1234 3936 1490 3988 omnibus
1517 3943 1620 3999 est;
1666 3947 1882 4001 unaque
1915 3931 2156 3985 omnium
2195 3947 2290 4000 per

694 4039 862 4084 totam
896 4030 1082 4083 orbem
1133 4026 1504 4080 Ecclesiarum
1536 4022 1872 4090 conjunctio,
1908 4034 1961 4077 et
1993 4024 2083 4090 qui
2133 4035 2287 4076 extra

694 4124 832 4174 banc
881 4123 1059 4174 aulam
1106 4130 1361 4188 vagatur,
1409 4117 1635 4170 minime
1670 4116 1944 4185 particeps
1979 4116 2047 4168 sit
2080 4129 2290 4182 magna

693 4214 855 4281 huius
898 4214 1151 4266 victima}.
1189 4210 1322 4264 Nam
1360 4210 1534 4264 ltostia
1582 4211 1697 4265 haec
1730 4225 1834 4264 non
1872 4213 2098 4265 elicitur
2135 4220 2287 4264 extra

693 4309 910 4360 domum
946 4305 1059 4369 Dei,
1095 4318 1268 4373 neque
1305 4303 1372 4358 iis
1403 4303 1496 4372 qui
1532 4314 1686 4357 extra
1728 4305 1948 4371 degunt,
2009 4304 2291 4357 distr:bui-

693 4411 802 4463 tur;
838 4401 931 4451 sed
965 4400 1053 4465 qui
1087 4412 1152 4450 ex
1202 4395 1522 4450 domesticis
1571 4405 1717 4457 sunt,
1765 4395 1797 4447 ii
1838 4396 2010 4447 solum
2047 4395 2290 4446 mandu-

692 4502 821 4544 trant
846 4503 898 4544 ct
923 4489 1231 4544 Salvautur.
1264 4487 1593 4542 Communia
1646 4496 1826 4541 autem
1855 4498 1906 4540 et
1939 4487 2174 4541 societas
2209 4486 2288 4538 vi-

2401 1997 2496 2051 τοῦ
2525 2001 2716 2066 γένους
2745 2002 2904 2069 ἡμῶν
2935 2001 3286 2066 ἐκπτώσεως,
3325 2004 3420 2058 καὶ
3449 2006 3528 2075 τῷ
3570 2006 3742 2076 Ἀδὰμ
3773 2013 3978 2072 προσέ-

2399 2109 2594 2145 ταττεν
2617 2096 2644 2146 6
2670 2094 2802 2156 Θεὸς
2829 2098 2897 2148 τά
2926 2096 3298 2166 συμφέροντα,
3333 2099 3423 2150 καὶ
3451 2100 3529 2167 τῷ
3555 2100 3677 2152 Νῶε
3709 2101 3983 2169 διελέγετο

2401 2185 2469 2238 τὰ
2503 2175 2911 2249 λυσιτελοῦντα,
2945 2189 3040 2240 καὶ
3076 2188 3215 2258 πρὸς
3258 2190 3349 2242 τὸν
3396 2189 3648 2260 Ἀϐραὰμ
3677 2194 3852 2245 ἐποίει
3883 2195 3984 2263 τὴν

2398 2279 2684 2349 διαθήκην,
2718 2281 2811 2332 καὶ
2841 2281 2931 2333 διὰ
2973 2281 3209 2345 Μωσέως
3241 2284 3577 2351 ἐνομοθέτει,
3607 2286 3699 2338 καὶ
3729 2285 3818 2339 διὰ
3849 2303 3984 2356 προσ

2400 2375 2588 2443 φητῶν
2615 2375 3025 2444 ἐχρησμοδότει,
3056 2376 3200 2443 άπερ
3223 2377 3298 2438 ὠς
3325 2379 3609 2446 φωτισμὸν
3643 2377 3982 2446 θεογνωσίας

2399 2465 2801 2534 ἐμπαρέχοντα.
2840 2465 3104 2519 Ἐνταῦθα
3131 2466 3232 2534 μὲν
3263 2467 3467 2535 ἠμέραι
3495 2469 3772 2537 τροπικῶς
3809 2485 3979 2538 προσ-

2397 2559 2715 2626 ηγόρευται,
2750 2561 2809 2610 ἐν
2842 2557 2898 2609 δέ
2925 2558 3002 2624 τῷ
3026 2557 3349 2627 Εὑαγγελίῳ
3381 2561 3475 2611 καὶ
3511 2561 3724 2628 ἡμέρας
3750 2560 3976 2628 διαστή-

2400 2665 2535 2719 μασι
2565 2648 2931 2719 παρεικάσθη,
2949 2649 3007 2702 ἐν
3029 2644 3108 2711 οἷς
3133 2652 3227 2703 καὶ
3249 2651 3357 2702 τῶν
3379 2652 3626 2721 ἐργατῶν
3653 2652 3903 2706 ἐκαλεῖτο
3923 2653 3987 2706 τὸ

2400 2744 2676 2812 σύστημα.
2713 2743 2824 2795 Καὶ
2862 2741 2996 2808 γοῦν
3035 2744 3100 2811 τῇ
3130 2742 3358 2813 πέμπτῃ
3395 2744 3530 2812 πρὸς
3553 2743 3808 2813 ἐσπέραν
3851 2744 3996 2797 θύειν

2397 2849 2488 2884 ται
2517 2832 2578 2884 τὸ
2609 2832 2826 2901 πάσχα,
2869 2831 2952 2884 ὅτι
2987 2834 3082 2883 καὶ
3127 2834 3219 2884 ἐπὶ
3251 2833 3534 2902 συντελείᾳ
3567 2835 3661 2886 τοῦ
3694 2836 3893 2898 αἰῶνος
3921 2837 3986 2888 τὸ

2397 2923 2492 2976 τοῦ
2534 2922 2772 2990 Χριστοῦ
2795 2924 2994 2990 γέγονε
3024 2923 3218 2986 πάθος,
3251 2925 3343 2977 καὶ
3370 2925 3432 2976 τὸ
3468 2926 3661 2986 σκότος
3689 2925 3850 2978 ἔλυσε
3878 2927 3982 2993 τῆς

2397 3016 2644 3083 ἀγνοίας.
2725 3015 2993 3068 Ἀνὲτειλε
3057 3017 3166 3085 γὰρ
3228 3018 3286 3068 ἐν
3341 3021 3460 3078 ταῖς
3514 3018 3754 3087 ἡμέραις
3813 3019 3981 3071 αὐτοῦ

2395 3109 2753 3176 δικαιοσύνη
2782 3108 2880 3160 καὶ
2913 3107 3147 3174 πλῆθος
3168 3108 3437 3175 εἰρήνης,
3493 3110 3680 3178 ἐπειδὴ
3712 3113 3739 3163 6
3780 3111 3983 3173 ἀδίκως

2397 3204 2542 3272 ἡμᾶς
2570 3202 2810 3271 ἀναιρῶν
2844 3202 3068 3261 δικαίως
3115 3202 3458 3271 ἀντανῃρέθη
3489 3203 3619 3267 παρ’
3649 3203 3836 3261 αὑτοῦ.
3881 3203 3983 3271 τῆς

2399 3294 2590 3356 νυκιὸς
2621 3295 2829 3363 ἄρχων,
2865 3293 3002 3363 ὅπερ
3037 3291 3226 3362 ἐδήλου
3259 3294 3358 3363 τῆς
3391 3293 3626 3364 σελήνης
3655 3293 3908 3350 ἐντεῦθεν
3950 3298 3984 3367 ή

2401 3385 2649 3454 μείωσις.

2469 3477 2606 3528 Κατ’
2635 3471 2782 3526 οἷκον
2811 3475 2869 3526 δέ
2895 3475 3082 3543 ἄρτιον
3111 3475 3366 3538 ἐτελεῖτο,
3404 3479 3496 3528 καὶ
3527 3479 3667 3530 κατὰ
3703 3481 3990 3544 συγγενῶν

2399 3570 2431 3638 ἢ
2463 3569 2721 3636 γειτόνων
2749 3566 3084 3629 συνέλευσιν,
3112 3567 3193 3620 ὅτι
3221 3567 3319 3634 τὴν
3345 3569 3443 3635 τῆς
3479 3569 3808 3636 Ἐκκλησίας
3841 3574 3984 3634 ἐξω-

2398 3663 2603 3729 γράφει
2638 3661 2996 3720 κατάστασιν,
3033 3658 3162 3726 μίαν
3194 3657 3360 3711 οὖσαν
3389 3662 3457 3729 τῇ
3492 3665 3693 3728 πίστει,
3727 3670 3818 3716 καὶ
3845 3669 3984 3716 πολ..

2398 3750 2495 3812 λὰς
2545 3753 2612 3820 τῇ
2650 3749 2792 3801 κατά
2835 3747 3022 3818 χώραν
3065 3748 3306 3811 ἐκτάσει,
3347 3750 3578 3818 ἐπείπερ
3610 3748 3692 3815 εἷς
3737 3754 3984 3823 άληθῶς,

2396 3842 2603 3902 τέλεος
2665 3842 2761 3893 καὶ
2814 3842 3114 3909 ἀμέριστος
3171 3846 3200 3895 6
3251 3841 3533 3909 πανταχοῦ
3583 3845 3675 3897 καί⁵
3734 3847 3792 3896 ἐν
3847 3848 3986 3900 πᾶσι

2397 3935 2658 4004 Χριστὸς,
2695 3938 2785 3988 καὶ
2817 3939 2915 4003 μία
2957 3938 2987 4005 ή
3020 3936 3128 3988 τῶν
3174 3936 3513 4005 Ἐκκλησιῶν
3533 3935 3633 4004 τῆς
3652 3937 3983 4008 οἰκουμένης

2397 4025 2610 4088 ἐνωπις,
2643 4026 2737 4078 καὶ
2759 4027 2788 4077 6
2812 4026 3017 4094 ταύτης
3047 4026 3151 4090 ἔξω
3181 4027 3285 4094 τῆς
3314 4028 3484 4095 αὐλῆς
3515 4025 3815 4096 ἀμέθεκτός
3841 4030 3984 4093 ἐστι,

2396 4117 2492 4171 τοῦ
2524 4119 2763 4186 μεγάλου
2789 4119 2934 4188 θύμα
2947 4135 3052 4180 τος.
3087 4120 3160 4171 UO
3187 4121 3295 4188 γὰρ
3327 4117 3683 4186 ἐκκομίζεται
3709 4117 3805 4171 τοῦ
3832 4121 3988 4173 οἴκου

2396 4212 2493 4265 τοῦ
2522 4211 2658 4264 Θεοῦ
2684 4211 2746 4264 τὸ
2781 4213 2999 4281 ἱερεῖον,
3034 4212 3156 4264 οὐδὲ
3188 4214 3299 4274 τοῖς
3329 4213 3485 4273 ἐκτὸς
3511 4213 3649 4274 ὅλως
3683 4215 3989 4282 προσνέμε-

2396 4313 2524 4372 ut”;
2571 4305 2687 4357 ἀλλ’
2722 4306 2837 4358 ὅσοι
2884 4304 2993 4357 τῶν
3029 4304 3176 4357 ἔνδον
3229 4305 3354 4368 εἰσὶ,
3405 4298 3551 4358 οὗτοι
3593 4304 3686 4357 καὶ
3718 4305 3988 4373 φάγονται

2402 4398 2563 4465 μόνον
2598 4396 2692 4449 καὶ
2729 4396 3088 4466 σωθήσονται.
3129 4397 3237 4448 Καὶ
3270 4397 3301 4465 ή
3338 4395 3590 4448 κοινωνία
3619 4394 3729 4448 τῶν
3769 4396 3986 4464 ὁμοφύ-

2398 4489 2504 4542 λων
2531 4489 2631 4556 τὴν
2666 4488 2988 4556 συμφωνίαν
3015 4488 3123 4554 τῶν
3150 4487 3466 4553 ὁμοπίστων
3495 4487 3686 4556 ἐδήλου
3727 4489 3823 4541 καὶ⁵
3859 4490 3989 4541 σύν·

693 4581 938 4639 cinorum
961 4594 1012 4637 et
1033 4582 1380 4636 familiarium
1404 4581 1749 4635 concordiam
1773 4591 1823 4633 et
1848 4580 2286 4648 conjunctionem
2326 4599 2366 4652 ο

2326 4599 2366 4652 ι)
2398 4599 2578 4652 αρσιν.
2619 4582 2727 4632 Καὶ
2758 4581 3034 4650 πρόϐατον
3068 4581 3166 4648 μὲν
3198 4576 3288 4650 ἦν,
3324 4582 3404 4632 ὅτι
3435 4581 3604 4642 τύπος
3643 4580 3858 4647 ἐγίνετο
3888 4583 3987 4634 τοῦ

693 4696 882 4731 cornu:
933 4677 1024 4744 qui
1060 4676 1310 4729 eamdem
1346 4674 1505 4728 [idem
1563 4684 1890 4744 sequuntur,
1923 4674 2286 4742 signiﬁcabat.

694 4770 762 4823 Et
809 4772 927 4823 ovis
963 4769 1183 4835 quidem
1221 4777 1340 4821 erat
1373 4770 1498 4835 quia
1545 4777 1728 4837 typum
1767 4771 1992 4834 gerebat
2027 4768 2151 4820 beni
2201 4781 2293 4834 pa-

2395 4674 2562 4728 καλοῦ
2605 4673 2885 4743 ποιμένος,
2924 4673 2982 4735 ὃς
3029 4673 3122 4724 καὶ
3152 4673 3214 4722 τὸ
3253 4673 3392 4742 ὑπὲρ
3421 4673 3570 4741 ἡμᾶς
3619 4669 3757 4741 εἶχε,
3793 4676 3887 4724 καὶ
3926 4675 3990 4726 τὸ

2394 4765 2518 4818 καθ’
2571 4767 2720 4835 ἡμᾶς
2769 4765 3158 4834 προσείληφεν,
3210 4763 3299 4815 ἵνα
3352 4763 3670 4831 συνταχθεὶς
3725 4764 3860 4832 ἡμῖν
3911 4765 3991 4826 ὡς

694 4865 882 4926 storis,
910 4863 1000 4930 qui
1037 4873 1089 4914 et
1121 4860 1325 4930 aliquid
1380 4859 1540 4914 nobis
1585 4863 1936 4928 praestantius
1975 4860 2182 4922 habuit,
2238 4868 2294 4913 el.
2354 4890 2357 4894 -

2393 4857 2620 4926 ἀδελφὸς
2653 4859 2681 4909 6
2704 4856 2866 4936 φῦσαι
2896 4854 3025 4916 Θεὸς
3055 4855 3150 4906 καὶ
3181 4853 3485 4919 Δεσπότης,
3517 4854 3611 4904 καὶ
3639 4869 3992 4922 συμποιμανο

698 4955 748 5005 id
784 4954 927 5022 quod
961 4964 1210 5006 ttostrutn
1248 4959 1354 5017 est,
1389 4954 1708 5021 assumpsit,
1761 4963 1818 5006 ut
1853 4951 2010 5006 nobis
2042 4963 2292 5019 tauquam

694 5059 864 5119 't‘alet'
911 5046 1221 5098 accensitus
1279 5046 1323 5099 is
1378 5045 1467 5113 qui
1501 5057 1690 5098 natura
1745 5044 1889 5099 Deus
1933 5057 1987 5098 et
2039 5047 2298 5098 Dominus

696 5149 831 5202 erat,
861 5147 912 5191 et
946 5139 1013 5191 ob
1057 5139 1349 5191 humanam
1403 5149 1678 5204 naturam,
1713 5140 1814 5192 sub
1866 5139 2056 5193 eadem
2103 5139 2299 5192 divina:

693 5230 1056 5284 ordinationis
1080 5239 1134 5283 et
1164 5232 1576 5300 gubernationis
1606 5247 1756 5296 cara,
1793 5233 1941 5285 νυΙιιι
1972 5247 2144 5300 agnus
2179 5247 2295 5284 om-

693 5317 780 5370 nis
837 5319 1056 5371 tnal‘nite
1102 5333 1322 5386 expers,
1375 5330 1732 5385 constitutus,
1792 5322 2026 5388 primum
2076 5320 2292 5389 quidem

694 5410 888 5465 debitae
919 5413 986 5462 ab
1011 5414 1161 5464 omni
1215 5412 1453 5465 humana
1485 5424 1679 5467 natura
1704 5415 2029 5469 obedientim
2056 5416 2290 5467 ltuctum

2398 4947 2511 5011 Θεὶς
2548 4948 2637 4999 διὰ
2683 4954 2744 4999 τὸ
2777 4946 3120 5014 ἀνθρώπινον
3145 4985 3160 5006 ,
3198 4946 3302 4994 ὑπο
3331 4945 3428 5012 τῆς
3470 4945 3620 5006 θείας
3661 4945 3992 5012 νομοθεσίας

2402 5041 2476 5103 ὡς
2511 5040 2680 5109 ἀμνὸς
2716 5039 2923 5100 ἄκακος
2955 5039 3147 5107 πρῶτα
3185 5037 3284 5105 μὲν
3313 5036 3409 5106 τὴν
3443 5037 3807 5106 ὸῳειλομένην
3836 5039 3993 5107 παρὰ

2403 5135 2500 5201 τῆς
2529 5132 2951 5201 άνθρωπότητος
2986 5129 3386 5199 καρποφορήσῃ
3431 5128 3510 5194 τῷ
3550 5127 3672 5196 Θεῴ
3705 5130 3990 5198 ὑπακοήν·

2401 5223 2503 5279 εἷθ’
2529 5225 2699 5288 οὕτως
2731 5225 2825 5276 καὶ
2857 5221 3050 5275 ἐαυτὸν
3081 5219 3428 5291 προσενέγκῃ
3455 5220 3666 5284 Θυσίαν,
3698 5223 3792 5272 καὶ
3824 5238 3996 5291 προσ-

2401 5321 2576 5389 φορὰν
2599 5317 2786 5386 ἁγίαν,
2821 5317 2962 5384 ὑπὲρ
2992 5315 3191 5375 παντὸς
3222 5313 3564 5381 γευσάμενος
3604 5312 3862 5379 θανάτου,
3899 5317 3997 5367 καὶ

2399 5414 2606 5476 πάντας
2638 5413 3000 5478 ζωοποιήσας.

697 5505 804 5558 Deo
837 5507 1104 5571 proferret
1135 5520 1148 5556 :
1174 5505 1432 5574 deinceps
1463 5522 1592 5562 vero
1638 5524 1696 5562 se
1729 5508 1891 5561 etiam
1928 5507 2151 5562 offerret
2184 5507 2416 5562 hostiam
2452 5519 2506 5562 et
2551 5508 2889 5561 oblationem
2971 5513 3242 5565 sanetam,
3316 5515 3490 5554 morte
3553 5516 3652 5569 pro
3741 5501 4000 5556 omnibus

694 5597 996 5664 degustata,
1030 5597 1398 5668 omnibusque
1435 5602 1541 5653 vita
1580 5602 1805 5655 reddita.

767 5688 880 5744 llac
925 5690 1089 5759 igitur
1120 5691 1188 5746 de
1220 5708 1383 5749 causa
1417 5711 1592 5766 agnus
1622 5698 1806 5753 matzui
1847 5697 2103 5752 sacrificii
2137 5712 2277 5752 um-

769 5870 815 5901 ³⁸
859 5868 1004 5925 Pstti.
1045 5887 1192 5940 LXXI,
1236 5875 1264 5926 7

2461 5695 2560 5748 Διὰ
2587 5691 2744 5746 τοῦτο
2787 5692 2916 5760 γοῦν
2950 5690 3226 5762 πρόϐατον
3274 5685 3342 5760 ἦν
3391 5691 3452 5742 τὸ
3496 5688 3849 5760 πρόγραμμα
3895 5687 3994 5742 τοῦ
