  <div class='ocr_page' id='page_1' title='image "/cluster/home/n/w/nwhite01/storage/ocr_20150623/150/nnc1.0022106740/113.png"; bbox 0 0 4270 6488; ppageno 0'>
   <div class='ocr_carea' id='block_1_1' title="bbox 675 415 780 479">
    <p class='ocr_par' dir='ltr' id='par_1_1' title="bbox 675 415 780 479">
     <span class='ocr_line' id='line_1_1' title="bbox 675 415 780 479; baseline 0 -1"><span class='ocrx_word' id='word_1_1' title='bbox 675 415 780 479; x_wconf 69' lang='grc'><strong>987</strong></span> 
     </span>
    </p>
   </div>
   <div class='ocr_carea' id='block_1_2' title="bbox 1781 407 2780 472">
    <p class='ocr_par' dir='ltr' id='par_1_2' title="bbox 1781 407 2780 472">
     <span class='ocr_line' id='line_1_2' title="bbox 1781 407 2780 472; baseline -0.001 -2"><span class='ocrx_word' id='word_1_2' title='bbox 1781 411 2100 472; x_wconf 78' lang='lat' dir='ltr'><strong>MACMlIl</strong></span> <span class='ocrx_word' id='word_1_3' title='bbox 2143 407 2780 471; x_wconf 70' lang='lat' dir='ltr'><strong>CHRYSOCEPHALI</strong></span> 
     </span>
    </p>
   </div>
   <div class='ocr_carea' id='block_1_3' title="bbox 3844 408 3950 474">
    <p class='ocr_par' dir='ltr' id='par_1_3' title="bbox 3844 408 3950 474">
     <span class='ocr_line' id='line_1_3' title="bbox 3844 408 3950 474; baseline 0.019 -2"><span class='ocrx_word' id='word_1_4' title='bbox 3844 408 3950 474; x_wconf 75' lang='grc'><strong>208</strong></span> 
     </span>
    </p>
   </div>
   <div class='ocr_carea' id='block_1_4' title="bbox 678 516 2286 595">
    <p class='ocr_par' dir='ltr' id='par_1_4' title="bbox 678 521 2260 595">
     <span class='ocr_line' id='line_1_4' title="bbox 678 521 2260 595; baseline -0.004 -15"><span class='ocrx_word' id='word_1_5' title='bbox 678 530 902 582; x_wconf 77' lang='lat' dir='ltr'><strong>tionem.</strong></span> <span class='ocrx_word' id='word_1_6' title='bbox 938 525 1193 595; x_wconf 84' lang='lat' dir='ltr'><strong>Figuram</strong></span> <span class='ocrx_word' id='word_1_7' title='bbox 1236 521 1714 593; x_wconf 83' lang='lat' dir='ltr'><strong>contemplationis</strong></span> <span class='ocrx_word' id='word_1_8' title='bbox 1752 524 1895 592; x_wconf 83' lang='lat' dir='ltr'><strong>gerit</strong></span> <span class='ocrx_word' id='word_1_9' title='bbox 1948 522 2260 593; x_wconf 88' lang='lat' dir='ltr'><strong>superlimi-</strong></span> 
     </span>
    </p>
   </div>
   <div class='ocr_carea' id='block_1_5' title="bbox 2371 516 3952 595">
    <p class='ocr_par' dir='ltr' id='par_1_5' title="bbox 2371 516 3952 590">
     <span class='ocr_line' id='line_1_5' title="bbox 2371 516 3952 590; baseline 0 -18"><span class='ocrx_word' id='word_1_10' title='bbox 2371 520 2443 584; x_wconf 82' lang='grc' dir='ltr'><strong>ὡς</strong></span> <span class='ocrx_word' id='word_1_11' title='bbox 2467 520 2527 572; x_wconf 75' lang='grc' dir='ltr'><strong>τὸ</strong></span> <span class='ocrx_word' id='word_1_12' title='bbox 2556 519 2776 587; x_wconf 78' lang='grc' dir='ltr'><strong>λογικὸν</strong></span> <span class='ocrx_word' id='word_1_13' title='bbox 2799 517 3166 589; x_wconf 86' lang='grc' dir='ltr'><strong>σημαίνουσα,</strong></span> <span class='ocrx_word' id='word_1_14' title='bbox 3190 516 3377 573; x_wconf 80' lang='grc' dir='ltr'><strong>εἰκόνα</strong></span> <span class='ocrx_word' id='word_1_15' title='bbox 3406 518 3463 574; x_wconf 73' lang='grc' dir='ltr'><strong>δὲ</strong></span> <span class='ocrx_word' id='word_1_16' title='bbox 3493 518 3747 590; x_wconf 82' lang='grc' dir='ltr'><strong>πράξεως</strong></span> <span class='ocrx_word' id='word_1_17' title='bbox 3777 521 3827 573; x_wconf 87' lang='grc' dir='ltr'><strong>οἰ</strong></span> <span class='ocrx_word' id='word_1_18' title='bbox 3861 521 3952 575; x_wconf 64' lang='grc' dir='ltr'><strong>δύο</strong></span> 
     </span>
    </p>
   </div>
   <div class='ocr_carea' id='block_1_6' title="bbox 675 615 2260 689">
    <p class='ocr_par' dir='ltr' id='par_1_6' title="bbox 675 615 2260 689">
     <span class='ocr_line' id='line_1_6' title="bbox 675 615 2260 689; baseline -0.005 -14"><span class='ocrx_word' id='word_1_19' title='bbox 675 637 834 684; x_wconf 78' lang='lat' dir='ltr'><strong>nare,</strong></span> <span class='ocrx_word' id='word_1_20' title='bbox 861 638 932 689; x_wconf 89' lang='lat' dir='ltr'><strong>qu</strong></span> <span class='ocrx_word' id='word_1_21' title='bbox 962 635 1065 689; x_wconf 86' lang='lat' dir='ltr'><strong>ppe</strong></span> <span class='ocrx_word' id='word_1_22' title='bbox 1096 620 1241 689; x_wconf 92' lang='lat' dir='ltr'><strong>quod</strong></span> <span class='ocrx_word' id='word_1_23' title='bbox 1274 629 1484 687; x_wconf 80' lang='lat' dir='ltr'><strong>partem</strong></span> <span class='ocrx_word' id='word_1_24' title='bbox 1518 617 1728 671; x_wconf 78' lang='lat' dir='ltr'><strong>ratione</strong></span> <span class='ocrx_word' id='word_1_25' title='bbox 1759 617 2043 687; x_wconf 66' lang='lat' dir='ltr'><strong>praeditam</strong></span> <span class='ocrx_word' id='word_1_26' title='bbox 2092 615 2260 683; x_wconf 81' lang='lat' dir='ltr'><strong>signi-</strong></span> 
     </span>
    </p>
   </div>
   <div class='ocr_carea' id='block_1_7' title="bbox 676 709 2262 781">
    <p class='ocr_par' dir='ltr' id='par_1_7' title="bbox 676 709 2262 781">
     <span class='ocr_line' id='line_1_7' title="bbox 676 709 2262 781; baseline -0.006 -11"><span class='ocrx_word' id='word_1_27' title='bbox 676 718 838 781; x_wconf 87' lang='lat' dir='ltr'><strong>licct;</strong></span> <span class='ocrx_word' id='word_1_28' title='bbox 887 715 1124 769; x_wconf 88' lang='lat' dir='ltr'><strong>actionis</strong></span> <span class='ocrx_word' id='word_1_29' title='bbox 1165 729 1297 767; x_wconf 85' lang='lat' dir='ltr'><strong>vero</strong></span> <span class='ocrx_word' id='word_1_30' title='bbox 1339 712 1633 780; x_wconf 81' lang='lat' dir='ltr'><strong>imaginem</strong></span> <span class='ocrx_word' id='word_1_31' title='bbox 1673 726 1783 778; x_wconf 72' lang='lat' dir='ltr'><strong>pra:</strong></span> <span class='ocrx_word' id='word_1_32' title='bbox 1833 724 1892 764; x_wconf 87' lang='lat' dir='ltr'><strong>se</strong></span> <span class='ocrx_word' id='word_1_33' title='bbox 1941 709 2122 762; x_wconf 84' lang='lat' dir='ltr'><strong>ferunt</strong></span> <span class='ocrx_word' id='word_1_34' title='bbox 2155 709 2262 761; x_wconf 88' lang='lat' dir='ltr'><strong>dtto</strong></span> 
     </span>
    </p>
   </div>
   <div class='ocr_carea' id='block_1_8' title="bbox 675 802 2261 878">
    <p class='ocr_par' dir='ltr' id='par_1_8' title="bbox 675 802 2261 878">
     <span class='ocr_line' id='line_1_8' title="bbox 675 802 2261 878; baseline -0.007 -15"><span class='ocrx_word' id='word_1_35' title='bbox 675 821 886 878; x_wconf 85' lang='lat' dir='ltr'><strong>postes,</strong></span> <span class='ocrx_word' id='word_1_36' title='bbox 919 808 1014 878; x_wconf 87' lang='lat' dir='ltr'><strong>qui</strong></span> <span class='ocrx_word' id='word_1_37' title='bbox 1053 805 1441 861; x_wconf 85' lang='lat' dir='ltr'><strong>rectitudinem</strong></span> <span class='ocrx_word' id='word_1_38' title='bbox 1489 819 1652 857; x_wconf 87' lang='lat' dir='ltr'><strong>casus</strong></span> <span class='ocrx_word' id='word_1_39' title='bbox 1692 804 1936 871; x_wconf 89' lang='lat' dir='ltr'><strong>ignaram</strong></span> <span class='ocrx_word' id='word_1_40' title='bbox 1979 802 2098 870; x_wconf 84' lang='lat' dir='ltr'><strong>ejus</strong></span> <span class='ocrx_word' id='word_1_41' title='bbox 2135 816 2261 869; x_wconf 82' lang='lat' dir='ltr'><strong>par-</strong></span> 
     </span>
    </p>
   </div>
   <div class='ocr_carea' id='block_1_9' title="bbox 676 892 2258 968">
    <p class='ocr_par' dir='ltr' id='par_1_9' title="bbox 676 892 2258 968">
     <span class='ocr_line' id='line_1_9' title="bbox 676 892 2258 968; baseline -0.006 -16"><span class='ocrx_word' id='word_1_42' title='bbox 676 902 745 955; x_wconf 86' lang='lat' dir='ltr'><strong>tis</strong></span> <span class='ocrx_word' id='word_1_43' title='bbox 780 916 898 968; x_wconf 75' lang='lat' dir='ltr'><strong>qnte</strong></span> <span class='ocrx_word' id='word_1_44' title='bbox 932 899 1117 964; x_wconf 80' lang='lat' dir='ltr'><strong>irasci,</strong></span> <span class='ocrx_word' id='word_1_45' title='bbox 1151 908 1203 951; x_wconf 89' lang='lat' dir='ltr'><strong>et</strong></span> <span class='ocrx_word' id='word_1_46' title='bbox 1235 896 1355 967; x_wconf 80' lang='lat' dir='ltr'><strong>ejus</strong></span> <span class='ocrx_word' id='word_1_47' title='bbox 1387 911 1506 964; x_wconf 77' lang='lat' dir='ltr'><strong>qua:</strong></span> <span class='ocrx_word' id='word_1_48' title='bbox 1533 894 1924 963; x_wconf 75' lang='lat' dir='ltr'><strong>concupiscere</strong></span> <span class='ocrx_word' id='word_1_49' title='bbox 1968 892 2128 956; x_wconf 83' lang='lat' dir='ltr'><strong>solet,</strong></span> <span class='ocrx_word' id='word_1_50' title='bbox 2164 907 2258 960; x_wconf 86' lang='lat' dir='ltr'><strong>per</strong></span> 
     </span>
    </p>
   </div>
   <div class='ocr_carea' id='block_1_10' title="bbox 673 985 2259 1060">
    <p class='ocr_par' dir='ltr' id='par_1_10' title="bbox 673 985 2259 1060">
     <span class='ocr_line' id='line_1_10' title="bbox 673 985 2259 1060; baseline -0.008 -12"><span class='ocrx_word' id='word_1_51' title='bbox 673 996 902 1060; x_wconf 72' lang='lat' dir='ltr'><strong>muigma</strong></span> <span class='ocrx_word' id='word_1_52' title='bbox 944 993 1249 1052; x_wconf 88' lang='lat' dir='ltr'><strong>insinuant,</strong></span> <span class='ocrx_word' id='word_1_53' title='bbox 1310 993 1400 1058; x_wconf 87' lang='lat' dir='ltr'><strong>qui</strong></span> <span class='ocrx_word' id='word_1_54' title='bbox 1455 997 1510 1041; x_wconf 88' lang='lat' dir='ltr'><strong>et</strong></span> <span class='ocrx_word' id='word_1_55' title='bbox 1570 987 1827 1054; x_wconf 88' lang='lat' dir='ltr'><strong>utrinque</strong></span> <span class='ocrx_word' id='word_1_56' title='bbox 1883 985 2259 1051; x_wconf 90' lang='lat' dir='ltr'><strong>inungnntur;</strong></span> 
     </span>
    </p>
   </div>
   <div class='ocr_carea' id='block_1_11' title="bbox 2377 610 3937 682">
    <p class='ocr_par' dir='ltr' id='par_1_11' title="bbox 2377 610 3937 682">
     <span class='ocr_line' id='line_1_11' title="bbox 2377 610 3937 682; baseline 0.001 -17"><span class='ocrx_word' id='word_1_57' title='bbox 2377 611 2612 682; x_wconf 80' lang='grc' dir='ltr'><strong>σταθμοὶ</strong></span> <span class='ocrx_word' id='word_1_58' title='bbox 2638 610 2731 663; x_wconf 86' lang='grc' dir='ltr'><strong>τοῦ</strong></span> <span class='ocrx_word' id='word_1_59' title='bbox 2763 610 2998 680; x_wconf 87' lang='grc' dir='ltr'><strong>θυμικοῦ</strong></span> <span class='ocrx_word' id='word_1_60' title='bbox 3027 628 3086 662; x_wconf 87' lang='grc' dir='ltr'><strong>τε</strong></span> <span class='ocrx_word' id='word_1_61' title='bbox 3122 613 3213 663; x_wconf 77' lang='grc' dir='ltr'><strong>καὶ</strong></span> <span class='ocrx_word' id='word_1_62' title='bbox 3247 611 3649 681; x_wconf 78' lang='grc' dir='ltr'><strong>ἐπιθυμητικοῦ</strong></span> <span class='ocrx_word' id='word_1_63' title='bbox 3673 612 3734 664; x_wconf 81' lang='grc' dir='ltr'><strong>τὸ</strong></span> <span class='ocrx_word' id='word_1_64' title='bbox 3757 613 3937 666; x_wconf 79' lang='grc' dir='ltr'><strong>άπται</strong></span> 
     </span>
    </p>
   </div>
   <div class='ocr_carea' id='block_1_12' title="bbox 2376 701 3938 774">
    <p class='ocr_par' dir='ltr' id='par_1_12' title="bbox 2376 701 3938 774">
     <span class='ocr_line' id='line_1_12' title="bbox 2376 701 3938 774; baseline 0.001 -19"><span class='ocrx_word' id='word_1_65' title='bbox 2376 721 2502 756; x_wconf 89' lang='grc' dir='ltr'><strong>στον</strong></span> <span class='ocrx_word' id='word_1_66' title='bbox 2537 702 2924 771; x_wconf 78' lang='grc' dir='ltr'><strong>αἰνιττόμενοι,</strong></span> <span class='ocrx_word' id='word_1_67' title='bbox 2965 701 3059 753; x_wconf 77' lang='grc' dir='ltr'><strong>καὶ</strong></span> <span class='ocrx_word' id='word_1_68' title='bbox 3087 703 3368 772; x_wconf 82' lang='grc' dir='ltr'><strong>χριόμενοι</strong></span> <span class='ocrx_word' id='word_1_69' title='bbox 3402 703 3769 774; x_wconf 80' lang='grc' dir='ltr'><strong>ἑκατέρωθεν,</strong></span> <span class='ocrx_word' id='word_1_70' title='bbox 3807 705 3938 758; x_wconf 73' lang='grc' dir='ltr'><strong>έπειι</strong></span> 
     </span>
    </p>
   </div>
   <div class='ocr_carea' id='block_1_13' title="bbox 2371 790 3955 867">
    <p class='ocr_par' dir='ltr' id='par_1_13' title="bbox 2371 790 3955 867">
     <span class='ocr_line' id='line_1_13' title="bbox 2371 790 3955 867; baseline 0.001 -19"><span class='ocrx_word' id='word_1_71' title='bbox 2371 797 2551 867; x_wconf 80' lang='grc' dir='ltr'>δήπερ</span> <span class='ocrx_word' id='word_1_72' title='bbox 2581 797 2660 858; x_wconf 86' lang='grc' dir='ltr'><strong>εἰς</strong></span> <span class='ocrx_word' id='word_1_73' title='bbox 2690 793 2749 847; x_wconf 82' lang='grc' dir='ltr'><strong>ἓν</strong></span> <span class='ocrx_word' id='word_1_74' title='bbox 2786 791 2950 865; x_wconf 81' lang='grc' dir='ltr'><strong>ἦλθεν</strong></span> <span class='ocrx_word' id='word_1_75' title='bbox 2987 795 3205 862; x_wconf 86' lang='grc' dir='ltr'><strong>άληθῶς</strong></span> <span class='ocrx_word' id='word_1_76' title='bbox 3238 796 3301 848; x_wconf 87' lang='grc' dir='ltr'><strong>τὸ</strong></span> <span class='ocrx_word' id='word_1_77' title='bbox 3347 790 3488 866; x_wconf 80' lang='grc' dir='ltr'><strong>αἷμα</strong></span> <span class='ocrx_word' id='word_1_78' title='bbox 3513 798 3606 850; x_wconf 85' lang='grc' dir='ltr'><strong>καὶ</strong></span> <span class='ocrx_word' id='word_1_79' title='bbox 3629 797 3691 850; x_wconf 70' lang='grc' dir='ltr'><strong>τδ</strong></span> <span class='ocrx_word' id='word_1_80' title='bbox 3730 797 3955 866; x_wconf 84' lang='grc' dir='ltr'><strong>Πνεῦμα</strong></span> 
     </span>
    </p>
   </div>
   <div class='ocr_carea' id='block_1_14' title="bbox 2369 888 3956 960">
    <p class='ocr_par' dir='ltr' id='par_1_14' title="bbox 2369 888 3956 960">
     <span class='ocr_line' id='line_1_14' title="bbox 2369 888 3956 960; baseline -0.001 -17"><span class='ocrx_word' id='word_1_81' title='bbox 2369 889 2458 943; x_wconf 72' lang='grc' dir='ltr'><strong>διὰ</strong></span> <span class='ocrx_word' id='word_1_82' title='bbox 2491 889 2591 942; x_wconf 90' lang='grc' dir='ltr'><strong>τοῦ</strong></span> <span class='ocrx_word' id='word_1_83' title='bbox 2607 888 2908 958; x_wconf 83' lang='grc' dir='ltr'><strong>ὁμογενοῦς</strong></span> <span class='ocrx_word' id='word_1_84' title='bbox 2928 890 3062 957; x_wconf 79' lang='grc' dir='ltr'><strong>ἡμῖν</strong></span> <span class='ocrx_word' id='word_1_85' title='bbox 3089 889 3344 958; x_wconf 77' lang='grc' dir='ltr'><strong>αἳματος,</strong></span> <span class='ocrx_word' id='word_1_86' title='bbox 3379 890 3438 942; x_wconf 75' lang='grc' dir='ltr'><strong>τὸ</strong></span> <span class='ocrx_word' id='word_1_87' title='bbox 3465 890 3608 960; x_wconf 77' lang='grc' dir='ltr'><strong>ὑπὲρ</strong></span> <span class='ocrx_word' id='word_1_88' title='bbox 3633 890 3782 958; x_wconf 74' lang='grc' dir='ltr'><strong>ἡμᾶς</strong></span> <span class='ocrx_word' id='word_1_89' title='bbox 3813 888 3956 956; x_wconf 79' lang='grc' dir='ltr'><strong>λαμ-</strong></span> 
     </span>
    </p>
   </div>
   <div class='ocr_carea' id='block_1_15' title="bbox 2367 979 3956 1053">
    <p class='ocr_par' dir='ltr' id='par_1_15' title="bbox 2367 979 3956 1053">
     <span class='ocr_line' id='line_1_15' title="bbox 2367 979 3956 1053; baseline 0 -18"><span class='ocrx_word' id='word_1_90' title='bbox 2367 983 2604 1050; x_wconf 76' lang='grc' dir='ltr'><strong>ϐάνομεν</strong></span> <span class='ocrx_word' id='word_1_91' title='bbox 2629 980 2879 1050; x_wconf 87' lang='grc' dir='ltr'><strong>Πνεῦμα.</strong></span> <span class='ocrx_word' id='word_1_92' title='bbox 2920 981 3236 1035; x_wconf 78' lang='grc' dir='ltr'><strong>Κάντεῦθεν</strong></span> <span class='ocrx_word' id='word_1_93' title='bbox 3269 979 3502 1034; x_wconf 84' lang='grc' dir='ltr'><strong>θάνατόν</strong></span> <span class='ocrx_word' id='word_1_94' title='bbox 3526 998 3585 1034; x_wconf 83' lang='grc' dir='ltr'><strong>τε</strong></span> <span class='ocrx_word' id='word_1_95' title='bbox 3616 987 3712 1035; x_wconf 71' lang='grc' dir='ltr'><strong>καὶ</strong></span> <span class='ocrx_word' id='word_1_96' title='bbox 3734 983 3833 1053; x_wconf 82' lang='grc' dir='ltr'><strong>τὴν</strong></span> <span class='ocrx_word' id='word_1_97' title='bbox 3862 983 3956 1035; x_wconf 80' lang='grc' dir='ltr'><strong>θα-</strong></span> 
     </span>
    </p>
   </div>
   <div class='ocr_carea' id='block_1_16' title="bbox 674 1074 2286 1155">
    <p class='ocr_par' dir='ltr' id='par_1_16' title="bbox 674 1076 2264 1155">
     <span class='ocr_line' id='line_1_16' title="bbox 674 1076 2264 1155; baseline -0.006 -16"><span class='ocrx_word' id='word_1_98' title='bbox 674 1098 964 1155; x_wconf 86' lang='lat' dir='ltr'><strong>postquant</strong></span> <span class='ocrx_word' id='word_1_99' title='bbox 1008 1085 1151 1137; x_wconf 82' lang='lat' dir='ltr'><strong>enim</strong></span> <span class='ocrx_word' id='word_1_100' title='bbox 1186 1085 1239 1137; x_wconf 91' lang='lat' dir='ltr'><strong>in</strong></span> <span class='ocrx_word' id='word_1_101' title='bbox 1273 1098 1439 1136; x_wconf 90' lang='lat' dir='ltr'><strong>unum</strong></span> <span class='ocrx_word' id='word_1_102' title='bbox 1487 1096 1616 1134; x_wconf 88' lang='lat' dir='ltr'><strong>vere</strong></span> <span class='ocrx_word' id='word_1_103' title='bbox 1660 1081 1886 1148; x_wconf 76' lang='lat' dir='ltr'><strong>sanguis</strong></span> <span class='ocrx_word' id='word_1_104' title='bbox 1921 1091 1976 1132; x_wconf 90' lang='lat' dir='ltr'><strong>et</strong></span> <span class='ocrx_word' id='word_1_105' title='bbox 2021 1076 2264 1147; x_wconf 76' lang='lat' dir='ltr'><strong>Spiritus</strong></span> 
     </span>
    </p>
   </div>
   <div class='ocr_carea' id='block_1_17' title="bbox 2371 1074 3957 1155">
    <p class='ocr_par' dir='ltr' id='par_1_17' title="bbox 2371 1074 3957 1148">
     <span class='ocr_line' id='line_1_17' title="bbox 2371 1074 3957 1148; baseline 0 -19"><span class='ocrx_word' id='word_1_106' title='bbox 2371 1076 2527 1129; x_wconf 83' lang='grc' dir='ltr'><strong>νάτου</strong></span> <span class='ocrx_word' id='word_1_107' title='bbox 2562 1075 2823 1145; x_wconf 82' lang='grc' dir='ltr'><strong>πρόξενον</strong></span> <span class='ocrx_word' id='word_1_108' title='bbox 2852 1075 3129 1146; x_wconf 75' lang='grc' dir='ltr'><strong>ἁμαρτίαν</strong></span> <span class='ocrx_word' id='word_1_109' title='bbox 3166 1074 3643 1146; x_wconf 84' lang='grc' dir='ltr'><strong>διαδιδράσκομεν.</strong></span> <span class='ocrx_word' id='word_1_110' title='bbox 3683 1075 3814 1130; x_wconf 81' lang='grc' dir='ltr'><strong>Ὅτε</strong></span> <span class='ocrx_word' id='word_1_111' title='bbox 3847 1078 3957 1148; x_wconf 85' lang='grc' dir='ltr'><strong>γὰρ</strong></span> 
     </span>
    </p>
   </div>
   <div class='ocr_carea' id='block_1_18' title="bbox 674 1171 2259 1245">
    <p class='ocr_par' dir='ltr' id='par_1_18' title="bbox 674 1171 2259 1245">
     <span class='ocr_line' id='line_1_18' title="bbox 674 1171 2259 1245; baseline -0.006 -13"><span class='ocrx_word' id='word_1_112' title='bbox 674 1189 1078 1242; x_wconf 80' lang='lat' dir='ltr'><strong>convenerunt,</strong></span> <span class='ocrx_word' id='word_1_113' title='bbox 1112 1177 1415 1245; x_wconf 73' lang='lat' dir='ltr'><strong>accipimus</strong></span> <span class='ocrx_word' id='word_1_114' title='bbox 1450 1189 1548 1227; x_wconf 90' lang='lat' dir='ltr'><strong>nos</strong></span> <span class='ocrx_word' id='word_1_115' title='bbox 1598 1188 1694 1242; x_wconf 83' lang='lat' dir='ltr'><strong>per</strong></span> <span class='ocrx_word' id='word_1_116' title='bbox 1722 1171 2050 1241; x_wconf 81' lang='lat' dir='ltr'><strong>sanguinem</strong></span> <span class='ocrx_word' id='word_1_117' title='bbox 2087 1171 2259 1223; x_wconf 89' lang='lat' dir='ltr'><strong>nostri</strong></span> 
     </span>
    </p>
   </div>
   <div class='ocr_carea' id='block_1_19' title="bbox 2369 1167 3960 1238">
    <p class='ocr_par' dir='ltr' id='par_1_19' title="bbox 2369 1167 3960 1238">
     <span class='ocr_line' id='line_1_19' title="bbox 2369 1167 3960 1238; baseline 0 -18"><span class='ocrx_word' id='word_1_118' title='bbox 2369 1167 2508 1237; x_wconf 81' lang='grc' dir='ltr'><strong>μηδὲ</strong></span> <span class='ocrx_word' id='word_1_119' title='bbox 2532 1167 2622 1220; x_wconf 81' lang='grc' dir='ltr'><strong>διὰ</strong></span> <span class='ocrx_word' id='word_1_120' title='bbox 2644 1167 2754 1220; x_wconf 85' lang='grc' dir='ltr'><strong>τῶν</strong></span> <span class='ocrx_word' id='word_1_121' title='bbox 2783 1167 3000 1234; x_wconf 79' lang='grc' dir='ltr'><strong>ἀλόγων</strong></span> <span class='ocrx_word' id='word_1_122' title='bbox 3035 1168 3250 1232; x_wconf 84' lang='grc' dir='ltr'><strong>παθῶν,</strong></span> <span class='ocrx_word' id='word_1_123' title='bbox 3287 1169 3424 1237; x_wconf 62' lang='grc' dir='ltr'><strong>μηδὲ</strong></span> <span class='ocrx_word' id='word_1_124' title='bbox 3449 1168 3537 1221; x_wconf 80' lang='grc' dir='ltr'><strong>διὰ</strong></span> <span class='ocrx_word' id='word_1_125' title='bbox 3566 1169 3675 1235; x_wconf 83' lang='grc' dir='ltr'><strong>τῶν</strong></span> <span class='ocrx_word' id='word_1_126' title='bbox 3705 1170 3960 1238; x_wconf 74' lang='grc' dir='ltr'><strong>ἀφρόιων</strong></span> 
     </span>
    </p>
   </div>
   <div class='ocr_carea' id='block_1_20' title="bbox 674 1259 2286 1338">
    <p class='ocr_par' dir='ltr' id='par_1_20' title="bbox 674 1262 2259 1338">
     <span class='ocr_line' id='line_1_20' title="bbox 674 1262 2259 1338; baseline -0.006 -15"><span class='ocrx_word' id='word_1_127' title='bbox 674 1271 894 1338; x_wconf 75' lang='lat' dir='ltr'><strong>generis</strong></span> <span class='ocrx_word' id='word_1_128' title='bbox 926 1286 1049 1322; x_wconf 89' lang='lat' dir='ltr'><strong>cum</strong></span> <span class='ocrx_word' id='word_1_129' title='bbox 1093 1268 1184 1334; x_wconf 92' lang='lat' dir='ltr'><strong>qui</strong></span> <span class='ocrx_word' id='word_1_130' title='bbox 1227 1283 1388 1336; x_wconf 79' lang='lat' dir='ltr'><strong>supra</strong></span> <span class='ocrx_word' id='word_1_131' title='bbox 1440 1282 1539 1319; x_wconf 91' lang='lat' dir='ltr'><strong>nos</strong></span> <span class='ocrx_word' id='word_1_132' title='bbox 1568 1274 1672 1327; x_wconf 82' lang='lat' dir='ltr'><strong>est,</strong></span> <span class='ocrx_word' id='word_1_133' title='bbox 1706 1263 1994 1333; x_wconf 80' lang='lat' dir='ltr'><strong>Spiritum,</strong></span> <span class='ocrx_word' id='word_1_134' title='bbox 2029 1271 2084 1317; x_wconf 89' lang='lat' dir='ltr'><strong>et</strong></span> <span class='ocrx_word' id='word_1_135' title='bbox 2135 1262 2259 1315; x_wconf 90' lang='lat' dir='ltr'><strong>inde</strong></span> 
     </span>
    </p>
   </div>
   <div class='ocr_carea' id='block_1_21' title="bbox 2371 1259 3961 1338">
    <p class='ocr_par' dir='ltr' id='par_1_21' title="bbox 2371 1259 3961 1332">
     <span class='ocr_line' id='line_1_21' title="bbox 2371 1259 3961 1332; baseline 0.004 -22"><span class='ocrx_word' id='word_1_136' title='bbox 2371 1259 2646 1328; x_wconf 79' lang='grc' dir='ltr'><strong>λογισμῶν</strong></span> <span class='ocrx_word' id='word_1_137' title='bbox 2687 1259 2980 1331; x_wconf 71' lang='grc' dir='ltr'><strong>ἐπεισέλθῃ</strong></span> <span class='ocrx_word' id='word_1_138' title='bbox 3017 1261 3075 1312; x_wconf 83' lang='grc' dir='ltr'><strong>ὲν</strong></span> <span class='ocrx_word' id='word_1_139' title='bbox 3125 1262 3256 1330; x_wconf 78' lang='grc' dir='ltr'><strong>ἡμῖν</strong></span> <span class='ocrx_word' id='word_1_140' title='bbox 3286 1260 3348 1313; x_wconf 83' lang='grc' dir='ltr'><strong>τὸ</strong></span> <span class='ocrx_word' id='word_1_141' title='bbox 3388 1261 3619 1332; x_wconf 80' lang='grc' dir='ltr'><strong>κέντρον</strong></span> <span class='ocrx_word' id='word_1_142' title='bbox 3667 1261 3765 1315; x_wconf 82' lang='grc' dir='ltr'><strong>τοῦ</strong></span> <span class='ocrx_word' id='word_1_143' title='bbox 3796 1261 3961 1316; x_wconf 85' lang='grc' dir='ltr'><strong>θανά·</strong></span> 
     </span>
    </p>
   </div>
   <div class='ocr_carea' id='block_1_22' title="bbox 675 1354 2258 1430">
    <p class='ocr_par' dir='ltr' id='par_1_22' title="bbox 675 1354 2258 1430">
     <span class='ocr_line' id='line_1_22' title="bbox 675 1354 2258 1430; baseline -0.005 -14"><span class='ocrx_word' id='word_1_144' title='bbox 675 1372 908 1417; x_wconf 84' lang='lat' dir='ltr'><strong>mortem</strong></span> <span class='ocrx_word' id='word_1_145' title='bbox 969 1361 1277 1430; x_wconf 85' lang='lat' dir='ltr'><strong>mortisque</strong></span> <span class='ocrx_word' id='word_1_146' title='bbox 1315 1375 1540 1414; x_wconf 79' lang='lat' dir='ltr'><strong>causam</strong></span> <span class='ocrx_word' id='word_1_147' title='bbox 1590 1367 1870 1427; x_wconf 81' lang='lat' dir='ltr'><strong>pecc:ttnm</strong></span> <span class='ocrx_word' id='word_1_148' title='bbox 1928 1354 2258 1426; x_wconf 69' lang='lat' dir='ltr'><strong>eﬂttgittttts;</strong></span> 
     </span>
    </p>
   </div>
   <div class='ocr_carea' id='block_1_23' title="bbox 673 1449 2257 1521">
    <p class='ocr_par' dir='ltr' id='par_1_23' title="bbox 673 1449 2257 1521">
     <span class='ocr_line' id='line_1_23' title="bbox 673 1449 2257 1521; baseline -0.004 -15"><span class='ocrx_word' id='word_1_149' title='bbox 673 1470 797 1506; x_wconf 85' lang='lat' dir='ltr'><strong>nam</strong></span> <span class='ocrx_word' id='word_1_150' title='bbox 831 1455 1052 1521; x_wconf 83' lang='lat' dir='ltr'><strong>quando</strong></span> <span class='ocrx_word' id='word_1_151' title='bbox 1084 1468 1260 1520; x_wconf 84' lang='lat' dir='ltr'><strong>neque</strong></span> <span class='ocrx_word' id='word_1_152' title='bbox 1296 1467 1391 1521; x_wconf 86' lang='lat' dir='ltr'><strong>per</strong></span> <span class='ocrx_word' id='word_1_153' title='bbox 1424 1451 1656 1504; x_wconf 87' lang='lat' dir='ltr'><strong>rationis</strong></span> <span class='ocrx_word' id='word_1_154' title='bbox 1685 1459 1941 1514; x_wconf 85' lang='lat' dir='ltr'><strong>expertes</strong></span> <span class='ocrx_word' id='word_1_155' title='bbox 1983 1449 2257 1515; x_wconf 83' lang='lat' dir='ltr'><strong>cupidita-</strong></span> 
     </span>
    </p>
   </div>
   <div class='ocr_carea' id='block_1_24' title="bbox 2369 1351 3958 1425">
    <p class='ocr_par' dir='ltr' id='par_1_24' title="bbox 2369 1351 3958 1425">
     <span class='ocr_line' id='line_1_24' title="bbox 2369 1351 3958 1425; baseline 0.003 -21"><span class='ocrx_word' id='word_1_156' title='bbox 2369 1369 2489 1412; x_wconf 84' lang='grc' dir='ltr'><strong>του.</strong></span> <span class='ocrx_word' id='word_1_157' title='bbox 2534 1353 2566 1421; x_wconf 82' lang='grc' dir='ltr'><strong>ὴ</strong></span> <span class='ocrx_word' id='word_1_158' title='bbox 2613 1351 2884 1423; x_wconf 72' lang='grc' dir='ltr'><strong>ἁμαρτίαι,</strong></span> <span class='ocrx_word' id='word_1_159' title='bbox 2911 1354 3034 1406; x_wconf 88' lang='grc' dir='ltr'><strong>τότε</strong></span> <span class='ocrx_word' id='word_1_160' title='bbox 3064 1352 3350 1422; x_wconf 78' lang='grc' dir='ltr'><strong>παρῆλθεν</strong></span> <span class='ocrx_word' id='word_1_161' title='bbox 3391 1355 3546 1424; x_wconf 72' lang='grc' dir='ltr'><strong>ἡμᾶς</strong></span> <span class='ocrx_word' id='word_1_162' title='bbox 3567 1357 3596 1408; x_wconf 84' lang='grc' dir='ltr'><strong>ὁ</strong></span> <span class='ocrx_word' id='word_1_163' title='bbox 3627 1354 3958 1425; x_wconf 79' lang='grc' dir='ltr'><strong>ὀλοθρεύων,</strong></span> 
     </span>
    </p>
   </div>
   <div class='ocr_carea' id='block_1_25' title="bbox 2364 1445 3880 1518">
    <p class='ocr_par' dir='ltr' id='par_1_25' title="bbox 2364 1445 3880 1518">
     <span class='ocr_line' id='line_1_25' title="bbox 2364 1445 3880 1518; baseline 0.001 -19"><span class='ocrx_word' id='word_1_164' title='bbox 2364 1448 2461 1499; x_wconf 76' lang='grc' dir='ltr'><strong>καὶ</strong></span> <span class='ocrx_word' id='word_1_165' title='bbox 2485 1448 2512 1499; x_wconf 87' lang='grc' dir='ltr'><strong>ὁ</strong></span> <span class='ocrx_word' id='word_1_166' title='bbox 2536 1445 3033 1501; x_wconf 82' lang='grc' dir='ltr'><strong>καταδυναστεύων</strong></span> <span class='ocrx_word' id='word_1_167' title='bbox 3065 1448 3224 1518; x_wconf 73' lang='grc' dir='ltr'><strong>ἡμῶν</strong></span> <span class='ocrx_word' id='word_1_168' title='bbox 3248 1447 3588 1516; x_wconf 80' lang='grc' dir='ltr'><strong>διαπέφευγε</strong></span> <span class='ocrx_word' id='word_1_169' title='bbox 3624 1447 3880 1510; x_wconf 87' lang='grc' dir='ltr'><strong>θάνατος.</strong></span> 
     </span>
    </p>
   </div>
   <div class='ocr_carea' id='block_1_26' title="bbox 675 1536 3738 1611">
    <p class='ocr_par' dir='ltr' id='par_1_26' title="bbox 675 1536 3738 1611">
     <span class='ocr_line' id='line_1_26' title="bbox 675 1536 3738 1611; baseline -0.001 -16"><span class='ocrx_word' id='word_1_170' title='bbox 675 1556 778 1608; x_wconf 86' lang='lat' dir='ltr'><strong>tes,</strong></span> <span class='ocrx_word' id='word_1_171' title='bbox 811 1557 985 1610; x_wconf 89' lang='lat' dir='ltr'><strong>neque</strong></span> <span class='ocrx_word' id='word_1_172' title='bbox 1017 1557 1114 1611; x_wconf 91' lang='lat' dir='ltr'><strong>per</strong></span> <span class='ocrx_word' id='word_1_173' title='bbox 1172 1543 1373 1595; x_wconf 88' lang='lat' dir='ltr'><strong>stultas</strong></span> <span class='ocrx_word' id='word_1_174' title='bbox 1416 1549 1472 1596; x_wconf 89' lang='lat' dir='ltr'><strong>et</strong></span> <span class='ocrx_word' id='word_1_175' title='bbox 1516 1540 1838 1608; x_wconf 78' lang='lat' dir='ltr'><strong>insipientes</strong></span> <span class='ocrx_word' id='word_1_176' title='bbox 1891 1537 2256 1606; x_wconf 78' lang='lat' dir='ltr'><strong>cogitationes</strong></span> <span class='ocrx_word' id='word_1_177' title='bbox 2295 1537 2578 1591; x_wconf 89' lang='lat' dir='ltr'><strong>stimulum</strong></span> <span class='ocrx_word' id='word_1_178' title='bbox 2628 1536 2819 1591; x_wconf 92' lang='lat' dir='ltr'><strong>mortis</strong></span> <span class='ocrx_word' id='word_1_179' title='bbox 2879 1550 3163 1607; x_wconf 85' lang='lat' dir='ltr'><strong>peccatum</strong></span> <span class='ocrx_word' id='word_1_180' title='bbox 3227 1537 3388 1593; x_wconf 85' lang='lat' dir='ltr'><strong>nobis</strong></span> <span class='ocrx_word' id='word_1_181' title='bbox 3477 1538 3738 1606; x_wconf 80' lang='lat' dir='ltr'><strong>inﬁxerit,</strong></span> 
     </span>
    </p>
   </div>
   <div class='ocr_carea' id='block_1_27' title="bbox 3831 1553 3960 1596">
    <p class='ocr_par' dir='ltr' id='par_1_27' title="bbox 3831 1553 3960 1596">
     <span class='ocr_line' id='line_1_27' title="bbox 3831 1553 3960 1596; baseline 0.008 -1"><span class='ocrx_word' id='word_1_182' title='bbox 3831 1553 3960 1596; x_wconf 86' lang='lat' dir='ltr'><strong>tunc</strong></span> 
     </span>
    </p>
   </div>
   <div class='ocr_carea' id='block_1_28' title="bbox 673 1630 3282 1710">
    <p class='ocr_par' dir='ltr' id='par_1_28' title="bbox 673 1630 3282 1710">
     <span class='ocr_line' id='line_1_28' title="bbox 673 1630 3282 1710; baseline -0.002 -20"><span class='ocrx_word' id='word_1_183' title='bbox 673 1640 916 1710; x_wconf 66' lang='lat' dir='ltr'><strong>praeterit</strong></span> <span class='ocrx_word' id='word_1_184' title='bbox 948 1652 1049 1690; x_wconf 90' lang='lat' dir='ltr'><strong>nos</strong></span> <span class='ocrx_word' id='word_1_185' title='bbox 1101 1636 1522 1698; x_wconf 69' lang='lat' dir='ltr'><strong>exterminatur,</strong></span> <span class='ocrx_word' id='word_1_186' title='bbox 1555 1646 1610 1688; x_wconf 91' lang='lat' dir='ltr'><strong>et</strong></span> <span class='ocrx_word' id='word_1_187' title='bbox 1663 1650 1832 1695; x_wconf 85' lang='lat' dir='ltr'><strong>mors.</strong></span> <span class='ocrx_word' id='word_1_188' title='bbox 1870 1648 1990 1702; x_wconf 61' lang='lat' dir='ltr'><strong>qua:</strong></span> <span class='ocrx_word' id='word_1_189' title='bbox 2039 1648 2134 1685; x_wconf 88' lang='lat' dir='ltr'><strong>sua</strong></span> <span class='ocrx_word' id='word_1_190' title='bbox 2169 1630 2550 1684; x_wconf 88' lang='lat' dir='ltr'><strong>dominatione</strong></span> <span class='ocrx_word' id='word_1_191' title='bbox 2583 1646 2680 1684; x_wconf 91' lang='lat' dir='ltr'><strong>nos</strong></span> <span class='ocrx_word' id='word_1_192' title='bbox 2714 1631 3015 1698; x_wconf 85' lang='lat' dir='ltr'><strong>premebat.</strong></span> <span class='ocrx_word' id='word_1_193' title='bbox 3056 1631 3282 1708; x_wconf 79' lang='lat' dir='ltr'><strong>recedit.</strong></span> 
     </span>
    </p>
   </div>
   <div class='ocr_carea' id='block_1_29' title="bbox 749 1725 2260 1794">
    <p class='ocr_par' dir='ltr' id='par_1_29' title="bbox 749 1725 2260 1794">
     <span class='ocr_line' id='line_1_29' title="bbox 749 1725 2260 1794; baseline -0.005 -9"><span class='ocrx_word' id='word_1_194' title='bbox 749 1735 872 1786; x_wconf 79' lang='lat' dir='ltr'><strong>Post</strong></span> <span class='ocrx_word' id='word_1_195' title='bbox 896 1729 1211 1784; x_wconf 80' lang='lat' dir='ltr'><strong>unctionem</strong></span> <span class='ocrx_word' id='word_1_196' title='bbox 1246 1728 1431 1780; x_wconf 83' lang='lat' dir='ltr'><strong>statim</strong></span> <span class='ocrx_word' id='word_1_197' title='bbox 1460 1727 1713 1794; x_wconf 77' lang='lat' dir='ltr'><strong>sequitur</strong></span> <span class='ocrx_word' id='word_1_198' title='bbox 1742 1725 2260 1792; x_wconf 75' lang='lat' dir='ltr'><strong>manducatio;qu:e</strong></span> 
     </span>
    </p>
   </div>
   <div class='ocr_carea' id='block_1_30' title="bbox 672 1818 2261 1895">
    <p class='ocr_par' dir='ltr' id='par_1_30' title="bbox 672 1818 2261 1895">
     <span class='ocr_line' id='line_1_30' title="bbox 672 1818 2261 1895; baseline -0.006 -15"><span class='ocrx_word' id='word_1_199' title='bbox 672 1838 727 1880; x_wconf 88' lang='lat' dir='ltr'><strong>et</strong></span> <span class='ocrx_word' id='word_1_200' title='bbox 755 1830 867 1895; x_wconf 73' lang='lat' dir='ltr'><strong>ipsa</strong></span> <span class='ocrx_word' id='word_1_201' title='bbox 901 1824 1243 1876; x_wconf 76' lang='lat' dir='ltr'><strong>documentis</strong></span> <span class='ocrx_word' id='word_1_202' title='bbox 1279 1838 1386 1874; x_wconf 86' lang='lat' dir='ltr'><strong>non</strong></span> <span class='ocrx_word' id='word_1_203' title='bbox 1432 1830 1608 1879; x_wconf 79' lang='lat' dir='ltr'><strong>vacat,</strong></span> <span class='ocrx_word' id='word_1_204' title='bbox 1645 1834 1820 1886; x_wconf 81' lang='lat' dir='ltr'><strong>neque</strong></span> <span class='ocrx_word' id='word_1_205' title='bbox 1854 1818 1972 1871; x_wconf 84' lang='lat' dir='ltr'><strong>sine</strong></span> <span class='ocrx_word' id='word_1_206' title='bbox 2005 1831 2261 1871; x_wconf 83' lang='lat' dir='ltr'><strong>accurata</strong></span> 
     </span>
    </p>
   </div>
   <div class='ocr_carea' id='block_1_31' title="bbox 2443 1723 3962 1802">
    <p class='ocr_par' dir='ltr' id='par_1_31' title="bbox 2443 1723 3962 1802">
     <span class='ocr_line' id='line_1_31' title="bbox 2443 1723 3962 1802; baseline 0.005 -27"><span class='ocrx_word' id='word_1_207' title='bbox 2443 1723 2600 1776; x_wconf 77' lang='grc' dir='ltr'><strong>Μετὰ</strong></span> <span class='ocrx_word' id='word_1_208' title='bbox 2629 1723 2684 1774; x_wconf 86' lang='grc' dir='ltr'><strong>δὲ</strong></span> <span class='ocrx_word' id='word_1_209' title='bbox 2711 1726 2812 1791; x_wconf 79' lang='grc' dir='ltr'><strong>τὴν</strong></span> <span class='ocrx_word' id='word_1_210' title='bbox 2839 1723 3022 1792; x_wconf 88' lang='grc' dir='ltr'><strong>χρίσιν</strong></span> <span class='ocrx_word' id='word_1_211' title='bbox 3056 1725 3088 1793; x_wconf 83' lang='grc' dir='ltr'><strong>ἡ</strong></span> <span class='ocrx_word' id='word_1_212' title='bbox 3137 1723 3340 1793; x_wconf 88' lang='grc' dir='ltr'><strong>βρῶσις</strong></span> <span class='ocrx_word' id='word_1_213' title='bbox 3363 1725 3546 1790; x_wconf 78' lang='grc' dir='ltr'><strong>εὐθὺς,</strong></span> <span class='ocrx_word' id='word_1_214' title='bbox 3581 1728 3676 1779; x_wconf 78' lang='grc' dir='ltr'><strong>καὶ</strong></span> <span class='ocrx_word' id='word_1_215' title='bbox 3693 1728 3804 1782; x_wconf 81' lang='grc' dir='ltr'><strong>οὐδ’</strong></span> <span class='ocrx_word' id='word_1_216' title='bbox 3822 1730 3962 1802; x_wconf 75' lang='grc' dir='ltr'><strong>αὑτὴ</strong></span> 
     </span>
    </p>
   </div>
   <div class='ocr_carea' id='block_1_32' title="bbox 2376 1815 3957 1892">
    <p class='ocr_par' dir='ltr' id='par_1_32' title="bbox 2376 1815 3957 1892">
     <span class='ocr_line' id='line_1_32' title="bbox 2376 1815 3957 1892; baseline 0.006 -24"><span class='ocrx_word' id='word_1_217' title='bbox 2376 1815 2759 1886; x_wconf 73' lang='grc' dir='ltr'><strong>παραγγελίας</strong></span> <span class='ocrx_word' id='word_1_218' title='bbox 2787 1815 2968 1882; x_wconf 79' lang='grc' dir='ltr'><strong>ἐκτὸς,</strong></span> <span class='ocrx_word' id='word_1_219' title='bbox 2997 1817 3120 1870; x_wconf 80' lang='grc' dir='ltr'><strong>οὐδὲ</strong></span> <span class='ocrx_word' id='word_1_220' title='bbox 3151 1819 3476 1888; x_wconf 81' lang='grc' dir='ltr'><strong>νομοθεσίας</strong></span> <span class='ocrx_word' id='word_1_221' title='bbox 3505 1820 3771 1889; x_wconf 79' lang='grc' dir='ltr'><strong>ἀκριϐοῦς</strong></span> <span class='ocrx_word' id='word_1_222' title='bbox 3799 1823 3957 1892; x_wconf 77' lang='grc' dir='ltr'><strong>ἄμοιο</strong></span> 
     </span>
    </p>
   </div>
   <div class='ocr_carea' id='block_1_33' title="bbox 673 1908 2286 1997">
    <p class='ocr_par' dir='ltr' id='par_1_33' title="bbox 673 1911 2264 1983">
     <span class='ocr_line' id='line_1_33' title="bbox 673 1911 2264 1983; baseline -0.005 -13"><span class='ocrx_word' id='word_1_223' title='bbox 673 1919 889 1970; x_wconf 77' lang='lat' dir='ltr'><strong>ratione</strong></span> <span class='ocrx_word' id='word_1_224' title='bbox 925 1915 1246 1983; x_wconf 64' lang='lat' dir='ltr'><strong>praescripta</strong></span> <span class='ocrx_word' id='word_1_225' title='bbox 1287 1922 1412 1966; x_wconf 87' lang='lat' dir='ltr'><strong>est:</strong></span> <span class='ocrx_word' id='word_1_226' title='bbox 1454 1914 1561 1965; x_wconf 91' lang='lat' dir='ltr'><strong>imo</strong></span> <span class='ocrx_word' id='word_1_227' title='bbox 1607 1921 1718 1966; x_wconf 89' lang='lat' dir='ltr'><strong>tota</strong></span> <span class='ocrx_word' id='word_1_228' title='bbox 1753 1911 1842 1963; x_wconf 86' lang='lat' dir='ltr'><strong>illa</strong></span> <span class='ocrx_word' id='word_1_229' title='bbox 1883 1911 2175 1980; x_wconf 70' lang='lat' dir='ltr'><strong>praelinitio</strong></span> <span class='ocrx_word' id='word_1_230' title='bbox 2210 1920 2264 1964; x_wconf 90' lang='lat' dir='ltr'><strong>et</strong></span> 
     </span>
    </p>
   </div>
   <div class='ocr_carea' id='block_1_34' title="bbox 2371 1908 3962 1997">
    <p class='ocr_par' dir='ltr' id='par_1_34' title="bbox 2376 1908 3962 1984">
     <span class='ocr_line' id='line_1_34' title="bbox 2376 1908 3962 1984; baseline 0.004 -22"><span class='ocrx_word' id='word_1_231' title='bbox 2376 1925 2492 1980; x_wconf 87' lang='grc' dir='ltr'><strong>ρος,</strong></span> <span class='ocrx_word' id='word_1_232' title='bbox 2524 1909 2664 1963; x_wconf 80' lang='grc' dir='ltr'><strong>ἀλλὰ</strong></span> <span class='ocrx_word' id='word_1_233' title='bbox 2695 1908 3248 1980; x_wconf 85' lang='grc' dir='ltr'><strong>κατεσπουδασμένον</strong></span> <span class='ocrx_word' id='word_1_234' title='bbox 3284 1912 3385 1980; x_wconf 85' lang='grc' dir='ltr'><strong>μὲν</strong></span> <span class='ocrx_word' id='word_1_235' title='bbox 3432 1913 3494 1965; x_wconf 75' lang='grc' dir='ltr'><strong>τὸ</strong></span> <span class='ocrx_word' id='word_1_236' title='bbox 3527 1914 3834 1984; x_wconf 80' lang='grc' dir='ltr'><strong>ἐπίταγμα,</strong></span> <span class='ocrx_word' id='word_1_237' title='bbox 3878 1918 3962 1969; x_wconf 71' lang='grc' dir='ltr'><strong>ὅτι</strong></span> 
     </span>
    </p>
   </div>
   <div class='ocr_carea' id='block_1_35' title="bbox 672 2004 2263 2075">
    <p class='ocr_par' dir='ltr' id='par_1_35' title="bbox 672 2004 2263 2075">
     <span class='ocr_line' id='line_1_35' title="bbox 672 2004 2263 2075; baseline -0.001 -18"><span class='ocrx_word' id='word_1_238' title='bbox 672 2009 995 2065; x_wconf 77' lang='lat' dir='ltr'><strong>constitutio</strong></span> <span class='ocrx_word' id='word_1_239' title='bbox 1028 2006 1334 2061; x_wconf 82' lang='lat' dir='ltr'><strong>mirabilem</strong></span> <span class='ocrx_word' id='word_1_240' title='bbox 1379 2005 1709 2075; x_wconf 84' lang='lat' dir='ltr'><strong>legislatoris</strong></span> <span class='ocrx_word' id='word_1_241' title='bbox 1743 2004 2083 2069; x_wconf 74' lang='lat' dir='ltr'><strong>diligentiam</strong></span> <span class='ocrx_word' id='word_1_242' title='bbox 2123 2017 2263 2069; x_wconf 80' lang='lat' dir='ltr'><strong>pra:-</strong></span> 
     </span>
    </p>
   </div>
   <div class='ocr_carea' id='block_1_36' title="bbox 675 2100 2264 2170">
    <p class='ocr_par' dir='ltr' id='par_1_36' title="bbox 675 2100 2264 2170">
     <span class='ocr_line' id='line_1_36' title="bbox 675 2100 2264 2170; baseline -0.004 -11"><span class='ocrx_word' id='word_1_243' title='bbox 675 2107 780 2159; x_wconf 65' lang='grc' dir='ltr'><strong>[ιιι-ι</strong></span> <span class='ocrx_word' id='word_1_244' title='bbox 810 2124 823 2170; x_wconf 84' lang='lat'><strong>;</strong></span> <span class='ocrx_word' id='word_1_245' title='bbox 857 2104 1008 2169; x_wconf 67' lang='lat' dir='ltr'><strong>jubet</strong></span> <span class='ocrx_word' id='word_1_246' title='bbox 1055 2103 1225 2167; x_wconf 91' lang='lat' dir='ltr'><strong>enim,</strong></span> <span class='ocrx_word' id='word_1_247' title='bbox 1260 2112 1316 2155; x_wconf 93' lang='lat' dir='ltr'><strong>ttt</strong></span> <span class='ocrx_word' id='word_1_248' title='bbox 1345 2102 1456 2170; x_wconf 85' lang='lat' dir='ltr'><strong>jam</strong></span> <span class='ocrx_word' id='word_1_249' title='bbox 1505 2101 1645 2154; x_wconf 78' lang='lat' dir='ltr'><strong>facta</strong></span> <span class='ocrx_word' id='word_1_250' title='bbox 1699 2111 1862 2154; x_wconf 82' lang='lat' dir='ltr'><strong>nocte</strong></span> <span class='ocrx_word' id='word_1_251' title='bbox 1920 2100 2264 2165; x_wconf 85' lang='lat' dir='ltr'><strong>instituatur,</strong></span> 
     </span>
    </p>
   </div>
   <div class='ocr_carea' id='block_1_37' title="bbox 675 2193 2264 2263">
    <p class='ocr_par' dir='ltr' id='par_1_37' title="bbox 675 2193 2264 2263">
     <span class='ocr_line' id='line_1_37' title="bbox 675 2193 2264 2263; baseline -0.003 -13"><span class='ocrx_word' id='word_1_252' title='bbox 675 2212 826 2252; x_wconf 76' lang='lat' dir='ltr'><strong>certo</strong></span> <span class='ocrx_word' id='word_1_253' title='bbox 883 2200 1043 2251; x_wconf 82' lang='lat' dir='ltr'><strong>modo</strong></span> <span class='ocrx_word' id='word_1_254' title='bbox 1081 2209 1135 2250; x_wconf 91' lang='lat' dir='ltr'><strong>et</strong></span> <span class='ocrx_word' id='word_1_255' title='bbox 1179 2195 1410 2259; x_wconf 82' lang='lat' dir='ltr'><strong>ordine;</strong></span> <span class='ocrx_word' id='word_1_256' title='bbox 1447 2195 1706 2249; x_wconf 86' lang='lat' dir='ltr'><strong>nimirum</strong></span> <span class='ocrx_word' id='word_1_257' title='bbox 1745 2209 1812 2247; x_wconf 93' lang='lat' dir='ltr'><strong>ne</strong></span> <span class='ocrx_word' id='word_1_258' title='bbox 1876 2193 2092 2263; x_wconf 81' lang='lat' dir='ltr'><strong>Agnum</strong></span> <span class='ocrx_word' id='word_1_259' title='bbox 2134 2209 2264 2248; x_wconf 84' lang='lat' dir='ltr'><strong>cru-</strong></span> 
     </span>
    </p>
   </div>
   <div class='ocr_carea' id='block_1_38' title="bbox 675 2283 2262 2354">
    <p class='ocr_par' dir='ltr' id='par_1_38' title="bbox 675 2283 2262 2354">
     <span class='ocr_line' id='line_1_38' title="bbox 675 2283 2262 2354; baseline -0.004 -14"><span class='ocrx_word' id='word_1_260' title='bbox 675 2292 826 2353; x_wconf 85' lang='lat' dir='ltr'><strong>dum,</strong></span> <span class='ocrx_word' id='word_1_261' title='bbox 860 2305 928 2342; x_wconf 87' lang='lat' dir='ltr'><strong>ne</strong></span> <span class='ocrx_word' id='word_1_262' title='bbox 958 2296 1175 2341; x_wconf 83' lang='lat' dir='ltr'><strong>coctum</strong></span> <span class='ocrx_word' id='word_1_263' title='bbox 1230 2300 1395 2354; x_wconf 81' lang='lat' dir='ltr'><strong>aqua,</strong></span> <span class='ocrx_word' id='word_1_264' title='bbox 1431 2286 1525 2338; x_wconf 88' lang='lat' dir='ltr'><strong>sed</strong></span> <span class='ocrx_word' id='word_1_265' title='bbox 1569 2300 1750 2338; x_wconf 88' lang='lat' dir='ltr'><strong>assum</strong></span> <span class='ocrx_word' id='word_1_266' title='bbox 1797 2283 1944 2354; x_wconf 85' lang='lat' dir='ltr'><strong>igne,</strong></span> <span class='ocrx_word' id='word_1_267' title='bbox 1976 2299 2100 2338; x_wconf 90' lang='lat' dir='ltr'><strong>cum</strong></span> <span class='ocrx_word' id='word_1_268' title='bbox 2133 2298 2262 2354; x_wconf 85' lang='lat' dir='ltr'><strong>azy-</strong></span> 
     </span>
    </p>
   </div>
   <div class='ocr_carea' id='block_1_39' title="bbox 677 2375 2263 2448">
    <p class='ocr_par' dir='ltr' id='par_1_39' title="bbox 677 2375 2263 2448">
     <span class='ocr_line' id='line_1_39' title="bbox 677 2375 2263 2448; baseline -0.006 -12"><span class='ocrx_word' id='word_1_269' title='bbox 677 2383 778 2436; x_wconf 85' lang='lat' dir='ltr'><strong>mis</strong></span> <span class='ocrx_word' id='word_1_270' title='bbox 827 2380 1170 2448; x_wconf 84' lang='lat' dir='ltr'><strong>lactttcisqne</strong></span> <span class='ocrx_word' id='word_1_271' title='bbox 1215 2378 1523 2447; x_wconf 77' lang='lat' dir='ltr'><strong>agrestibus</strong></span> <span class='ocrx_word' id='word_1_272' title='bbox 1577 2379 1892 2430; x_wconf 90' lang='lat' dir='ltr'><strong>comedant.</strong></span> <span class='ocrx_word' id='word_1_273' title='bbox 1955 2375 2069 2429; x_wconf 80' lang='lat' dir='ltr'><strong>Nox</strong></span> <span class='ocrx_word' id='word_1_274' title='bbox 2120 2390 2263 2444; x_wconf 72' lang='lat' dir='ltr'><strong>prae-</strong></span> 
     </span>
    </p>
   </div>
   <div class='ocr_carea' id='block_1_40' title="bbox 671 2469 2266 2540">
    <p class='ocr_par' dir='ltr' id='par_1_40' title="bbox 671 2469 2266 2540">
     <span class='ocr_line' id='line_1_40' title="bbox 671 2469 2266 2540; baseline -0.006 -8"><span class='ocrx_word' id='word_1_275' title='bbox 671 2490 804 2532; x_wconf 81' lang='lat' dir='ltr'><strong>sens</strong></span> <span class='ocrx_word' id='word_1_276' title='bbox 828 2473 1086 2527; x_wconf 59' lang='lat' dir='ltr'><strong>sa‘culntn</strong></span> <span class='ocrx_word' id='word_1_277' title='bbox 1120 2471 1346 2537; x_wconf 91' lang='lat' dir='ltr'><strong>indicat,</strong></span> <span class='ocrx_word' id='word_1_278' title='bbox 1383 2471 1434 2523; x_wconf 93' lang='lat' dir='ltr'><strong>in</strong></span> <span class='ocrx_word' id='word_1_279' title='bbox 1467 2485 1574 2539; x_wconf 83' lang='lat' dir='ltr'><strong>quo</strong></span> <span class='ocrx_word' id='word_1_280' title='bbox 1601 2485 1663 2523; x_wconf 84' lang='lat' dir='ltr'><strong>ea</strong></span> <span class='ocrx_word' id='word_1_281' title='bbox 1699 2469 1958 2540; x_wconf 85' lang='lat' dir='ltr'><strong>mysteria</strong></span> <span class='ocrx_word' id='word_1_282' title='bbox 1993 2471 2058 2524; x_wconf 89' lang='lat' dir='ltr'><strong>de</strong></span> <span class='ocrx_word' id='word_1_283' title='bbox 2087 2469 2266 2522; x_wconf 85' lang='lat' dir='ltr'><strong>divina</strong></span> 
     </span>
    </p>
   </div>
   <div class='ocr_carea' id='block_1_41' title="bbox 676 2562 2268 2636">
    <p class='ocr_par' dir='ltr' id='par_1_41' title="bbox 676 2562 2268 2636">
     <span class='ocr_line' id='line_1_41' title="bbox 676 2562 2268 2636; baseline -0.004 -15"><span class='ocrx_word' id='word_1_284' title='bbox 676 2565 1089 2636; x_wconf 84' lang='lat' dir='ltr'><strong>dispensatione</strong></span> <span class='ocrx_word' id='word_1_285' title='bbox 1126 2563 1285 2619; x_wconf 90' lang='lat' dir='ltr'><strong>nobis</strong></span> <span class='ocrx_word' id='word_1_286' title='bbox 1331 2565 1642 2628; x_wconf 81' lang='lat' dir='ltr'><strong>traduntur,</strong></span> <span class='ocrx_word' id='word_1_287' title='bbox 1676 2578 1797 2632; x_wconf 71' lang='lat' dir='ltr'><strong>qua:</strong></span> <span class='ocrx_word' id='word_1_288' title='bbox 1828 2572 2088 2632; x_wconf 82' lang='lat' dir='ltr'><strong>perceptu</strong></span> <span class='ocrx_word' id='word_1_289' title='bbox 2133 2562 2268 2615; x_wconf 77' lang='lat' dir='ltr'><strong>laci-</strong></span> 
     </span>
    </p>
   </div>
   <div class='ocr_carea' id='block_1_42' title="bbox 677 2655 2268 2724">
    <p class='ocr_par' dir='ltr' id='par_1_42' title="bbox 677 2655 2268 2724">
     <span class='ocr_line' id='line_1_42' title="bbox 677 2655 2268 2724; baseline -0.004 -10"><span class='ocrx_word' id='word_1_290' title='bbox 677 2662 812 2714; x_wconf 91' lang='lat' dir='ltr'><strong>liora</strong></span> <span class='ocrx_word' id='word_1_291' title='bbox 865 2667 1014 2723; x_wconf 90' lang='lat' dir='ltr'><strong>sunt,</strong></span> <span class='ocrx_word' id='word_1_292' title='bbox 1040 2667 1094 2712; x_wconf 92' lang='lat' dir='ltr'><strong>et</strong></span> <span class='ocrx_word' id='word_1_293' title='bbox 1141 2657 1208 2709; x_wconf 88' lang='lat' dir='ltr'><strong>ad</strong></span> <span class='ocrx_word' id='word_1_294' title='bbox 1238 2672 1458 2712; x_wconf 89' lang='lat' dir='ltr'><strong>carnem</strong></span> <span class='ocrx_word' id='word_1_295' title='bbox 1506 2668 1841 2721; x_wconf 84' lang='lat' dir='ltr'><strong>assumptam</strong></span> <span class='ocrx_word' id='word_1_296' title='bbox 1874 2660 2169 2724; x_wconf 85' lang='lat' dir='ltr'><strong>pertinent.</strong></span> <span class='ocrx_word' id='word_1_297' title='bbox 2200 2655 2268 2708; x_wconf 82' lang='lat' dir='ltr'><strong>At</strong></span> 
     </span>
    </p>
   </div>
   <div class='ocr_carea' id='block_1_43' title="bbox 677 2747 2266 2822">
    <p class='ocr_par' dir='ltr' id='par_1_43' title="bbox 677 2747 2266 2822">
     <span class='ocr_line' id='line_1_43' title="bbox 677 2747 2266 2822; baseline -0.004 -17"><span class='ocrx_word' id='word_1_298' title='bbox 677 2767 906 2822; x_wconf 77' lang='lat' dir='ltr'><strong>vespera</strong></span> <span class='ocrx_word' id='word_1_299' title='bbox 940 2753 1188 2805; x_wconf 81' lang='lat' dir='ltr'><strong>futurum</strong></span> <span class='ocrx_word' id='word_1_300' title='bbox 1235 2749 1496 2804; x_wconf 54' lang='lat' dir='ltr'><strong>sarculum</strong></span> <span class='ocrx_word' id='word_1_301' title='bbox 1527 2749 1823 2817; x_wconf 81' lang='lat' dir='ltr'><strong>signtlicat,</strong></span> <span class='ocrx_word' id='word_1_302' title='bbox 1858 2750 1911 2802; x_wconf 93' lang='lat' dir='ltr'><strong>in</strong></span> <span class='ocrx_word' id='word_1_303' title='bbox 1943 2763 2049 2816; x_wconf 84' lang='lat' dir='ltr'><strong>quo</strong></span> <span class='ocrx_word' id='word_1_304' title='bbox 2089 2747 2266 2816; x_wconf 87' lang='lat' dir='ltr'><strong>Spiri-</strong></span> 
     </span>
    </p>
   </div>
   <div class='ocr_carea' id='block_1_44' title="bbox 681 2838 2262 2900">
    <p class='ocr_par' dir='ltr' id='par_1_44' title="bbox 681 2838 2262 2900">
     <span class='ocr_line' id='line_1_44' title="bbox 681 2838 2262 2900; baseline -0.004 -2"><span class='ocrx_word' id='word_1_305' title='bbox 681 2857 767 2899; x_wconf 83' lang='lat' dir='ltr'><strong>tus</strong></span> <span class='ocrx_word' id='word_1_306' title='bbox 800 2854 1028 2900; x_wconf 87' lang='lat' dir='ltr'><strong>sanctus</strong></span> <span class='ocrx_word' id='word_1_307' title='bbox 1057 2841 1318 2898; x_wconf 86' lang='lat' dir='ltr'><strong>solidiora</strong></span> <span class='ocrx_word' id='word_1_308' title='bbox 1372 2851 1426 2895; x_wconf 93' lang='lat' dir='ltr'><strong>et</strong></span> <span class='ocrx_word' id='word_1_309' title='bbox 1466 2841 1706 2894; x_wconf 82' lang='lat' dir='ltr'><strong>ﬁrmiora</strong></span> <span class='ocrx_word' id='word_1_310' title='bbox 1750 2855 1851 2895; x_wconf 89' lang='lat' dir='ltr'><strong>nos</strong></span> <span class='ocrx_word' id='word_1_311' title='bbox 1881 2840 2116 2894; x_wconf 82' lang='lat' dir='ltr'><strong>docebit.</strong></span> <span class='ocrx_word' id='word_1_312' title='bbox 2148 2838 2262 2892; x_wconf 73' lang='lat' dir='ltr'><strong>Non</strong></span> 
     </span>
    </p>
   </div>
   <div class='ocr_carea' id='block_1_45' title="bbox 681 2932 2266 3000">
    <p class='ocr_par' dir='ltr' id='par_1_45' title="bbox 681 2932 2266 3000">
     <span class='ocr_line' id='line_1_45' title="bbox 681 2932 2266 3000; baseline -0.005 -10"><span class='ocrx_word' id='word_1_313' title='bbox 681 2940 888 2992; x_wconf 82' lang='lat' dir='ltr'><strong>frustra</strong></span> <span class='ocrx_word' id='word_1_314' title='bbox 944 2944 1125 2990; x_wconf 88' lang='lat' dir='ltr'><strong>autem</strong></span> <span class='ocrx_word' id='word_1_315' title='bbox 1176 2933 1420 2998; x_wconf 90' lang='lat' dir='ltr'><strong>additur,</strong></span> <span class='ocrx_word' id='word_1_316' title='bbox 1465 2948 1620 2985; x_wconf 76' lang='lat' dir='ltr'><strong>assus</strong></span> <span class='ocrx_word' id='word_1_317' title='bbox 1661 2932 1803 3000; x_wconf 80' lang='lat' dir='ltr'><strong>igne,</strong></span> <span class='ocrx_word' id='word_1_318' title='bbox 1850 2945 1958 2999; x_wconf 91' lang='lat' dir='ltr'><strong>quo</strong></span> <span class='ocrx_word' id='word_1_319' title='bbox 2009 2938 2266 2998; x_wconf 88' lang='lat' dir='ltr'><strong>tanquam</strong></span> 
     </span>
    </p>
   </div>
   <div class='ocr_carea' id='block_1_46' title="bbox 677 3022 2269 3100">
    <p class='ocr_par' dir='ltr' id='par_1_46' title="bbox 677 3022 2269 3100">
     <span class='ocr_line' id='line_1_46' title="bbox 677 3022 2269 3100; baseline -0.007 -16"><span class='ocrx_word' id='word_1_320' title='bbox 677 3028 924 3100; x_wconf 60' lang='lat' dir='ltr'><strong>symbolo</strong></span> <span class='ocrx_word' id='word_1_321' title='bbox 952 3028 1186 3097; x_wconf 78' lang='lat' dir='ltr'><strong>quodam</strong></span> <span class='ocrx_word' id='word_1_322' title='bbox 1239 3026 1486 3080; x_wconf 89' lang='lat' dir='ltr'><strong>innuitur</strong></span> <span class='ocrx_word' id='word_1_323' title='bbox 1517 3039 1636 3090; x_wconf 90' lang='lat' dir='ltr'><strong>eos,</strong></span> <span class='ocrx_word' id='word_1_324' title='bbox 1669 3026 1760 3092; x_wconf 93' lang='lat' dir='ltr'><strong>qui</strong></span> <span class='ocrx_word' id='word_1_325' title='bbox 1810 3037 1875 3076; x_wconf 73' lang='lat' dir='ltr'><strong>ex</strong></span> <span class='ocrx_word' id='word_1_326' title='bbox 1905 3022 1998 3076; x_wconf 89' lang='lat' dir='ltr'><strong>illo</strong></span> <span class='ocrx_word' id='word_1_327' title='bbox 2035 3022 2269 3075; x_wconf 78' lang='lat' dir='ltr'><strong>mandu-</strong></span> 
     </span>
    </p>
   </div>
   <div class='ocr_carea' id='block_1_47' title="bbox 2375 2003 3962 2078">
    <p class='ocr_par' dir='ltr' id='par_1_47' title="bbox 2375 2003 3962 2078">
     <span class='ocr_line' id='line_1_47' title="bbox 2375 2003 3962 2078; baseline 0.008 -26"><span class='ocrx_word' id='word_1_328' title='bbox 2375 2003 2432 2052; x_wconf 81' lang='grc' dir='ltr'><strong>έν</strong></span> <span class='ocrx_word' id='word_1_329' title='bbox 2485 2005 2554 2072; x_wconf 82' lang='grc' dir='ltr'><strong>τῇ</strong></span> <span class='ocrx_word' id='word_1_330' title='bbox 2618 2003 3040 2075; x_wconf 68' lang='grc' dir='ltr'><strong>προσγενομένῃ</strong></span> <span class='ocrx_word' id='word_1_331' title='bbox 3098 2007 3281 2070; x_wconf 77' lang='grc' dir='ltr'><strong>νυκτὶ,</strong></span> <span class='ocrx_word' id='word_1_332' title='bbox 3343 2011 3850 2078; x_wconf 83' lang='grc' dir='ltr'><strong>παρατετηρημένη</strong></span> <span class='ocrx_word' id='word_1_333' title='bbox 3904 2011 3962 2064; x_wconf 81' lang='grc' dir='ltr'><strong>δὲ</strong></span> 
     </span>
    </p>
   </div>
   <div class='ocr_carea' id='block_1_48' title="bbox 2378 2095 3965 2170">
    <p class='ocr_par' dir='ltr' id='par_1_48' title="bbox 2378 2095 3965 2170">
     <span class='ocr_line' id='line_1_48' title="bbox 2378 2095 3965 2170; baseline 0.006 -23"><span class='ocrx_word' id='word_1_334' title='bbox 2378 2098 2411 2160; x_wconf 78' lang='grc' dir='ltr'><strong>ἠ</strong></span> <span class='ocrx_word' id='word_1_335' title='bbox 2448 2095 2772 2165; x_wconf 77' lang='grc' dir='ltr'><strong>μετάληψις,</strong></span> <span class='ocrx_word' id='word_1_336' title='bbox 2819 2097 2907 2151; x_wconf 80' lang='grc' dir='ltr'><strong>ἵνα</strong></span> <span class='ocrx_word' id='word_1_337' title='bbox 2961 2097 3039 2169; x_wconf 80' lang='grc' dir='ltr'><strong>μὴ</strong></span> <span class='ocrx_word' id='word_1_338' title='bbox 3089 2099 3262 2166; x_wconf 80' lang='grc' dir='ltr'><strong>ὠμὸν,</strong></span> <span class='ocrx_word' id='word_1_339' title='bbox 3299 2100 3435 2170; x_wconf 81' lang='grc' dir='ltr'><strong>μηδὲ</strong></span> <span class='ocrx_word' id='word_1_340' title='bbox 3481 2101 3757 2170; x_wconf 61' lang='grc' dir='ltr'><strong>ἐφημένον</strong></span> <span class='ocrx_word' id='word_1_341' title='bbox 3783 2103 3965 2168; x_wconf 80' lang='grc' dir='ltr'><strong>ὕδατι,</strong></span> 
     </span>
    </p>
   </div>
   <div class='ocr_carea' id='block_1_49' title="bbox 2376 2188 3966 2266">
    <p class='ocr_par' dir='ltr' id='par_1_49' title="bbox 2376 2188 3966 2266">
     <span class='ocr_line' id='line_1_49' title="bbox 2376 2188 3966 2266; baseline 0.004 -25"><span class='ocrx_word' id='word_1_342' title='bbox 2376 2188 2492 2241; x_wconf 80' lang='grc' dir='ltr'><strong>ἀλλ’</strong></span> <span class='ocrx_word' id='word_1_343' title='bbox 2521 2189 2691 2240; x_wconf 75' lang='grc' dir='ltr'><strong>ὀπτὸν</strong></span> <span class='ocrx_word' id='word_1_344' title='bbox 2722 2189 2880 2259; x_wconf 72' lang='grc' dir='ltr'><strong>πυρὶ,</strong></span> <span class='ocrx_word' id='word_1_345' title='bbox 2908 2191 3002 2242; x_wconf 75' lang='grc' dir='ltr'><strong>καὶ</strong></span> <span class='ocrx_word' id='word_1_346' title='bbox 3025 2192 3124 2244; x_wconf 73' lang='grc' dir='ltr'><strong>σὺν</strong></span> <span class='ocrx_word' id='word_1_347' title='bbox 3148 2190 3384 2259; x_wconf 76' lang='grc' dir='ltr'><strong>ἀζύμοις</strong></span> <span class='ocrx_word' id='word_1_348' title='bbox 3410 2193 3503 2245; x_wconf 76' lang='grc' dir='ltr'><strong>καὶ</strong></span> <span class='ocrx_word' id='word_1_349' title='bbox 3536 2194 3673 2258; x_wconf 82' lang='grc' dir='ltr'><strong>μετᾶ</strong></span> <span class='ocrx_word' id='word_1_350' title='bbox 3697 2196 3966 2266; x_wconf 87' lang='grc' dir='ltr'><strong>πικρίδων</strong></span> 
     </span>
    </p>
   </div>
   <div class='ocr_carea' id='block_1_50' title="bbox 2377 2279 3967 2353">
    <p class='ocr_par' dir='ltr' id='par_1_50' title="bbox 2377 2279 3967 2353">
     <span class='ocr_line' id='line_1_50' title="bbox 2377 2279 3967 2353; baseline 0.006 -23"><span class='ocrx_word' id='word_1_351' title='bbox 2377 2279 2687 2348; x_wconf 75' lang='grc' dir='ltr'><strong>φάγωνται.</strong></span> <span class='ocrx_word' id='word_1_352' title='bbox 2721 2281 2884 2350; x_wconf 83' lang='grc' dir='ltr'><strong>Δηλοῖ</strong></span> <span class='ocrx_word' id='word_1_353' title='bbox 2921 2280 2975 2332; x_wconf 78' lang='grc' dir='ltr'><strong>δὲ</strong></span> <span class='ocrx_word' id='word_1_354' title='bbox 3006 2281 3106 2351; x_wconf 83' lang='grc' dir='ltr'><strong>μὲν</strong></span> <span class='ocrx_word' id='word_1_355' title='bbox 3138 2282 3233 2346; x_wconf 78' lang='grc' dir='ltr'><strong>νὺξ</strong></span> <span class='ocrx_word' id='word_1_356' title='bbox 3272 2281 3363 2334; x_wconf 83' lang='grc' dir='ltr'><strong>τὸν</strong></span> <span class='ocrx_word' id='word_1_357' title='bbox 3395 2284 3642 2352; x_wconf 71' lang='grc' dir='ltr'><strong>παρόντα</strong></span> <span class='ocrx_word' id='word_1_358' title='bbox 3677 2286 3874 2353; x_wconf 83' lang='grc' dir='ltr'><strong>αἰῶνα,</strong></span> <span class='ocrx_word' id='word_1_359' title='bbox 3908 2288 3967 2340; x_wconf 80' lang='grc' dir='ltr'><strong>ὲν</strong></span> 
     </span>
    </p>
   </div>
   <div class='ocr_carea' id='block_1_51' title="bbox 2373 2363 3967 2447">
    <p class='ocr_par' dir='ltr' id='par_1_51' title="bbox 2373 2363 3967 2447">
     <span class='ocr_line' id='line_1_51' title="bbox 2373 2363 3967 2447; baseline 0.006 -25"><span class='ocrx_word' id='word_1_360' title='bbox 2373 2363 2418 2437; x_wconf 80' lang='grc' dir='ltr'>ᾧ</span> <span class='ocrx_word' id='word_1_361' title='bbox 2466 2372 2537 2423; x_wconf 72' lang='grc' dir='ltr'><strong>τὰ</strong></span> <span class='ocrx_word' id='word_1_362' title='bbox 2589 2371 2850 2444; x_wconf 85' lang='grc' dir='ltr'><strong>σαρκώδη</strong></span> <span class='ocrx_word' id='word_1_363' title='bbox 2888 2373 2984 2426; x_wconf 66' lang='grc' dir='ltr'><strong>καί¹</strong></span> <span class='ocrx_word' id='word_1_364' title='bbox 3015 2371 3269 2442; x_wconf 76' lang='grc' dir='ltr'><strong>εὔληπτα</strong></span> <span class='ocrx_word' id='word_1_365' title='bbox 3297 2378 3398 2444; x_wconf 80' lang='grc' dir='ltr'><strong>τῆς</strong></span> <span class='ocrx_word' id='word_1_366' title='bbox 3434 2377 3752 2446; x_wconf 78' lang='grc' dir='ltr'><strong>οἰκονομίας</strong></span> <span class='ocrx_word' id='word_1_367' title='bbox 3802 2378 3967 2447; x_wconf 84' lang='grc' dir='ltr'><strong>μυού-</strong></span> 
     </span>
    </p>
   </div>
   <div class='ocr_carea' id='block_1_52' title="bbox 2378 2465 3966 2545">
    <p class='ocr_par' dir='ltr' id='par_1_52' title="bbox 2378 2465 3966 2545">
     <span class='ocr_line' id='line_1_52' title="bbox 2378 2465 3966 2545; baseline 0.006 -29"><span class='ocrx_word' id='word_1_368' title='bbox 2378 2465 2554 2534; x_wconf 79' lang='grc' dir='ltr'><strong>μεθα·</strong></span> <span class='ocrx_word' id='word_1_369' title='bbox 2590 2467 2622 2535; x_wconf 81' lang='grc' dir='ltr'><strong>ή</strong></span> <span class='ocrx_word' id='word_1_370' title='bbox 2659 2465 2716 2519; x_wconf 75' lang='grc' dir='ltr'><strong>δὲ</strong></span> <span class='ocrx_word' id='word_1_371' title='bbox 2742 2467 2946 2536; x_wconf 81' lang='grc' dir='ltr'><strong>πρωῖα,</strong></span> <span class='ocrx_word' id='word_1_372' title='bbox 2977 2466 3045 2520; x_wconf 82' lang='grc' dir='ltr'><strong>τὰ</strong></span> <span class='ocrx_word' id='word_1_373' title='bbox 3077 2467 3364 2538; x_wconf 79' lang='grc' dir='ltr'><strong>μέλλοντα,</strong></span> <span class='ocrx_word' id='word_1_374' title='bbox 3402 2469 3601 2523; x_wconf 86' lang='grc' dir='ltr'><strong>καθ’δν</strong></span> <span class='ocrx_word' id='word_1_375' title='bbox 3630 2471 3699 2524; x_wconf 66' lang='grc' dir='ltr'><strong>τὰ</strong></span> <span class='ocrx_word' id='word_1_376' title='bbox 3736 2473 3966 2545; x_wconf 79' lang='grc' dir='ltr'><strong>στερρό-</strong></span> 
     </span>
    </p>
   </div>
   <div class='ocr_carea' id='block_1_53' title="bbox 2374 2559 3973 2632">
    <p class='ocr_par' dir='ltr' id='par_1_53' title="bbox 2374 2559 3973 2632">
     <span class='ocr_line' id='line_1_53' title="bbox 2374 2559 3973 2632; baseline 0.004 -21"><span class='ocrx_word' id='word_1_377' title='bbox 2374 2576 2511 2628; x_wconf 83' lang='grc' dir='ltr'><strong>τερα</strong></span> <span class='ocrx_word' id='word_1_378' title='bbox 2533 2559 2738 2626; x_wconf 80' lang='grc' dir='ltr'><strong>διδάξει</strong></span> <span class='ocrx_word' id='word_1_379' title='bbox 2771 2561 2831 2612; x_wconf 84' lang='grc' dir='ltr'><strong>τὸ</strong></span> <span class='ocrx_word' id='word_1_380' title='bbox 2860 2560 3092 2629; x_wconf 78' lang='grc' dir='ltr'><strong>Πνεῦμα</strong></span> <span class='ocrx_word' id='word_1_381' title='bbox 3121 2561 3182 2614; x_wconf 82' lang='grc' dir='ltr'><strong>τὸ</strong></span> <span class='ocrx_word' id='word_1_382' title='bbox 3206 2561 3388 2630; x_wconf 84' lang='grc' dir='ltr'><strong>διγιον.</strong></span> <span class='ocrx_word' id='word_1_383' title='bbox 3439 2562 3514 2615; x_wconf 80' lang='grc' dir='ltr'><strong>Τὸ</strong></span> <span class='ocrx_word' id='word_1_384' title='bbox 3538 2563 3595 2616; x_wconf 79' lang='grc' dir='ltr'><strong>δὲ</strong></span> <span class='ocrx_word' id='word_1_385' title='bbox 3620 2564 3973 2632; x_wconf 78' lang='grc' dir='ltr'><strong>ὀπτώμενον</strong></span> 
     </span>
    </p>
   </div>
   <div class='ocr_carea' id='block_1_54' title="bbox 2379 2651 3969 2726">
    <p class='ocr_par' dir='ltr' id='par_1_54' title="bbox 2379 2651 3969 2726">
     <span class='ocr_line' id='line_1_54' title="bbox 2379 2651 3969 2726; baseline 0.005 -24"><span class='ocrx_word' id='word_1_386' title='bbox 2379 2651 2728 2721; x_wconf 82' lang='grc' dir='ltr'><strong>συμσολικῶς</strong></span> <span class='ocrx_word' id='word_1_387' title='bbox 2778 2652 3120 2715; x_wconf 84' lang='grc' dir='ltr'><strong>ὑποτίθεται,</strong></span> <span class='ocrx_word' id='word_1_388' title='bbox 3177 2655 3252 2724; x_wconf 77' lang='grc' dir='ltr'><strong>μὴ</strong></span> <span class='ocrx_word' id='word_1_389' title='bbox 3307 2656 3522 2724; x_wconf 75' lang='grc' dir='ltr'><strong>ἀργῶς,</strong></span> <span class='ocrx_word' id='word_1_390' title='bbox 3571 2657 3712 2726; x_wconf 84' lang='grc' dir='ltr'><strong>ὅπερ</strong></span> <span class='ocrx_word' id='word_1_391' title='bbox 3739 2657 3827 2709; x_wconf 69' lang='grc' dir='ltr'><strong>διὰ</strong></span> <span class='ocrx_word' id='word_1_392' title='bbox 3872 2657 3969 2710; x_wconf 89' lang='grc' dir='ltr'><strong>τοῦ</strong></span> 
     </span>
    </p>
   </div>
   <div class='ocr_carea' id='block_1_55' title="bbox 2371 2743 3972 2820">
    <p class='ocr_par' dir='ltr' id='par_1_55' title="bbox 2371 2743 3972 2820">
     <span class='ocr_line' id='line_1_55' title="bbox 2371 2743 3972 2820; baseline 0.005 -26"><span class='ocrx_word' id='word_1_393' title='bbox 2371 2743 2556 2812; x_wconf 80' lang='grc' dir='ltr'><strong>ὠμοῦ,</strong></span> <span class='ocrx_word' id='word_1_394' title='bbox 2594 2743 2731 2813; x_wconf 80' lang='grc' dir='ltr'><strong>μηδὲ</strong></span> <span class='ocrx_word' id='word_1_395' title='bbox 2767 2745 3090 2813; x_wconf 77' lang='grc' dir='ltr'><strong>φιληδόνως,</strong></span> <span class='ocrx_word' id='word_1_396' title='bbox 3116 2747 3253 2816; x_wconf 85' lang='grc' dir='ltr'><strong>ὅπερ</strong></span> <span class='ocrx_word' id='word_1_397' title='bbox 3284 2747 3373 2800; x_wconf 69' lang='grc' dir='ltr'><strong>διὰ</strong></span> <span class='ocrx_word' id='word_1_398' title='bbox 3405 2749 3500 2800; x_wconf 85' lang='grc' dir='ltr'><strong>τοῦ</strong></span> <span class='ocrx_word' id='word_1_399' title='bbox 3561 2749 3792 2815; x_wconf 71' lang='grc' dir='ltr'><strong>ἐψητοῦ</strong></span> <span class='ocrx_word' id='word_1_400' title='bbox 3827 2765 3972 2820; x_wconf 84' lang='grc' dir='ltr'><strong>παρ-</strong></span> 
     </span>
    </p>
   </div>
   <div class='ocr_carea' id='block_1_56' title="bbox 2373 2835 3970 2911">
    <p class='ocr_par' dir='ltr' id='par_1_56' title="bbox 2373 2835 3970 2911">
     <span class='ocr_line' id='line_1_56' title="bbox 2373 2835 3970 2911; baseline 0.005 -25"><span class='ocrx_word' id='word_1_401' title='bbox 2373 2835 2846 2903; x_wconf 65' lang='grc' dir='ltr'><strong>εμφαίνεταιτοὺς</strong></span> <span class='ocrx_word' id='word_1_402' title='bbox 2869 2837 3390 2907; x_wconf 71' lang='grc' dir='ltr'><strong>μετακαμϐάνοντας</strong></span> <span class='ocrx_word' id='word_1_403' title='bbox 3429 2841 3553 2908; x_wconf 78' lang='grc' dir='ltr'><strong>ζῇν,</strong></span> <span class='ocrx_word' id='word_1_404' title='bbox 3579 2841 3692 2892; x_wconf 79' lang='grc' dir='ltr'><strong>ἀλλ’</strong></span> <span class='ocrx_word' id='word_1_405' title='bbox 3723 2840 3970 2911; x_wconf 79' lang='grc' dir='ltr'><strong>ἔμπυρον</strong></span> 
     </span>
    </p>
   </div>
   <div class='ocr_carea' id='block_1_57' title="bbox 2377 2928 3972 3005">
    <p class='ocr_par' dir='ltr' id='par_1_57' title="bbox 2377 2928 3972 3005">
     <span class='ocr_line' id='line_1_57' title="bbox 2377 2928 3972 3005; baseline 0.005 -25"><span class='ocrx_word' id='word_1_406' title='bbox 2377 2928 2524 2998; x_wconf 75' lang='grc' dir='ltr'><strong>ἔχειν</strong></span> <span class='ocrx_word' id='word_1_407' title='bbox 2541 2929 2632 2982; x_wconf 85' lang='grc' dir='ltr'><strong>τὸν</strong></span> <span class='ocrx_word' id='word_1_408' title='bbox 2651 2929 2766 2997; x_wconf 84' lang='grc' dir='ltr'><strong>βίον</strong></span> <span class='ocrx_word' id='word_1_409' title='bbox 2786 2930 2906 2983; x_wconf 82' lang='grc' dir='ltr'><strong>ὅλον</strong></span> <span class='ocrx_word' id='word_1_410' title='bbox 2928 2932 3225 3003; x_wconf 72' lang='grc' dir='ltr'><strong>ἐγκρατείᾳ</strong></span> <span class='ocrx_word' id='word_1_411' title='bbox 3240 2938 3684 3003; x_wconf 70' lang='grc' dir='ltr'><strong>κεκοσμημένον,</strong></span> <span class='ocrx_word' id='word_1_412' title='bbox 3702 2935 3780 3005; x_wconf 83' lang='grc' dir='ltr'><strong>τῷ</strong></span> <span class='ocrx_word' id='word_1_413' title='bbox 3804 2936 3938 2988; x_wconf 83' lang='grc' dir='ltr'><strong>πνεύ</strong></span> <span class='ocrx_word' id='word_1_414' title='bbox 3951 2965 3972 2978; x_wconf 87' lang='lat'><strong>-</strong></span> 
     </span>
    </p>
   </div>
   <div class='ocr_carea' id='block_1_58' title="bbox 2383 3023 3669 3096">
    <p class='ocr_par' dir='ltr' id='par_1_58' title="bbox 2383 3023 3669 3096">
     <span class='ocr_line' id='line_1_58' title="bbox 2383 3023 3669 3096; baseline 0.003 -20"><span class='ocrx_word' id='word_1_415' title='bbox 2383 3039 2517 3092; x_wconf 90' lang='grc' dir='ltr'><strong>ματι</strong></span> <span class='ocrx_word' id='word_1_416' title='bbox 2545 3023 2795 3088; x_wconf 75' lang='grc' dir='ltr'><strong>ζέοντας,</strong></span> <span class='ocrx_word' id='word_1_417' title='bbox 2827 3025 2921 3077; x_wconf 72' lang='grc' dir='ltr'><strong>καὶ</strong></span> <span class='ocrx_word' id='word_1_418' title='bbox 2959 3025 3037 3094; x_wconf 87' lang='grc' dir='ltr'><strong>τῷ</strong></span> <span class='ocrx_word' id='word_1_419' title='bbox 3069 3025 3259 3096; x_wconf 85' lang='grc' dir='ltr'><strong>Κυρίῳ</strong></span> <span class='ocrx_word' id='word_1_420' title='bbox 3291 3027 3669 3090; x_wconf 71' lang='grc' dir='ltr'><strong>δουλεύοντας.</strong></span> 
     </span>
    </p>
   </div>
   <div class='ocr_carea' id='block_1_59' title="bbox 677 3117 3980 3192">
    <p class='ocr_par' dir='ltr' id='par_1_59' title="bbox 677 3117 3980 3192">
     <span class='ocr_line' id='line_1_59' title="bbox 677 3117 3980 3192; baseline -0 -13"><span class='ocrx_word' id='word_1_421' title='bbox 677 3136 825 3187; x_wconf 80' lang='lat' dir='ltr'><strong>cant,</strong></span> <span class='ocrx_word' id='word_1_422' title='bbox 857 3139 962 3176; x_wconf 92' lang='lat' dir='ltr'><strong>non</strong></span> <span class='ocrx_word' id='word_1_423' title='bbox 1008 3122 1208 3175; x_wconf 84' lang='lat' dir='ltr'><strong>debere</strong></span> <span class='ocrx_word' id='word_1_424' title='bbox 1244 3119 1407 3171; x_wconf 86' lang='lat' dir='ltr'><strong>vitam</strong></span> <span class='ocrx_word' id='word_1_425' title='bbox 1446 3118 1697 3188; x_wconf 82' lang='lat' dir='ltr'><strong>ignavam</strong></span> <span class='ocrx_word' id='word_1_426' title='bbox 1753 3130 1937 3185; x_wconf 85' lang='lat' dir='ltr'><strong>agere.</strong></span> <span class='ocrx_word' id='word_1_427' title='bbox 1969 3117 2118 3183; x_wconf 89' lang='lat' dir='ltr'><strong>quod</strong></span> <span class='ocrx_word' id='word_1_428' title='bbox 2161 3130 2256 3182; x_wconf 89' lang='lat' dir='ltr'><strong>per</strong></span> <span class='ocrx_word' id='word_1_429' title='bbox 2330 3117 2598 3182; x_wconf 80' lang='lat' dir='ltr'><strong>crudum,-</strong></span> <span class='ocrx_word' id='word_1_430' title='bbox 2649 3133 2828 3186; x_wconf 88' lang='lat' dir='ltr'><strong>neqtte</strong></span> <span class='ocrx_word' id='word_1_431' title='bbox 2882 3118 3257 3189; x_wconf 86' lang='lat' dir='ltr'><strong>voluptatibus</strong></span> <span class='ocrx_word' id='word_1_432' title='bbox 3307 3121 3568 3178; x_wconf 88' lang='lat' dir='ltr'><strong>deditam.</strong></span> <span class='ocrx_word' id='word_1_433' title='bbox 3637 3126 3782 3192; x_wconf 90' lang='lat' dir='ltr'><strong>quod</strong></span> <span class='ocrx_word' id='word_1_434' title='bbox 3878 3139 3980 3192; x_wconf 79' lang='lat' dir='ltr'><strong>per</strong></span> 
     </span>
    </p>
   </div>
   <div class='ocr_carea' id='block_1_60' title="bbox 678 3207 3949 3282">
    <p class='ocr_par' dir='ltr' id='par_1_60' title="bbox 678 3207 3949 3282">
     <span class='ocr_line' id='line_1_60' title="bbox 678 3207 3949 3282; baseline 0.001 -14"><span class='ocrx_word' id='word_1_435' title='bbox 678 3225 888 3272; x_wconf 72' lang='lat' dir='ltr'><strong>coctum</strong></span> <span class='ocrx_word' id='word_1_436' title='bbox 917 3228 1056 3281; x_wconf 83' lang='lat' dir='ltr'><strong>aqua</strong></span> <span class='ocrx_word' id='word_1_437' title='bbox 1145 3209 1477 3272; x_wconf 84' lang='lat' dir='ltr'><strong>insinuatur,</strong></span> <span class='ocrx_word' id='word_1_438' title='bbox 1548 3209 1643 3262; x_wconf 88' lang='lat' dir='ltr'><strong>sed</strong></span> <span class='ocrx_word' id='word_1_439' title='bbox 1717 3209 1865 3261; x_wconf 89' lang='lat' dir='ltr'><strong>velut</strong></span> <span class='ocrx_word' id='word_1_440' title='bbox 1911 3207 2152 3276; x_wconf 77' lang='lat' dir='ltr'><strong>igneam,</strong></span> <span class='ocrx_word' id='word_1_441' title='bbox 2219 3207 2504 3264; x_wconf 84' lang='lat' dir='ltr'><strong>ardentem</strong></span> <span class='ocrx_word' id='word_1_442' title='bbox 2561 3210 2854 3279; x_wconf 86' lang='lat' dir='ltr'><strong>charitate,</strong></span> <span class='ocrx_word' id='word_1_443' title='bbox 2894 3223 2949 3266; x_wconf 90' lang='lat' dir='ltr'><strong>et</strong></span> <span class='ocrx_word' id='word_1_444' title='bbox 2983 3213 3323 3268; x_wconf 87' lang='lat' dir='ltr'><strong>continentia</strong></span> <span class='ocrx_word' id='word_1_445' title='bbox 3383 3226 3730 3282; x_wconf 75' lang='lat' dir='ltr'><strong>exornatam,</strong></span> <span class='ocrx_word' id='word_1_446' title='bbox 3778 3216 3850 3271; x_wconf 82' lang='lat' dir='ltr'><strong>ita</strong></span> <span class='ocrx_word' id='word_1_447' title='bbox 3914 3235 3949 3273; x_wconf 94' lang='lat' dir='ltr'><strong>u</strong></span> 
     </span>
    </p>
   </div>
   <div class='ocr_carea' id='block_1_61' title="bbox 677 3303 1818 3375">
    <p class='ocr_par' dir='ltr' id='par_1_61' title="bbox 677 3303 1818 3375">
     <span class='ocr_line' id='line_1_61' title="bbox 677 3303 1818 3375; baseline -0.004 -14"><span class='ocrx_word' id='word_1_448' title='bbox 677 3308 875 3375; x_wconf 79' lang='lat' dir='ltr'><strong>Spititu</strong></span> <span class='ocrx_word' id='word_1_449' title='bbox 902 3304 1174 3365; x_wconf 77' lang='lat' dir='ltr'><strong>ferveant,</strong></span> <span class='ocrx_word' id='word_1_450' title='bbox 1204 3314 1258 3357; x_wconf 85' lang='lat' dir='ltr'><strong>et</strong></span> <span class='ocrx_word' id='word_1_451' title='bbox 1289 3303 1521 3357; x_wconf 85' lang='lat' dir='ltr'><strong>Domino</strong></span> <span class='ocrx_word' id='word_1_452' title='bbox 1553 3303 1818 3356; x_wconf 81' lang='lat' dir='ltr'><strong>serviunt.</strong></span> 
     </span>
    </p>
   </div>
   <div class='ocr_carea' id='block_1_62' title="bbox 750 3396 2286 3473">
    <p class='ocr_par' dir='ltr' id='par_1_62' title="bbox 750 3396 2280 3472">
     <span class='ocr_line' id='line_1_62' title="bbox 750 3396 2280 3472; baseline -0.002 -17"><span class='ocrx_word' id='word_1_453' title='bbox 750 3405 954 3472; x_wconf 81' lang='lat' dir='ltr'><strong>Azyma</strong></span> <span class='ocrx_word' id='word_1_454' title='bbox 989 3399 1298 3468; x_wconf 79' lang='lat' dir='ltr'><strong>signiﬁcant</strong></span> <span class='ocrx_word' id='word_1_455' title='bbox 1339 3397 1576 3450; x_wconf 84' lang='lat' dir='ltr'><strong>animum</strong></span> <span class='ocrx_word' id='word_1_456' title='bbox 1601 3412 1629 3448; x_wconf 77' lang='grc' dir='ltr'><strong>ο</strong></span> <span class='ocrx_word' id='word_1_457' title='bbox 1661 3396 1805 3451; x_wconf 66' lang='lat' dir='ltr'><strong>fastu</strong></span> <span class='ocrx_word' id='word_1_458' title='bbox 1858 3398 2179 3463; x_wconf 88' lang='lat' dir='ltr'><strong>immunem,</strong></span> <span class='ocrx_word' id='word_1_459' title='bbox 2224 3408 2280 3454; x_wconf 90' lang='lat' dir='ltr'><strong>et</strong></span> 
     </span>
    </p>
   </div>
   <div class='ocr_carea' id='block_1_63' title="bbox 2371 3396 3976 3473">
    <p class='ocr_par' dir='ltr' id='par_1_63' title="bbox 2457 3399 3976 3473">
     <span class='ocr_line' id='line_1_63' title="bbox 2457 3399 3976 3473; baseline 0.006 -20"><span class='ocrx_word' id='word_1_460' title='bbox 2457 3399 2539 3454; x_wconf 81' lang='grc' dir='ltr'><strong>Τὰ</strong></span> <span class='ocrx_word' id='word_1_461' title='bbox 2605 3401 2796 3470; x_wconf 76' lang='grc' dir='ltr'><strong>άζυμα</strong></span> <span class='ocrx_word' id='word_1_462' title='bbox 2852 3403 2914 3456; x_wconf 76' lang='grc' dir='ltr'><strong>τὸ</strong></span> <span class='ocrx_word' id='word_1_463' title='bbox 2964 3404 3170 3471; x_wconf 78' lang='grc' dir='ltr'><strong>ἄτυφον</strong></span> <span class='ocrx_word' id='word_1_464' title='bbox 3228 3406 3507 3473; x_wconf 80' lang='grc' dir='ltr'><strong>σημαίνει,</strong></span> <span class='ocrx_word' id='word_1_465' title='bbox 3576 3406 3674 3459; x_wconf 77' lang='grc' dir='ltr'><strong>καὶ</strong></span> <span class='ocrx_word' id='word_1_466' title='bbox 3733 3409 3976 3470; x_wconf 81' lang='grc' dir='ltr'><strong>παλαιᾶς</strong></span> 
     </span>
    </p>
   </div>
   <div class='ocr_carea' id='block_1_64' title="bbox 683 3489 2282 3558">
    <p class='ocr_par' dir='ltr' id='par_1_64' title="bbox 683 3489 2282 3558">
     <span class='ocr_line' id='line_1_64' title="bbox 683 3489 2282 3558; baseline -0.003 -9"><span class='ocrx_word' id='word_1_467' title='bbox 683 3495 901 3549; x_wconf 69' lang='lat' dir='ltr'><strong>aveteri</strong></span> <span class='ocrx_word' id='word_1_468' title='bbox 933 3493 1018 3546; x_wconf 88' lang='lat' dir='ltr'><strong>illa</strong></span> <span class='ocrx_word' id='word_1_469' title='bbox 1050 3502 1104 3546; x_wconf 86' lang='lat' dir='ltr'><strong>et</strong></span> <span class='ocrx_word' id='word_1_470' title='bbox 1157 3489 1357 3544; x_wconf 86' lang='lat' dir='ltr'><strong>acerba</strong></span> <span class='ocrx_word' id='word_1_471' title='bbox 1412 3492 1813 3544; x_wconf 82' lang='lat' dir='ltr'><strong>consuetudine</strong></span> <span class='ocrx_word' id='word_1_472' title='bbox 1862 3503 2223 3558; x_wconf 78' lang='lat' dir='ltr'><strong>expurgatum</strong></span> <span class='ocrx_word' id='word_1_473' title='bbox 2267 3508 2282 3556; x_wconf 88' lang='lat'><strong>;</strong></span> 
     </span>
    </p>
   </div>
   <div class='ocr_carea' id='block_1_65' title="bbox 682 3582 2277 3656">
    <p class='ocr_par' dir='ltr' id='par_1_65' title="bbox 682 3582 2277 3656">
     <span class='ocr_line' id='line_1_65' title="bbox 682 3582 2277 3656; baseline -0.001 -17"><span class='ocrx_word' id='word_1_474' title='bbox 682 3604 858 3656; x_wconf 79' lang='lat' dir='ltr'><strong>neque</strong></span> <span class='ocrx_word' id='word_1_475' title='bbox 879 3587 1023 3638; x_wconf 91' lang='lat' dir='ltr'><strong>enim</strong></span> <span class='ocrx_word' id='word_1_476' title='bbox 1055 3586 1217 3653; x_wconf 87' lang='lat' dir='ltr'><strong>impia</strong></span> <span class='ocrx_word' id='word_1_477' title='bbox 1257 3583 1658 3637; x_wconf 75' lang='lat' dir='ltr'><strong>Pharisaeorum</strong></span> <span class='ocrx_word' id='word_1_478' title='bbox 1690 3582 2063 3650; x_wconf 89' lang='lat' dir='ltr'><strong>institutione,</strong></span> <span class='ocrx_word' id='word_1_479' title='bbox 2098 3600 2277 3652; x_wconf 82' lang='lat' dir='ltr'><strong>neque</strong></span> 
     </span>
    </p>
   </div>
   <div class='ocr_carea' id='block_1_66' title="bbox 667 3675 2283 3747">
    <p class='ocr_par' dir='ltr' id='par_1_66' title="bbox 667 3675 2283 3747">
     <span class='ocr_line' id='line_1_66' title="bbox 667 3675 2283 3747; baseline -0.004 -12"><span class='ocrx_word' id='word_1_480' title='bbox 667 3677 1007 3735; x_wconf 86' lang='lat' dir='ltr'><strong>.multil&#39;ormi</strong></span> <span class='ocrx_word' id='word_1_481' title='bbox 1057 3675 1439 3747; x_wconf 65' lang='lat' dir='ltr'><strong>Egyptiorutn</strong></span> <span class='ocrx_word' id='word_1_482' title='bbox 1486 3690 1676 3728; x_wconf 89' lang='lat' dir='ltr'><strong>errore</strong></span> <span class='ocrx_word' id='word_1_483' title='bbox 1728 3677 2142 3745; x_wconf 82' lang='lat' dir='ltr'><strong>eonspergenda</strong></span> <span class='ocrx_word' id='word_1_484' title='bbox 2196 3684 2283 3731; x_wconf 82' lang='lat' dir='ltr'><strong>est</strong></span> 
     </span>
    </p>
   </div>
   <div class='ocr_carea' id='block_1_67' title="bbox 687 3759 2287 3840">
    <p class='ocr_par' dir='ltr' id='par_1_67' title="bbox 687 3759 2287 3840">
     <span class='ocr_line' id='line_1_67' title="bbox 687 3759 2287 3840; baseline -0.002 -15"><span class='ocrx_word' id='word_1_485' title='bbox 687 3788 822 3826; x_wconf 88' lang='lat' dir='ltr'><strong>nova</strong></span> <span class='ocrx_word' id='word_1_486' title='bbox 855 3769 1130 3840; x_wconf 76' lang='lat' dir='ltr'><strong>Evangelii</strong></span> <span class='ocrx_word' id='word_1_487' title='bbox 1168 3769 1442 3823; x_wconf 87' lang='lat' dir='ltr'><strong>doctrina.</strong></span> <span class='ocrx_word' id='word_1_488' title='bbox 1492 3759 1780 3822; x_wconf 82' lang='lat' dir='ltr'><strong>Addttntur</strong></span> <span class='ocrx_word' id='word_1_489' title='bbox 1845 3768 2074 3823; x_wconf 69' lang='lat' dir='ltr'><strong>laetuca:</strong></span> <span class='ocrx_word' id='word_1_490' title='bbox 2133 3783 2287 3837; x_wconf 85' lang='lat' dir='ltr'><strong>agre-</strong></span> 
     </span>
    </p>
   </div>
   <div class='ocr_carea' id='block_1_68' title="bbox 686 3860 2285 3930">
    <p class='ocr_par' dir='ltr' id='par_1_68' title="bbox 686 3860 2285 3930">
     <span class='ocr_line' id='line_1_68' title="bbox 686 3860 2285 3930; baseline -0.001 -12"><span class='ocrx_word' id='word_1_491' title='bbox 686 3876 798 3918; x_wconf 85' lang='lat' dir='ltr'><strong>stes</strong></span> <span class='ocrx_word' id='word_1_492' title='bbox 831 3865 901 3916; x_wconf 93' lang='lat' dir='ltr'><strong>ob</strong></span> <span class='ocrx_word' id='word_1_493' title='bbox 953 3861 1326 3930; x_wconf 84' lang='lat' dir='ltr'><strong>asperitatem,</strong></span> <span class='ocrx_word' id='word_1_494' title='bbox 1384 3875 1505 3927; x_wconf 71' lang='lat' dir='ltr'><strong>qua:</strong></span> <span class='ocrx_word' id='word_1_495' title='bbox 1557 3860 1609 3913; x_wconf 94' lang='lat' dir='ltr'><strong>in</strong></span> <span class='ocrx_word' id='word_1_496' title='bbox 1660 3862 1767 3912; x_wconf 86' lang='lat' dir='ltr'><strong>vita</strong></span> <span class='ocrx_word' id='word_1_497' title='bbox 1832 3860 2033 3916; x_wconf 85' lang='lat' dir='ltr'><strong>divinis</strong></span> <span class='ocrx_word' id='word_1_498' title='bbox 2074 3861 2285 3928; x_wconf 84' lang='lat' dir='ltr'><strong>legibus</strong></span> 
     </span>
    </p>
   </div>
   <div class='ocr_carea' id='block_1_69' title="bbox 683 3951 2283 4020">
    <p class='ocr_par' dir='ltr' id='par_1_69' title="bbox 683 3951 2283 4020">
     <span class='ocr_line' id='line_1_69' title="bbox 683 3951 2283 4020; baseline -0.002 -10"><span class='ocrx_word' id='word_1_499' title='bbox 683 3963 1054 4010; x_wconf 76' lang='lat' dir='ltr'><strong>consentanea</strong></span> <span class='ocrx_word' id='word_1_500' title='bbox 1078 3953 1221 4007; x_wconf 88' lang='lat' dir='ltr'><strong>inest</strong></span> <span class='ocrx_word' id='word_1_501' title='bbox 1247 3969 1262 4017; x_wconf 83' lang='lat'><strong>;</strong></span> <span class='ocrx_word' id='word_1_502' title='bbox 1290 3951 1490 4020; x_wconf 90' lang='lat' dir='ltr'><strong>quibus</strong></span> <span class='ocrx_word' id='word_1_503' title='bbox 1515 3962 1696 4007; x_wconf 87' lang='lat' dir='ltr'><strong>tamen</strong></span> <span class='ocrx_word' id='word_1_504' title='bbox 1727 3953 1960 4008; x_wconf 89' lang='lat' dir='ltr'><strong>libenter</strong></span> <span class='ocrx_word' id='word_1_505' title='bbox 1990 3956 2283 4016; x_wconf 81' lang='lat' dir='ltr'><strong>vescimur,</strong></span> 
     </span>
    </p>
   </div>
   <div class='ocr_carea' id='block_1_70' title="bbox 689 4047 2289 4119">
    <p class='ocr_par' dir='ltr' id='par_1_70' title="bbox 689 4047 2289 4119">
     <span class='ocr_line' id='line_1_70' title="bbox 689 4047 2289 4119; baseline -0.001 -13"><span class='ocrx_word' id='word_1_506' title='bbox 689 4053 912 4106; x_wconf 79' lang='lat' dir='ltr'><strong>excitati</strong></span> <span class='ocrx_word' id='word_1_507' title='bbox 959 4065 1055 4119; x_wconf 87' lang='lat' dir='ltr'><strong>spe</strong></span> <span class='ocrx_word' id='word_1_508' title='bbox 1082 4047 1271 4103; x_wconf 60' lang='lat' dir='ltr'><strong>salerni</strong></span> <span class='ocrx_word' id='word_1_509' title='bbox 1310 4047 1489 4116; x_wconf 82' lang='lat' dir='ltr'><strong>gaudii</strong></span> <span class='ocrx_word' id='word_1_510' title='bbox 1521 4065 1535 4113; x_wconf 90' lang='lat'><strong>;</strong></span> <span class='ocrx_word' id='word_1_511' title='bbox 1563 4049 1693 4117; x_wconf 90' lang='lat' dir='ltr'><strong>quin</strong></span> <span class='ocrx_word' id='word_1_512' title='bbox 1728 4058 1781 4102; x_wconf 88' lang='lat' dir='ltr'><strong>et</strong></span> <span class='ocrx_word' id='word_1_513' title='bbox 1813 4049 2097 4118; x_wconf 59' lang='lat' dir='ltr'><strong>gloriandi.</strong></span> <span class='ocrx_word' id='word_1_514' title='bbox 2119 4060 2289 4104; x_wconf 68' lang='lat' dir='ltr'><strong>mate-</strong></span> 
     </span>
    </p>
   </div>
   <div class='ocr_carea' id='block_1_71' title="bbox 675 4139 2289 4209">
    <p class='ocr_par' dir='ltr' id='par_1_71' title="bbox 675 4139 2289 4209">
     <span class='ocr_line' id='line_1_71' title="bbox 675 4139 2289 4209; baseline -0.002 -12"><span class='ocrx_word' id='word_1_515' title='bbox 675 4145 826 4197; x_wconf 68' lang='lat' dir='ltr'><strong>rium</strong></span> <span class='ocrx_word' id='word_1_516' title='bbox 859 4143 1013 4196; x_wconf 88' lang='lat' dir='ltr'><strong>nobis</strong></span> <span class='ocrx_word' id='word_1_517' title='bbox 1056 4141 1321 4209; x_wconf 64' lang='lat' dir='ltr'><strong>praebent,</strong></span> <span class='ocrx_word' id='word_1_518' title='bbox 1357 4140 1427 4191; x_wconf 90' lang='lat' dir='ltr'><strong>ob</strong></span> <span class='ocrx_word' id='word_1_519' title='bbox 1478 4139 1797 4209; x_wconf 86' lang='lat' dir='ltr'><strong>patientiam</strong></span> <span class='ocrx_word' id='word_1_520' title='bbox 1842 4154 2005 4206; x_wconf 89' lang='lat' dir='ltr'><strong>quam</strong></span> <span class='ocrx_word' id='word_1_521' title='bbox 2062 4154 2289 4195; x_wconf 80' lang='lat' dir='ltr'><strong>exerce-</strong></span> 
     </span>
    </p>
   </div>
   <div class='ocr_carea' id='block_1_72' title="bbox 692 4229 2285 4302">
    <p class='ocr_par' dir='ltr' id='par_1_72' title="bbox 692 4229 2285 4302">
     <span class='ocr_line' id='line_1_72' title="bbox 692 4229 2285 4302; baseline -0.004 -12"><span class='ocrx_word' id='word_1_522' title='bbox 692 4251 835 4290; x_wconf 86' lang='lat' dir='ltr'><strong>mus.</strong></span> <span class='ocrx_word' id='word_1_523' title='bbox 867 4231 1041 4302; x_wconf 87' lang='lat' dir='ltr'><strong>Caput</strong></span> <span class='ocrx_word' id='word_1_524' title='bbox 1071 4246 1194 4284; x_wconf 89' lang='lat' dir='ltr'><strong>cum</strong></span> <span class='ocrx_word' id='word_1_525' title='bbox 1248 4229 1481 4300; x_wconf 86' lang='lat' dir='ltr'><strong>pedibus</strong></span> <span class='ocrx_word' id='word_1_526' title='bbox 1543 4239 1598 4284; x_wconf 86' lang='lat' dir='ltr'><strong>et</strong></span> <span class='ocrx_word' id='word_1_527' title='bbox 1656 4231 1932 4284; x_wconf 86' lang='lat' dir='ltr'><strong>intestinis</strong></span> <span class='ocrx_word' id='word_1_528' title='bbox 1990 4245 2285 4296; x_wconf 85' lang='lat' dir='ltr'><strong>voramus;</strong></span> 
     </span>
    </p>
   </div>
   <div class='ocr_carea' id='block_1_73' title="bbox 692 4318 2292 4393">
    <p class='ocr_par' dir='ltr' id='par_1_73' title="bbox 692 4318 2292 4393">
     <span class='ocr_line' id='line_1_73' title="bbox 692 4318 2292 4393; baseline -0.002 -17"><span class='ocrx_word' id='word_1_529' title='bbox 692 4325 886 4393; x_wconf 73' lang='lat' dir='ltr'><strong>capitis</strong></span> <span class='ocrx_word' id='word_1_530' title='bbox 921 4323 1140 4375; x_wconf 83' lang='lat' dir='ltr'><strong>nomine</strong></span> <span class='ocrx_word' id='word_1_531' title='bbox 1195 4321 1553 4390; x_wconf 84' lang='lat' dir='ltr'><strong>intelligimus</strong></span> <span class='ocrx_word' id='word_1_532' title='bbox 1592 4319 1933 4373; x_wconf 71' lang='lat' dir='ltr'><strong>divinitatem</strong></span> <span class='ocrx_word' id='word_1_533' title='bbox 1968 4318 2128 4384; x_wconf 82' lang='lat' dir='ltr'><strong>Agni,</strong></span> <span class='ocrx_word' id='word_1_534' title='bbox 2195 4333 2292 4386; x_wconf 91' lang='lat' dir='ltr'><strong>pro</strong></span> 
     </span>
    </p>
   </div>
   <div class='ocr_carea' id='block_1_74' title="bbox 695 4411 2287 4481">
    <p class='ocr_par' dir='ltr' id='par_1_74' title="bbox 695 4411 2287 4481">
     <span class='ocr_line' id='line_1_74' title="bbox 695 4411 2287 4481; baseline -0.006 -11"><span class='ocrx_word' id='word_1_535' title='bbox 695 4417 856 4470; x_wconf 82' lang='lat' dir='ltr'><strong>nobis</strong></span> <span class='ocrx_word' id='word_1_536' title='bbox 914 4414 1216 4474; x_wconf 83' lang='lat' dir='ltr'><strong>immolati;</strong></span> <span class='ocrx_word' id='word_1_537' title='bbox 1280 4413 1477 4481; x_wconf 84' lang='lat' dir='ltr'><strong>pedum</strong></span> <span class='ocrx_word' id='word_1_538' title='bbox 1536 4412 1780 4475; x_wconf 86' lang='lat' dir='ltr'><strong>nomine,</strong></span> <span class='ocrx_word' id='word_1_539' title='bbox 1847 4411 2287 4474; x_wconf 84' lang='lat' dir='ltr'><strong>humanitatem;</strong></span> 
     </span>
    </p>
   </div>
   <div class='ocr_carea' id='block_1_75' title="bbox 696 4497 2290 4565">
    <p class='ocr_par' dir='ltr' id='par_1_75' title="bbox 696 4497 2290 4565">
     <span class='ocr_line' id='line_1_75' title="bbox 696 4497 2290 4565; baseline -0.004 -7"><span class='ocrx_word' id='word_1_540' title='bbox 696 4505 1082 4558; x_wconf 84' lang='lat' dir='ltr'><strong>intestinorum</strong></span> <span class='ocrx_word' id='word_1_541' title='bbox 1135 4501 1383 4562; x_wconf 85' lang='lat' dir='ltr'><strong>nomine,</strong></span> <span class='ocrx_word' id='word_1_542' title='bbox 1436 4500 1724 4553; x_wconf 84' lang='lat' dir='ltr'><strong>indivisam</strong></span> <span class='ocrx_word' id='word_1_543' title='bbox 1788 4497 1933 4552; x_wconf 73' lang='lat' dir='ltr'><strong>illam</strong></span> <span class='ocrx_word' id='word_1_544' title='bbox 2006 4500 2290 4565; x_wconf 87' lang='lat' dir='ltr'><strong>uttiusque</strong></span> 
     </span>
    </p>
   </div>
   <div class='ocr_carea' id='block_1_76' title="bbox 695 4589 2288 4659">
    <p class='ocr_par' dir='ltr' id='par_1_76' title="bbox 695 4589 2288 4659">
     <span class='ocr_line' id='line_1_76' title="bbox 695 4589 2288 4659; baseline -0.005 -7"><span class='ocrx_word' id='word_1_545' title='bbox 695 4609 903 4652; x_wconf 65' lang='lat' dir='ltr'><strong>Latum</strong></span> <span class='ocrx_word' id='word_1_546' title='bbox 919 4604 972 4648; x_wconf 89' lang='lat' dir='ltr'><strong>et</strong></span> <span class='ocrx_word' id='word_1_547' title='bbox 993 4592 1330 4648; x_wconf 82' lang='lat' dir='ltr'><strong>ineonlusam</strong></span> <span class='ocrx_word' id='word_1_548' title='bbox 1350 4593 1403 4644; x_wconf 91' lang='lat' dir='ltr'><strong>in</strong></span> <span class='ocrx_word' id='word_1_549' title='bbox 1438 4607 1541 4645; x_wconf 88' lang='lat' dir='ltr'><strong>una</strong></span> <span class='ocrx_word' id='word_1_550' title='bbox 1567 4605 1798 4659; x_wconf 83' lang='lat' dir='ltr'><strong>persona</strong></span> <span class='ocrx_word' id='word_1_551' title='bbox 1823 4589 2288 4658; x_wconf 87' lang='lat' dir='ltr'><strong>conjunctionem.</strong></span> 
     </span>
    </p>
   </div>
   <div class='ocr_carea' id='block_1_77' title="bbox 697 4683 2288 4751">
    <p class='ocr_par' dir='ltr' id='par_1_77' title="bbox 697 4683 2288 4751">
     <span class='ocr_line' id='line_1_77' title="bbox 697 4683 2288 4751; baseline -0.006 -6"><span class='ocrx_word' id='word_1_552' title='bbox 697 4689 872 4745; x_wconf 74' lang='lat' dir='ltr'><strong>Porro</strong></span> <span class='ocrx_word' id='word_1_553' title='bbox 898 4688 1080 4742; x_wconf 81' lang='lat' dir='ltr'><strong>nullus</strong></span> <span class='ocrx_word' id='word_1_554' title='bbox 1127 4684 1566 4746; x_wconf 85' lang='lat' dir='ltr'><strong>incircutncistts,</strong></span> <span class='ocrx_word' id='word_1_555' title='bbox 1627 4683 1808 4738; x_wconf 86' lang='lat' dir='ltr'><strong>nullus</strong></span> <span class='ocrx_word' id='word_1_556' title='bbox 1855 4683 2164 4751; x_wconf 74' lang='lat' dir='ltr'><strong>alienigena</strong></span> <span class='ocrx_word' id='word_1_557' title='bbox 2223 4698 2288 4737; x_wconf 78' lang='lat' dir='ltr'><strong>ex</strong></span> 
     </span>
    </p>
   </div>
   <div class='ocr_carea' id='block_1_78' title="bbox 2391 3495 3979 3569">
    <p class='ocr_par' dir='ltr' id='par_1_78' title="bbox 2391 3495 3979 3569">
     <span class='ocr_line' id='line_1_78' title="bbox 2391 3495 3979 3569; baseline 0.002 -20"><span class='ocrx_word' id='word_1_558' title='bbox 2391 3497 2804 3566; x_wconf 85' lang='grc' dir='ltr'><strong>κεχωρισμένον</strong></span> <span class='ocrx_word' id='word_1_559' title='bbox 2857 3495 3092 3562; x_wconf 79' lang='grc' dir='ltr'><strong>δξὼδους</strong></span> <span class='ocrx_word' id='word_1_560' title='bbox 3156 3500 3494 3569; x_wconf 80' lang='grc' dir='ltr'><strong>συνηθείαςο</strong></span> <span class='ocrx_word' id='word_1_561' title='bbox 3543 3499 3667 3552; x_wconf 68' lang='grc' dir='ltr'><strong>οὔτε</strong></span> <span class='ocrx_word' id='word_1_562' title='bbox 3720 3503 3827 3568; x_wconf 73' lang='grc' dir='ltr'><strong>γὰρ</strong></span> <span class='ocrx_word' id='word_1_563' title='bbox 3879 3505 3979 3568; x_wconf 76' lang='grc' dir='ltr'><strong>τὴν</strong></span> 
     </span>
    </p>
   </div>
   <div class='ocr_carea' id='block_1_79' title="bbox 2389 3586 3980 3660">
    <p class='ocr_par' dir='ltr' id='par_1_79' title="bbox 2389 3586 3980 3660">
     <span class='ocr_line' id='line_1_79' title="bbox 2389 3586 3980 3660; baseline 0.004 -21"><span class='ocrx_word' id='word_1_564' title='bbox 2389 3586 2551 3640; x_wconf 79' lang='grc' dir='ltr'><strong>ἄθεον</strong></span> <span class='ocrx_word' id='word_1_565' title='bbox 2597 3589 2912 3653; x_wconf 78' lang='grc' dir='ltr'><strong>Φαρισαίων</strong></span> <span class='ocrx_word' id='word_1_566' title='bbox 2968 3589 3298 3658; x_wconf 86' lang='grc' dir='ltr'><strong>εἰσήγησιν,</strong></span> <span class='ocrx_word' id='word_1_567' title='bbox 3351 3589 3476 3643; x_wconf 76' lang='grc' dir='ltr'><strong>οὔτε</strong></span> <span class='ocrx_word' id='word_1_568' title='bbox 3529 3592 3627 3660; x_wconf 83' lang='grc' dir='ltr'><strong>τὴν</strong></span> <span class='ocrx_word' id='word_1_569' title='bbox 3675 3593 3980 3659; x_wconf 79' lang='grc' dir='ltr'><strong>Αίγύπτιον</strong></span> 
     </span>
    </p>
   </div>
   <div class='ocr_carea' id='block_1_80' title="bbox 2390 3677 3983 3754">
    <p class='ocr_par' dir='ltr' id='par_1_80' title="bbox 2390 3677 3983 3754">
     <span class='ocr_line' id='line_1_80' title="bbox 2390 3677 3983 3754; baseline 0.004 -24"><span class='ocrx_word' id='word_1_570' title='bbox 2390 3677 2712 3748; x_wconf 86' lang='grc' dir='ltr'><strong>πολυπλανῆ</strong></span> <span class='ocrx_word' id='word_1_571' title='bbox 2760 3678 3087 3733; x_wconf 73' lang='grc' dir='ltr'><strong>δυσσέϐειαν</strong></span> <span class='ocrx_word' id='word_1_572' title='bbox 3127 3683 3477 3750; x_wconf 80' lang='grc' dir='ltr'><strong>ὲπιμιγνύειν</strong></span> <span class='ocrx_word' id='word_1_573' title='bbox 3510 3683 3616 3752; x_wconf 87' lang='grc' dir='ltr'><strong>χρὴ</strong></span> <span class='ocrx_word' id='word_1_574' title='bbox 3638 3683 3716 3751; x_wconf 83' lang='grc' dir='ltr'><strong>τῷ</strong></span> <span class='ocrx_word' id='word_1_575' title='bbox 3744 3685 3852 3753; x_wconf 88' lang='grc' dir='ltr'><strong>νέῳ</strong></span> <span class='ocrx_word' id='word_1_576' title='bbox 3883 3702 3983 3754; x_wconf 79' lang='grc' dir='ltr'><strong>κηο</strong></span> 
     </span>
    </p>
   </div>
   <div class='ocr_carea' id='block_1_81' title="bbox 2391 3767 3979 3843">
    <p class='ocr_par' dir='ltr' id='par_1_81' title="bbox 2391 3767 3979 3843">
     <span class='ocr_line' id='line_1_81' title="bbox 2391 3767 3979 3843; baseline 0.005 -23"><span class='ocrx_word' id='word_1_577' title='bbox 2391 3767 2657 3838; x_wconf 81' lang='grc' dir='ltr'><strong>ρύγματι.</strong></span> <span class='ocrx_word' id='word_1_578' title='bbox 2709 3769 2777 3822; x_wconf 82' lang='grc' dir='ltr'><strong>Αἰ</strong></span> <span class='ocrx_word' id='word_1_579' title='bbox 2810 3770 3060 3838; x_wconf 87' lang='grc' dir='ltr'><strong>πικρίδες</strong></span> <span class='ocrx_word' id='word_1_580' title='bbox 3098 3771 3187 3824; x_wconf 82' lang='grc' dir='ltr'><strong>διὰ</strong></span> <span class='ocrx_word' id='word_1_581' title='bbox 3219 3773 3280 3825; x_wconf 79' lang='grc' dir='ltr'><strong>τὸ</strong></span> <span class='ocrx_word' id='word_1_582' title='bbox 3323 3775 3497 3843; x_wconf 85' lang='grc' dir='ltr'><strong>τραχὺ</strong></span> <span class='ocrx_word' id='word_1_583' title='bbox 3533 3773 3629 3827; x_wconf 88' lang='grc' dir='ltr'><strong>τοῦ</strong></span> <span class='ocrx_word' id='word_1_584' title='bbox 3667 3776 3814 3828; x_wconf 82' lang='grc' dir='ltr'><strong>κατὰ</strong></span> <span class='ocrx_word' id='word_1_585' title='bbox 3843 3776 3979 3828; x_wconf 77' lang='grc' dir='ltr'><strong>Θεὸν</strong></span> 
     </span>
    </p>
   </div>
   <div class='ocr_carea' id='block_1_82' title="bbox 2392 3860 3982 3940">
    <p class='ocr_par' dir='ltr' id='par_1_82' title="bbox 2392 3860 3982 3940">
     <span class='ocr_line' id='line_1_82' title="bbox 2392 3860 3982 3940; baseline 0.006 -28"><span class='ocrx_word' id='word_1_586' title='bbox 2392 3861 2534 3930; x_wconf 81' lang='grc' dir='ltr'><strong>βίου,</strong></span> <span class='ocrx_word' id='word_1_587' title='bbox 2567 3860 2792 3924; x_wconf 74' lang='grc' dir='ltr'><strong>καὶτὰς</strong></span> <span class='ocrx_word' id='word_1_588' title='bbox 2832 3861 2899 3913; x_wconf 76' lang='grc' dir='ltr'><strong>ὲκ</strong></span> <span class='ocrx_word' id='word_1_589' title='bbox 2935 3862 3045 3916; x_wconf 88' lang='grc' dir='ltr'><strong>τῶν</strong></span> <span class='ocrx_word' id='word_1_590' title='bbox 3073 3865 3404 3933; x_wconf 82' lang='grc' dir='ltr'><strong>πειρασμῶν</strong></span> <span class='ocrx_word' id='word_1_591' title='bbox 3440 3865 3668 3934; x_wconf 85' lang='grc' dir='ltr'><strong>πικρίας</strong></span> <span class='ocrx_word' id='word_1_592' title='bbox 3708 3868 3982 3940; x_wconf 83' lang='grc' dir='ltr'><strong>προσελή-</strong></span> 
     </span>
    </p>
   </div>
   <div class='ocr_carea' id='block_1_83' title="bbox 2391 3950 3978 4025">
    <p class='ocr_par' dir='ltr' id='par_1_83' title="bbox 2391 3950 3978 4025">
     <span class='ocr_line' id='line_1_83' title="bbox 2391 3950 3978 4025; baseline 0.004 -22"><span class='ocrx_word' id='word_1_593' title='bbox 2391 3951 2627 4021; x_wconf 76' lang='grc' dir='ltr'><strong>φθησαν,</strong></span> <span class='ocrx_word' id='word_1_594' title='bbox 2660 3950 2725 4013; x_wconf 77' lang='grc' dir='ltr'><strong>ἃς</strong></span> <span class='ocrx_word' id='word_1_595' title='bbox 2765 3952 2860 4004; x_wconf 79' lang='grc' dir='ltr'><strong>καὶ</strong></span> <span class='ocrx_word' id='word_1_596' title='bbox 2883 3953 3056 4020; x_wconf 74' lang='grc' dir='ltr'><strong>ἡδέως</strong></span> <span class='ocrx_word' id='word_1_597' title='bbox 3081 3953 3507 4023; x_wconf 79' lang='grc' dir='ltr'><strong>ἑπισιτιζόμεθα</strong></span> <span class='ocrx_word' id='word_1_598' title='bbox 3534 3956 3622 4008; x_wconf 82' lang='grc' dir='ltr'><strong>διὰ</strong></span> <span class='ocrx_word' id='word_1_599' title='bbox 3653 3955 3755 4025; x_wconf 77' lang='grc' dir='ltr'><strong>τὴν</strong></span> <span class='ocrx_word' id='word_1_600' title='bbox 3780 3957 3978 4010; x_wconf 67' lang='grc' dir='ltr'><strong>ἐλπίδα</strong></span> 
     </span>
    </p>
   </div>
   <div class='ocr_carea' id='block_1_84' title="bbox 2391 4043 3977 4116">
    <p class='ocr_par' dir='ltr' id='par_1_84' title="bbox 2391 4043 3977 4116">
     <span class='ocr_line' id='line_1_84' title="bbox 2391 4043 3977 4116; baseline 0.003 -20"><span class='ocrx_word' id='word_1_601' title='bbox 2391 4044 2488 4112; x_wconf 82' lang='grc' dir='ltr'><strong>τῆς</strong></span> <span class='ocrx_word' id='word_1_602' title='bbox 2525 4043 2749 4096; x_wconf 88' lang='grc' dir='ltr'><strong>αἰωνίου</strong></span> <span class='ocrx_word' id='word_1_603' title='bbox 2776 4045 2972 4114; x_wconf 79' lang='grc' dir='ltr'><strong>χαρᾶς,</strong></span> <span class='ocrx_word' id='word_1_604' title='bbox 3016 4046 3112 4098; x_wconf 75' lang='grc' dir='ltr'><strong>καὶ</strong></span> <span class='ocrx_word' id='word_1_605' title='bbox 3137 4046 3467 4116; x_wconf 87' lang='grc' dir='ltr'><strong>καυχήσεως</strong></span> <span class='ocrx_word' id='word_1_606' title='bbox 3499 4046 3761 4100; x_wconf 79' lang='grc' dir='ltr'><strong>ὑπόθεσιν</strong></span> <span class='ocrx_word' id='word_1_607' title='bbox 3793 4047 3977 4101; x_wconf 67' lang='lat' dir='ltr'><strong>natati-</strong></span> 
     </span>
    </p>
   </div>
   <div class='ocr_carea' id='block_1_85' title="bbox 2395 4136 3980 4210">
    <p class='ocr_par' dir='ltr' id='par_1_85' title="bbox 2395 4136 3980 4210">
     <span class='ocr_line' id='line_1_85' title="bbox 2395 4136 3980 4210; baseline 0.005 -22"><span class='ocrx_word' id='word_1_608' title='bbox 2395 4137 2540 4207; x_wconf 87' lang='grc' dir='ltr'><strong>μεθα</strong></span> <span class='ocrx_word' id='word_1_609' title='bbox 2575 4136 2651 4199; x_wconf 85' lang='grc' dir='ltr'><strong>ὠς</strong></span> <span class='ocrx_word' id='word_1_610' title='bbox 2685 4138 2968 4207; x_wconf 64' lang='grc' dir='ltr'><strong>1ᾄπομονὴν</strong></span> <span class='ocrx_word' id='word_1_611' title='bbox 3022 4139 3517 4209; x_wconf 76' lang='grc' dir='ltr'><strong>κατεργαζόμενοι.</strong></span> <span class='ocrx_word' id='word_1_612' title='bbox 3587 4141 3874 4210; x_wconf 86' lang='grc' dir='ltr'><strong>Ἐσθίομεν</strong></span> <span class='ocrx_word' id='word_1_613' title='bbox 3920 4143 3980 4196; x_wconf 71' lang='grc' dir='ltr'><strong>δὲ</strong></span> 
     </span>
    </p>
   </div>
   <div class='ocr_carea' id='block_1_86' title="bbox 2395 4228 3983 4298">
    <p class='ocr_par' dir='ltr' id='par_1_86' title="bbox 2395 4228 3983 4298">
     <span class='ocr_line' id='line_1_86' title="bbox 2395 4228 3983 4298; baseline 0.004 -17"><span class='ocrx_word' id='word_1_614' title='bbox 2395 4228 2642 4296; x_wconf 68' lang='grc' dir='ltr'><strong>κεφαλὴν</strong></span> <span class='ocrx_word' id='word_1_615' title='bbox 2699 4228 2798 4280; x_wconf 81' lang='grc' dir='ltr'><strong>σὺν</strong></span> <span class='ocrx_word' id='word_1_616' title='bbox 2839 4232 2951 4290; x_wconf 76' lang='grc' dir='ltr'><strong>τοῖς</strong></span> <span class='ocrx_word' id='word_1_617' title='bbox 2998 4231 3127 4281; x_wconf 75' lang='grc' dir='ltr'><strong>ποσὶ</strong></span> <span class='ocrx_word' id='word_1_618' title='bbox 3202 4234 3296 4281; x_wconf 72' lang='grc' dir='ltr'><strong>καὶ</strong></span> <span class='ocrx_word' id='word_1_619' title='bbox 3349 4233 3463 4293; x_wconf 83' lang='grc' dir='ltr'><strong>τοῖς</strong></span> <span class='ocrx_word' id='word_1_620' title='bbox 3507 4232 3825 4298; x_wconf 69' lang='grc' dir='ltr'><strong>ένδοσθίοις,</strong></span> <span class='ocrx_word' id='word_1_621' title='bbox 3883 4236 3983 4287; x_wconf 81' lang='grc' dir='ltr'><strong>καὶ</strong></span> 
     </span>
    </p>
   </div>
   <div class='ocr_carea' id='block_1_87' title="bbox 2394 4317 3981 4395">
    <p class='ocr_par' dir='ltr' id='par_1_87' title="bbox 2394 4317 3981 4395">
     <span class='ocr_line' id='line_1_87' title="bbox 2394 4317 3981 4395; baseline 0.006 -24"><span class='ocrx_word' id='word_1_622' title='bbox 2394 4317 2626 4387; x_wconf 73' lang='grc' dir='ltr'><strong>νοοῦμεν</strong></span> <span class='ocrx_word' id='word_1_623' title='bbox 2658 4319 2903 4390; x_wconf 60' lang='grc' dir='ltr'><strong>κεφαλὴν</strong></span> <span class='ocrx_word' id='word_1_624' title='bbox 2933 4319 3027 4372; x_wconf 85' lang='grc' dir='ltr'><strong>τοῦ</strong></span> <span class='ocrx_word' id='word_1_625' title='bbox 3083 4321 3222 4391; x_wconf 78' lang='grc' dir='ltr'><strong>ὑπὲρ</strong></span> <span class='ocrx_word' id='word_1_626' title='bbox 3272 4324 3424 4390; x_wconf 77' lang='grc' dir='ltr'><strong>ἡμᾶς</strong></span> <span class='ocrx_word' id='word_1_627' title='bbox 3474 4324 3730 4388; x_wconf 82' lang='grc' dir='ltr'><strong>τυθέντος</strong></span> <span class='ocrx_word' id='word_1_628' title='bbox 3778 4326 3981 4395; x_wconf 84' lang='grc' dir='ltr'><strong>Ἀμνοῦ</strong></span> 
     </span>
    </p>
   </div>
   <div class='ocr_carea' id='block_1_88' title="bbox 2396 4409 3982 4486">
    <p class='ocr_par' dir='ltr' id='par_1_88' title="bbox 2396 4409 3982 4486">
     <span class='ocr_line' id='line_1_88' title="bbox 2396 4409 3982 4486; baseline 0.006 -23"><span class='ocrx_word' id='word_1_629' title='bbox 2396 4411 2497 4478; x_wconf 72' lang='grc' dir='ltr'><strong>τὴν</strong></span> <span class='ocrx_word' id='word_1_630' title='bbox 2524 4409 2783 4479; x_wconf 87' lang='grc' dir='ltr'><strong>θεότητα,</strong></span> <span class='ocrx_word' id='word_1_631' title='bbox 2843 4412 3011 4475; x_wconf 81' lang='grc' dir='ltr'><strong>πόδας</strong></span> <span class='ocrx_word' id='word_1_632' title='bbox 3053 4412 3111 4465; x_wconf 81' lang='grc' dir='ltr'><strong>δὲ</strong></span> <span class='ocrx_word' id='word_1_633' title='bbox 3167 4414 3592 4486; x_wconf 83' lang='grc' dir='ltr'><strong>ἁνθρωπότητα,</strong></span> <span class='ocrx_word' id='word_1_634' title='bbox 3644 4417 3892 4472; x_wconf 72' lang='grc' dir='ltr'><strong>ἑνδόσθια</strong></span> <span class='ocrx_word' id='word_1_635' title='bbox 3925 4419 3982 4472; x_wconf 75' lang='grc' dir='ltr'><strong>δὲ</strong></span> 
     </span>
    </p>
   </div>
   <div class='ocr_carea' id='block_1_89' title="bbox 2398 4501 3984 4582">
    <p class='ocr_par' dir='ltr' id='par_1_89' title="bbox 2398 4501 3984 4582">
     <span class='ocr_line' id='line_1_89' title="bbox 2398 4501 3984 4582; baseline 0.006 -27"><span class='ocrx_word' id='word_1_636' title='bbox 2398 4501 2498 4572; x_wconf 80' lang='grc' dir='ltr'><strong>τὴν</strong></span> <span class='ocrx_word' id='word_1_637' title='bbox 2525 4503 2841 4572; x_wconf 83' lang='grc' dir='ltr'><strong>ἀδιαίρετον</strong></span> <span class='ocrx_word' id='word_1_638' title='bbox 2891 4508 3219 4576; x_wconf 85' lang='grc' dir='ltr'><strong>ἀμφοτέρων</strong></span> <span class='ocrx_word' id='word_1_639' title='bbox 3266 4511 3324 4560; x_wconf 74' lang='grc' dir='ltr'><strong>ὲν</strong></span> <span class='ocrx_word' id='word_1_640' title='bbox 3379 4510 3675 4563; x_wconf 79' lang='grc' dir='ltr'><strong>ὑποστάσει</strong></span> <span class='ocrx_word' id='word_1_641' title='bbox 3734 4513 3837 4582; x_wconf 76' lang='grc' dir='ltr'><strong>μιᾷ</strong></span> <span class='ocrx_word' id='word_1_642' title='bbox 3887 4511 3984 4566; x_wconf 73' lang='grc' dir='ltr'><strong>κει</strong></span> 
     </span>
    </p>
   </div>
   <div class='ocr_carea' id='block_1_90' title="bbox 2399 4595 3986 4672">
    <p class='ocr_par' dir='ltr' id='par_1_90' title="bbox 2399 4595 3986 4672">
     <span class='ocr_line' id='line_1_90' title="bbox 2399 4595 3986 4672; baseline 0.004 -25"><span class='ocrx_word' id='word_1_643' title='bbox 2399 4595 2716 4666; x_wconf 84' lang='grc' dir='ltr'><strong>άσύγχυτον</strong></span> <span class='ocrx_word' id='word_1_644' title='bbox 2747 4598 2968 4653; x_wconf 76' lang='grc' dir='ltr'><strong>ἕνωσιν.</strong></span> <span class='ocrx_word' id='word_1_645' title='bbox 3019 4600 3168 4669; x_wconf 76' lang='grc' dir='ltr'><strong>Πλὴν</strong></span> <span class='ocrx_word' id='word_1_646' title='bbox 3196 4601 3298 4653; x_wconf 79' lang='grc' dir='ltr'><strong>οὐκ</strong></span> <span class='ocrx_word' id='word_1_647' title='bbox 3340 4603 3719 4672; x_wconf 80' lang='grc' dir='ltr'><strong>ἀπερίτμητος</strong></span> <span class='ocrx_word' id='word_1_648' title='bbox 3749 4604 3860 4657; x_wconf 68' lang='grc' dir='ltr'><strong>οὐδ’</strong></span> <span class='ocrx_word' id='word_1_649' title='bbox 3888 4605 3986 4658; x_wconf 78' lang='grc' dir='ltr'><strong>ά).-</strong></span> 
     </span>
    </p>
   </div>
   <div class='ocr_carea' id='block_1_91' title="bbox 2400 4685 3984 4764">
    <p class='ocr_par' dir='ltr' id='par_1_91' title="bbox 2400 4685 3984 4764">
     <span class='ocr_line' id='line_1_91' title="bbox 2400 4685 3984 4764; baseline 0.006 -26"><span class='ocrx_word' id='word_1_650' title='bbox 2400 4685 2629 4756; x_wconf 80' lang='grc' dir='ltr'><strong>λογενὴς</strong></span> <span class='ocrx_word' id='word_1_651' title='bbox 2691 4688 2870 4742; x_wconf 77' lang='grc' dir='ltr'><strong>ἔδεται</strong></span> <span class='ocrx_word' id='word_1_652' title='bbox 2911 4689 2970 4753; x_wconf 78' lang='grc' dir='ltr'><strong>ἐξ</strong></span> <span class='ocrx_word' id='word_1_653' title='bbox 3020 4691 3210 4753; x_wconf 85' lang='grc' dir='ltr'><strong>αὑτοῦ,</strong></span> <span class='ocrx_word' id='word_1_654' title='bbox 3269 4692 3406 4744; x_wconf 83' lang='grc' dir='ltr'><strong>ἀλλὰ</strong></span> <span class='ocrx_word' id='word_1_655' title='bbox 3445 4694 3607 4761; x_wconf 80' lang='grc' dir='ltr'><strong>μόνον</strong></span> <span class='ocrx_word' id='word_1_656' title='bbox 3669 4694 3771 4764; x_wconf 84' lang='grc' dir='ltr'><strong>τῆς</strong></span> <span class='ocrx_word' id='word_1_657' title='bbox 3828 4697 3984 4760; x_wconf 82' lang='grc' dir='ltr'><strong>θείας</strong></span> 
     </span>
    </p>
   </div>
   <div class='ocr_carea' id='block_1_92' title="bbox 701 4759 2286 4856">
    <p class='ocr_par' dir='ltr' id='par_1_92' title="bbox 701 4774 2286 4851">
     <span class='ocr_line' id='line_1_92' title="bbox 701 4774 2286 4851; baseline -0.006 -13"><span class='ocrx_word' id='word_1_658' title='bbox 701 4786 819 4851; x_wconf 83' lang='lat' dir='ltr'><strong>ipso</strong></span> <span class='ocrx_word' id='word_1_659' title='bbox 852 4781 1130 4842; x_wconf 87' lang='lat' dir='ltr'><strong>comedit;</strong></span> <span class='ocrx_word' id='word_1_660' title='bbox 1172 4778 1265 4831; x_wconf 86' lang='lat' dir='ltr'><strong>sed</strong></span> <span class='ocrx_word' id='word_1_661' title='bbox 1297 4778 1400 4830; x_wconf 87' lang='lat' dir='ltr'><strong>bac</strong></span> <span class='ocrx_word' id='word_1_662' title='bbox 1433 4775 1614 4829; x_wconf 83' lang='lat' dir='ltr'><strong>divina</strong></span> <span class='ocrx_word' id='word_1_663' title='bbox 1646 4790 1830 4827; x_wconf 84' lang='lat' dir='ltr'><strong>mensa</strong></span> <span class='ocrx_word' id='word_1_664' title='bbox 1875 4774 1974 4827; x_wconf 86' lang='lat' dir='ltr'><strong>soli</strong></span> <span class='ocrx_word' id='word_1_665' title='bbox 2004 4775 2080 4828; x_wconf 93' lang='lat' dir='ltr'><strong>illi</strong></span> <span class='ocrx_word' id='word_1_666' title='bbox 2140 4775 2286 4841; x_wconf 86' lang='lat' dir='ltr'><strong>digni</strong></span> 
     </span>
    </p>
   </div>
   <div class='ocr_carea' id='block_1_93' title="bbox 2371 4759 3983 4856">
    <p class='ocr_par' dir='ltr' id='par_1_93' title="bbox 2401 4759 3983 4856">
     <span class='ocr_line' id='line_1_93' title="bbox 2401 4759 3983 4856; baseline 0.008 -24"><span class='ocrx_word' id='word_1_667' title='bbox 2401 4777 2682 4844; x_wconf 78' lang='grc' dir='ltr'><strong>ἀξιοῦνται</strong></span> <span class='ocrx_word' id='word_1_668' title='bbox 2713 4783 3020 4851; x_wconf 75' lang='grc' dir='ltr'><strong>τραπέζης,</strong></span> <span class='ocrx_word' id='word_1_669' title='bbox 3061 4784 3174 4836; x_wconf 85' lang='grc' dir='ltr'><strong>ὅσοι</strong></span> <span class='ocrx_word' id='word_1_670' title='bbox 3211 4784 3282 4836; x_wconf 75' lang='grc' dir='ltr'><strong>τά</strong></span> <span class='ocrx_word' id='word_1_671' title='bbox 3325 4759 3495 4854; x_wconf 79' lang='grc' dir='ltr'><strong>γήϊνα</strong></span> <span class='ocrx_word' id='word_1_672' title='bbox 3543 4759 3889 4856; x_wconf 72' lang='grc' dir='ltr'><strong>περιελόντες</strong></span> <span class='ocrx_word' id='word_1_673' title='bbox 3921 4759 3983 4844; x_wconf 71' lang='grc' dir='ltr'><strong>ὲν</strong></span> 
     </span>
    </p>
   </div>
   <div class='ocr_carea' id='block_1_94' title="bbox 700 4866 2292 4939">
    <p class='ocr_par' dir='ltr' id='par_1_94' title="bbox 700 4866 2292 4939">
     <span class='ocr_line' id='line_1_94' title="bbox 700 4866 2292 4939; baseline -0.008 -9"><span class='ocrx_word' id='word_1_674' title='bbox 700 4886 1019 4938; x_wconf 70' lang='lat' dir='ltr'><strong>censentur,</strong></span> <span class='ocrx_word' id='word_1_675' title='bbox 1053 4871 1144 4939; x_wconf 91' lang='lat' dir='ltr'><strong>qui</strong></span> <span class='ocrx_word' id='word_1_676' title='bbox 1173 4908 1187 4932; x_wconf 90' lang='lat'><strong>,</strong></span> <span class='ocrx_word' id='word_1_677' title='bbox 1215 4867 1509 4936; x_wconf 88' lang='lat' dir='ltr'><strong>amputatis</strong></span> <span class='ocrx_word' id='word_1_678' title='bbox 1543 4866 1776 4920; x_wconf 86' lang='lat' dir='ltr'><strong>terrenis</strong></span> <span class='ocrx_word' id='word_1_679' title='bbox 1806 4907 1820 4930; x_wconf 90' lang='lat'><strong>,</strong></span> <span class='ocrx_word' id='word_1_680' title='bbox 1857 4866 1910 4918; x_wconf 89' lang='lat' dir='ltr'><strong>in</strong></span> <span class='ocrx_word' id='word_1_681' title='bbox 1964 4867 2292 4932; x_wconf 73' lang='lat' dir='ltr'><strong>inexspoliu-</strong></span> 
     </span>
    </p>
   </div>
   <div class='ocr_carea' id='block_1_95' title="bbox 696 4958 2290 5030">
    <p class='ocr_par' dir='ltr' id='par_1_95' title="bbox 696 4958 2290 5030">
     <span class='ocr_line' id='line_1_95' title="bbox 696 4958 2290 5030; baseline -0.008 -8"><span class='ocrx_word' id='word_1_682' title='bbox 696 4972 843 5022; x_wconf 70' lang='lat' dir='ltr'><strong>tione</strong></span> <span class='ocrx_word' id='word_1_683' title='bbox 873 4965 1051 5019; x_wconf 74' lang='lat' dir='ltr'><strong>carnis</strong></span> <span class='ocrx_word' id='word_1_684' title='bbox 1086 4979 1176 5030; x_wconf 79' lang='lat' dir='ltr'><strong>per</strong></span> <span class='ocrx_word' id='word_1_685' title='bbox 1201 4959 1654 5014; x_wconf 69' lang='lat' dir='ltr'><strong>circumcisionent</strong></span> <span class='ocrx_word' id='word_1_686' title='bbox 1689 4973 1793 5010; x_wconf 76' lang='lat' dir='ltr'><strong>non</strong></span> <span class='ocrx_word' id='word_1_687' title='bbox 1823 4958 2189 5026; x_wconf 70' lang='lat' dir='ltr'><strong>nanufactam</strong></span> <span class='ocrx_word' id='word_1_688' title='bbox 2217 4959 2290 5022; x_wconf 65' lang='grc' dir='ltr'><strong>ιθ,</strong></span> 
     </span>
    </p>
   </div>
   <div class='ocr_carea' id='block_1_96' title="bbox 703 5048 2291 5130">
    <p class='ocr_par' dir='ltr' id='par_1_96' title="bbox 703 5048 2291 5130">
     <span class='ocr_line' id='line_1_96' title="bbox 703 5048 2291 5130; baseline -0.004 -21"><span class='ocrx_word' id='word_1_689' title='bbox 703 5077 800 5130; x_wconf 74' lang='lat' dir='ltr'><strong>per</strong></span> <span class='ocrx_word' id='word_1_690' title='bbox 833 5060 1160 5126; x_wconf 81' lang='lat' dir='ltr'><strong>baptismum</strong></span> <span class='ocrx_word' id='word_1_691' title='bbox 1184 5053 1456 5116; x_wconf 87' lang='lat' dir='ltr'><strong>videlicet,</strong></span> <span class='ocrx_word' id='word_1_692' title='bbox 1487 5051 1743 5104; x_wconf 62' lang='lat' dir='ltr'><strong>cmlestes</strong></span> <span class='ocrx_word' id='word_1_693' title='bbox 1761 5048 1938 5102; x_wconf 80' lang='lat' dir='ltr'><strong>eﬂecti</strong></span> <span class='ocrx_word' id='word_1_694' title='bbox 1971 5060 2119 5112; x_wconf 86' lang='lat' dir='ltr'><strong>sunt,</strong></span> <span class='ocrx_word' id='word_1_695' title='bbox 2168 5064 2291 5102; x_wconf 85' lang='lat' dir='ltr'><strong>vere</strong></span> 
     </span>
    </p>
   </div>
   <div class='ocr_carea' id='block_1_97' title="bbox 702 5143 2290 5223">
    <p class='ocr_par' dir='ltr' id='par_1_97' title="bbox 702 5143 2290 5223">
     <span class='ocr_line' id='line_1_97' title="bbox 702 5143 2290 5223; baseline -0.006 -20"><span class='ocrx_word' id='word_1_696' title='bbox 702 5156 951 5223; x_wconf 77' lang='lat' dir='ltr'><strong>populus.</strong></span> <span class='ocrx_word' id='word_1_697' title='bbox 987 5151 1078 5203; x_wconf 82' lang='lat' dir='ltr'><strong>Dei</strong></span> <span class='ocrx_word' id='word_1_698' title='bbox 1102 5164 1225 5218; x_wconf 83' lang='lat' dir='ltr'><strong>gem</strong></span> <span class='ocrx_word' id='word_1_699' title='bbox 1259 5157 1464 5208; x_wconf 74' lang='lat' dir='ltr'><strong>sancta,</strong></span> <span class='ocrx_word' id='word_1_700' title='bbox 1490 5143 1663 5213; x_wconf 76' lang='lat' dir='ltr'><strong>regale</strong></span> <span class='ocrx_word' id='word_1_701' title='bbox 1691 5144 2045 5196; x_wconf 75' lang='lat' dir='ltr'><strong>sacerdotium</strong></span> <span class='ocrx_word' id='word_1_702' title='bbox 2070 5151 2118 5195; x_wconf 81' lang='lat' dir='ltr'><strong>et</strong></span> <span class='ocrx_word' id='word_1_703' title='bbox 2160 5158 2290 5196; x_wconf 82' lang='lat' dir='ltr'><strong>nova</strong></span> 
     </span>
    </p>
   </div>
   <div class='ocr_carea' id='block_1_98' title="bbox 701 5233 2295 5308">
    <p class='ocr_par' dir='ltr' id='par_1_98' title="bbox 701 5233 2295 5308">
     <span class='ocr_line' id='line_1_98' title="bbox 701 5233 2295 5308; baseline -0.008 -8"><span class='ocrx_word' id='word_1_704' title='bbox 701 5247 988 5300; x_wconf 62' lang='lat' dir='ltr'><strong>Ita&#39;redttas</strong></span> <span class='ocrx_word' id='word_1_705' title='bbox 1006 5245 1073 5307; x_wconf 72' lang='lat'><strong>“,</strong></span> <span class='ocrx_word' id='word_1_706' title='bbox 1119 5255 1372 5308; x_wconf 83' lang='lat' dir='ltr'><strong>tanquam</strong></span> <span class='ocrx_word' id='word_1_707' title='bbox 1405 5238 1494 5305; x_wconf 89' lang='lat' dir='ltr'><strong>qui</strong></span> <span class='ocrx_word' id='word_1_708' title='bbox 1526 5247 1762 5289; x_wconf 85' lang='lat' dir='ltr'><strong>veterem</strong></span> <span class='ocrx_word' id='word_1_709' title='bbox 1800 5235 2074 5288; x_wconf 88' lang='lat' dir='ltr'><strong>hominem</strong></span> <span class='ocrx_word' id='word_1_710' title='bbox 2121 5233 2295 5301; x_wconf 86' lang='lat' dir='ltr'><strong>depo-</strong></span> 
     </span>
    </p>
   </div>
   <div class='ocr_carea' id='block_1_99' title="bbox 702 5327 2296 5395">
    <p class='ocr_par' dir='ltr' id='par_1_99' title="bbox 702 5327 2296 5395">
     <span class='ocr_line' id='line_1_99' title="bbox 702 5327 2296 5395; baseline -0.008 -2"><span class='ocrx_word' id='word_1_711' title='bbox 702 5346 954 5394; x_wconf 83' lang='lat' dir='ltr'><strong>suerunt.</strong></span> <span class='ocrx_word' id='word_1_712' title='bbox 986 5344 1041 5388; x_wconf 89' lang='lat' dir='ltr'><strong>et</strong></span> <span class='ocrx_word' id='word_1_713' title='bbox 1067 5337 1118 5387; x_wconf 91' lang='lat' dir='ltr'><strong>in</strong></span> <span class='ocrx_word' id='word_1_714' title='bbox 1148 5335 1390 5385; x_wconf 86' lang='lat' dir='ltr'><strong>novitate</strong></span> <span class='ocrx_word' id='word_1_715' title='bbox 1418 5330 1538 5380; x_wconf 79' lang='lat' dir='ltr'><strong>\ita:</strong></span> <span class='ocrx_word' id='word_1_716' title='bbox 1569 5344 1664 5395; x_wconf 89' lang='lat' dir='ltr'><strong>per</strong></span> <span class='ocrx_word' id='word_1_717' title='bbox 1693 5327 2008 5395; x_wconf 85' lang='lat' dir='ltr'><strong>spirituales</strong></span> <span class='ocrx_word' id='word_1_718' title='bbox 2045 5327 2296 5380; x_wconf 81' lang='lat' dir='ltr'><strong>actiones</strong></span> 
     </span>
    </p>
   </div>
   <div class='ocr_carea' id='block_1_100' title="bbox 704 5430 1006 5483">
    <p class='ocr_par' dir='ltr' id='par_1_100' title="bbox 704 5430 1006 5483">
     <span class='ocr_line' id='line_1_100' title="bbox 704 5430 1006 5483; baseline -0.003 0"><span class='ocrx_word' id='word_1_719' title='bbox 704 5430 1006 5483; x_wconf 76' lang='lat' dir='ltr'><strong>ambulant.</strong></span> 
     </span>
    </p>
   </div>
   <div class='ocr_carea' id='block_1_101' title="bbox 777 5511 2294 5584">
    <p class='ocr_par' dir='ltr' id='par_1_101' title="bbox 777 5511 2294 5584">
     <span class='ocr_line' id='line_1_101' title="bbox 777 5511 2294 5584; baseline -0.003 -15"><span class='ocrx_word' id='word_1_720' title='bbox 777 5520 876 5583; x_wconf 79' lang='lat' dir='ltr'><strong>Qui</strong></span> <span class='ocrx_word' id='word_1_721' title='bbox 911 5531 964 5572; x_wconf 86' lang='lat' dir='ltr'><strong>et</strong></span> <span class='ocrx_word' id='word_1_722' title='bbox 987 5526 1198 5571; x_wconf 74' lang='lat' dir='ltr'><strong>stantes</strong></span> <span class='ocrx_word' id='word_1_723' title='bbox 1239 5517 1448 5584; x_wconf 77' lang='lat' dir='ltr'><strong>Agntttn</strong></span> <span class='ocrx_word' id='word_1_724' title='bbox 1484 5515 1831 5576; x_wconf 87' lang='lat' dir='ltr'><strong>tnandueant,</strong></span> <span class='ocrx_word' id='word_1_725' title='bbox 1859 5519 1914 5565; x_wconf 81' lang='lat' dir='ltr'><strong>et</strong></span> <span class='ocrx_word' id='word_1_726' title='bbox 1957 5527 2078 5566; x_wconf 88' lang='lat' dir='ltr'><strong>cum</strong></span> <span class='ocrx_word' id='word_1_727' title='bbox 2138 5511 2294 5579; x_wconf 72' lang='lat' dir='ltr'><strong>[esti-</strong></span> 
     </span>
    </p>
   </div>
   <div class='ocr_carea' id='block_1_102' title="bbox 703 5603 2292 5672">
    <p class='ocr_par' dir='ltr' id='par_1_102' title="bbox 703 5603 2292 5672">
     <span class='ocr_line' id='line_1_102' title="bbox 703 5603 2292 5672; baseline -0.006 -8"><span class='ocrx_word' id='word_1_728' title='bbox 703 5614 939 5672; x_wconf 74' lang='lat' dir='ltr'><strong>natione,</strong></span> <span class='ocrx_word' id='word_1_729' title='bbox 963 5605 1192 5662; x_wconf 83' lang='lat' dir='ltr'><strong>accincti</strong></span> <span class='ocrx_word' id='word_1_730' title='bbox 1217 5606 1428 5660; x_wconf 86' lang='lat' dir='ltr'><strong>lumbos</strong></span> <span class='ocrx_word' id='word_1_731' title='bbox 1454 5620 1606 5666; x_wconf 84' lang='lat' dir='ltr'><strong>suos,</strong></span> <span class='ocrx_word' id='word_1_732' title='bbox 1639 5616 1693 5657; x_wconf 88' lang='lat' dir='ltr'><strong>et</strong></span> <span class='ocrx_word' id='word_1_733' title='bbox 1720 5603 1945 5657; x_wconf 81' lang='lat' dir='ltr'><strong>calceati</strong></span> <span class='ocrx_word' id='word_1_734' title='bbox 1995 5604 2182 5669; x_wconf 86' lang='lat' dir='ltr'><strong>pedes,</strong></span> <span class='ocrx_word' id='word_1_735' title='bbox 2237 5610 2292 5655; x_wconf 78' lang='lat' dir='ltr'><strong>et</strong></span> 
     </span>
    </p>
   </div>
   <div class='ocr_carea' id='block_1_103' title="bbox 707 5692 2290 5764">
    <p class='ocr_par' dir='ltr' id='par_1_103' title="bbox 707 5692 2290 5764">
     <span class='ocr_line' id='line_1_103' title="bbox 707 5692 2290 5764; baseline -0.003 -12"><span class='ocrx_word' id='word_1_736' title='bbox 707 5703 848 5755; x_wconf 76' lang='lat' dir='ltr'><strong>velut</strong></span> <span class='ocrx_word' id='word_1_737' title='bbox 873 5702 1106 5753; x_wconf 76' lang='lat' dir='ltr'><strong>viatores</strong></span> <span class='ocrx_word' id='word_1_738' title='bbox 1135 5713 1294 5750; x_wconf 87' lang='lat' dir='ltr'><strong>manu</strong></span> <span class='ocrx_word' id='word_1_739' title='bbox 1328 5695 1550 5750; x_wconf 82' lang='lat' dir='ltr'><strong>baculus</strong></span> <span class='ocrx_word' id='word_1_740' title='bbox 1602 5702 1811 5749; x_wconf 86' lang='lat' dir='ltr'><strong>tenent.</strong></span> <span class='ocrx_word' id='word_1_741' title='bbox 1870 5692 2020 5748; x_wconf 83' lang='lat' dir='ltr'><strong>Zona</strong></span> <span class='ocrx_word' id='word_1_742' title='bbox 2079 5703 2290 5764; x_wconf 82' lang='lat' dir='ltr'><strong>tempe-</strong></span> 
     </span>
    </p>
   </div>
   <div class='ocr_carea' id='block_1_104' title="bbox 781 5869 1847 5937">
    <p class='ocr_par' dir='ltr' id='par_1_104' title="bbox 781 5869 1847 5937">
     <span class='ocr_line' id='line_1_104' title="bbox 781 5869 1847 5937; baseline -0.003 -7"><span class='ocrx_word' id='word_1_743' title='bbox 781 5875 824 5907; x_wconf 80' lang='grc'><strong>⁶⁰</strong></span> <span class='ocrx_word' id='word_1_744' title='bbox 855 5874 1062 5930; x_wconf 82' lang='lat' dir='ltr'><strong>Coloss.</strong></span> <span class='ocrx_word' id='word_1_745' title='bbox 1101 5891 1162 5937; x_wconf 88' lang='lat' dir='ltr'><strong>tt,</strong></span> <span class='ocrx_word' id='word_1_746' title='bbox 1197 5873 1281 5927; x_wconf 76' lang='lat' dir='ltr'><strong>li.</strong></span> <span class='ocrx_word' id='word_1_747' title='bbox 1362 5871 1409 5903; x_wconf 80' lang='lat'>“</span> <span class='ocrx_word' id='word_1_748' title='bbox 1453 5869 1474 5924; x_wconf 86' lang='grc' dir='ltr'><strong>ι</strong></span> <span class='ocrx_word' id='word_1_749' title='bbox 1505 5869 1650 5927; x_wconf 81' lang='lat' dir='ltr'><strong>Petr.</strong></span> <span class='ocrx_word' id='word_1_750' title='bbox 1693 5888 1755 5936; x_wconf 86' lang='lat' dir='ltr'><strong>tt,</strong></span> <span class='ocrx_word' id='word_1_751' title='bbox 1791 5870 1847 5927; x_wconf 87' lang='lat'><strong>9.</strong></span> 
     </span>
    </p>
   </div>
   <div class='ocr_carea' id='block_1_105' title="bbox 2397 4873 3984 4948">
    <p class='ocr_par' dir='ltr' id='par_1_105' title="bbox 2397 4873 3984 4948">
     <span class='ocr_line' id='line_1_105' title="bbox 2397 4873 3984 4948; baseline 0.006 -21"><span class='ocrx_word' id='word_1_752' title='bbox 2397 4873 2469 4941; x_wconf 80' lang='grc' dir='ltr'><strong>τῇ</strong></span> <span class='ocrx_word' id='word_1_753' title='bbox 2500 4874 2828 4928; x_wconf 77' lang='grc' dir='ltr'><strong>ἀπεκδύσει</strong></span> <span class='ocrx_word' id='word_1_754' title='bbox 2853 4875 2968 4942; x_wconf 82' lang='grc' dir='ltr'><strong>τῆς</strong></span> <span class='ocrx_word' id='word_1_755' title='bbox 2997 4877 3226 4941; x_wconf 80' lang='grc' dir='ltr'><strong>σαρκὸς</strong></span> <span class='ocrx_word' id='word_1_756' title='bbox 3251 4877 3349 4931; x_wconf 83' lang='grc' dir='ltr'><strong>διὰ</strong></span> <span class='ocrx_word' id='word_1_757' title='bbox 3381 4877 3491 4946; x_wconf 82' lang='grc' dir='ltr'><strong>τῆς</strong></span> <span class='ocrx_word' id='word_1_758' title='bbox 3511 4881 3984 4948; x_wconf 74' lang='grc' dir='ltr'><strong>ἀχειροποιήτιυ</strong></span> 
     </span>
    </p>
   </div>
   <div class='ocr_carea' id='block_1_106' title="bbox 2400 4965 3983 5042">
    <p class='ocr_par' dir='ltr' id='par_1_106' title="bbox 2400 4965 3983 5042">
     <span class='ocr_line' id='line_1_106' title="bbox 2400 4965 3983 5042; baseline 0.006 -25"><span class='ocrx_word' id='word_1_759' title='bbox 2400 4965 2729 5035; x_wconf 78' lang='grc' dir='ltr'><strong>περιτομῆς</strong></span> <span class='ocrx_word' id='word_1_760' title='bbox 2756 5005 2772 5026; x_wconf 83' lang='grc'><strong>.</strong></span> <span class='ocrx_word' id='word_1_761' title='bbox 2825 4966 2921 5019; x_wconf 87' lang='grc' dir='ltr'><strong>τοῦ</strong></span> <span class='ocrx_word' id='word_1_762' title='bbox 2978 4967 3381 5038; x_wconf 84' lang='grc' dir='ltr'><strong>βαπτίσματος,</strong></span> <span class='ocrx_word' id='word_1_763' title='bbox 3407 4971 3650 5038; x_wconf 82' lang='grc' dir='ltr'><strong>οὐράνιοι</strong></span> <span class='ocrx_word' id='word_1_764' title='bbox 3696 4977 3983 5042; x_wconf 77' lang='grc' dir='ltr'><strong>γεγόνασι,</strong></span> 
     </span>
    </p>
   </div>
   <div class='ocr_carea' id='block_1_107' title="bbox 2401 5054 3988 5127">
    <p class='ocr_par' dir='ltr' id='par_1_107' title="bbox 2401 5054 3988 5127">
     <span class='ocr_line' id='line_1_107' title="bbox 2401 5054 3988 5127; baseline 0.004 -19"><span class='ocrx_word' id='word_1_765' title='bbox 2401 5056 2498 5108; x_wconf 83' lang='grc' dir='ltr'><strong>καὶ</strong></span> <span class='ocrx_word' id='word_1_766' title='bbox 2530 5056 2683 5122; x_wconf 72' lang='grc' dir='ltr'><strong>λαὸς</strong></span> <span class='ocrx_word' id='word_1_767' title='bbox 2717 5054 2933 5120; x_wconf 86' lang='grc' dir='ltr'><strong>άληθῶς</strong></span> <span class='ocrx_word' id='word_1_768' title='bbox 2963 5060 3068 5108; x_wconf 85' lang='grc' dir='ltr'><strong>εἰσι</strong></span> <span class='ocrx_word' id='word_1_769' title='bbox 3095 5058 3205 5110; x_wconf 87' lang='grc' dir='ltr'><strong>τοῦ</strong></span> <span class='ocrx_word' id='word_1_770' title='bbox 3241 5059 3415 5119; x_wconf 86' lang='grc' dir='ltr'><strong>Θεοῦ,</strong></span> <span class='ocrx_word' id='word_1_771' title='bbox 3435 5060 3613 5124; x_wconf 76' lang='grc' dir='ltr'><strong>ἔθνος</strong></span> <span class='ocrx_word' id='word_1_772' title='bbox 3646 5061 3840 5127; x_wconf 44' lang='grc' dir='ltr'><strong>ἄτιον,</strong></span> <span class='ocrx_word' id='word_1_773' title='bbox 3869 5065 3988 5126; x_wconf 75' lang='grc' dir='ltr'><strong>,βα-</strong></span> 
     </span>
    </p>
   </div>
   <div class='ocr_carea' id='block_1_108' title="bbox 2402 5146 3988 5220">
    <p class='ocr_par' dir='ltr' id='par_1_108' title="bbox 2402 5146 3988 5220">
     <span class='ocr_line' id='line_1_108' title="bbox 2402 5146 3988 5220; baseline 0.005 -22"><span class='ocrx_word' id='word_1_774' title='bbox 2402 5146 2643 5199; x_wconf 72' lang='grc' dir='ltr'><strong>σίλειον</strong></span> <span class='ocrx_word' id='word_1_775' title='bbox 2676 5148 3014 5216; x_wconf 69' lang='grc' dir='ltr'><strong>ἱεράτευμα,</strong></span> <span class='ocrx_word' id='word_1_776' title='bbox 3055 5151 3154 5201; x_wconf 78' lang='grc' dir='ltr'><strong>καὶ</strong></span> <span class='ocrx_word' id='word_1_777' title='bbox 3198 5148 3306 5201; x_wconf 80' lang='grc' dir='ltr'><strong>νέα</strong></span> <span class='ocrx_word' id='word_1_778' title='bbox 3341 5153 3735 5220; x_wconf 72' lang='grc' dir='ltr'><strong>κληρονομία,</strong></span> <span class='ocrx_word' id='word_1_779' title='bbox 3783 5153 3857 5217; x_wconf 83' lang='grc' dir='ltr'><strong>ὡς</strong></span> <span class='ocrx_word' id='word_1_780' title='bbox 3891 5157 3988 5208; x_wconf 68' lang='grc' dir='ltr'><strong>τὸν</strong></span> 
     </span>
    </p>
   </div>
   <div class='ocr_carea' id='block_1_109' title="bbox 2399 5237 3986 5313">
    <p class='ocr_par' dir='ltr' id='par_1_109' title="bbox 2399 5237 3986 5313">
     <span class='ocr_line' id='line_1_109' title="bbox 2399 5237 3986 5313; baseline 0.006 -24"><span class='ocrx_word' id='word_1_781' title='bbox 2399 5237 2630 5290; x_wconf 81' lang='grc' dir='ltr'><strong>παλαιὸν</strong></span> <span class='ocrx_word' id='word_1_782' title='bbox 2678 5239 3010 5310; x_wconf 80' lang='grc' dir='ltr'><strong>ἀποθέμενοι</strong></span> <span class='ocrx_word' id='word_1_783' title='bbox 3062 5241 3386 5310; x_wconf 76' lang='grc' dir='ltr'><strong>ἄνθρωπον,</strong></span> <span class='ocrx_word' id='word_1_784' title='bbox 3450 5244 3544 5293; x_wconf 79' lang='grc' dir='ltr'><strong>καὶ</strong></span> <span class='ocrx_word' id='word_1_785' title='bbox 3577 5244 3638 5294; x_wconf 84' lang='grc' dir='ltr'><strong>ὲν</strong></span> <span class='ocrx_word' id='word_1_786' title='bbox 3699 5245 3986 5313; x_wconf 83' lang='grc' dir='ltr'><strong>καινότητι</strong></span> 
     </span>
    </p>
   </div>
   <div class='ocr_carea' id='block_1_110' title="bbox 2400 5331 3985 5408">
    <p class='ocr_par' dir='ltr' id='par_1_110' title="bbox 2400 5331 3985 5408">
     <span class='ocr_line' id='line_1_110' title="bbox 2400 5331 3985 5408; baseline 0.004 -23"><span class='ocrx_word' id='word_1_787' title='bbox 2400 5331 2548 5401; x_wconf 79' lang='grc' dir='ltr'><strong>ζωῆς</strong></span> <span class='ocrx_word' id='word_1_788' title='bbox 2589 5331 2676 5384; x_wconf 80' lang='grc' dir='ltr'><strong>διὰ</strong></span> <span class='ocrx_word' id='word_1_789' title='bbox 2714 5333 2825 5385; x_wconf 84' lang='grc' dir='ltr'><strong>τῶν</strong></span> <span class='ocrx_word' id='word_1_790' title='bbox 2875 5336 3263 5404; x_wconf 79' lang='grc' dir='ltr'><strong>πνευματικῶν</strong></span> <span class='ocrx_word' id='word_1_791' title='bbox 3306 5333 3560 5404; x_wconf 78' lang='grc' dir='ltr'><strong>πράξεων</strong></span> <span class='ocrx_word' id='word_1_792' title='bbox 3607 5335 3985 5408; x_wconf 71' lang='grc' dir='ltr'><strong>πολιτευόμε-</strong></span> 
     </span>
    </p>
   </div>
   <div class='ocr_carea' id='block_1_111' title="bbox 2401 5441 2504 5478">
    <p class='ocr_par' dir='ltr' id='par_1_111' title="bbox 2401 5441 2504 5478">
     <span class='ocr_line' id='line_1_111' title="bbox 2401 5441 2504 5478; baseline 0.019 -2"><span class='ocrx_word' id='word_1_793' title='bbox 2401 5441 2504 5478; x_wconf 79' lang='grc' dir='ltr'><strong>νοι.</strong></span> 
     </span>
    </p>
   </div>
   <div class='ocr_carea' id='block_1_112' title="bbox 2473 5511 3989 5592">
    <p class='ocr_par' dir='ltr' id='par_1_112' title="bbox 2473 5511 3989 5592">
     <span class='ocr_line' id='line_1_112' title="bbox 2473 5511 3989 5592; baseline 0.003 -22"><span class='ocrx_word' id='word_1_794' title='bbox 2473 5518 2582 5570; x_wconf 77' lang='grc' dir='ltr'><strong>Καὶ</strong></span> <span class='ocrx_word' id='word_1_795' title='bbox 2613 5511 2758 5570; x_wconf 73' lang='grc' dir='ltr'><strong>οὗτοι</strong></span> <span class='ocrx_word' id='word_1_796' title='bbox 2788 5517 2845 5570; x_wconf 78' lang='grc' dir='ltr'><strong>δὲ</strong></span> <span class='ocrx_word' id='word_1_797' title='bbox 2879 5520 3045 5571; x_wconf 76' lang='grc' dir='ltr'><strong>πάλιν</strong></span> <span class='ocrx_word' id='word_1_798' title='bbox 3078 5519 3370 5589; x_wconf 77' lang='grc' dir='ltr'><strong>ἑστηκότες</strong></span> <span class='ocrx_word' id='word_1_799' title='bbox 3403 5521 3694 5588; x_wconf 80' lang='grc' dir='ltr'><strong>φάγονται,</strong></span> <span class='ocrx_word' id='word_1_800' title='bbox 3721 5523 3815 5574; x_wconf 76' lang='grc' dir='ltr'><strong>καὶ</strong></span> <span class='ocrx_word' id='word_1_801' title='bbox 3843 5527 3989 5592; x_wconf 73' lang='grc' dir='ltr'><strong>μετὰ</strong></span> 
     </span>
    </p>
   </div>
   <div class='ocr_carea' id='block_1_113' title="bbox 2401 5607 3990 5681">
    <p class='ocr_par' dir='ltr' id='par_1_113' title="bbox 2401 5607 3990 5681">
     <span class='ocr_line' id='line_1_113' title="bbox 2401 5607 3990 5681; baseline 0.003 -18"><span class='ocrx_word' id='word_1_802' title='bbox 2401 5607 2684 5675; x_wconf 81' lang='grc' dir='ltr'><strong>σπουδῆς</strong></span> <span class='ocrx_word' id='word_1_803' title='bbox 2719 5611 3152 5678; x_wconf 81' lang='grc' dir='ltr'><strong>περιεζωσμένοι</strong></span> <span class='ocrx_word' id='word_1_804' title='bbox 3205 5609 3304 5681; x_wconf 80' lang='grc' dir='ltr'><strong>τὴν</strong></span> <span class='ocrx_word' id='word_1_805' title='bbox 3359 5610 3552 5680; x_wconf 69' lang='grc' dir='ltr'><strong>ὀσφὺν,</strong></span> <span class='ocrx_word' id='word_1_806' title='bbox 3604 5612 3990 5681; x_wconf 79' lang='grc' dir='ltr'><strong>ὑποδεδεμένοι</strong></span> 
     </span>
    </p>
   </div>
   <div class='ocr_carea' id='block_1_114' title="bbox 2399 5698 3993 5775">
    <p class='ocr_par' dir='ltr' id='par_1_114' title="bbox 2399 5698 3993 5775">
     <span class='ocr_line' id='line_1_114' title="bbox 2399 5698 3993 5775; baseline 0.006 -26"><span class='ocrx_word' id='word_1_807' title='bbox 2399 5698 2526 5760; x_wconf 71' lang='grc' dir='ltr'><strong>τοὺς</strong></span> <span class='ocrx_word' id='word_1_808' title='bbox 2552 5698 2739 5760; x_wconf 69' lang='grc' dir='ltr'><strong>πόδας,</strong></span> <span class='ocrx_word' id='word_1_809' title='bbox 2772 5698 2865 5753; x_wconf 72' lang='grc' dir='ltr'><strong>καὶ</strong></span> <span class='ocrx_word' id='word_1_810' title='bbox 2893 5699 3190 5768; x_wconf 79' lang='grc' dir='ltr'><strong>προσφυῶς</strong></span> <span class='ocrx_word' id='word_1_811' title='bbox 3214 5700 3289 5763; x_wconf 79' lang='grc' dir='ltr'><strong>ὡς</strong></span> <span class='ocrx_word' id='word_1_812' title='bbox 3319 5699 3591 5771; x_wconf 81' lang='grc' dir='ltr'><strong>ὁδοιπόροι</strong></span> <span class='ocrx_word' id='word_1_813' title='bbox 3620 5700 3993 5775; x_wconf 79' lang='grc' dir='ltr'><strong>βακτηρεύον-</strong></span> 
     </span>
    </p>
   </div>
  </div>
