4270 6488
701 427 809 490 215

1835 434 2088 493 MACAB
2103 433 2124 491 Ι
2141 437 2158 492 ἰ
2200 433 2831 493 CHRY‘SOCEPIIALI

3844 441 3952 503 216

702 543 991 606 servitute,
1025 552 1077 594 et
1110 545 1450 613 coniungens
1483 552 1778 613 utrumque
1810 546 2088 614 populum,
2122 545 2278 612 quasi
2309 554 2354 601 Α

2271 546 2278 596 i
2309 554 2354 601 Α
2389 542 2487 611 μὲν
2543 542 2635 596 τὸν
2711 543 2930 615 Ἰσραὴλ
2988 544 3083 598 τοῦ
3144 546 3560 610 ἀποκτείνοντος
3608 549 3957 618 γράμματος,

703 634 838 700 lepis
863 634 1161 703 angularia,
1200 636 1250 687 in
1283 652 1444 687 unum
1490 651 1686 689 novum
1727 637 2022 696 hominem.
2087 635 2270 688 Eccle-

699 726 942 793 siamquc
973 726 1180 794 angelis
1233 729 1555 782 cnumciaus
1588 730 1637 781 iu
1695 744 1854 782 unam
1890 728 2011 781 ﬁdei
2042 740 2268 781 concor-

695 816 863 882 diam,
899 820 951 872 in
983 834 1143 872 unam
1175 820 1348 874 laudis
1393 822 1590 875 divina:
1652 821 1996 874 conciueudzc
2030 820 2270 873 modula-

699 909 925 972 tionem,
961 911 1050 976 qui
1091 920 1144 963 et
1173 913 1321 978 prius
1346 912 1395 964 id
1425 914 1570 980 quod
1622 913 1831 966 cmteris
1871 911 2120 964 omnibus
2157 927 2265 963 ma-

691 1001 780 1065 jus
811 1008 912 1059 est,
951 1008 1204 1066 operatus
1261 1002 1458 1054 unione
1489 1000 1821 1069 hypostatica
1864 1002 2000 1056 duas
2045 1011 2271 1054 naturas

697 1090 812 1140 sine
845 1087 1165 1144 confusione
1198 1093 1298 1144 sibi
1335 1091 1446 1158 ipse
1482 1091 1682 1156 juuxit,
1735 1092 2072 1147 divinitatem
2125 1093 2268 1158 dico,

696 1188 748 1230 ct
786 1180 1201 1234 luunauitatcm.

782 1367 980 1409 .nterca
1032 1357 1231 1410 bellum
1270 1358 1432 1410 Israel
1470 1357 1696 1425 suscipit
1730 1359 1989 1413 adversns
2025 1361 2267 1422 Amalec,

701 1451 787 1500 m-i
817 1451 1011 1515 populo
1049 1451 1097 1500 in
1138 1465 1385 1515 campum
1454 1465 1760 1516 progresso.
1790 1449 1889 1504 Ubi
1930 1451 2267 1522 Moysesjam

694 1542 820 1597 olim
880 1541 1020 1605 passi
1081 1556 1178 1608 pro
1205 1541 1357 1592 nobis
1425 1541 1650 1608 gloriam
1717 1541 2082 1606 adumbravft,
2144 1558 2270 1597 eru-

693 1648 923 1699 ceraque
977 1633 1223 1685 manibus
1249 1634 1512 1697 extensis,
1546 1634 1874 1688 eﬁormavit.
1907 1636 1974 1688 At
2005 1635 2163 1689 Jesus
2191 1645 2270 1705 ty-

694 1743 815 1794 pum
853 1727 1034 1783 ferens
1066 1725 1234 1780 nostri
1266 1725 1389 1781 Jesu
1427 1725 1517 1780 Dei
1544 1737 1597 1780 et
1630 1728 1886 1788 bcminis,
1908 1727 2268 1794 alienigenam

690 1817 988 1883 proﬂigavit
1027 1857 1040 1878 ,
1067 1828 1120 1870 et
1155 1831 1342 1870 omnes
1391 1815 1530 1870 ﬁlios
1562 1817 1677 1885 ejus
1705 1817 1757 1871 in
1807 1817 2080 1871 occisione
2109 1818 2267 1888 gladii

692 1909 1003 1975 trucidavit,
1040 1923 1265 1977 eamque
1301 1947 1314 1970 ,
1347 1923 1505 1976 quam
1539 1908 1722 1963 ﬁdeles
1764 1923 1858 1977 per
1887 1923 2104 1962 crucem
2131 1909 2270 1962 obti-

692 2011 820 2056 nent
858 2003 1139 2055 vict0riam
1178 2041 1191 2062 .
1224 2001 1518 2071 symbolice
1562 2001 1948 2070 prteﬁguravit.
1978 2001 2091 2056 Nisi
2124 2001 2266 2056 enim

683 2095 792 2159 jam
828 2109 1038 2161 quoque
1073 2072 1333 2147 Dominus
1387 2095 1650 2148 adversus
1681 2109 1803 2145 cum
1861 2093 2102 2158 Amalec,
2173 2094 2263 2160 qui

688 2187 788 2241 sub
823 2187 1235 2255 Intelligentiam
1289 2187 1456 2245 cadit,
1520 2204 1551 2240 a
1594 2186 1928 2256 generatione
1959 2186 2012 2238 in
2050 2201 2266 2254 genera-

687 2282 900 2343 tionem,
961 2289 1018 2332 ttt
1072 2278 1351 2346 Ser-iptura
1406 2280 1974 2348 quuitur,pugnaret,
2006 2277 2264 2346 nobisque

690 2373 882 2427 ﬁducia
939 2385 990 2426 et
1061 2381 1336 2426 armatura
1382 2372 1563 2425 crucis
1596 2371 1992 2431 corroboratis,
2021 2385 2176 2438 opem
2210 2379 2262 2424 et

686 2465 962 2533 suppetias
1015 2465 1256 2531 quotidie
1309 2463 1721 2525 lerrel,frt1=tra
1766 2462 2264 2526 laboraremus,th

690 2571 807 2608 unus
869 2556 1129 2609 virtutum
1166 2553 1434 2608 :cdiﬁcare
1471 2555 1720 2623 ingressi;
1749 2552 1949 2607 frustra
1973 2554 2135 2606 ctiam
2171 2554 2249 2604 vi-

686 2647 1000 2715 gilat-emus,
1072 2650 1260 2699 urbem
1289 2645 1512 2714 justitiaa
1538 2645 1839 2699 Jerusalem
1869 2646 2256 2710 custodientes,

684 2749 738 2791 et
775 2738 838 2790 ad
871 2751 1162 2804 supernam
1201 2737 1541 2806 metropolim
1576 2745 1949 2807 properantes.

756 2914 1005 2967 Postlrme
1059 2914 1431 2981 speculatores
1486 2924 1538 2966 et
1599 2917 2025 2980 exploratoresa
2073 2912 2258 2981 Moyse

689 3007 978 3058 mittuntur
1012 3045 1027 3068 ,
1057 3006 1250 3072 quibus
1283 3005 1333 3057 in
1395 3005 1660 3060 mandatis
1683 3006 1844 3057 datur
1884 3013 1941 3058 ιιι
1976 3005 2258 3072 promissae

688 3097 884 3162 populo
932 3095 1169 3162 regionis
1206 3103 1526 3162 argumenta
1589 3095 1848 3160 aderant,
1878 3096 1929 3148 in
1964 3096 2256 3148 conﬁrma-

687 3188 884 3238 tionem
944 3187 1062 3253 ejus
1118 3185 1285 3251 copia:
1311 3201 1468 3250 quam
1524 3187 1791 3251 recepturi
1832 3194 2010 3239 erant.
2035 3183 2102 3237 Ut
2130 3198 2257 3238 vero
2287 3210 2328 3266 ο

688 3278 1057 3352 reddiderunt,
1087 3278 1262 3330 stmlia
1301 3277 1352 3330 in
1385 3277 1656 3329 contraria
1694 3277 1891 3332 animis
1929 3277 2085 3331 divisi
2111 3287 2258 3338 sunt;

685 3381 735 3420 ct
769 3369 855 3421 alii
917 3371 1131 3437 quidem
1163 3384 1223 3421 ex
1289 3368 1635 3436 improbitate
1670 3377 1724 3420 et
1784 3368 1989 3420 malitia
2029 3409 2044 3432 ,
2075 3369 2266 3421 tristis.

686 3461 824 3513 sima
860 3474 1083 3529 quaeque
1107 3470 1157 3514 et
1184 3459 1371 3513 ﬁctitia
1429 3458 1735 3512 referebant
1760 3475 1774 3512 :
1797 3459 1990 3528 quibus
2011 3475 2131 3512 cum
2156 3474 2267 3512 ma-

690 3567 792 3619 gna
855 3551 1034 3620 populi
1094 3550 1381 3604 multitudo
1407 3565 1567 3604 aures
1619 3544 1905 3620 praeberet,
1950 3550 2165 3621 Moysen
2197 3551 2261 3602 ad

688 3644 822 3694 iram
883 3642 1294 3694 concitaverunt
1327 3639 1671 3708 ,ducemque
1701 3641 1813 3709 .qui
1872 3654 1966 3694 eos
2000 3640 2052 3692 in
2095 3637 2264 3709 Egy-

686 3743 834 3797 ptum
900 3732 1183 3786 reduceret
1209 3769 1224 3790 .
1254 3732 1603 3798 quaesierunt.
1642 3728 1801 3784 Jesns
1823 3741 2002 3783 autem
2036 3730 2259 3784 meliora

682 3836 738 3877 et
767 3822 974 3875 veriora
1010 3821 1311 3884 nuntiabat,
1349 3820 1728 3886 sublatumque
1757 3835 1823 3872 ex
1859 3820 2141 3874 Palaestina
2167 3821 2262 3874 bo-

683 3923 852 3975 trum,
885 3922 938 3967 et
963 3927 1027 3966 ex
1081 3922 1234 3966 recte
1265 3926 1587 3980 suspensum
1618 3910 1820 3974 attulit,
1853 3918 2108 3976 tanquam
2138 3925 2262 3978 spe-

685 4006 859 4057 cimen
919 4004 1191 4072 quoddam
1217 4002 1333 4070 ejus
1360 4003 1649 4064 ubertatis,
1677 4016 1780 4069 qua
1813 4009 1958 4054 terra
1991 4003 2257 4069 promissa

685 4094 938 4159 pollebat.
991 4099 1051 4146 At
1099 4104 1151 4147 tu
1192 4134 1207 4157 ,
1233 4109 1354 4147 cum
1381 4107 1568 4147 rursus
1588 4090 1772 4146 Jesum
1804 4093 1981 4154 audis,
2018 4092 2069 4143 in
2099 4107 2252 4146 men-

687 4198 792 4238 tem
852 4201 1042 4238 revoca
1098 4199 1288 4239 verum
1346 4183 1512 4237 Deum
1574 4195 1630 4237 et
1681 4183 2018 4236 Salvatorem
2046 4181 2255 4248 Jesum,

692 4277 873 4344 magni
904 4277 1116 4330 consilii
1159 4276 1338 4330 Patris
1391 4274 1652 4340 Angelum
1688 4285 1743 4327 et
1776 4275 1916 4342 ejus,
1949 4289 2069 4341 quae
2102 4276 2258 4328 nobis

687 4370 954 4435 ιποιιιὶδίιι
1012 4378 1115 4431 est,
1155 4367 1507 4421 beatitudinis
1546 4367 1846 4427 doctorem,
1880 4377 1933 4418 et
1966 4365 2113 4432 regni
2141 4380 2253 4420 cm-

682 4459 834 4513 lestis
877 4459 986 4526 jam
1050 4458 1267 4532 quidem
1331 4455 1543 4521 superis
1574 4456 1624 4506 in
1658 4454 1770 4507 oris
1811 4465 2251 4520 prmparatorem,

2373 633 2679 704 ἐλευθερῶν
2704 635 2761 688 δὲ
2792 639 2885 688 καὶ
2915 637 2983 689 τά
3004 637 3132 707 ἔθνη
3166 638 3265 707 τῆς
3291 639 3400 691 τῶν
3427 638 3660 692 εἰδώλων
3685 641 3953 706 δουλείας,

2374 725 2464 773 καὶ
2497 723 2783 775 συνάπτων
2836 725 3180 793 ἀμφοτέρους
3244 729 3371 790 τοὺς
3423 728 3606 791 λαοὺς,
3660 730 3734 791 ὡς
3788 733 3955 798 λίθος

2372 813 2819 882 ἁκροτωνιαῖος,
2857 819 2936 878 εἰς
2962 816 3057 869 ’ἐνα
3089 820 3274 870 καινὸν
3320 819 3628 889 ἄνθρωπον,
3671 823 3767 875 καὶ
3822 841 3945 876 συν-

2375 905 2591 958 τάττων
2622 907 2879 974 ἀγγέλοις
2912 910 3011 978 τὴν
3079 910 3413 978 Ἐκκλησίαν
3440 912 3520 972 εἰς
3552 913 3683 981 μίαν
3715 913 3956 977 πίστεως

2375 996 2711 1064 συμφωνίαν,
2739 1003 2819 1060 εἰς
2845 1000 2974 1067 μίαν
2993 1000 3320 1069 ύμνολογίας
3351 1001 3653 1070 θεολογίαν,
3692 1006 3751 1066 ὃς
3776 1022 3840 1072 γι
3866 1007 3958 1057 καὶ

2376 1087 2482 1156 πρὸ
2513 1087 2706 1140 τούτου
2758 1089 2819 1140 τὸ
2865 1090 3051 1158 μεῖζον
3086 1092 3287 1154 παντὸς
3318 1095 3802 1162 κατεργασάμενος
3831 1096 3957 1147 καθ’

2372 1178 2568 1229 ἕνωτιν
2586 1178 2954 1248 ύποστατικὴν
2975 1181 3076 1244 τάς
3091 1181 3184 1235 δύο
3205 1184 3406 1253 συνῆψε
3426 1186 3618 1253 φύσεις
3633 1187 3957 1256 ἀσυγχύτως

2374 1269 2430 1318 ἐν
2463 1269 2661 1339 ἐαυτῷ,
2690 1270 2921 1336 θεότητά
2946 1290 3090 1342 φημι
3125 1277 3217 1327 καὶ
3250 1277 3673 1346 ἀνθρωπότητα.

2447 1361 2683 1430 Πόλεμος
2713 1366 2803 1416 ἐπὶ
2829 1364 3036 1428 τούτοις
3057 1367 3137 1436 τῷ
3170 1368 3388 1438 Ἰσραὴλ
3412 1369 3667 1433 ἐτελεῖτο,
3695 1371 3788 1423 καί
3819 1371 3956 1441 πρὸς

2385 1447 2629 1518 ’Λμαλὴκ
2683 1452 2711 1501 ὀ
2773 1451 2908 1505 Θεοῦ
2976 1454 3102 1515 λαὸς
3165 1458 3561 1527 παρετάττετο.
3643 1459 3954 1512 Κάντεῦθεν

2374 1539 2579 1607 Μωσῆς
2625 1541 2723 1608 μὲν
2759 1542 2924 1596 πάλιν
2950 1544 3044 1597 τοῦ
3096 1547 3361 1610 παθόντος
3399 1549 3540 1619 ὑπὲρ
3575 1549 3730 1618 ήμῶν
3765 1551 3954 1603 ἐσκια-

2374 1632 2574 1698 γράφει
2606 1631 2784 1698 δόξαν,
2826 1636 2920 1687 καὶ
2949 1638 3181 1706 σταυρὸν
3229 1640 3587 1708 ἐσχημάτιζε,
3617 1641 3716 1704 τὰς
3765 1643 3954 1711 χεῖρας

2373 1722 2654 1777 ἐκτείνων.
2702 1725 2908 1795 Ἰησοῦς
2935 1728 2990 1780 δὲ
3031 1729 3202 1782 τύπον
3235 1732 3416 1801 φέρων
3445 1733 3537 1786 τοῦ
3577 1734 3947 1805 θεανθρὼπου,

2374 1812 2640 1881 ἐτρέψατο
2661 1815 2751 1867 τὸν
2781 1816 3105 1886 ἀλλόφυλον,
3140 1821 3236 1874 καί
3297 1823 3505 1887 πάντας
3564 1827 3690 1889 τοὺς
3753 1829 3953 1889 παῖδας

2373 1905 2538 1958 αὑτοῦ
2595 1907 2652 1959 ἐν
2710 1907 2855 1976 φόνῳ
2910 1909 3182 1980 μαχαίρας
3215 1912 3528 1980 ἀπέκτεινε,
3567 1915 3661 1968 καὶ
3713 1917 3808 1986 τῆς
3840 1919 3951 1972 τῶν

2370 1995 2581 2048 πιστῶν
2607 1995 2695 2048 διὰ
2729 1996 2965 2067 σταυροῦ
2997 2000 3153 2069 νίκης
3205 2001 3543 2072 ἐφανεροῦτο
3596 2006 3949 2074 συμϐολικῶς

2366 2086 2430 2138 τὸ
2457 2087 2737 2155 τρόπαιον.
2770 2089 2835 2142 Εἰ
2876 2091 2950 2160 μὴ
2985 2090 3093 2160 γάρ
3123 2092 3216 2144 καὶ
3276 2092 3370 2146 νῦν
3417 2094 3675 2164 ἐπολέμει
3736 2097 3947 2166 Κύριος

2367 2177 2460 2229 ἐπὶ
2495 2176 2586 2230 τὸν
2625 2179 2813 2248 νοητὸν
2866 2180 3134 2250 Ἀμαλὴκ,
3165 2183 3286 2236 ἀπὸ
3320 2184 3533 2253 γενεᾶς
3577 2189 3668 2252 είς
3713 2189 3948 2257 γενεὰς,

2365 2268 2507 2320 κατά
2528 2268 2589 2322 τδ
2637 2271 3046 2341 γεγραμμένον,
3084 2273 3209 2327 καθ’
3257 2277 3495 2346 ἑκάστην
3551 2279 3951 2348 ἀντιλαμϐανό-

2367 2375 2525 2425 μενος
2557 2361 2712 2428 ήμῶν
2737 2361 3138 2432 ἀνδριζομένων
3162 2367 3219 2418 ἐν
3274 2367 3597 2438 πεποιθήσει
3656 2372 3755 2423 καὶ
3808 2388 3947 2425 παν-

2363 2451 2552 2521 τευχίᾳ
2613 2454 2869 2524 σταυροῦ,
2928 2457 3008 2518 εἰς
3073 2456 3250 2526 μάτην
3312 2459 3413 2528 μὲν
3473 2461 3539 2514 ἀν
3597 2462 3944 2533 ἐκοπιῶμεν,

2363 2541 2545 2605 οἴκους
2573 2545 2783 2613 ἀρετῶν
2838 2547 3143 2617 οἰκοδομεῖν
3197 2551 3484 2620 ᾑρημένοι,
3524 2554 3606 2614 εἰς
3664 2554 3841 2622 μάτην
3891 2554 3949 2608 δὲ

2363 2635 2454 2686 καὶ
2505 2636 2918 2706 ἠγρυπνοῦμεν,
2978 2640 3136 2692 πόλιν
3185 2641 3531 2710 δικαιοσύνης
3587 2643 3950 2713 Ἰερουσαλὴμ

2362 2723 2744 2790 φυλάσσοντες,
2777 2728 2872 2779 καὶ
2898 2729 3034 2797 πρὸς
3065 2728 3161 2798 τὴν
3189 2729 3299 2783 ἀνω
3323 2733 3660 2802 μητρόπολιν
3683 2734 3947 2787 ἐπισπεύ-

2360 2812 2561 2875 δοντες.

2443 2906 2602 2975 Ἑξῆς
2636 2907 2767 2975 γοῦν
2808 2909 3144 2963 κατάσκοποι
3173 2911 3326 2980 παρά
3355 2912 3602 2973 Μωσέως
3635 2915 3946 2982 πέμπονται

2359 2995 2457 3063 τῆς
2483 2997 2959 3068 ἐπαγγελλομένης
2982 2999 3061 3070 τῷ
3109 3001 3221 3069 λαῷ
3277 3001 3482 3070 χώρας,
3528 3004 3634 3055 καὶ
3689 3003 3754 3055 σύ
3771 3004 3947 3072 μϐολα

2359 3085 2602 3154 νομίζειν
2655 3088 2864 3140 ἐκεῖθεν
2900 3090 3281 3145 ἐπιτάττονται
3316 3092 3426 3144 τῶν
3460 3094 3832 3161 ἐκδεξομένων
3864 3099 3945 3160 εἰς

2359 3176 2622 3227 πίπτωσιν
2643 3176 2884 3243 ἀγαθῶν.
2940 3178 3025 3239 Ὠς
3059 3180 3115 3232 δὲ
3153 3181 3427 3249 ἐπανῆκον
3459 3175 3629 3245 οὗτοι,
3683 3185 3779 3236 καὶ
3847 3187 3947 3254 τῆς

2368 3267 2666 3327 κατοπτίας
2697 3267 2901 3320 ἐδίδουν
2939 3271 3066 3330 τοὺς
3094 3270 3305 3337 λόγους,
3365 3272 3735 3341 διεμερίζοντο
3797 3293 3948 3344 τηνιο

2367 3358 2542 3411 καῦτα
2563 3360 2682 3420 ταῖς
2720 3358 3136 3426 γνώμαιςοκαὶ
3197 3363 3246 3414 οἰ
3308 3362 3407 3430 μὲν
3467 3365 3650 3418 αὐτῶν
3705 3383 3944 3433 κακουρ-

2365 3451 2606 3518 γοῦντες,
2636 3451 2806 3519 ψευδῆ
2860 3454 2953 3504 καὶ
2984 3453 3288 3522 σκυθρωπά
3321 3454 3663 3524 διηγόρευον,
3718 3454 3801 3520 οἷς
3851 3459 3948 3511 καὶ

2364 3542 2724 3611 προσέχοντες
2761 3542 2821 3595 τὸ
2852 3543 2986 3596 πολὺ
3020 3543 3115 3596 τοῦ
3148 3542 3300 3608 λαοῦ,
3330 3545 3400 3596 δι’
3445 3545 3613 3614 ὀργῆς
3666 3547 3947 3602 ἐποιοῦντο

2362 3632 2454 3684 τὸν
2479 3629 2793 3700 νομοθέτην,
2818 3633 2911 3684 καὶ
2942 3632 3032 3684 τὸν
3055 3633 3398 3702 ἡγησόμενον
3427 3634 3527 3703 τῆς
3554 3635 3643 3687 ἐπ’
3664 3637 3945 3702 Αἴγυπτον

2361 3722 2698 3792 ἐπιστροφῆς
2721 3724 2968 3794 ἐζήτουν.
3013 3723 3222 3793 Ἰησοῦς
3253 3726 3308 3778 δὲ
3343 3726 3440 3794 τῆς
3474 3727 3710 3797 ἀληθοῦς
3764 3728 3945 3797 εῐχετο

2362 3815 2457 3866 καὶ
2534 3813 2840 3883 κρείττονος
2890 3814 3171 3883 ἀγγελίας,
3232 3817 3326 3869 καὶ¹
3379 3818 3524 3870 κατά
3578 3819 3944 3889 Παλαιστίνην

2362 3905 2612 3978 ἐξαίρων,
2641 3905 2837 3974 δεῖγμα
2865 3905 2962 3974 τῆς
3005 3909 3188 3979 ἐκεῖσε
3217 3909 3427 3977 τρυφῆς
3463 3911 3553 3963 τὸν
3599 3912 3694 3965 ἐπ’
3740 3912 3945 3980 ἀναφο-

2363 3998 2504 4068 ρέως
2529 3997 2890 4067 κομιζόμενον
2952 3998 3149 4068 βότρυν
3211 4001 3472 4054 ἐποιεῖτο.
3541 4001 3615 4054 Σὺ
3675 4002 3730 4055 δὲ
3780 4004 3942 4057 πάλιν

2373 4087 2582 4158 Ἰησοῦν
2635 4088 2874 4154 ἀκούων,
2926 4093 3036 4142 νόει
3070 4107 3161 4158 μοι
3191 4090 3283 4144 τὸν
3341 4091 3597 4156 ἀληθινὸν
3651 4091 3785 4146 Θεὸν
3848 4094 3943 4146 καὶ

2361 4180 2588 4249 Σωτῆρα
2625 4180 2854 4248 Ἰησοῦν,
2882 4198 2975 4234 τον
2998 4182 3096 4251 τῆς
3126 4183 3369 4252 μεγάλης
3393 4184 3587 4254 βουλῆς
3609 4186 3705 4237 τοῦ
3729 4187 3942 4255 Πατρδς

2363 4270 2647 4336 Ἄγγελον,
2684 4273 2779 4323 καὶ
2846 4271 2946 4340 τῆς
3007 4275 3065 4326 ἐν
3096 4273 3450 4341 ἐπαγγελίαις
3536 4277 3942 4345 μακαριότητος

2357 4359 2645 4429 ἐξηγητὴν,
2672 4361 2764 4411 τὸν
2785 4360 2889 4427 τῆς
2919 4363 2976 4411 ἐν
2997 4361 3212 4430 ούρανῷ
3237 4361 3516 4430 βασιλείας
3564 4364 3657 4416 καὶ
3678 4365 3942 4433 ἑτοιμασ-

2355 4452 2454 4520 τὴν
2477 4452 2705 4515 ἄνωθεν,
2731 4455 2825 4504 καὶ
2843 4453 3176 4522 κληροδότην
3203 4456 3517 4526 ἐσύστερον,
3541 4457 3724 4519 τὺν⁶ὡς
3747 4458 3941 4527 βότρυν

685 4524 1030 4618 postea'vero
1063 4524 1222 4602 etiam
1263 4547 1597 4612 largitorem,
1625 4546 1716 4612 qui
1749 4560 1813 4597 ex
1838 4559 2001 4597 cruce
2025 4560 2253 4611 suspen-
2292 4524 2333 4577 ί)
2366 4544 2371 4591 l

2292 4524 2333 4577 ί)
2366 4542 2456 4593 ἐπὶ
2493 4542 2724 4610 σταυροῦ
2757 4544 3159 4612 κρεμασθέντα,
3195 4548 3289 4599 καὶ
3330 4547 3390 4599 τὸ
3439 4543 3579 4614 αἷμα
3643 4549 3722 4609 εἰς
3779 4548 3941 4602 πόσιν

685 4655 780 4691 sus
852 4637 993 4689 velut
1047 4639 1236 4691 botrus
1289 4636 1595 4701 dependet,
1670 4635 1869 4702 quique
1939 4638 2255 4702 sanguinem

685 4745 840 4784 suum
879 4731 928 4782 in
982 4726 1405 4781 immortalitatis
1457 4737 1639 4791 potum
1699 4726 1946 4793 praebuit:
2001 4726 2146 4792 quod
2205 4732 2260 4777 et

686 4820 893 4890 Moyses
944 4820 1231 4888 aenigmate
1264 4819 1731 4886 quodamtectum
1768 4816 2155 4884 pronuntiavit,
2177 4815 2260 4868 di-

687 4926 818 4965 cens
852 4923 946 4964 eos
975 4909 1280 4978 sanguinem
1308 4925 1420 4961 utve
1461 4907 1506 4939 ”
1533 4907 1757 4968 bibisse,
1799 4915 1855 4958 ut
1884 4906 1984 4958 ltoc
2007 4905 2258 4973 loquendi

688 5005 847 5055 modo
899 5000 1186 5054 salutarem
1233 4999 1561 5064 passionem,
1615 5007 1668 5050 et
1695 4995 2103 5058 exaltationem,
2130 5010 2248 5062 quae

686 5109 752 5145 ex
777 5107 938 5146 cruce
961 5091 1169 5145 exstitit
1204 5130 1218 5154 ,
1239 5090 1543 5146 denotaret.
1609 5086 1741 5140 Num
1773 5087 1932 5155 igitur
1962 5088 2100 5149 lucc,
2133 5101 2252 5153 qua:

687 5187 954 5238 bar-tenus
985 5181 1150 5247 dicta,
1176 5196 1390 5236 crucem
1427 5179 1936 5249 prazsigniﬁcarunt,
1968 5177 2252 5246 etquidem

688 5289 795 5329 tam
821 5276 1098 5344 splendida
1149 5317 1162 5337 ,
1195 5286 1414 5343 tamque
1465 5275 1846 5327 miraculorum
1881 5272 2054 5339 plena,
2081 5271 2261 5324 taber-

2361 4629 2657 4691 ἀθανασίας
2716 4633 3152 4701 παρασχόμενον,
3207 4633 3281 4697 ὡς
3344 4636 3438 4687 καὶ
3494 4636 3698 4704 Μωσῆς
3773 4637 3941 4700 αὐτὸς

2360 4722 2425 4774 δι’
2457 4724 2780 4790 αἰνίγματος
2823 4726 3066 4794 εἴρηκεν,
3124 4726 3206 4779 ὅτι
3230 4721 3373 4794 αἷμα
3406 4727 3731 4795 σταφυλῆς
3753 4727 3940 4780 ἔπινον

2359 4809 2521 4877 οἶνον,
2557 4815 2622 4866 ἵν’
2645 4815 2786 4868 οὕτω
2817 4818 2876 4870 τὸ
2908 4818 3175 4888 σωτήριον
3203 4818 3568 4887 καταμηνύσῃ
3600 4819 3794 4882 πάθος,
3842 4823 3940 4872 καὶ

2360 4906 2458 4975 τὴν
2485 4907 2722 4976 σταυροῦ
2773 4908 3137 4978 εὐφροσύνην.
3206 4905 3333 4979 Ἆρ’
3389 4906 3484 4963 οὖν
3542 4911 3776 4980 σταυρὸν
3837 4913 3939 4979 μὲν

2354 4998 2712 5066 προδιετύπου
2741 5000 2809 5054 τὰ
2841 5000 3118 5070 λεχθέντα,
3158 5001 3250 5052 καὶ
3307 4998 3453 5053 οὕτω
3513 5000 3742 5070 λαμπρά
3778 5018 3836 5053 τε
3869 4998 3940 5070 ῆν

2355 5091 2449 5142 καὶ
2482 5090 2758 5160 θαύματος
2790 5093 3050 5161 γέμοντα,
3096 5094 3129 5161 ἡ
3179 5093 3353 5160 σκηνὴ
3397 5092 3476 5152 δέ,
3507 5094 3599 5144 καὶ
3625 5093 3695 5145 τὰ
3719 5094 3776 5144 ὲν
3802 5095 3938 5162 αὐτῇ

2358 5179 2492 5248 ἅγια
2509 5182 2773 5245 τοιούτοις
2801 5184 2900 5237 οὐκ
2951 5183 3064 5254 ἔχει
3098 5201 3191 5236 του
3222 5184 3406 5253 τιμίου
3438 5185 3609 5237 τύπου
3648 5183 3941 5254 συμϐόλοις

2361 5272 2728 5340 σεμνύνεσθαι
2760 5291 2773 5335 ;

694 5369 946 5423 naculum
1008 5379 1309 5435 autem,et
1374 5383 1491 5437 qua:
1535 5368 1586 5422 iu
1653 5384 1718 5421 eo
1779 5377 1985 5429 sancta,
2042 5366 2128 5419 bis
2187 5368 2511 5421 venerandis
2570 5369 2793 5437 pretiosi
2870 5369 2978 5440 typi
3070 5371 3324 5439 symbolis
3391 5372 3610 5426 minime
3672 5385 3937 5426 exornata

691 5463 916 5517 iuerint?

763 5553 1043 5617 Quomodo
1094 5553 1310 5607 silentio
1373 5553 1642 5607 involvam
1675 5553 2128 5621 quaoripartitum
2162 5567 2258 5618 po-

693 5648 874 5714 pulum
907 5684 917 5704 .
950 5646 1284 5699 tabernaculi
1337 5647 1646 5702 ministeriis
1696 5648 2047 5710 destinatum,
2087 5647 2258 5701 cruci“

762 5827 806 5855 ”
831 5826 985 5881 Deut.
1016 5842 1181 5889 nari,
1229 5827 1307 5878 l—i.

2447 5551 2554 5604 Καὶ
2591 5551 2705 5611 πῶς
2740 5551 2806 5602 ἂν
2842 5550 3098 5618 παρέλθω
3136 5551 3222 5600 τὸν
3261 5550 3574 5618 τετραμερῆ
3606 5555 3734 5618 περὶ
3767 5551 3940 5618 αὐτὴν

2373 5644 2500 5696 λαὸν
2537 5642 2632 5711 τὴν
2663 5640 2960 5712 σταυρικὴν
2992 5639 3204 5710 ἐκείνην
3245 5639 3574 5712 δορυφορίαν
3637 5644 3730 5694 καὶ
3799 5658 3940 5711 προ-
