4270 6488
283 424 393 487 217

1358 432 1437 490 IN
1482 425 2081 490 EXAL'I‘ATIONEM
2119 432 2174 493 S.
2214 431 2523 492 CRUCIS.

3471 410 3578 477 218

283 543 537 609 πομπὴν,
568 543 665 596 καὶ
689 542 791 609 τὴν
836 538 1041 610 μεταξῦ
1068 539 1275 591 τούτων
1308 540 1726 608 διαλάμπουσαν
1780 539 1872 591 τοῦ

1977 560 2161 613 gerum
2222 544 2348 597 illml
2404 542 2718 595 satellitium
2787 538 3094 604 ,illumque
3152 530 3494 592 comltatum,
3523 540 3577 582 et

280 634 421 686 Θεοῦ
452 634 612 697 δόξαν
645 650 660 696 ;
689 633 888 692 Πῶςδέ
938 633 1038 701 τήν
1078 632 1331 693 κιϐωτὸν,
1372 633 1466 684 καὶ
1521 633 1588 681 τὰ
1621 633 1674 682 ἐν
1741 631 1879 701 αὐτῇ

282 728 659 795 παραδράμω,
690 728 792 795 τὴν
844 725 1083 793 στάμνον
1130 723 1225 776 τοῦ
1259 724 1458 793 μάννα,
1517 726 1615 782 τὰς
1667 724 1881 782 πλάκας

280 821 383 887 τῆς
414 819 705 888 διαθήκης,
745 816 808 868 τὸ
834 817 1165 886 ἱλαστήριον,
1202 814 1300 884 τὴν
1343 815 1584 883 λυχνίαν,
1618 814 1717 884 τὴν
1750 815 1881 883 τράσο

282 907 577 970 πεζαν,τὸ
636 906 1029 975 θυσιαστήριον
1088 905 1199 957 τῶν
1252 904 1748 975 ὁλοκαυτωμάτων,
1818 906 1880 958 τὸ

282 992 683 1067 θυσιαστήριον
712 998 808 1050 τοῦ
839 1000 1210 1068 θυμιάματος,
1245 999 1343 1066 τὴν
1378 999 1628 1066 ἐνδελεχῆ
1660 998 1876 1057 θυσίαν,

282 1084 558 1143 τάλὶαοῖς
593 1092 655 1143 τὸ
680 1091 877 1157 σεμνὸν
901 1085 1049 1158 εἶχεν
1088 1093 1121 1160 ή
1156 1090 1322 1143 πάλαι
1347 1090 1563 1156 λατρία,
1594 1091 1685 1140 καὶ
1714 1089 1779 1140 δι’
1803 1082 1877 1143 ὧν

281 1182 605 1246 ἐδοξάζοντο
630 1184 830 1245 πάντες
858 1185 906 1235 οἱ
935 1184 1054 1253 Θεῷ
1078 1183 1531 1251 προσανέχοντες,
1556 1182 1877 1245 ἐκολάζοντο

280 1274 341 1323 δὲ
376 1274 427 1324 οί
465 1274 539 1341 μὴ
569 1272 744 1335 οὕτως
777 1274 1017 1343 ἔχοντες,
1050 1274 1239 1342 ἐπειδὴ
1281 1276 1457 1328 πάντα
1504 1274 1598 1327 τοῦ
1640 1274 1875 1341 σταυροῦ

279 1368 385 1434 τὴν
420 1364 657 1432 δύναμιν
682 1367 1121 1437 προδιέγραφονς
1156 1368 1216 1418 El
1249 1368 1303 1419 δὲ
1342 1368 1434 1419 καὶ
1468 1368 1641 1419 ταῦτα
1664 1366 1752 1418 δια
1785 1368 1876 1419 τὸν

278 1454 447 1520 λόγον
480 1457 627 1508 ἐάσω
657 1456 931 1524 φεύγοντα
958 1457 1055 1526 τὴν
1081 1458 1369 1525 ἀμετρίαν,
1404 1457 1501 1525 τὴν
1528 1458 1656 1523 γοῦν
1681 1458 1876 1527 ράὃδον

294 1548 541 1615 Ἀαρὼν,
576 1549 673 1600 καὶ
706 1550 774 1600 τὰ
826 1549 968 1601 κατὰ
995 1550 1095 1619 τὴν
1130 1550 1361 1619 δάμαλιν
1404 1550 1519 1612 πῶς
1592 1551 1874 1617 σιωπήσω,

278 1640 430 1690 οὕτω
463 1639 788 1706 περιφανῶς
823 1640 916 1692 τὸν
975 1642 1213 1710 σταυρὸν
1272 1640 1760 1711 προκηρύττοντα;
1809 1642 1875 1692 'H

282 1728 387 1795 μὲν
422 1730 533 1798 γάρ
559 1730 707 1782 ἔνδον
748 1730 1042 1797 βλαστάνει
1078 1731 1178 1798 τῆς
1216 1733 1441 1801 σκηνῆς,
1484 1733 1578 1785 καὶ
1634 1732 1871 1784 δείκνυσι

275 1820 373 1871 τὸν
397 1822 550 1885 ἄξιον
580 1823 753 1890 ίερέα,
773 1825 867 1875 καὶ
896 1822 1243 1891 προδείκνυσι
1267 1823 1359 1874 τὸν
1386 1824 1557 1891 μέγαν
1584 1823 1869 1892 ἀρχιερέα.

1990 653 2110 688 eam
2176 636 2376 703 quain
2446 634 2842 686 tucdioborum
2899 634 3149 680 coruscat
3175 624 3432 688 ,divinam
3464 621 3575 688 glo-

1992 726 2152 780 riam?
2198 726 2483 790 Quomodo
2546 722 2960 789 praetergrediar
3019 730 3239 775 arcam,
3272 722 3327 767 et
3353 728 3472 779 quae
3519 713 3572 764 in

1989 834 2051 871 ea
2085 820 2513 872 asservabantur
2544 858 2559 879 ,
2595 832 2786 869 urnam
2821 814 3096 874 videlicet,
3140 810 3190 863 in
3221 821 3326 874 qua
3354 820 3574 868 manna,

1988 922 2041 964 et
2077 912 2291 965 tabulas
2348 911 2679 964 Testatnenti
2733 948 2748 972 ,
2787 908 3220 977 protritiatorium
3271 947 3287 971 ,
3320 902 3571 957 candela-

1989 1006 2165 1063 Ι›ι·ιιιιι,
2198 1019 2436 1056 ιιιηιιμειιιι
2468 1043 2482 1063 ,
2507 1002 2682 1054 altare
2746 1001 3209 1059 ltolocaustorum,
3256 996 3428 1050 altare
3486 990 3573 1043 in-

1988 1092 2161 1151 censi,
2225 1093 2539 1142 continuum
2602 1089 2956 1153 sacriﬁcium,
2987 1098 3039 1140 et
3067 1086 3169 1139 alia
3203 1085 3398 1151 quibus
3420 1090 3575 1134 vetus

1988 1185 2077 1235 ille
2141 1184 2318 1235 cultus
2373 1184 2607 1235 maxime
2664 1182 3025 1243 clarescebat,
3065 1190 3120 1233 et
3150 1178 3349 1247 quibus
3383 1190 3575 1229 omnes

1987 1276 2060 1328 illi
2099 1276 2187 1342 qui
2229 1275 2335 1327 Deo
2357 1273 2928 1342 serviebant.glm-iam
2954 1269 3225 1324 consecuti
3259 1277 3418 1331 sunt;
3458 1281 3574 1333 pce-

1988 1383 2110 1419 nam
2163 1382 2289 1418 vero
2316 1366 2349 1417 ii
2410 1366 2497 1433 qui
2534 1366 2693 1417 aliter
2747 1364 3047 1429 comparati
3080 1370 3277 1426 erant;
3315 1374 3433 1425 qua:
3460 1374 3575 1410 om-

1985 1460 2075 1511 nia
2140 1460 2319 1513 crucis
2347 1459 2644 1523 potentiam
2676 1455 3173 1524 reprussentabant?
3197 1452 3350 1518 Quod
3386 1452 3429 1505 si
3460 1467 3576 1503 out-

1985 1552 2071 1603 nia
2110 1552 2243 1604 base.
2289 1552 2517 1602 vitanda:
2573 1548 2900 1617 prolixitatis
2930 1562 3114 1609 causa,
3143 1554 3482 1614 prateream,
3520 1550 3575 1595 at

1985 1645 2189 1712 virgam
2223 1642 2475 1700 Aaronis.
2505 1651 2557 1694 et
2589 1656 2808 1693 vaccam
2864 1640 3009 1693 illam
3051 1639 3249 1699 rufam,
3291 1636 3383 1705 qni
3409 1635 3575 1688 silen-

1986 1738 2061 1789 tio
2120 1735 2486 1788 transmittam
2522 1777 2535 1797 ,
2563 1749 2687 1786 cum
2726 1743 2831 1785 tam
2871 1731 3155 1801 perspicue
3185 1743 3400 1781 crucem
3434 1740 3573 1796 prae-

1983 1827 2265 1880 nuntient?
2319 1825 2447 1878 Nam
2515 1826 2600 1877 illa
2667 1825 2805 1878 intra
2868 1821 3277 1875 tabernaculum
3336 1817 3571 1875 frondet,

275 1912 381 1963 καὶ
396 1912 497 1978 τὴν
516 1913 579 1963 ἐκ
600 1913 692 1964 τοῦ
716 1890 1017 1982 σταυρικοῦ
1039 1909 1199 1973 ξύλου
1232 1890 1509 1981 σωτηρίαν
1534 1890 1873 1980 εὐαγγελίζε-

1981 1920 2323 1987 ostenditque
2356 1960 2370 1983 ,
2404 1918 2651 1981 quisnam
2712 1917 2905 1984 dignus
2942 1915 3013 1968 sit
3038 1913 3315 1975 sacerdos,
3339 1920 3392 1965 et
3415 1908 3575 1962 simul

272 2022 392 2060 ται.
414 2006 810 2075 Μαρανθέντες
839 2008 949 2077 γὰρ
973 2008 1069 2059 καὶ
1088 2006 1371 2076 ήμείςύπδ
1384 2007 1480 2077 τῆς
1515 2007 1789 2075 ἁμαρτίας
1820 2008 1881 2059 rb

273 2098 591 2166 καταρχὰς,
616 2096 713 2151 νῦν
731 2097 834 2167 ήδη
855 2099 951 2151 καὶ
971 2099 1370 2169 βλαστάνομεν,
1390 2098 1486 2153 καὶ
1506 2098 1626 2167 Θεῷ
1643 2100 1878 2167 καρπὸν,

271 2188 498 2256 ἀρετῶν
517 2190 1105 2260 άναφέρομεν,θυσίαν,
1135 2192 1296 2257 ἁγίαν
1324 2194 1639 2261 προσφῦράν
1661 2192 1876 2262 δεκτήν,

270 2279 516 2349 εὔοσμον
545 2280 623 2343 ὡς
643 2281 863 2350 άληθῶς
886 2282 1162 2352 θυμίαμα.
1196 2283 1327 2337 Ἡδὲ
1349 2284 1581 2353 δάμαλις
1610 2286 1671 2336 τὸ
1704 2286 1881 2354 σωτή-

273 2389 399 2440 ριον
463 2374 560 2425 καὶ
582 2374 722 2441 αὐτὴ
768 2375 1144 2445 προδιέγραφε
1176 2366 1451 2438 πάθος,δι’
1481 2369 1541 2428 οὗ
1567 2376 1877 2447 κατεδλήθη

267 2463 376 2531 τῆς
423 2464 774 2533 παγκοσμίου
824 2465 1103 2535 ἁμαρτίας
1131 2468 1191 2519 τὸ
1219 2469 1419 2536 κράτος
1453 2482 1465 2495 °
1496 2467 1573 2536 τῷ
1595 2469 1702 2537 γὰρ
1727 2468 1883 2536 ἄμω-

271 2569 383 2619 μον
409 2551 587 2621 αὐτὴν
607 2549 748 2605 εἶναι
785 2556 881 2607 καὶ
912 2554 1111 2622 ἄζυγα,
1133 2556 1194 2608 τὸ
1213 2558 1603 2626 ἀναμάρτητον
1624 2558 1878 2626 ἐδηλοῦν-

268 2660 335 2694 το
353 2643 449 2695 τοῦ
483 2644 660 2709 Ἰησοῦ
683 2648 775 2698 καὶ
802 2646 1114 2716 ἐλεύθερον,
1134 2650 1209 2710 ὡς
1235 2650 1485 2718 Υἰοῦ.Τῷ
1500 2650 1593 2701 τοῦ
1616 2649 1807 2715 κέδρου
1824 2652 1880 2703 δὲ

269 2738 423 2807 ξύλῳ
471 2738 531 2790 τὸ
572 2741 869 2809 σταυρικὸν
895 2741 1194 2803 είκονίζετο
1226 2742 1403 2804 ξύλον.
1439 2742 1512 2794 Τὸ
1573 2744 1680 2812 γάρ
1740 2744 1872 2813 ἄση-

267 2846 410 2880 πτον
452 2831 670 2882 ἐκείνου
710 2832 768 2883 τὸ
794 2831 1058 2894 ζωοποιδν
1124 2833 1315 2886 τούτου
1379 2836 1476 2887 καὶ
1529 2835 1627 2903 τήν
1685 2836 1880 2904 ἀγήρω

269 2921 373 2971 καὶ
402 2921 769 2992 ἀτελεύτητον
805 2923 1091 2989 ἐνέργειαν
1122 2924 1455 2993 παρεδήλου,
1482 2926 1577 2977 καὶ
1605 2926 1632 2976 ὁ
1685 2925 1755 2976 δι’
1784 2926 1878 2976 αύ-

267 3012 369 3064 τοῦ
407 3017 708 3083 ραντισμδς
740 3014 840 3085 τὴν
868 3015 962 3067 τοῦ
1012 3016 1332 3083 Πνεύματος
1364 3018 1522 3085 χάριν
1572 3017 1878 3084 ὑπέφανεν,

267 3107 330 3171 ἐξ
363 3100 433 3176 ἦς
465 3108 661 3174 ἄφεσις
688 3108 999 3177 ἁμαρτιῶν,
1048 3111 1144 3161 καὶ⁵
1173 3109 1437 3173 υἱοθεσία,
1470 3109 1567 3161 καὶ
1598 3108 1879 3178 βασιλείας

264 3197 411 3248 Θεοῦ
451 3197 792 3267 κληρονομία
839 3199 1163 3269 δεδώρηται.

1985 2027 2235 2079 magnum
2287 2012 2627 2064 sacerdotem
2681 2015 3095 2077 praemonstrat,
3142 2006 3479 2072 salutemque
3506 2016 3572 2055 ex

1984 2104 2127 2171 ligno
2179 2104 2357 2157 crucis
2415 2113 2590 2155 ortam
2644 2100 2968 2170 promulgat.
3020 2098 3259 2152 Arelacti
3293 2098 3436 2151 enim
3473 2095 3574 2150 sub

1986 2197 2193 2250 initium
2232 2212 2325 2265 per
2366 2206 2670 2266 peccatum,
2716 2197 2820 2261 lam
2851 2194 3047 2245 iterum
3076 2191 3336 2254 viremus,
3367 2188 3572 2257 germi-

1984 2303 2175 2342 namus
2215 2328 2228 2349 ,
2263 2289 2477 2357 Deoqne
2542 2290 2776 2340 fructum
2830 2286 3098 2338 \irtutum
3134 2282 3441 2340 referimus.
3472 2281 3570 2333 ho-

1983 2378 2144 2432 stiam
2208 2388 2453 2430 sanctam
2496 2418 2508 2440 ,
2538 2376 2866 2429 oblationem
2907 2373 3296 2443 acceptabilem
3337 2371 3405 2433 ",
3483 2386 3575 2424 ve-

1985 2484 2147 2537 reque
2180 2469 2303 2523 |)0ni
2328 2468 2511 2522 odoris
2578 2469 2871 2538 thymiama
2906 2466 2977 2521 “.
3012 2463 3187 2520 Vacca
3216 2480 3343 2519 vero
3374 2464 3575 2518 saluta-

1985 2575 2098 2612 rem
2166 2562 2472 2627 passionem
2528 2560 2948 2629 przcdelinoabat
2982 2599 2996 2620 ,
3024 2573 3127 2624 qua
3174 2560 3226 2610 in
3258 2557 3571 2609 universum

1984 2650 2241 2702 mundum
2304 2650 2606 2717 grassantis
2654 2651 2863 2717 pei-cati
2896 2648 2975 2701 vis
3007 2657 3060 2700 et
3091 2647 3329 2715 polentia
3363 2646 3572 2712 delecta

1982 2752 2087 2804 est;
2151 2741 2360 2793 macula
2392 2755 2583 2795 carere
2609 2741 2814 2803 debuit,
2844 2750 2898 2792 et
2918 2738 3031 2808 jugi
3058 2752 3253 2805 expers
3274 2750 3414 2790 esse.
3450 2734 3574 2801 Quo

1982 2832 2286 2900 signiﬁcata
2311 2843 2394 2886 est
2442 2831 2569 2886 Jesu
2608 2832 2911 2885 Salvatoris
2944 2832 3115 2883 nostri
3146 2846 3173 2883 a
3213 2840 3440 2899 peccato
3473 2831 3574 2881 im-

1985 2927 2236 2989 munitas,
2302 2939 2356 2981 et
2387 2938 2442 2981 ut
2480 2928 2594 2990 ﬁlii,
2626 2928 2865 2980 libertas.
2906 2926 3130 2994 Insuper
3165 2926 3309 2993 ligno
3348 2924 3574 2979 cedrino

1983 3013 2184 3079 lignum
2245 3016 2423 3068 crucis
2487 3025 2572 3069 est
2618 3016 3022 3070 adutnbratum.
3064 3014 3193 3068 Nam
3233 3025 3425 3068 natura
3456 3014 3576 3081 ejus

1985 3106 2166 3159 omnis
2236 3107 2647 3175 pum-factionis
2721 3117 2777 3161 et
2806 3108 2971 3161 cariei
3034 3122 3225 3174 expers
3260 3147 3274 3169 ,
3306 3105 3572 3159 viviﬁcam

1982 3200 2098 3269 ejus
2131 3212 2203 3265 ,et
2232 3215 2330 3253 nec
2360 3201 2537 3262 senio,
2571 3214 2671 3252 nec
2719 3200 2950 3253 termino
2986 3199 3275 3252 obnoxiam
3302 3198 3573 3248 actionem

266 3288 636 3354 praenotabat,
672 3298 726 3340 et
748 3292 992 3354 aspersio
1023 3304 1118 3356 per
1141 3290 1268 3343 illud
1294 3289 1495 3358 lignum
1531 3287 1696 3348 facta.
1726 3287 1962 3355 Spiritus
2024 3294 2253 3359 gratiam
2305 3290 2583 3350 innuebnt,
2650 3290 2805 3358 cujus
2864 3288 3127 3343 beneﬁcio
3198 3288 3576 3347 remissionem

267 3388 624 3449 peccatorum
652 3420 667 3443 ,
698 3381 1041 3448 adoptionem
1098 3380 1328 3433 ﬁliorum
1359 3421 1375 3440 .
1410 3392 1462 3436 et
1494 3380 1864 3434 hmreditatem
1908 3384 2057 3451 regni
2089 3382 2326 3437 caelestis
2361 3383 2636 3435 consecuti
2662 3396 2872 3435 sumus.

368 3472 510 3527 Ἀλλ’
545 3474 593 3524 εί
624 3472 863 3524 δοκεῖτὰ
898 3470 1000 3538 τῆς
1020 3471 1278 3540 λατρείας
1307 3471 1480 3540 ἑτέρῳ
1506 3472 1875 3537 ταμιευσάμε-

2050 3473 2318 3526 Caaterum
2373 3471 2417 3525 si
2458 3472 2672 3525 videtur
2694 3510 2709 3534 ,
2744 3486 2804 3523 ea
2837 3485 2958 3537 qua:
2993 3471 3059 3523 ad
3087 3471 3289 3523 cultum
3322 3480 3376 3523 et
3401 3486 3574 3525 cerc-

265 3586 351 3622 νοι
386 3564 570 3635 καιρῷ
595 3580 654 3615 τε
691 3564 787 3616 καὶ
810 3562 955 3631 λόγῳ
985 3565 1048 3631 τῇ
1076 3564 1497 3631 θαυματουργία⁴
1520 3562 1875 3615 πάλινένδια-

264 3660 588 3730 τρεψωμεν.
624 3654 735 3707 Καὶ
764 3653 947 3705 τοίνυν
979 3652 1313 3720 ἁμαρτάνων
1357 3651 1573 3719 Ἰσραὴλ
1608 3651 1877 3722 συνήθως,

268 3750 529 3818 συνήθως
562 3746 728 3800 πάλιν
767 3743 1139 3808 ἐταπεινοῦτο,
1192 3745 1289 3797 καὶ
1351 3742 1876 3805 οὶταπεινωθὲντες

271 3845 365 3897 διά
392 3842 684 3910 δήγματος
734 3837 913 3905 ὄφεων
939 3835 1301 3889 ἐθανατοῦντο
1352 3836 1539 3899 εὐθὺς,
1578 3837 1673 3888 καὶ
1705 3836 1876 3898 οὕτως

268 3933 557 4004 ἐμάνθανε
618 3929 976 3998 δικαιώματα
1022 3927 1182 3987 Θεοῦ.
1230 3929 1323 3980 καὶ
1354 3928 1492 3999 πρὸς
1552 3927 1687 3979 Θεὸν
1750 3927 1878 3981 ἐπέ-

269 4014 535 4093 ἆτρεφεν.
555 4021 937 4090 Ἐπιστρέφων
956 4019 1011 4073 δέ
1040 4018 1245 4073 ίλεοῦτο
1270 4018 1359 4072 τὸν
1383 4018 1872 4088 πανοικτείρμονα,

267 4120 369 4171 και.
406 4118 620 4185 Μωσῆν
656 4113 769 4183 εἶχε
828 4111 1371 4181 θαυματουργοῦντα.
1404 4111 1563 4164 Κατὰ
1602 4110 1735 4177 γοῦν
1762 4111 1873 4163 τῶν

262 4208 587 4261 δακνόντων
616 4205 797 4273 ίὃφεων
849 4202 1085 4273 χαλκοῦν
1144 4204 1352 4264 ἐκεῖνος
1380 4201 1503 4269 ὅφιν
1566 4202 1870 4272 εἰργάζετο,

265 4304 409 4370 πρὸς
447 4301 589 4354 θεοῦ
621 4299 955 4360 κελευσθεὶς.
995 4296 1201 4365 ὑψηλοῦ
1236 4312 1296 4348 τε
1354 4295 1445 4347 ἐπὶ
1476 4293 1635 4357 ξύλου
1680 4294 1870 4358 ἐτίθει,

1986 3564 2193 3617 mouias
2215 3563 2505 3626 pertinent,
2533 3562 2688 3615 alteri
2722 3563 2948 3631 tempori
2980 3569 3035 3615 et
3063 3563 3292 3615 orationi
3323 3577 3572 3615 reserve-

1987 3671 2131 3717 mus,
2160 3666 2213 3707 et
2242 3669 2430 3707 rursus
2472 3655 2537 3707 ad
2569 3654 2936 3723 prodigiorum
2983 3653 3323 3707 eﬂ'ectioneut
3362 3669 3457 3706 nos
3483 3669 3572 3707 re-

1983 3746 2274 3813 cipiamus.
2305 3747 2474 3816 Igitur
2497 3763 2619 3801 cum
2648 3747 2833 3811 Israel,
2863 3762 3011 3801 more
3046 3762 3163 3812 suo,
3199 3748 3434 3816 peccatis
3453 3762 3579 3801 sese

1982 3838 2369 3905 obstringeret,
2395 3853 2544 3892 more
2601 3839 2763 3893 solito
2796 3840 2993 3893 iterum
3023 3839 3357 3908 aﬂligebatur
3390 3848 3444 3893 et
3466 3843 3561 3891 tle-

1973 3926 2287 3993 jiciebatur,
2343 3935 2394 3980 et
2437 3928 2526 3996 qui
2579 3942 2762 3981 morsu
2806 3937 3115 3997 serpentum
3169 3928 3381 3981 fuerant
3452 3928 3576 3992 icti,

1980 4031 2012 4071 e
2042 4016 2268 4083 vestigio
2309 4018 2577 4084 peribant:
2610 4029 2664 4073 et
2693 4019 2771 4073 sic
2818 4020 3238 4088 jnstillcationes
3272 4020 3364 4072 Dei
3386 4020 3568 4073 disce-

1980 4108 2131 4171 bant,
2161 4117 2214 4160 et
2240 4108 2306 4161 ad
2366 4108 2532 4162 Deum
2586 4114 3015 4164 revertebantur.
3095 4109 3406 4163 Conversus
3435 4124 3569 4163 vero

1980 4199 2341 4252 miserabatur
2398 4200 2655 4262 miseros.
2688 4209 2743 4253 et
2776 4215 2899 4253 mox
2935 4200 3179 4269 Moysen,
3217 4210 3271 4253 ut
3299 4200 3563 4270 miracula

1976 4299 2239 4360 patraret,
2296 4289 2629 4343 destinabat.
2685 4291 2825 4358 Ergo
2856 4301 3049 4344 contra
3086 4307 3299 4345 morsus
3338 4306 3568 4359 serpen-

265 4398 366 4449 καὶ
396 4398 513 4457 τοῖς
547 4392 943 4462 πληττομένοις
973 4390 1049 4450 ὡς
1076 4389 1238 4441 αὐτὸν
1264 4388 1451 4454 ἔλεγεν
1480 4387 1747 4449 ἁτενίζειν
1773 4403 1787 4417 ·
1840 4386 1870 4439 δ

1977 4392 2089 4434 tum
2137 4396 2337 4434 meum
2397 4383 2485 4436 ille
2510 4394 2818 4449 serpentem
2867 4383 3142 4446 formavit,
3168 4384 3322 4447 jussu
3358 4382 3476 4445 Dei.
3508 4392 3566 4437 et

263 4489 331 4555 δὴ
365 4487 465 4539 καὶ
508 4484 750 4553 δρῶντες
781 4480 967 4534 κακῶν
994 4480 1226 4542 ἀπαθεῖς
1261 4478 1602 4541 διεσώζοντο.
1660 4476 1869 4530 Οὐκοῦν

1973 4487 2038 4526 ετ
2091 4475 2346 4540 prmeelso
2393 4475 2538 4543 ligno
2569 4475 2873 4542 suspendit,
2907 4475 3295 4543 mandavitque
3322 4485 3378 4528 ut
3413 4476 3503 4543 qui
3532 4492 3563 4527 ιι

266 4580 406 4647 φέρε
443 4577 726 4645 λέγωμεν,
753 4573 831 4636 ὼς
862 4574 926 4626 ἐκ
957 4572 1131 4625 τύπου
1174 4571 1337 4625 πάλιν
1369 4572 1461 4623 ἐπὶ
1488 4571 1586 4641 τὴν
1608 4570 1868 4641 ἀλήθειαν

1973 4567 2421 4633 serpentibnsicti
2459 4577 2664 4629 essent,
2730 4568 2785 4620 in
2832 4581 2955 4620 eum
3006 4567 3365 4635 reSpicerent,
3419 4569 3562 4635 quod

269 4668 690 4738 μεταφέροντες
754 4665 815 4716 τὸ
870 4664 1139 4731 διήγημα,
1176 4662 1707 4732 προσκεκρούκαμεν
1772 4663 1868 4714 καὶ

1973 4673 2094 4709 cmn
2147 4656 2410 4723 facerent,
2474 4660 2743 4713 immunes
2794 4660 2993 4712 amalo
3069 4659 3560 4712 conservabantur.

267 4763 441 4830 ἡμεῖς
473 4757 555 4826 τῷ
575 4756 911 4826 Δημιουργῷ
937 4756 1033 4807 καὶ
1080 4753 1507 4823 κατηνέχθημεν
1533 4756 1612 4815 είς
1646 4754 1874 4806 θάνατον

1973 4748 2208 4818 Agedum
2234 4766 2363 4816 ergo
2383 4761 2548 4804 tatam
2582 4752 2721 4804 banc
2745 4752 3110 4804 narrationem
3132 4765 3321 4804 rursus
3340 4764 3369 4802 a
3393 4750 3561 4816 ﬁgura

369 4850 471 4903 τοῦ
502 4822 681 4917 δφεως
716 4822 1000 4916 συμϐουλῇ
1030 4863 1043 4876 ’
1081 4847 1273 4915 δῆγμα
1296 4822 1647 4915 γὰρίάληοῶς
1692 4845 1869 4911 ὄφεως

1978 4842 2030 4894 in
2091 4843 2371 4894 veritatem
2410 4846 2579 4910 ipsam
2648 4841 3059 4896 transferamus.
3112 4840 3274 4894 luvisi
3306 4855 3562 4908 nosque-

262 4938 580 4995 ὁέπελθὼν
638 4937 717 5007 τῷ
772 4936 1081 5006 προπάτορι
1150 4934 1400 4993 θάνατος.
1479 4934 1870 5003 Ἀνεζωοποιή-

266 5036 454 5101 θημεν
484 5031 541 5083 δὲ
575 5028 654 5097 τῷ
703 5030 798 5081 ἐπὶ
826 5027 921 5079 τοῦ
981 5027 1277 5096 σταυρικοῦ
1335 5026 1493 5089 ξύλου
1547 5029 1869 5096 νεχρωθέντι

267 5123 498 5194 Χριστῷ
527 5126 587 5176 ἐν
614 5121 932 5189 ὁμοιώματι
966 5121 1197 5187 σαρκὸς
1225 5120 1537 5186 ἁμαρτίας,
1577 5117 1651 5178 ῶς
1707 5135 1871 5184 φησιν

265 5222 294 5271 ὁ
322 5219 474 5278 θεῖος
516 5214 867 5273 Ἀπόστολος.
913 5211 999 5272 Ὦς
1029 5213 1136 5281 γὰρ
1164 5213 1192 5262 ὁ
1250 5210 1482 5278 χαλκοῦς
1513 5209 1636 5276 ὄφις
1667 5210 1873 5268 ἐκεῖνος

269 5308 514 5375 τνδαλμα
545 5306 644 5373 μὲν
685 5300 754 5373 ἦν
781 5301 877 5354 τοῦ
910 5302 1095 5371 θηρὸς,
1130 5302 1223 5353 τὸν
1268 5298 1605 5353 θανατοῦντα
1659 5300 1715 5351 δὲ
1772 5299 1870 5351 οὐκ

267 5396 419 5469 εἶχεν
453 5398 554 5457 ίὺν.
587 5394 733 5448 οὕτω
764 5396 858 5446 καὶ
890 5395 919 5446 ὁ
953 5394 1010 5445 ἐν
1070 5392 1197 5457 τοῖς
1250 5392 1495 5460 ἀνόμοις
1543 5389 1869 5459 λογισθεὶς,

269 5490 340 5542 δι’
364 5489 523 5557 ἡμᾶς
550 5485 962 5554 ἀναμάρτητος,
988 5484 1083 5535 καὶ
1115 5482 1256 5535 κατὰ
1288 5482 1451 5548 φύσιν
1481 5481 1685 5549 ἀγαθὸς
1739 5484 1873 5533 Δεσ-

272 5582 447 5646 πότης
487 5579 671 5642 σάρκα
706 5576 805 5644 μὲν
834 5575 1086 5636 ἀνέλαϐε,
1144 5576 1237 5627 καὶ
1286 5575 1474 5642 γέγονε
1540 5574 1661 5627 καθ’
1698 5576 1868 5642 ἡμᾶς,

270 5673 365 5724 καὶ
396 5668 663 5736 ἁμαρτία
690 5665 920 5735 ἐκλήθη,
957 5665 1077 5734 ἦτοι
1108 5664 1271 5718 θυσία
1330 5666 1470 5734 ὑπὲρ
1500 5665 1597 5733 τῆς
1627 5680 1871 5730 παγκοσ-

341 5854 386 5883 ε·
421 5849 584 5905 Rom.
631 5866 731 5915 χιι,
765 5850 820 5915 I;
862 5864 949 5913 xv,
997 5847 1077 5902 16.
1158 5846 1201 5876 ει
1236 5844 1409 5900 Esoal.
1456 5859 1577 5912 xxv,
1606 5843 1656 5895 6.
1737 5846 1778 5875 ⁸³
1823 5844 1973 5901 Rom-
2028 5861 2144 5914 rm,
2188 5848 2238 5903 5.

1980 4949 2084 5000 que
2136 4934 2281 4997 Deo,
2310 4935 2534 4986 subdola
2599 4932 2870 4999 serpentis
2925 4933 3201 4992 suasione.
3238 4933 3289 4984 in
3329 4940 3556 4983 mortem

1980 5022 2285 5091 pra-cipites
2314 5025 2417 5077 acti
2442 5023 2660 5077 fuimus.
2699 5022 2837 5077 Vere
2863 5025 3006 5076 enim
3042 5038 3256 5076 morsus
3282 5024 3559 5091 serpentis

1977 5124 2061 5166 est
2088 5129 2236 5168 mors
2272 5153 2287 5176 ,
2319 5131 2437 5180 quae
2478 5115 2710 5181 priunun
2739 5122 3027 5180 parentem
3066 5125 3307 5166 nostrmn
3338 5113 3557 5165 invasit.

1986 5203 2160 5255 Vitam
2215 5218 2342 5256 vero
2394 5203 2699 5270 recepimus
2729 5241 2745 5265 ,
2778 5217 2900 5255 cum
2935 5201 2989 5254 in
3033 5201 3176 5267 ligno
3198 5200 3376 5252 crucis
3400 5197 3561 5251 Chri-

1981 5306 2096 5348 stus
2118 5296 2368 5349 occubuit
2408 5294 2461 5347 in
2515 5294 2863 5347 similitudine
2890 5294 3065 5346 carnis
3086 5292 3306 5360 peccati,
3338 5300 3396 5343 ut
3423 5291 3561 5344 dicit

1982 5388 2197 5444 divinus
2245 5389 2625 5458 Apostolus".
2656 5386 3116 5454 Quemadmodum
3178 5385 3324 5440 enim
3383 5396 3558 5438 aereus

1976 5482 2064 5534 ille
2122 5496 2347 5550 serpens
2423 5481 2776 5535 simulacrum
2832 5489 2952 5534 erat
3011 5479 3301 5532 animantis
3322 5476 3553 5537 illius,at

1980 5574 2258 5626 mortifero
2312 5589 2519 5627 veneno
2562 5575 2802 5637 carebat,
2839 5574 2911 5626 ita
2936 5582 2987 5626 et
3013 5573 3056 5625 is
3087 5573 3176 5640 qui
3206 5580 3425 5638 propter
3452 5585 3552 5622 nos

1981 5680 2102 5715 cum
2159 5666 2357 5723 iniquis
2413 5675 2684 5731 reputatur
2713 5675 2787 5718 est
2815 5666 2884 5730 ",
2927 5666 2993 5719 ab
3020 5665 3163 5719 omni
3204 5662 3406 5733 peccati
3436 5661 3557 5714 labe

2344 5848 2385 5878 ’⁵³
2417 5844 2520 5901 lea.
2551 5862 2670 5910 LIII,
2713 5845 2775 5899 l2
