4270 6488
687 425 798 496 mi)

1826 435 2153 494 MACARII
2200 436 2841 499 CIIRYSOCEPHALI

3869 423 3977 496 2‘20

692 556 862 612 purus
886 549 938 595 et
978 549 1168 595 natura
1203 556 1300 595 sua
1338 544 1507 598 bonus
1552 544 1810 598 Dominus
1834 585 1847 609 ,
1914 561 2133 602 carnem
2177 550 2294 618 qui-
2322 554 2369 614 Α

2403 548 2524 617 μξου
2564 549 2742 616 πάσης
2771 547 3068 617 ἁμαρτίας.
3133 547 3242 600 Τὸν
3271 549 3381 615 γὰρ
3405 549 3494 618 μὴ
3528 552 3753 618 γνόντα
3788 555 3973 621 ἀμαρ-

693 642 814 688 dem
874 633 1103 701 accepit,
1131 644 1180 686 et
1235 634 1516 689 nobiscum
1575 648 1846 698 versatus,
1883 639 1989 693 inm
2017 653 2269 709 etpecca-

693 740 802 778 tum
829 728 1001 779 dictus
1038 736 1122 780 est
1165 729 1231 788 ",
1285 727 1398 781 sive
1422 728 1754 781 sacrilicium
1787 744 1884 798 pro
1905 731 2066 784 totius
2086 734 2268 783 mutuli

694 832 935 887 peccato.
1012 822 1148 874 Eum
1203 821 1364 881 enim,
1393 821 1482 888 qui
1524 837 1624 872 non
1646 832 1854 873 noverat
1875 833 2165 888 peccatum,
2191 825 2278 876 in-

693 915 810 978 quit
866 914 1081 978 Paulus,
1139 929 1234 978 pro
1273 913 1415 965 nobis
1441 922 1713 980 peccatum
1740 912 1886 981 fecit,
1912 924 1968 965 ut
1997 932 2089 968 nos
2114 916 2278 983 emae-

695 1021 869 1055 remur
929 1005 1022 1057 Dei
1069 1006 1285 1070 justitia
1318 1005 1386 1056 ⁸⁵.
1421 1004 1484 1057 Et
1552 1011 1734 1056 tamen
1787 1005 1987 1057 nullam
2045 1009 2262 1071 penitus

697 1097 902 1159 pom-uti
963 1098 1228 1149 maculam
1272 1096 1321 1148 in
1352 1110 1410 1147 se
1443 1094 1681 1147 admisit.
1722 1094 1917 1148 Servat
1951 1108 2132 1150 autem
2161 1098 2280 1149 illus

697 1187 784 1243 qui
814 1186 863 1236 in
900 1200 1020 1238 cum
1077 1188 1262 1239 oculos
1307 1184 1614 1248 intendunt,
1641 1200 1735 1237 eos
1769 1187 2016 1241 videlicet
2043 1191 2130 1253 qui
2164 1205 2284 1243 cre-

696 1277 848 1338 dunt,
902 1277 1077 1342 ipsum
1137 1279 1303 1332 Deum
1368 1281 1547 1333 vivum
1612 1290 1664 1335 et
1702 1283 2101 1335 vitzedatorotn
2137 1297 2276 1346 esse,

695 1383 1021 1432 «amentque
1049 1369 1288 1435 factum,
1327 1384 1573 1427 naturam
1635 1386 1874 1428 nostram
1914 1374 2268 1441 peccatricem

2375 645 2530 707 τίαν,
2568 645 2596 695 6
2621 643 2829 705 Παῦλός
2851 659 3037 711 φησιν,
3066 643 3218 709 ὑπὲρ
3245 643 3416 710 ἡμῶν
3454 645 3752 711 ἁμαρτίαν
3774 647 3976 712 ἐποιη-

2379 749 2512 798 dar,
2544 733 2622 786 ἵν’
2654 733 2828 800 ἡμεῖς
2853 733 3156 802 γενώμεθα
3190 733 3338 786 Θεοῦ
3369 734 3752 802 δικαιοσύνη.
3773 738 3827 789 Ἀ
3840 755 3974 807 μαρ-

2384 826 2506 887 cia;
2539 825 2598 878 δὲ
2661 824 2825 886 αὐτὸς
2868 823 3135 893 οὐμενοῦν
3169 825 3292 876 οὐδὲ
3339 825 3470 894 μίαν
3511 827 3727 892 ἐδέξατο
3761 828 3972 897 κηλίξα.

2390 917 2563 978 Σώζει
2594 915 2650 969 δὲ
2683 917 2812 977 τοὺς
2839 916 3083 984 ὁρῶντας
3114 917 3198 978 εἰς
3233 917 3420 980 αὑτὸν,
3456 920 3586 980 τοὺς
3621 921 3977 983 πιστεύοντας

2386 1008 2610 1078 δηλαδὴ,
2648 1007 2730 1060 ὅτι
2764 1007 2896 1069 Θεός
2921 1008 3037 1059 ἔστι
3067 1008 3351 1072 ζωοποιὸς,
3413 1010 3505 1063 καὶ
3535 1011 3776 1079 ἐγεγόνει
3818 1013 3974 1080 σάρξ,

2389 1102 2485 1152 καὶ
2504 1097 2602 1168 τὴν
2632 1098 2943 1168 ἁμαρτικὴν
2972 1099 3128 1169 ήμῶν
3151 1100 3379 1168 ἑφόρεσε
3405 1101 3588 1168 φύσιν.
3619 1103 3715 1155 καὶ
3764 1104 3978 1168 δοξάζει

2392 1192 2519 1254 τοὺς
2557 1192 2924 1260 μιμουμένους
2959 1192 3032 1255 ὼς
3091 1193 3321 1245 δυνατὸν
3377 1196 3434 1247 ἐν
3498 1195 3576 1265 τῷ
3633 1197 3732 1265 τὴν
3796 1198 3976 1264 σάρκα

2390 1283 2657 1352 σταυροῦν
2721 1285 2845 1338 σὺν
2907 1285 3031 1350 τοῖς
3089 1285 3402 1355 παθήμασι
3471 1288 3573 1340 καὶ
3651 1289 3783 1354 ταῖς
3847 1290 3975 1340 ἐπι-

2382 1376 2649 1440 θυμίαις.

697 1460 937 1513 induis~e
976 1469 1030 1514 et
1061 1465 1244 1516 tulisse
1270 1504 1285 1528 ,
1348 1474 1402 1519 et
1436 1467 1663 1534 gloriam
1722 1467 1850 1519 dare
1885 1467 2237 1521 consuevisse
2278 1468 2345 1521 iis
2379 1467 2494 1536 qui,
2552 1475 2836 1534 quantum,
2863 1465 2976 1519 ﬁeri
3019 1475 3217 1534 potest,
3286 1467 3352 1520 ad
3417 1468 3777 1521 imitationem
3853 1470 3972 1538 ejus

696 1557 1025 1609 contendunt
1081 1559 1443 1627 cruciligendo
1473 1574 1715 1621 carnem,
1738 1577 1857 1614 cum
1880 1561 2017 1614 vitiis
2041 1568 2090 1611 et
2120 1561 2558 1628 concupiscentiis
2588 1559 2654 1612 “.

769 1649 931 1703 Vides
990 1651 1170 1719 ﬁgura:
1233 1668 1358 1706 cum
1394 1655 1468 1706 rei
1523 1655 1755 1709 veritate
1810 1654 2268 1709 convenientiam.

696 1743 770 1796 Ibi
815 1753 1043 1795 mortem
1073 1744 1380 1813 eﬂ'ugerunt
1457 1743 1648 1809 Jndtei,
1682 1748 1776 1800 sed
1846 1747 2270 1812 temporariam;

698 1833 787 1887 hic
815 1845 1068 1888 aeternam
1105 1837 1138 1887 ii
1167 1836 1256 1903 qui
1285 1837 1532 1900 credunt,
1588 1835 1871 1905 effugiunt.
1915 1835 1990 1889 lbi
2041 1848 2274 1903 serpen-

701 1937 811 1977 tum
867 1941 1082 1979 morsus
1132 1928 1356 1981 curabat
1401 1943 1698 1997 suspcnsus
1748 1945 2010 1997 serpens;
2061 1937 2117 1982 at
2184 1927 2278 1982 hic

700 2020 906 2085 plagas,
935 2018 1001 2071 ab
1030 2019 1359 2088 intelligibili
1393 2031 1645 2085 serpente
1677 2021 1932 2083 iuuit-tas,
1971 2029 2125 2073 sanat
2157 2035 2279 2073 cru-

701 2110 894 2163 ciﬁxns
930 2110 1108 2165 Jesns.
1149 2111 1218 2164 lbi
1253 2114 1569 2178 curabatur,
1617 2117 1710 2184 qui
1771 2117 2050 2185 corporeis
2102 2114 2280 2168 oculis

703 2203 988 2267 utebatur;
1022 2213 1075 2255 at
1108 2203 1193 2256 hic
1231 2205 1275 2257 is
1308 2206 1396 2271 qui
1433 2207 1628 2260 tuentis
1652 2207 1839 2261 oculos
1881 2207 2127 2270 intendit,
2163 2223 2282 2258 out-

703 2297 786 2345 nia
822 2306 1037 2361 peccata
1088 2295 1332 2361 deponit.
1384 2296 1458 2350 lbi
1526 2299 1677 2353 utsin
1733 2299 1958 2368 ﬁguram
2012 2304 2281 2367 serpentis

701 2385 1094 2437 eunfurmatnm
1148 2386 1284 2451 fuit;
1335 2387 1421 2440 bic
1468 2403 1670 2458 corpus
1725 2390 1938 2444 Domini
2010 2407 2038 2444 a
2077 2390 2279 2460 Spiritu

704 2485 894 2529 sancto
918 2475 1256 2531 ell'ormatum
1283 2488 1384 2532 est.
1440 2479 1516 2533 lbi
1577 2482 1857 2536 mordebat
1886 2498 2133 2551 serpens,
2167 2499 2283 2537 ser-

705 2584 942 2637 peusquc
977 2571 1299 2624 medicinam
1339 2572 1571 2626 faciebat
1603 2589 1616 2627 :
1645 2575 1714 2627 ita
1744 2584 1798 2628 et
1827 2575 1912 2630 bic
1959 2591 2104 2629 mors
2137 2577 2282 2631 intc-

706 2663 888 2724 ritum,
922 2672 975 2715 ct
1006 2679 1151 2716 mors
1189 2665 1415 2717 salutent
1443 2664 1640 2719 attulit.
1696 2670 1963 2720 (Steterunt
2026 2683 2282 2734 serpens,

706 2754 795 2820 qui
828 2755 1047 2807 exitium
1083 2755 1344 2822 pariebat,
1381 2771 1646 2811 venenum
1681 2757 1955 2816 habebat:
1988 2769 2040 2812 at
2069 2761 2159 2830 qui
2193 2777 2284 2815 sa-

707 2849 868 2901 lutem
904 2849 1179 2913 ati‘erebat,
1211 2866 1420 2904 veneno
1457 2867 1662 2908 vacuus
1686 2863 1819 2908 erat.
1857 2855 2003 2909 Idem
2045 2858 2132 2910 ltic
2162 2874 2283 2912 eve-

707 2941 803 2994 nit.
843 2941 968 2993 Na'n
1003 2951 1199 3004 morte,
1224 2959 1342 3011 quae
1373 2960 1469 3000 nos
1519 2947 1774 3015 perdidit.
1819 2961 2041 3014 peccato
2084 2951 2282 3004 infecm

707 3033 823 3096 fuit,
860 3033 996 3086 sicut
1024 3051 1233 3088 veneno
1281 3051 1544 3103 serpens:
1582 3049 1637 3091 at
1686 3054 1817 3093 crux
1870 3040 2083 3094 Domini
2138 3041 2284 3094 omni

706 3139 927 3190 prorsus
960 3136 1181 3191 peccato
1216 3129 1459 3193 carebat,
1493 3130 1633 3184 sicut
1660 3145 1839 3185 arcus
1895 3147 2122 3199 serpens
2190 3148 2284 3186 ve—

709 3230 877 3267 neno:
907 3216 1183 3269 Peccatum
1207 3221 1340 3272 enim
1374 3235 1473 3272 non
1513 3221 1657 3288 fecit,
1691 3239 1783 3276 nec
1813 3233 1888 3276 ut
1917 3225 2154 3278 iuventua
2187 3226 2282 3278 do-

2462 1651 2624 1721 Ὀρᾷς
2670 1650 2765 1702 τοῦ
2805 1651 2976 1703 τύπου
3013 1651 3149 1721 πρὸς
3184 1651 3284 1719 τὴν
3333 1651 3588 1721 ἀλήθειαν
3621 1652 3719 1718 τὴν
3768 1657 3974 1722 συγγέ⁹

2384 1760 2556 1796 νειαν.
2638 1744 2782 1794 Ἑκεί
2858 1744 3086 1796 θάνατον
3144 1745 3401 1813 διέφυγον
3485 1745 3764 1808 Ἰουδαῖοι,
3836 1749 3972 1799 sm

2380 1835 2473 1887 τὸν
2515 1834 2872 1904 πρόσκαιρον,
2912 1835 3149 1889 ἐνταῦθα
3181 1837 3275 1888 τὸν
3309 1836 3525 1888 αἰώνιον
3551 1840 3598 1889 oi
3629 1839 3972 1902 πιστεύοντες

2378 1925 2867 1995 διαδιδράσκουσιν.
2900 1927 3047 1978 Ἐκεῖ
3067 1927 3324 1995 δήγματα
3347 1929 3522 1994 ὄφεων
3553 1929 3668 1981 ἰᾶτο
3697 1932 3723 1981 6
3758 1933 3973 1997 κρεμά-

2384 2035 2544 2087 μενος
2583 2017 2612 2068 ὀ
2651 2017 2773 2085 ὄφις
2799 2032 2812 2047 ·
2851 2017 3083 2070 ενταῦθα
3125 2019 3218 2071 τοῦ
3252 2019 3449 2089 νοητοῦ
3483 2021 3780 2088 δράκοντος
3815 2021 3975 2090 θερα-

2382 2113 2539 2163 πεύει
2569 2111 2664 2172 τάς
2695 2111 2909 2179 πληγὰς
2935 2112 2962 2163 6
2990 2111 3324 2178 εταυρωθεὶς
3363 2110 3592 2180 Ἰησοῦς.
3633 2112 3784 2164 Ἐκεῖ
3805 2114 3833 2163 6
3861 2114 3974 2175 τοῖς

2381 2203 2686 2269 ὀφθαλμοῖς
2729 2202 2938 2265 τούτοις
2973 2202 3187 2270 βλέπων
3218 2202 3584 2273 ἐθεραπεύετο
3611 2220 3622 2232 ·
3663 2204 3899 2258 ἐνταῦθα
3942 2209 3968 2258 ὀ

2381 2297 2495 2356 τοῖς
2532 2294 2632 2362 τῆς
2671 2293 2908 2354 διανοίας
2936 2295 3078 2362 ὀρῶν
3107 2293 3317 2364 ὄμμασι
3351 2295 3527 2348 πάντα
3557 2296 3876 2348 ἀποτίθεται
3907 2299 3974 2348 τά

2390 2387 2787 2455 ἁμαρτήματα.
2846 2384 2993 2438 Ἐκεῖ
3039 2385 3240 2454 χαλκὸς
3283 2386 3342 2437 τὸ
3381 2387 3732 2457 κρεμάμενον
3784 2385 3854 2458 ἦν
3887 2391 3971 2450 εἰς

2386 2477 2575 2546 σχῆμα
2601 2478 2776 2546 ὄφεως
2804 2477 3186 2543 διατυπωθεὶς,
3209 2479 3442 2532 ἐνταῦθα
3466 2480 3622 2549 σῶμα
3647 2482 3978 2534 Δεσποτικδν

2385 2570 2491 2622 ὑπὸ
2533 2569 2626 2622 τοῦ
2664 2569 2984 2638 Πνεύματος
3028 2572 3498 2626 κατασκευασθέν,
3545 2575 3712 2642 Ὄφις
3761 2574 3980 2627 ἔδακνεν

2387 2664 2525 2726 ἐκεῖ,
2563 2665 2656 2717 καὶ
2685 2662 2806 2730 ὄψις
2829 2665 2945 2715 ἰᾶτο
2968 2680 2980 2691 ·
3015 2663 3157 2715 οὕτω
3184 2664 3280 2715 καὶ
3311 2664 3547 2718 ἐνταῦθα
3576 2667 3802 2730 θάνατος
3826 2667 3978 2720 ἀπώ-

2386 2761 2533 2824 λεσε,
2569 2762 2665 2814 καὶ
2695 2762 2933 2824 θάνατος
2964 2761 3188 2815 ἔσωσεν.
3226 2761 3371 2814 Ἀλλ’
3402 2763 3432 2813 6
3464 2759 3563 2829 μὲν
3584 2759 3825 2821 άπολλὺς
3853 2759 3980 2827 ὄφις

2389 2853 2468 2904 ἰὸν
2514 2848 2683 2919 εἶχεν,
2715 2855 2743 2904 6
2775 2852 2830 2904 δὲ
2863 2853 3052 2916 σώζων
3089 2852 3169 2904 ἰοῦ
3203 2852 3446 2922 καθαρὸς
3475 2846 3566 2919 ἦν.
3598 2851 3708 2901 Καὶ
3738 2848 3980 2902 ἐνταῦθα

2388 2943 2555 2995 πάλιν
2587 2942 2648 2994 τὸ
2686 2943 2837 2996 αὐτό.
2885 2943 2942 2994 Ὀ
2976 2943 3079 3010 μὲν
3107 2943 3216 3009 γὰρ
3243 2943 3480 3004 ἀπολλὺς
3511 2941 3743 3000 θάνατος
3802 2941 3982 3009 ἀμαρ-

2387 3034 2508 3086 τίαν
2537 3029 2704 3102 εἶχεν,
2737 3033 2926 3104 ὥσπερ
2947 3035 3038 3085 τὸν
3070 3033 3147 3086 ιδν
3177 3034 3204 3084 6
3237 3033 3361 3099 ὄφις
3385 3049 3399 3064 ⁸
3433 3035 3460 3085 6
3489 3032 3544 3084 δὲ
3577 3031 3671 3084 τοῦ
3703 3033 3976 3083 Δεσπότου

2390 3127 2622 3195 σταυρὸς
2654 3125 2927 3193 ἁμαρτίας
2959 3125 3275 3192 ἀπήλλακτο
3320 3125 3523 3194 πάσης,
3562 3124 3751 3192 ὥσπερ
3783 3125 3810 3174 6
3846 3124 3978 3192 χαλ·

2391 3216 2520 3278 χοῦς
2563 3215 2685 3283 ὄφις
2729 3217 2830 3267 ἰοῦ·
2868 3217 3190 3282 Ἀμαρτίαν
3221 3217 3331 3284 γὰρ
3368 3217 3479 3268 οὐκ
3524 3216 3818 3277 ἐποίησεν
3841 3214 3986 3268 οὐδὲ

706 3307 786 3360 lus
830 3310 883 3360 in
917 3327 1003 3360 ore
1037 3311 1151 3376 ejus
1189 3313 1255 3362 ⁸⁷.
1285 3312 1349 3366 Et
1405 3315 1507 3368 ltoc
1552 3325 1654 3378 est,
1690 3317 1835 3383 quod
1864 3317 2082 3372 divinus
2133 3319 2277 3385 Apo-
2309 3305 2350 3360 ο

2382 3307 2593 3373 εὑρέθη
2614 3306 2805 3370 δόλος
2821 3307 2889 3359 ὲν
2908 3305 2988 3369 τῷ
3013 3306 3263 3373 στόματι
3287 3306 3499 3359 αὐτοῦ.
3543 3305 3652 3357 Καὶ
3666 3304 3984 3358 τοῦτόέστιν

708 3401 876 3454 stnlus
907 3406 1069 3455 tradit
1110 3421 1122 3454 :
1160 3402 1473 3469 Exspatiata
1523 3408 1851 3476 principatus
1899 3420 1950 3462 et
1975 3419 2280 3475 potestates,

709 3493 948 3545 traduxit
977 3495 1292 3562 confidenter
1318 3498 1646 3564 triumphans
1670 3501 1793 3554 illas
1819 3502 1876 3555 in
1897 3504 2201 3570 semctipsos
2214 3504 2280 3556 “.

709 3585 1176 3647 Quemadmodum
1235 3588 1377 3642 enim
1440 3604 1738 3657 generosus
1793 3591 1991 3660 aliquis
2053 3594 2283 3656 athleta,

710 3676 924 3739 quando
961 3677 1326 3732 adversarium
1371 3680 1422 3733 in
1458 3682 1690 3736 sublime
1741 3693 1957 3749 raptum
2020 3685 2284 3748 lancinat,

710 3761 1124 3827 splendidiorem
1150 3782 1302 3821 suam
1360 3769 1639 3823 victoriam
1672 3770 1867 3827 el'tlcit:
1920 3774 1994 3828 ita
2042 3785 2097 3827 et
2127 3773 2287 3829 Chri-

711 3865 848 3912 sitis,
882 3865 992 3908 toto
1031 3866 1298 3910 terrarum
1354 3859 1489 3915 orbe
1538 3862 1896 3929 inspectante,
1948 3865 2288 3920 adversarias

712 3946 942 3999 virtutes
971 3947 1183 4013 dejecit,
1213 3948 1354 4004 etab
1397 3950 1505 4006 illis
1548 3967 1839 4020 percussos
1894 3955 2109 4009 sanavit
2166 3970 2290 4011 sus-

714 4050 910 4101 pensus
937 4037 992 4090 in
1041 4037 1208 4105 ligno.

782 4219 890 4267 tzur
939 4215 1119 4280 igitur,
1149 4216 1349 4270 dixerit
1415 4217 1551 4271 forte
1608 4219 1897 4286 quispiam,
1949 4227 2173 4273 mortem
2220 4233 2288 4274 ex

715 4321 896 4359 umrsu
936 4306 1134 4359 illatam
1169 4308 1373 4375 depulit
1403 4324 1705 4378 suspensus
1751 4324 2000 4376 serpens,
2033 4325 2134 4366 nec
2192 4313 2291 4365 be-

713 4401 846 4451 SIias
891 4398 1009 4452 illas
1045 4400 1266 4468 majoris
1312 4402 1562 4455 beneﬁcni
1613 4405 1788 4470 gratia
1853 4401 2096 4466 abstulit,
2161 4413 2291 4458 tunc

714 4491 930 4556 quidem
965 4490 1167 4554 Israt-li,
1205 4507 1348 4546 nunc
1375 4507 1503 4544 vero
1561 4510 1663 4546 nou
1728 4495 1907 4548 minus
1955 4495 2112 4549 nobis
2160 4510 2290 4549 cou-

712 4580 957 4631 t'erendi?
992 4581 1330 4649 Respondco,
1363 4581 1656 4643 lsraelitas,
1685 4583 1824 4637 malo
1846 4592 2132 4652 prasente,
2175 4598 2289 4636 mo-

715 4670 976 4723 dcsdores
1030 4681 1084 4724 et
1151 4672 1545 4725 tractabiliores
1616 4671 1840 4727 eﬂ‘ectus
1867 4687 2024 4728 esse:
2066 4690 2164 4727 nos
2195 4689 2292 4725 au-
2327 4650 2369 4704 θ

719 4775 953 4831 temper
1005 4779 1065 4816 ea
1121 4779 1240 4832 qua:
1291 4766 1744 4835 signiﬁcabantur
1801 4776 1866 4820 ad
1923 4767 2294 4821 sublimiorem

721 4856 838 4907 sitae
866 4855 1130 4908 rationem
1158 4856 1302 4918 duci,
1329 4857 1633 4925 exetnplum
1665 4859 1789 4911 vitae
1847 4858 2192 4911 instituenda:
2233 4871 2296 4911 ea

720 4960 838 5010 qua:
924 4947 1430 5014 praesigniﬁcantur,
1519 4949 1882 5018 suppeditant.
1954 4946 2298 5001 Manifestum

721 5038 865 5088 (‘lllnl
898 5045 981 5088 est
1012 5053 1130 5100 nos,
1164 5038 1254 5106 qui
1284 5053 1379 5105 per
1416 5054 1632 5093 crucem
1669 5038 1870 5092 servati
1903 5054 2117 5102 sumus,
2152 5054 2299 5092 mor-

726 5140 830 5180 tem
855 5141 918 5179 ex
971 5129 1195 5194 antiqua
1246 5130 1332 5181 illa
1393 5131 1826 5196 transgressione
1863 5140 2035 5183 ortam
2087 5131 2299 5196 penitus

724 5219 1008 5287 cllugisse;
1085 5235 1207 5272 cum
1268 5220 1484 5273 malitia:
1535 5237 1663 5274 vero
1723 5230 1967 5280 auctore,
1995 5232 2049 5273 et
2098 5237 2158 5272 ea
2185 5235 2302 5287 quae

725 5311 877 5361 eartti
912 5314 1166 5364 adversus
1191 5314 1434 5377 spiritum
1477 5327 1692 5379 semper
1719 5312 1986 5365 incumbit
2044 5314 2304 5379 concupi-

727 5400 931 5450 scentia
966 5399 1147 5468 (quam
1181 5400 1311 5453 milii
1361 5402 1566 5468 reptilia
1610 5401 1699 5453 illa
1753 5400 1981 5454 innuero
2013 5400 2302 5468 videntur),

730 5504 1045 5555 perpetuum
1100 5491 1318 5555 bellum,
1352 5492 1532 5560 quoad
1582 5493 1687 5544 vita
1745 5491 1925 5555 durat,
1970 5506 2161 5560 gerere
2218 5495 2309 5545 dc-

730 5583 877 5644 lierc,
924 5591 981 5634 ut
1012 5592 1154 5635 metu
1193 5586 1450 5652 gebenna:
1486 5595 1540 5637 et
1582 5585 1854 5638 desiderio
1904 5587 2050 5653 regni
2117 5600 2303 5636 serve-

730 5689 850 5727 mus
875 5686 1138 5743 prtecepta
1168 5675 1290 5728 data
1321 5687 1440 5743 post
1493 5677 1908 5745 reparationem,
1970 5676 2059 5745 qui
2115 5678 2302 5745 primae

799 5854 841 5886 “
874 5854 914 5907 il
953 5856 1072 5914 Cor.
1119 5873 1172 5921 τ,
1213 5858 1298 5919 21.
1347 5858 1389 5888 η
1431 5858 1561 5910 Ibid.
1613 5858 1655 5887 ’⁸
1687 5860 1854 5912 (λεῖαι.
1891 5877 1938 5922 ι’,
1976 5857 2064 5911 9.3.

2148 5859 2185 5885 ”
2224 5858 2324 5913 lsa.
2363 5873 2478 5917 an,
2520 5858 2590 5921 9',
2624 5854 2641 5906 ι
2679 5853 2823 5907 ['etr.
2859 5870 2917 5920 it,
2954 5851 3043 5907 “2‘2.

2392 3401 2419 3452 ὃ
2444 3413 2608 3466 φησιν
2637 3399 2665 3450 6
2719 3397 2861 3458 θεῖος
2905 3396 3229 3457 Ἀπόστολος
3255 3412 3268 3426 ·
3306 3394 3831 3462 Ἀπεκδυσάμδνος
3877 3397 3980 3458 τὰς

2391 3489 2583 3556 ἀρχὰς
2611 3485 2709 3540 καὶ
2740 3487 2847 3546 τὰς
2875 3487 3186 3551 ἐξουσίας,
3216 3485 3633 3554 ἐδειγμάτισεν
3663 3486 3731 3538 ἐν
3757 3486 3984 3551 πιιῤῥη-

2393 3579 2520 3642 σΙᾳ,
2543 3578 2941 3643 θριαμϐεύσας
2970 3576 3161 3640 αὐτὰς
3185 3575 3255 3627 ἐν
3271 3573 3454 3639 αὐτῷ.
3475 3574 3745 3644 Καθάπερ
3767 3575 3871 3643 γάρ
3898 3592 3983 3636 τις

2395 3668 2634 3735 ἀθλητὴς
2665 3669 2911 3733 γενναῖος
2937 3706 2951 3727 ,
2983 3667 3110 3719 ὅταν
3145 3667 3240 3717 ἐπὶ
3287 3667 3566 3734 μετεώρου
3599 3667 3690 3719 τὸν
3728 3668 3863 3717 ἀντα
3876 3683 3980 3731 γω-

2395 3758 2584 3827 νιστὴν
2606 3758 2743 3828 ἄρας
2772 3758 3115 3829 καταρῤἁξῃ,
3145 3741 3535 3827 λαμπροτέραν
3562 3758 3854 3826 ἀποφαίνει
3883 3759 3982 3824 τὴν

2395 3848 2577 3917 νίκηνο
2618 3848 2763 3900 οὕτω
2797 3849 2890 3900 καὶ
2916 3851 2943 3901 6
2973 3849 3230 3917 Χριστὸς,
3270 3848 3370 3915 τῆς
3417 3849 3739 3917 οἰκουμένης
3769 3848 3982 3916 ὁρώσης

2396 3939 2634 4008 ἁπάσης,
2679 3940 2777 4000 τὰς
2807 3939 3189 4006 ἀντικειμένας
3233 3940 3496 4008 δυνάμεις
3543 3939 3835 3999 κατέϐαλε,
3887 3941 3983 3993 καὶ

2393 4031 2521 4094 τοὺς
2565 4031 2657 4083 ὑπ’
2693 4031 2918 4083 ἐκείνων
2954 4031 3261 4099 πληγέντας
3307 4032 3495 4084 ἰάσατο
3521 4032 3856 4101 κρεμασθεὶς
3887 4033 3984 4084 ἐπὶ

2396 4123 2581 4189 ξύλου.

2465 4215 2535 4268 Τί
2581 4216 2698 4276 οὖν,
2729 4218 2884 4285 φησὶ,
2932 4215 3021 4266 τὸν
3071 4214 3170 4281 μὲν
3208 4216 3273 4267 ἐκ
3327 4216 3606 4285 δήγματος
3658 4217 3977 4284 κατήργησε

2398 4308 2629 4362 θάνατον
2663 4309 2692 4359 6
2721 4307 3056 4377 κρεμασθεὶς
3085 4307 3228 4374 ὄφις,
3262 4308 3328 4359 τὰ
3355 4308 3522 4377 θηρία
3549 4309 3605 4360 δὲ
3645 4310 3745 4360 οὐκ
3775 4309 3982 4375 ὲξηφά-

2397 4416 2546 4453 νισεν
2605 4400 2931 4468 εὐεργεσίας
2975 4399 3137 4450 ἕνεκα
3183 4400 3451 4466 μείζονος,
3509 4399 3604 4451 καὶ⁵
3641 4399 3718 4467 τῷ
3748 4399 3868 4450 τότε
3899 4398 3982 4466 τῷ

2410 4492 2647 4561 Ἰσραὴλ,
2682 4492 2776 4545 καὶ
2799 4491 2891 4543 νῦν
2912 4491 2970 4543 δὲ
2994 4492 3091 4559 οὐχ
3115 4485 3277 4560 ἦττον
3299 4493 3433 4560 ἡμῖν
3455 4507 3469 4554 ;
3499 4490 3564 4542 ΟΞ.
3599 4491 3697 4559 μὲν
3723 4491 3833 4557 γάρ
3869 4506 3977 4541 σω-

2399 4583 2749 4651 φρονέστεροι
2767 4584 2860 4633 τοῦ
2889 4580 3060 4635 κακοῦ
3087 4581 3354 4649 παρόντος
3375 4582 3646 4648 ἐγένοντο,
3667 4581 3816 4650 ἡμᾶς
3845 4580 3982 4649 πρὸς

2400 4675 2740 4744 ὑψηλοτέραν
2788 4675 2911 4741 ἄγει
2959 4672 3076 4740 βίου
3131 4672 3468 4725 κατάστασιν
3519 4673 3589 4724 τὰ
3635 4670 3979 4739 τυπούμενα.

2401 4767 2569 4832 Δῆλον
2604 4766 2716 4834 γὰρ
2743 4766 2817 4826 ὼς
2840 4765 2928 4818 διά
2959 4763 3196 4832 σταυροῦ
3228 4763 3495 4823 σωθέντες
3525 4763 3616 4815 τὸν
3653 4763 3753 4830 μὲν
3785 4765 3851 4814 ὲκ
3884 4763 3986 4826 τῆς

2402 4857 2634 4927 ἀρχαίας
2668 4854 3035 4924 παραϐάσεως
3068 4853 3307 4921 παντελῆ
3337 4852 3699 4921 πεφεύγαμεν
3731 4853 3986 4916 θάνατον,

2405 4952 2541 5020 πρὸς
2573 4949 2630 5001 δὲ
2652 4949 2743 4999 τὸν
2775 4946 3019 5016 ἀρχηγὸν
3046 4946 3146 5015 τῆς
3175 4946 3374 5008 κακίας
3407 4945 3500 4998 ναὶ
3532 4946 3632 5014 τὴν
3658 4946 3992 5013 ἑγκειμένην

2404 5045 2469 5109 τῇ
2500 5043 2665 5108 σαρκὶ
2696 5039 2838 5091 κατὰ
2865 5037 2959 5089 τοῦ
2987 5037 3300 5103 πνεύματος
3330 5036 3628 5105 ἐπιθυμίαν
3671 5036 3804 5104 (καὶ
3851 5038 3990 5090 ταύ-

2402 5150 2505 5202 την
2549 5133 2656 5198 γάρ
2699 5148 2790 5198 μοι
2816 5132 2964 5182 δοκεῖ
3010 5129 3081 5181 τὰ
3115 5128 3278 5198 θηρία
3307 5127 3696 5195 αἰνίττεσθαι),
3729 5127 3992 5196 πολεμεῖν

2405 5226 2694 5293 ὀφείλομεν
2725 5225 2810 5277 διὰ
2843 5223 2958 5292 βίου
2989 5263 3004 5287 ,
3039 5225 3136 5276 καὶ
3171 5222 3472 5291 μάχεσθαι,
3507 5223 3584 5276 ὡς
3617 5221 3684 5274 ἂν
3713 5222 3864 5289 φόϐῳ
3891 5221 3993 5290 τῆς

2409 5319 2662 5383 γεέννης,
2692 5314 2784 5365 καὶ
2817 5313 2969 5380 πόθῳ
3001 5312 3098 5380 τῆς
3129 5311 3409 5380 βασιλείας
3437 5311 3696 5380 τηρῶμεν
3721 5310 3822 5371 τὰς
3851 5313 3999 5361 ἐντο-

2406 5408 2506 5470 λὰς
2550 5410 2647 5476 τῆς
2695 5406 3072 5468 άναπλάσεως,
3117 5405 3168 5456 al
3202 5403 3299 5472 τῆς
3347 5402 3573 5471 πρώτης
3614 5401 3867 5462 πλάσεως
3896 5400 4001 5468 τὴν

2407 5497 2625 5563 ἐντολὴν
2675 5495 2749 5562 μὴ
2791 5494 3129 5560 φυλάξαντες
3176 5492 3256 5554 εἰς
3287 5492 3592 5546 ἀπόλαυσιν
3644 5491 3746 5558 τῆς
3789 5492 4002 5542 ἀκατα-

2406 5587 2607 5656 λήκτου
2640 5587 2806 5654 ζωῆς.
2863 5584 3021 5637 Οὖτω
3062 5585 3162 5653 τὴν
3196 5586 3260 5637 ἐκ
3296 5583 3390 5636 τοῦ
3421 5582 3634 5652 χλωροῦ
3664 5582 3825 5647 ξύλου
3867 5582 4001 5650 βλα-

2405 5681 2684 5748 στήσασαν
2708 5680 2804 5746 τῆς
2833 5677 3168 5747 ἡδυπαθείας
3189 5680 3482 5746 πυρκαϊὰν,
3511 5677 3674 5744 ’ξηρὸν
3690 5676 3878 5728 ἔσϐεσε
3902 5673 4000 5726 τοῦ

3125 5854 3168 5884 ⁵⁸
3206 5852 3414 5909 Culoss.
3473 5869 3533 5912 li.
3573 5854 3652 5906 ib.
