4270 6488
667 374 774 443 223

1840 383 2038 442 ΜΜῙΛ
2054 384 2160 441 Ri!
2204 385 2300 443 Cll
2315 384 2597 443 liYSOCE
2612 381 2836 441 PI‘IALI

3828 376 3937 438 224

668 495 931 547 duntaxat
961 491 1325 556 intuerentur,
1372 494 1470 549 soli
1509 494 1802 549 obscurato
1849 496 2150 563 mandavit,
2188 506 2245 550 ut
2277 504 2319 559 Α

2401 516 2508 551 εινε
2536 514 2549 531 ·
2582 498 2672 550 καὶ
2704 494 2894 563 ἐπειδὴ
2925 495 2976 547 oi
3011 493 3281 563 παρόντες
3312 492 3476 562 μόνον
3507 492 3695 563 ἑώρων
3716 493 3777 545 τὸ
3798 494 3943 561 γινόο

668 582 868 650 ubique
903 590 1173 636 terrarum
1226 583 1463 637 immane
1515 582 1646 636 illud
1684 582 1993 638 Iudaeorum
2039 586 2250 639 facinus

671 673 968 728 nuntiaret.
1020 675 1170 729 Adeo
1220 673 1517 730 Ecclesiam
1562 676 1755 730 dilexit
1787 678 2056 731 universae
2099 693 2253 732 crea-

668 772 803 817 tura:
841 764 1120 821 Dominus.
1154 766 1244 821 Sic
1284 782 1345 821 se
1379 783 1477 831 pro
1512 768 1598 820 illa
1654 770 1898 824 tradidit.
1929 770 2046 823 Tali
2105 786 2253 827 (nco—

670 855 849 909 nontia
887 866 944 912 et
973 858 1204 913 consilio
1232 859 1472 915 innotuit
1505 861 1661 916 nobis
1692 863 2033 917 immensitas
2057 864 2253 919 divina:

674 950 1091 1006 benevolentiae.

746 1041 860 1095 Iluc
902 1045 1128 1096 accedat
1164 1044 1331 1097 etiam
1365 1045 1582 1099 divinus
1617 1044 1828 1103 David:
1859 1061 1983 1098 nam
2039 1056 2091 1099 et
2138 1047 2256 1114 ipse

673 1131 888 1195 insigne
922 1133 1194 1197 quoddam
1238 1148 1431 1187 munus
1479 1133 1591 1187 Deo
1621 1133 1837 1199 aﬂ'erre,
1868 1144 1921 1188 et
1952 1136 2079 1189 huic
2114 1136 2257 1190 cele-

674 1222 871 1276 britati
906 1227 1485 1280 convenientissimum
1520 1228 1869 1281 contribuere
1903 1228 2124 1296 poterit.
2161 1229 2256 1281 At-

674 1321 835 1370 tende
869 1327 1052 1373 autem
1094 1321 1159 1372 ad
1194 1322 1270 1374 rei
1313 1329 1478 1386 gestae
1526 1322 1747 1385 seriem,
1779 1329 1838 1374 ut
1883 1334 1948 1374 eo
1975 1321 2260 1389 perspica-

674 1414 788 1463 εἰπε
831 1427 1051 1478 quoque
1102 1414 1395 1476 intelligas,
1447 1414 1590 1482 quod
1642 1414 1745 1467 sub
1802 1413 1890 1466 illa
1943 1413 2258 1469 narratione

680 1504 834 1557 latet.
897 1501 1030 1556 Vide
1076 1521 1198 1572 qua:
1252 1506 1319 1558 ab
1362 1506 1479 1573 ipso
1526 1514 1652 1559 sunt
1698 1514 2014 1573 patrata,ut
2058 1520 2257 1574 cogno-

679 1611 823 1657 seas,
854 1613 1017 1665 quam
1055 1600 1224 1665 probe
1268 1600 1618 1653 consentiant
1651 1614 1771 1651 cum
1810 1598 1916 1661 his,
1946 1614 2066 1667 qua!
2102 1599 2258 1653 dixit.

685 1690 830 1746 Vidit
858 1691 1152 1761 aliquando
1185 1691 1426 1754 Coliath,
1462 1702 1674 1747 vastum
1711 1692 1863 1746 illttm
1897 1693 2039 1746 mole
2068 1708 2263 1760 corpo-

677 1785 777 1848 ris,
808 1785 1005 1853 spiritu
1036 1784 1263 1851 elatum,
1310 1796 1685 1855 portentosam
1722 1786 1871 1840 illam
1906 1797 2118 1841 natura:
2150 1800 2265 1839 am-

678 1877 939 1929 bitionem
974 1886 1027 1929 et
1070 1877 1441 1935 insolentiam.
1485 1879 1726 1946 pessima
1789 1879 2106 1942 audentem,
2147 1892 2263 1929 ma-
2297 1847 2343 1906 Β

678 1967 872 2033 gniﬁca
915 1982 1148 2037 qumque
1191 1980 1384 2022 contra
1438 1968 1694 2023 lsraelcm
1749 1970 2049 2039 iactantem
2085 1979 2141 2023 et
2169 1969 2265 2022 de-

678 2058 1066 2114 blaterantem.
1097 2058 1525 2129 Audivit,quam
1551 2062 1711 2118 dictis
1740 2063 2052 2131 arrogantia
2089 2062 2264 2130 plenis

680 2151 935 2217 populum
1009 2150 1101 2207 Dei
1163 2163 1585 2221 aspernaretur,
1640 2163 1695 2209 et
1773 2153 1994 2222 quantis
2045 2153 2266 2221 injuriis

682 2247 913 2302 electam
955 2248 1046 2302 Dei
1102 2248 1478 2304 haereditatetn
1509 2258 1762 2303 oneraret
1791 2267 1805 2305 :
1843 2263 2076 2318 moxque
2110 2249 2267 2318 juve-

682 2340 776 2394 nili
812 2341 1007 2395 ardore
1052 2342 1332 2405 incitatus,
1366 2342 1621 2411 opposuit
1651 2357 1773 2397 sese
1816 2344 2029 2397 nefario
2076 2341 2267 2397 alieni-

679 2448 852 2501 genze,
882 2443 937 2486 et
984 2434 1035 2487 in
1078 2433 1250 2488 aciem
1284 2435 1546 2490 adversus
1582 2434 1899 2501 injuriosam
1933 2444 2168 2491 mentem
2214 2447 2268 2490 et

684 2526 922 2597 linguam
963 2542 1290 2597 progressus
1320 2538 1405 2581 est
1443 2545 1457 2581 :
1487 2530 1656 2583 armis
1684 2530 1900 2598 quidem
1954 2530 2269 2584 carnalibus

681 2618 1000 2683 destitutus,
1030 2628 1086 2673 at
1119 2635 1359 2688 superna
1396 2621 1570 2690 gratia
1618 2622 1841 2691 egregie
1894 2622 2158 2683 munitus,
2191 2621 2269 2673 Ia-

686 2710 935 2777 pidisque
960 2710 1108 2779 jactu
1158 2711 1321 2766 talem
1353 2725 1416 2765 ac
1447 2721 1655 2765 tantum
1695 2711 2037 2781 prosternit;
2074 2711 2267 2766 deinde

685 2803 979 2856 micantem
1035 2801 1415 2872 l‘ulgoremque
1468 2813 1660 2857 contra
1722 2818 1782 2857 se
1823 2804 2129 2856 mittentem
2167 2802 2273 2867 gla-

688 2896 832 2945 dium
872 2896 986 2959 ipse
1014 2895 1269 2956 vibravit,
1306 2909 1482 2963 eoque
1518 2895 1899 2962 blasphemum
1936 2895 2270 2960 trucidavit;

684 2994 738 3039 et
773 2986 990 3039 abstulit
1025 2986 1364 3054 approbrium
1397 3002 1461 3040 ex
1484 2985 1659 3040 Israel
1680 2987 1750 3038 ".
1787 2985 1939 3039 llunc
1971 2987 2272 3041 immodqu

690 3077 861 3130 David
914 3088 1099 3145 pastor
1135 3078 1322 3131 ovium
1369 3078 1553 3140 simul,
1582 3086 1639 3131 et
1687 3091 1781 3132 rex
1827 3078 2275 3139 instrumentum.

2364 607 2545 659 μενον,
2598 587 2828 650 ἐπέταξε
2882 586 2959 655 τῷ
3015 585 3150 656 ἡλίῳ
3201 585 3459 655 κρυϐέντι
3511 584 3792 654 πανταχοῦ
3846 586 3948 653 τῆς

2353 681 2684 750 οἰκουμένης
2715 679 3053 746 ἀπαγγείλαι
3074 678 3137 731 τὸ
3159 678 3439 749 τόλμημα.
3471 676 3660 740 Οὕτως
3688 675 3945 746 ἠγάπησε

2354 776 2454 842 τὴν
2516 769 2847 841 Ἐκκλησίαν
2898 768 2926 822 6
2976 768 3253 835 Δεσπότης
3312 769 3416 837 τῆς
3474 767 3749 831 κτίσεως·
3804 768 3949 822 οὕτω

2355 866 2680 935 παρέδωκεν
2720 863 2915 916 ἑαυτὸν
2954 860 3097 927 ὑπὲρ
3134 862 3344 931 αὑτῆςο
3382 859 3611 931 τοιαὺτῃ
3663 861 3953 927 οίκονομίᾳ

2357 959 2667 1027 ἐγνωρίσθη
2706 957 2769 1009 τὸ
2805 954 3146 1025 ὑπερϐάλλον
3186 954 3283 1022 τῆς
3323 954 3474 1016 θείας
3508 952 3949 1021 φιλανθρωπίας.

2427 1050 2558 1104 Ἐπὶ
2584 1050 2795 1110 τούτοις
2822 1047 3037 1115 παρίτω
3057 1046 3122 1114 δὴ
3152 1045 3228 1115 τῷ
3256 1045 3403 1113 λόγῳ
3427 1047 3524 1098 καὶ
3552 1043 3716 1097 Δαυῒδ
3741 1047 3767 1095 6
3786 1043 3954 1103 θεῖος·

2357 1142 2675 1208 εἰσ-κομίσαι
2695 1139 2804 1209 γὰρ
2824 1140 2918 1192 καὶ
2936 1138 3095 1199 αὐτὸς
3123 1139 3267 1207 μέγα
3280 1156 3332 1192 τι
3348 1137 3523 1209 δῶρον
3539 1135 3659 1204 Θεῷ
3675 1136 3811 1188 κὰντ
3824 1133 3957 1185 ῖῡθα

2358 1234 2608 1293 δύναται,
2651 1233 2749 1285 καὶ
2780 1232 2846 1302 τῇ
2889 1232 3050 1301 ἑορτῇ
3094 1229 3579 1298 πρεπωδέστατον.
3620 1229 3729 1281 Καὶ
3762 1227 3959 1278 σκόπει

2365 1342 2456 1395 μοι
2510 1320 2927 1391 ἱστορούμενον,
2977 1321 3066 1376 ἵνα
3113 1320 3406 1391 θαυμάσῃς
3448 1319 3510 1373 τδ
3553 1317 3958 1387 θεωρούμενον.

2363 1417 2567 1471 Σκόπει
2588 1415 2664 1469 «τὸ
2706 1415 2952 1485 πραχθὲν
2992 1413 3125 1484 παρ’
3159 1414 3404 1475 ἑκείνου,
3443 1412 3512 1466 ἵν’
3545 1412 3661 1485 ἴδῃς
3690 1413 3823 1476 ὅσην
3857 1410 3961 1479 ἔχῃ

2364 1509 2690 1579 συμφωνίαν
2738 1508 2876 1577 πρὸς
2913 1507 2984 1561 τά
3034 1508 3167 1575 παρ’
3198 1506 3367 1560 αὑτοῦ
3398 1506 3683 1577 λεχθέντα.
3717 1500 3838 1557 Εἶδε
3869 1503 3962 1555 τὸν

2362 1602 2557 1655 Γολιάο
2588 1617 2718 1654 ποτε
2763 1602 2854 1652 τὴν
2894 1600 3151 1671 περιττὸν
3189 1598 3250 1651 τὸ
3293 1598 3487 1666 σῶμα,
3519 1598 3612 1650 καὶ
3642 1596 3957 1663 ἐπηρμένον

2362 1700 2423 1749 τδ
2454 1696 2741 1765 φρόνημα,
2775 1694 2874 1763 τὴν
2903 1694 3185 1765 τερατώδη
3225 1693 3542 1762 φιλοτιμίαν
3572 1693 3672 1759 τῆς
3704 1689 3958 1757 φύσεως,

2366 1788 2659 1858 τολμῶντα
2688 1791 2755 1841 τά
2785 1787 3070 1857 χείριστα,
3103 1786 3200 1839 καὶ
3239 1785 3381 1854 μέγα
3430 1784 3570 1837 κατὰ
3609 1780 3703 1835 τοῦ
3743 1778 3964 1849 Ἰσραὴλ

2372 1882 2803 1950 φρυαττόμενον.
2851 1881 3129 1932 Ἤκουσεν
3169 1878 3333 1931 αὑτὸν
3363 1878 3543 1946 λόγοις
3578 1877 3967 1947 ὑπερηφανίας

2372 1970 2760 2038 ἐξουθενοῦντα
2797 1970 2890 2024 τὸν
2931 1968 3025 2022 τοῦ
3069 1965 3206 2021 Θεοῦ
3234 1966 3397 2033 λαὸν,
3429 1966 3525 2020 καὶ
3570 1966 3671 2034 τὴν
3698 1966 3969 2033 ὲκλεκτὴν

2375 2062 2778 2131 καθυὸρίζοντα
2792 2058 3183 2130 κληρονομίαν,
3204 2058 3298 2111 καὶ
3316 2055 3582 2121 νεανικῶς
3599 2056 3859 2111 άντικατέ
3868 2073 3967 2126 στη

2376 2158 2453 2227 τῷ
2479 2154 2832 2224 παλαμναίῳ,
2860 2153 2997 2221 πρὸς
3014 2152 3113 2222 τὴν
3135 2150 3462 2222 ὑδρίστριαν
3481 2150 3970 2219 παραταξάμενος,

2377 2252 2473 2305 καὶ
2505 2250 2699 2320 φρένα,
2734 2250 2831 2301 καὶ
2867 2246 3140 2315 γλῶσσαν,
3175 2247 3382 2316 γυμνὸς
3409 2244 3509 2316 μὲν
3545 2244 3655 2298 τῶν
3690 2242 3975 2313 σαρκικῶν

2378 2346 2584 2405 ὅπλων,
2614 2346 2679 2411 τῇ
2706 2343 2762 2394 δὲ
2792 2341 3002 2395 ἄνωθεν
3026 2338 3621 2411 χάριτιπεφραγμένος
3644 2334 3973 2399 κάντεῦθεν,

2381 2439 2476 2493 καὶ
2505 2436 2688 2507 ῥίπτει
2722 2436 2821 2504 μὲν
2846 2434 2926 2497 εἱς
2949 2435 3054 2504 γῆν
3078 2433 3229 2486 λίθου
3256 2432 3385 2502 βολῇ
3408 2431 3503 2484 τὸν
3532 2427 3809 2483 τοσοῦτον.
3835 2422 3977 2480 Εἶτα

2381 2533 2474 2585 καὶ
2511 2534 2578 2602 ἠν
2609 2529 2729 2586 κατ’
2760 2527 2927 2582 αὑτοῦ
2960 2525 3284 2580 στίλϐουσαν
3321 2521 3565 2593 συνεχῶς
3604 2522 3818 2582 ἐκεῖνος
3850 2518 3980 2573 άνέ-

2380 2642 2522 2679 τεινε
2556 2625 2835 2695 ῥομφαίαν
2863 2619 3069 2681 λαϐὼν,
3101 2615 3465 2685 διεχειρίσατο
3494 2614 3587 2666 τδν
3626 2611 3976 2695 βλάσφημον,

2382 2720 2478 2772 καὶ
2506 2692 2722 2784 ἐξῆρεν
2753 2713 2984 2776 ὄνειδος
3000 2709 3069 2772 ἐξ
3100 2706 3247 2762 υἱῶν
3271 2703 3548 2771 Ἰσραήλ.
3571 2700 3730 2756 Οὑτω
3757 2700 3855 2767 μὲν
3882 2692 3979 2751 οὖν

2384 2811 2569 2872 Δαυῖδ,
2594 2812 2623 2863 6
2646 2806 2954 2878 προῦατεὶις
2988 2803 3107 2872 ἃμα
3141 2801 3235 2854 καὶ
3268 2796 3547 2869 βασιλεὺς,
3582 2795 3644 2848 τὸ
3671 2792 3978 2861 θανάσιμον

2385 2903 2550 2957 ὅπλον
2582 2903 2856 2971 σωτήρόν
2893 2894 3247 2951 ἀποδείκνυσι
3281 2888 3380 2944 καὶ
3412 2889 3517 2959 τῆς
3570 2886 3735 2956 ἁγίας
3768 2885 3979 2953 σκηνῆς

2387 2996 2536 3048 ἔνδον
2564 2993 2768 3061 τίθησι,
2801 2993 2897 3043 καὶ
2946 2987 3024 3055 τῷ
3055 2985 3176 3055 Θεῷ
3212 2983 3521 3052 ἀνατίθησι.
3561 2979 3799 3049 Χριστὸς
3830 2978 3909 3039 δὲ,
3952 2980 3979 3029 6

2392 3088 2778 3159 παμϐασιλεὺς
2832 3086 2928 3138 καλ⁹
2980 3081 3189 3153 ποιμὴν
3240 3078 3458 3149 ἀληθῶς
3511 3077 3695 3145 πάσης
3749 3072 3982 3141 λογικῆς

692 3167 834 3231 quod
887 3168 1078 3220 mortis
1112 3165 1354 3235 alioquin
1385 3181 1549 3221 causa
1580 3176 1720 3231 erat,
1754 3167 1807 3221 in
1840 3167 2153 3234 prtesidium
2190 3181 2278 3221 sa-
2303 3187 2343 3245 ο

2396 3182 2635 3247 ττίσεως,
2667 3180 2729 3233 τὸ
2760 3176 3054 3247 σταυρικδν
3082 3174 3240 3240 ξὺλον
3263 3215 3277 3236 ,
3308 3172 3337 3225 ὃ
3370 3171 3540 3225 πάλαι
3571 3166 3717 3221 κατὰ
3743 3168 3842 3236 τῆς
3880 3163 3984 3233 φύε

696 3260 825 3310 ηειὶε
851 3260 984 3313 veni
1021 3274 1181 3324 posse
1209 3259 1416 3323 docuit,
1459 3257 1702 3325 illudque
1754 3259 1897 3312 intra
1932 3258 2278 3314 tabernaculi

695 3351 852 3419 adyta
904 3349 1111 3403 illatum
1151 3350 1265 3403 Deo
1295 3351 1591 3405 dedicavit.
1620 3349 1872 3405 Christus
1902 3359 2085 3404 autem
2140 3365 2283 3404 cuu-

696 3451 905 3497 ctarnm
948 3459 1129 3497 rerum
1156 3442 1293 3507 Rex,
1323 3457 1595 3511 verusque
1621 3453 1810 3512 pastor
1834 3444 2011 3497 omnis
2041 3443 2285 3497 rationa-

696 3535 761 3588 lis
792 3545 1083 3599 crcaturae,
1115 3534 1261 3603 ligno
1301 3534 1502 3595 crucis.
1536 3535 1677 3601 quod
1704 3536 1833 3588 olim
1866 3534 2163 3603 perdendis
2192 3535 2287 3588 bo-

699 3627 939 3681 minibus
971 3627 1342 3681 cacodaemoni
1388 3627 1815 3680 instrumentum
1849 3636 1988 3685 erat.
2024 3627 2077 3681 in
2124 3643 2289 3698 argu-

703 3729 947 3774 mentum
999 3720 1193 3775 salutis
1237 3720 1649 3780 transmutavit,
1704 3720 1889 3775 occiso
1941 3728 2198 3790 tyranno.
2236 3729 2292 3774 et

702 3814 905 3865 mundo
961 3812 1213 3867 libertate
1261 3814 1534 3867 restituta.
1562 3813 1911 3881 Quapropter
1963 3828 2062 3867 nos
2123 3812 2288 3867 etiam

702 3903 905 3973 gratias
938 3915 1161 3972 agentes
1194 3904 1498 3957 exaltamus
1529 3914 1581 3959 et
1613 3904 2000 3958 exOsculatnur
2044 3918 2290 3968 crucem,

707 3995 799 4048 Dei
837 3996 1103 4064 gladium,
1135 4012 1296 4069 quam
1344 4007 1396 4050 et
1432 3996 1600 4050 Isaias
1656 3995 1888 4062 ignitum
1921 3995 2161 4062 gladium
2197 4011 2294 4048 no-

705 4089 931 4142 minavit
962 4107 976 4143 :
1004 4087 1067 4141 In
1101 4088 1197 4142 illa
1224 4091 1359 4144 enim
1392 4090 1496 4151 die,
1528 4088 1730 4155 inquit,
1766 4087 1994 4141 adducet
2033 4087 2293 4141 Dominus

703 4183 944 4251 gladium
975 4200 1130 4237 suum
1169 4194 1435 4248 sanctum,
1479 4193 1528 4237 et
1560 4199 1833 4253 magnum,
1888 4192 1938 4236 et
1972 4185 2163 4249 fortem
2207 4198 2295 4234 su-

2388 3292 2528 3336 σεως
2572 3275 2600 3325 6
2654 3272 2909 3341 ἀλάστωρ
2952 3268 3187 3339 δργανον
3241 3260 3387 3334 εἶχεν
3436 3261 3759 3322 ἀπωλείας,
3806 3258 3984 3311 αττιον

2387 3363 2557 3428 ἔδειξε
2585 3362 2887 3431 σωτηρίας,
2914 3358 3136 3421 κτείνας
3166 3357 3258 3411 τὸν
3286 3356 3554 3426 τύραννον
3576 3351 3645 3405 δι’
3671 3348 3863 3411 αὑτοῦ,
3886 3347 3986 3399 xui.

2386 3458 2580 3525 κόσμῳ
2625 3453 2725 3525 τὴν
2771 3448 3089 3521 ὲλευοερίαν
3130 3446 3528 3520 χαρισάμενος.
3576 3440 3770 3512 Ταύτῃ
3796 3456 3855 3492 τε
3886 3439 3987 3491 καὶ

2389 3551 2551 3619 ἡμεῖς
2581 3545 3036 3619 εὐχαριστοῦντες
3056 3540 3373 3611 άνυψοῦμεν
3394 3537 3490 3593 καὶ
3509 3531 3988 3601 κατασπαζόμεθα

2389 3643 2491 3712 τὴν
2537 3641 2674 3693 Θεοῦ
2714 3639 3013 3709 μάχαιραν,
3040 3635 3134 3688 τὸν
3173 3630 3433 3702 σταυρόν.
3477 3626 3635 3683 Οὕτω
3680 3625 3790 3695 γάρ
3822 3624 3991 3678 αὐτὸν

2393 3732 2488 3785 καὶ
2510 3732 2571 3784 τὸ
2601 3726 3138 3799 κατηνθρακωμένον
3159 3723 3453 3793 ὠνόμασεν
3502 3718 3736 3771 Ἡσαΐου
3768 3713 3950 3784 στόμα
3974 3728 3990 3744 ’

2400 3819 2478 3886 Τῇ
2505 3821 2697 3889 ἡμέρᾳ
2726 3820 2858 3887 γὰρ.
2895 3817 3081 3886 φησὶν,
3115 3813 3321 3880 ἐκείνῃ
3361 3808 3574 3873 ἐπάξει
3601 3808 3636 3862 δ
3691 3804 3839 3869 Θεὸς
3872 3801 3997 3868 τὴν

2392 3910 2699 3979 μάχαιραν·
2724 3907 2913 3961 αὐτοῦ
2943 3905 3060 3971 τὴν
3088 3903 3289 3972 ἁγίαν,
3315 3901 3417 3955 καί
3446 3898 3564 3966 τὴν
3586 3898 3865 3966 μεγάλην
3891 3891 3995 3945 καί

2401 4001 2517 4069 τὴν
2555 3999 2839 4069 ἰσχυρὰν,
2868 3997 2964 4051 ἐπὶ
3006 3994 3115 4049 τὸν
3162 3992 3487 4061 δράκοντα,
3548 3989 3657 4042 τὸν
3702 3986 3841 4055 ὄφιν
3886 3983 4001 4037 τὸν

2402 4093 2683 4156 σκολιὸν,
2703 4090 2802 4145 καί
2831 4087 3045 4144 ἀνελεῖ
3063 4086 3174 4141 τὸν
3195 4082 3497 4155 δράκοντα
3523 4079 3599 4149 τῇ
3629 4076 3823 4149 ᾑμέρᾳ
3845 4074 4003 4127 ἐκεί-

2404 4204 2482 4255 νῃ
2523 4187 2594 4238 ἐν·
2621 4183 2697 4252 τῇ
2729 4182 3041 4249 θαλάσσῃ.

704 4294 795 4347 per
833 4281 1147 4342 draconem,
1199 4289 1485 4347 serpentem
1543 4287 1866 4343 tortuosum,
1904 4289 1953 4332 et
2007 4277 2283 4346 interﬁciat
2325 4280 2610 4335 draconem
2636 4281 2690 4333 in
2708 4279 2802 4334 illa
2831 4278 2939 4340 die,
2966 4277 3020 4329 in
3044 4272 3181 4326 mari
3205 4272 3274 4325 ⁷⁸.

778 4372 1017 4425 Percmit
1050 4373 1215 4441 igitur
1248 4370 1502 4425 Christus
1530 4384 1626 4437 per
1656 4384 1878 4422 crucem
1906 4384 2029 4423 eum
2054 4369 2148 4439 qui
2181 4370 2294 4436 gln-
2329 4375 2373 4430 υ

708 4466 879 4519 riatus
914 4464 1109 4526 fuerat,
1138 4478 1198 4517 se
1235 4463 1566 4517 abeliturum
1597 4470 1652 4514 et
1686 4471 1890 4515 terram
1925 4468 1980 4515 et
2014 4476 2185 4521 mare,
2212 4469 2298 4514 tn-

708 4568 933 4624 tumque
968 4566 1234 4610 terrarum
1266 4554 1452 4607 orbem
1510 4554 1689 4607 instar
1718 4552 1826 4606 uidi
1868 4553 2297 4621 comprehensun

710 4665 849 4702 rnm.
890 4646 1103 4703 Occidit
1139 4650 1502 4710 desertorem,
1553 4643 1826 4699 interfecit
1865 4646 2293 4713 corruptionem,

709 4741 986 4807 vitamque
1038 4740 1194 4794 nobis
1224 4738 1465 4792 donavit.
1495 4735 1637 4791 Cum
1668 4737 1815 4791 enim
1849 4736 2072 4790 malitias
2107 4743 2300 4790 auctor

707 4841 763 4884 et
792 4832 896 4884 dux
944 4828 1291 4898 quadruplici
1328 4828 1641 4896 arrogantia
1688 4827 1981 4892 laborarit,
2025 4842 2298 4896 suumque

711 4921 968 4975 thronum
1020 4935 1140 4973 sese
1179 4934 1344 4991 supra
1385 4920 1560 4973 nubes
1613 4918 2007 4975 collocaturum
2057 4920 2307 4990 jactarit,

715 5012 1012 5068 inferorum
1047 5013 1207 5067 sedes
1249 5013 1477 5080 adeptus
1531 5021 1635 5077 est,
1670 5022 1725 5065 et
1759 5010 2057 5067 Leviathan
2116 5014 2302 5084 appel-

714 5106 883 5166 latur,
910 5103 1038 5158 sede
1079 5102 1131 5155 in
1172 5103 1327 5169 aquis
1358 5101 1646 5157 collocata.
1677 5101 1889 5156 Circuit
1933 5113 2119 5157 autem
2161 5119 2307 5169 eam,

716 5211 837 5262 qua:
861 5196 1000 5249 cmlo
1029 5194 1270 5262 subjecta
1298 5202 1407 5255 est,
1446 5194 1751 5263 regionem,
1776 5204 2092 5264 terramque
2118 5199 2310 5251 obam-

718 5292 890 5346 ltuiat.
920 5290 1086 5359 Igitur
1120 5291 1417 5358 prudenter
1460 5290 1755 5345 adutndum
1808 5288 2070 5345 Dominus
2098 5302 2153 5345 et
2184 5291 2307 5346 Sal-

721 5395 877 5437 vator
924 5381 1264 5453 quadruplex
1324 5383 1483 5451 quasi
1550 5383 1948 5439 munimentum
2010 5384 2178 5452 ipsius
2216 5394 2304 5455 ty-

724 5476 936 5529 rattuidi
977 5475 1250 5543 opposuit,
1280 5489 1497 5529 crucem
1529 5473 1790 5529 nimirum
1817 5475 2305 5545 quadripartitam,

726 5583 845 5635 quia:
896 5568 1256 5637 undequaquc
1307 5583 1430 5622 eum
1464 5566 1711 5636 expellit,
1740 5576 1794 5619 et
1844 5567 1909 5620 ad
1944 5576 2170 5631 tartara,
2202 5577 2312 5639 sty-

736 5660 960 5728 giasuue
1014 5660 1205 5714 domos
1268 5659 1522 5712 detrudit.
1593 5659 1787 5711 Annon
1846 5669 1901 5712 et
1968 5658 2057 5712 alii
2116 5659 2317 5715 infiniti

741 5756 934 5806 mortis
961 5754 1223 5808 (ὥρων-δέη
1256 5753 1397 5805 modi
1431 5765 1607 5815 erant,
1643 5761 1703 5805 ut
1728 5761 1783 5806 et
1809 5767 1904 5820 per
1932 5752 2092 5807 aliam
2125 5769 2319 5823 quam-

810 5867 854 5899 Η
896 5866 1072 5937 193%.
1106 5885 1127 5921 ιτ
1153 5901 1159 5911 η
1186 5886 1233 5931 et,
1271 5868 1358 5921 ,μνη
1436 5865 1479 5896 ⁷³
1517 5865 1615 5920 Ιξθ.
1645 5881 1810 5929 sum,
1846 5866 1892 5918 1.

2486 4372 2689 4426 Ἀνεῖλε
2723 4370 2857 4438 γοῦν
2873 4369 2964 4421 διὰ
2998 4364 3237 4436 σταυροῦ
3272 4366 3301 4416 6
3325 4357 3562 4432 Χριστὸς
3592 4356 3688 4410 τδν
3721 4353 3991 4423 κιιυχησά⁹

2406 4482 2571 4533 μενον
2600 4462 2910 4529 ἐξαλείφειν
2940 4460 3045 4528 γῆν
3082 4474 3144 4511 τε
3176 4456 3271 4509 καὶ
3301 4452 3585 4506 θάλασσαν
3605 4488 3622 4512 ,
3656 4446 3755 4499 καὶ
3784 4445 3887 4513 τὴν
3919 4445 3996 4496 οἰ-

2401 4556 2681 4625 κουμένην
2710 4554 2841 4625 ὅλην
2888 4551 2964 4614 ῶς
2996 4547 3246 4604 νεοττιάν
3278 4538 3720 4610 καταλήψεσθαι.
3768 4535 3997 4589 Ἑθανάο

2400 4666 2541 4704 τωσε
2600 4648 2692 4701 τὸν
2721 4644 3063 4710 ἀποστάτην,
3112 4640 3472 4707 ἀπενέκρωσε
3504 4630 3605 4701 τὴν
3646 4628 3878 4700 φθοράν,
3912 4629 4009 4681 καὶ

2401 4739 2502 4809 τὴν
2531 4736 2678 4805 ζωὴν
2702 4736 2835 4804 ἡμῖν
2884 4732 3224 4800 ἐδωρήσατο.
3244 4723 3466 4792 Ἐπειδὴ
3487 4721 3599 4790 γάρ
3624 4722 3652 4773 6
3676 4720 3777 4787 τῆς
3805 4718 4011 4781 κακίας

2403 4826 2651 4896 ἀρχηγὸς
2670 4824 2766 4877 καὶ
2780 4820 3099 4892 προστάτης
3129 4814 3449 4886 τετραμερῆ
3465 4812 3568 4883 τὴν
3590 4810 4011 4896 ὑπερηφάνειαν

2410 4894 2687 4986 ἐκτήσατο
2729 4915 2826 4968 καί
2852 4914 3042 4983 θήσειν
3073 4909 3172 4980 μὲν
3198 4906 3294 4960 ἐπὶ
3323 4904 3437 4958 τῶν
3466 4900 3711 4972 νεφελῶν
3736 4894 3888 4951 εἶπεν
3913 4896 4011 4950 τὸν

2412 5011 2625 5081 θρόνον,
2654 5006 3088 5077 ἀπεκληρώσατο
3116 5004 3173 5056 δὲ
3205 5000 3298 5053 τὸν
3324 4998 3462 5070 ᾇδην
3481 5035 3497 5060 ,
3522 4994 3618 5049 καὶ
3648 4990 3924 5047 Δευῖαθάν
3950 4990 4010 5042 δὲ

2412 5103 2635 5170 λέγεται
2665 5102 2777 5163 τοῖς
2809 5099 2999 5152 ὕδασιν
3032 5092 3394 5165 ἐμφωλεύων.
3428 5085 3791 5157 Περιέρχεται
3822 5083 3879 5136 δλ
3912 5086 4013 5136 καὶ

2413 5194 2513 5265 τὴν
2545 5194 2638 5247 ὑπ’
2665 5191 2921 5263 οὐρανὸν,
2953 5191 3047 5243 καὶ
3076 5183 3449 5259 ὲμπεριπατεῖ
3474 5181 3543 5250 τῇ
3575 5179 3671 5249 γῇ.
3705 5176 4016 5244 Πανσόφως

2415 5289 2528 5357 ἄρα
2580 5288 2675 5340 καὶ
2704 5286 2731 5337 6
2763 5284 2896 5354 ἐμὸς
2943 5281 3138 5351 Σωτὴρ
3198 5278 3291 5332 καὶ⁵
3340 5275 3620 5344 Δεσπότης
3670 5268 4015 5341 τετραμερὲς

2418 5379 2751 5447 ἀντέστησεν
2779 5373 3157 5445 αμυντήριον,
3210 5371 3276 5440 τῇ
3314 5369 3551 5423 εἷκείνου
3584 5362 3862 5433 τυραννίδι
3917 5359 4017 5412 τὸν

2418 5470 2733 5542 τετραμερῆ
2767 5468 3002 5537 σταυρὸν
3031 5464 3372 5535 πανταχόθεν
3407 5462 3571 5515 αὑτὸν
3607 5456 4015 5542 ἀπελαὺνοντα,

2424 5540 2530 5617 καὶ.
2552 5540 2810 5631 ταρτάρῳ
2841 5559 2936 5613 καὶ
2973 5559 3042 5629 τῇ
3079 5556 3273 5626 γεέννῃ
3300 5551 3768 5621 παραπέμποντα.
3800 5540 3877 5596 Ἥ
3908 5551 4021 5631 γαρ

2431 5655 2493 5708 οὑ
2531 5629 2717 5723 μύριοί
2736 5629 2895 5714 τινες
2927 5644 3069 5718 ἦσαν
3100 5646 3151 5699 οἱ
3176 5645 3312 5716 πρὸς
3342 5642 3573 5696 θάνατον
3604 5638 3864 5723 φέροντες
3896 5629 4025 5723 τρό-

2436 5720 2549 5813 ποι,
2584 5739 2652 5800 ἵν’
2685 5746 2816 5806 ἴσως
2859 5743 2953 5797 καὶ
3001 5738 3070 5794 δι’
3104 5737 3268 5792 άλλου
3308 5733 3403 5790 τοῦ
3437 5733 3536 5803 τὴν
3574 5727 3718 5799 ὑπὲρ
3748 5721 3908 5796 ἡμῶν
3935 5720 4027 5776 οι-
