4270 6488
314 442 432 507 2ἳὸ

1356 448 1436 507 IN
1482 448 2089 509 EXALTATIONEM
2158 451 2217 513 S.
2261 452 2563 513 CRUCIS.

3500 464 3608 530 226

313 563 587 627 κονομίαν
610 558 638 609 6
670 557 951 626 Δεσπότης
982 560 1328 624 εκτελέσειες
1359 559 1455 621 Τίς
1483 555 1575 611 οὖν
1608 562 1636 613 6
1667 559 1913 628 περὶτοῦ
1949 582 1991 633 Α

1949 582 1991 633 Α
2023 562 2149 613 dam
2184 564 2374 616 mortis
2413 565 2676 619 rationem
2712 566 2974 622 Dominus
3012 584 3293 642 susceptas
3323 588 3424 644 pro
3450 580 3607 635 nobis

315 648 561 719 σταυροῦ
600 649 781 714 λόγος,
818 650 876 702 ὃν
914 650 989 713 ὡς
1022 654 1324 719 ἀναγκαῖον
1354 651 1430 719 τῷ
1466 653 1654 721 οίκείῳ
1694 652 1914 721 θανάτῳ

312 740 600 811 πανταχοῦ
638 743 863 810 μίγνυσι
896 745 1230 813 προστιθεὶς,
1279 744 1369 796 καὶ
1400 744 1468 795 δι’
1505 744 1563 796 ὃν
1592 748 1674 795 τοί
1737 744 1915 813 μαθη-

309 838 438 898 ταῖς
462 836 620 901 ἔλεγε
652 836 792 903 μετὰ
824 836 923 904 τὴν
952 837 1271 897 ἀνάστασιν,
1302 839 1382 889 ὅτι
1410 835 1553 888 οὕτω
1577 839 1909 904 γέγραπται,

311 930 407 979 καὶ
444 929 620 991 οὕτως
651 930 758 981 ἔδει
786 930 980 981 παθεῖν
1003 932 1094 983 τὸν
1121 932 1375 1000 Χριστὸν,
1395 930 1484 983 διὰ
1511 930 1608 999 τῆς
1638 931 1733 982 ἰπὶ
1754 930 1913 994 ξύλου

286 1022 559 1087 δηλονότι
583 1024 863 1085 ἐκτάσεως
890 1041 906 1089 ;
933 1024 1113 1077 Πολλὰ
1144 1024 1245 1094 μὲν
1270 1025 1399 1086 ἴσως
1430 1026 1457 1075 6
1482 1024 1660 1093 ζητῶν
1687 1025 1913 1092 εὑρήσει

305 1113 508 1165 τούτου
548 1115 617 1165 τὰ
645 1115 819 1178 αίτια,
859 1116 956 1167 καὶ
990 1117 1167 1169 πάντα
1197 1116 1503 1185 θεοπρεπῆ,
1541 1117 1662 1168 κατ’
1696 1116 1913 1187 ἐξαίρε-

307 1221 405 1255 τον
450 1205 507 1257 δὲ
552 1206 699 1258 δυσίν
752 1208 964 1261 τούτοιν
1010 1209 1194 1273 ἕνεκα,
1247 1211 1313 1260 tv‘
1370 1211 1487 1279 ἅμα
1529 1211 1629 1279 μὶν
1674 1212 1767 1263 καὶ
1817 1210 1912 1263 τοῦ

306 1297 527 1361 κόσμου
564 1300 761 1359 παντὸς
797 1302 1032 1372 ἔκδιώξῃ
1077 1302 1170 1355 τὸν
1215 1305 1650 1371 τυραννήσαντα,
1700 1304 1816 1372 ἅμα
1856 1304 1913 1356 δὲ

308 1390 405 1439 καὶ
440 1388 541 1457 τὴν
572 1390 988 1460 ἀνυπέρϐλητον
1025 1392 1439 1461 φιλανθρωπίαν
1474 1394 1839 1461 ἐπιδείξηται.

393 1653 726 1721 Ἐρμηνεύει
760 1656 976 1719 Παῦλος
1001 1658 1295 1728 ἀμφότερα
1320 1663 1555 1729 γράφων
1595 1663 1867 1730 Ἐφεσίοις
1891 1680 1905 1695 ’

308 1744 413 1797 Ἵν“
442 1744 821 1813 ἐξισχύσητε
866 1750 1318 1804 καταλαϐέσθαι
1362 1752 1417 1803 τί
1458 1752 1523 1805 τὸ
1552 1753 1783 1818 πλάτος
1813 1757 1909 1808 καὶ

298 1835 508 1903 μῆκος
552 1837 647 1888 καὶ
676 1838 876 1902 βάθος
926 1841 1020 1892 καὶ
1048 1841 1227 1908 ὕψος,
1254 1842 1474 1909 γνῶναι
1492 1844 1559 1896 δὲ
1580 1845 1698 1911 τὴν
1736 1849 1911 1913 ὑπερ-

2024 659 2206 718 partes
2239 658 2695 709 consummaret?
2730 659 2861 724 Quae
2890 660 3064 731 igitur
3110 667 3291 721 crucis
3317 669 3454 724 ratio
3499 681 3605 738 est,

2020 744 2163 810 quod
2201 744 2401 812 ubique
2463 757 2718 816 tanquam
2775 754 2839 806 de
2876 759 3184 810 necessaria
3247 761 3313 812 ad
3371 773 3604 818 mortem

2018 850 2173 887 suam
2224 836 2479 905 loquitur,
2510 848 2564 893 et
2610 839 2763 907 cujus
2816 846 2989 913 gratia
3035 861 3160 901 cum
3194 851 3263 902 ad
3303 852 3598 922 discipulos

2021 926 2185 979 verba
2240 938 2360 995 post
2407 934 2861 988 resurrectionem
2912 936 3141 1006 faceret,
3197 942 3422 1010 aiebat;
3462 963 3602 1015 quo-

2018 1016 2162 1069 niam
2202 1020 2281 1071 sic
2334 1022 2596 1089 scriptum
2626 1033 2733 1091 cst,
2762 1034 2813 1079 et
2866 1028 2945 1083 sic
2975 1034 3261 1098 Oportebat
3306 1039 3415 1105 pati
3447 1040 3599 1092 Chri-

2017 1116 2183 1170 stum,
2218 1111 2469 1166 videlicet
2523 1129 2621 1183 per
2677 1120 3057 1176 estensionem
3103 1124 3155 1179 in
3210 1130 3606 1187 cruceiFUrte

2019 1213 2198 1255 autem
2247 1203 2311 1266 is,
2345 1209 2430 1259 cui
2475 1224 2722 1275 quaerere
2773 1214 3010 1277 animus,
3050 1219 3251 1273 multas
3304 1223 3463 1292 hujus
3522 1227 3599 1280 rei

2018 1294 2291 1350 invenerit
2344 1312 2560 1364 causas,
2593 1316 2896 1374 omnesque
2943 1307 3052 1363 Deo
3082 1324 3497 1381 consentaneas,
3533 1334 3600 1371 ex

2016 1389 2217 1456 quibus
2276 1391 2397 1446 dua:
2453 1393 2573 1449 istae
2637 1400 2983 1464 potissimis:
3021 1412 3079 1457 ut
3131 1406 3289 1459 simul
3358 1424 3426 1462 ex
3492 1420 3605 1463 toto

2018 1482 2216 1533 nntudo
2254 1486 2525 1539 crudelem
2562 1488 2713 1542 illum
2748 1500 3042 1559 tyrannum
3076 1498 3393 1565 expelleret,
3428 1502 3593 1557 simul

2015 1584 2070 1625 et
2103 1573 2425 1629 immensam
2456 1596 2609 1632 suam
2647 1582 2949 1639 bonitatem
2983 1590 3402 1646 demonstraret.

2090 1665 2384 1734 Utriusque
2416 1670 2568 1724 testis
2598 1683 2652 1725 et
2695 1674 2960 1744 interpres
2995 1690 3079 1733 est
3117 1679 3319 1736 Paulus
3353 1684 3601 1739 scribens

2017 1758 2081 1809 ad
2126 1758 2427 1826 Ephesios:
2466 1760 2532 1815 Ut
2559 1768 2775 1830 possitis
2809 1773 3242 1837 Comprehendere
3272 1792 3390 1843 qua:
3423 1780 3490 1831 sit
3524 1779 3605 1831 la-

2020 1851 2191 1903 titudo
2213 1863 2260 1902 et
2309 1852 2584 1919 longitudo
2612 1898 2627 1922 ,
2674 1862 3012 1930 profunditas
3059 1877 3106 1919 et
3147 1870 3377 1920 altitudo
3412 1888 3429 1924 :
3466 1873 3605 1926 scire

304 1928 674 1981 ϐάλλουσαν
717 1930 966 1998 ἀγάπην
1006 1930 1119 1999 τῆς
1150 1933 1430 2003 γνώσεως
1468 1936 1575 1988 τοῦ
1621 1939 1904 2005 Χριστοῦ.
1942 1942 1982 1996 Β

1942 1942 1982 1996 Β
2014 1941 2172 1993 etiam
2207 1950 2679 2011 supereminentem
2708 1955 3024 2009 charitatem
3059 1961 3291 2014 scientia:
3309 1961 3509 2015 Christi
3533 1965 3598 2018 ".

306 2020 422 2086 Τὴν
457 2023 558 2087 μὲν
578 2021 689 2090 γὰρ
720 2022 875 2074 θείαν
897 2024 1127 2095 ἀγάπην
1157 2027 1425 2096 ἔγνωμεν,
1455 2030 1536 2080 ὅτι
1562 2031 1654 2082 τδν
1689 2032 1908 2085 πάντων

301 2113 585 2164 οἴκτιστον
616 2114 759 2182 ὑπὲρ
810 2116 967 2183 ἡμῶν
1012 2118 1192 2170 εἵλετο
1234 2120 1506 2172 θάνατον·
1548 2123 1647 2192 τὴν
1684 2123 1739 2175 δὲ
1773 2142 1911 2189 παγ-

302 2206 373 2257 κό
387 2223 541 2273 λμιον
561 2206 881 2276 ἐλευθερίαν
898 2212 986 2261 ἀνε
1000 2211 1295 2280 μυήθημεν
1318 2213 1403 2265 διὰ
1417 2215 1510 2266 τοῦ
1532 2233 1768 2285 τετριμε
1782 2217 1908 2286 ροῦς

305 2297 595 2365 σχήματος
623 2299 718 2352 τοῦ
748 2301 1009 2371 σταυροῦ.
1036 2303 1278 2369 Πάντας
1308 2305 1415 2373 γὰρ
1444 2307 1701 2361 εἵλκυσε
1752 2311 1901 2375 πρὸς

306 2388 541 2441 ἑαυτι¹ν
583 2393 649 2459 τῇ
694 2392 993 2457 ἐπιγνώσει
1023 2393 1123 2462 τῆς
1163 2396 1301 2456 ιδίας
1328 2397 1647 2459 δεσποτείας
1674 2415 1688 2427 ο
1720 2400 1907 2469 ἐπειδὴ

305 2484 542 2553 βασιλέα
591 2489 900 2556 τηνικαῦτα
959 2496 1054 2543 καὶ
1102 2492 1235 2544 Θεὸν
1280 2494 1377 2561 οὐχ
1425 2498 1456 2561 ή
1516 2496 1691 2559 κτίσις
1746 2500 1907 2565 μόνον

302 2578 651 2647 ἀνεκήρυττε
714 2581 874 2633 τςιῦτο
931 2586 1002 2651 τῇ
1063 2584 1303 2655 σφετέρᾳ
1353 2588 1737 2659 καινοπαθείᾳ,
1770 2592 1907 2644 ἀλλὰ

304 2672 407 2721 καὶ
462 2672 489 2722 6
546 2674 1018 2742 συναποθνήσκων
1078 2676 1304 2748 λῃστὴς,
1364 2683 1455 2731 καὶ
1516 2682 1543 2732 6
1588 2682 1910 2750 cribro-6min!

304 2761 739 2833 ἑκατόνταρχος,
800 2768 896 2818 καὶ
952 2768 980 2819 6
1031 2768 1124 2819 τοῦ
1162 2768 1401 2821 Πιλάτου
1436 2771 1636 2835 τίτλος,
1687 2774 1907 2843 άληθῶς

308 2856 625 2921 μαρτυρίαι
661 2860 809 2924 παρὰ
843 2858 952 2911 τῶν
984 2860 1196 2929 ἐχθρῶν
1223 2862 1549 2925 ἀξιόπιστοι·
1590 2868 1728 2929 ὅπερ
1759 2867 1853 2918 καὶ
1881 2871 1908 2919 ὁ

303 2944 604 3015 θεοπάτωρ
632 2947 844 3001 ἄνωθεν
867 2952 1282 3020 προαναφωνῶν
1302 2954 1551 3023 ἔκραξεν,
1573 2957 1655 3009 ὅτι
1687 2957 1748 3009 ὐ
1765 2960 1910 3024 Θεὸς

302 3037 469 3104 ἡμῶν
494 3042 798 3106 βασιλεὺς
826 3044 942 3109 ,πρὸ
963 3042 1175 3109 aliIn-0;
1225 3046 1512 3115 ὑπάρχων,
1534 3050 1621 3100 ἐπ’
1659 3053 1909 3119 ἐσχάτων

296 3132 516 3185 τούτων
548 3134 775 3203 ἡμερῶν
813 3136 1137 3204 εἰργάσατο
1169 3141 1476 3205 σωτηρίαν
1496 3142 1565 3194 ἐν
1587 3143 1757 3209 μέσῳ
1797 3144 1908 3212 τῆς

298 3223 446 3293 τῆς,
474 3226 570 3276 καὶ
593 3227 693 3293 τὴν
713 3227 801 3279 διὰ
832 3229 1070 3296 σταυρυῦ
1090 3229 1387 3283 κατάλυσιν
1404 3234 1494 3283 του
1520 3233 1784 3303 τυράννου
1810 3252 1906 3304 ση-

301 3318 544 3386 μαίνων.
585 3319 953 3387 Ἐκὸέϐληται
977 3324 1085 3389 γὰρ
1112 3324 1141 3374 6
1172 3322 1265 3375 τοῦ
1297 3325 1523 3386 σκότους
1579 3326 1765 3395 ἄρχων
1806 3330 1905 3397 τῆς

295 3408 541 3471 κτίσεως
578 3411 822 3477 ἁπάσης,
854 3413 947 3463 καί
980 3414 1325 3483 ἀπέρριπται
1352 3416 1449 3483 μὲν
1473 3416 1530 3481 ἐξ
1550 3416 1806 3486 οὐρανοῦ,
1827 3419 1909 3471 ὅτι

309 3506 371 3557 Ὀ
401 3507 670 3572 οὐρανὸς
710 3504 834 3559 τῶν
861 3507 1141 3574 οὐρανῶν
1183 3506 1265 3572 τῷ
1297 3510 1491 3575 Κυρίῳ
1514 3525 1526 3536 ·
1570 3511 1910 3581 ἀπέρριπται

293 3592 359 3647 δὲ
382 3597 481 3646 καὶ
515 3594 620 3661 γῆς
653 3611 748 3646 και
791 3595 1091 3665 θαλάσσης,
1111 3598 1194 3648 ὅτι
1223 3597 1319 3650 τοῦ
1341 3597 1746 3667 σταυρωθέντος
1792 3599 1907 3652 Σω-

295 3691 473 3758 τῆρός
501 3692 618 3740 ἐστι
638 3690 671 3758 ἡ
696 3688 1086 3765 θάλασσα,ἰκαὶ
1110 3691 1211 3759 τὴν
1245 3689 1417 3760 ξηρὰν
1443 3694 1497 3743 αἱ
1532 3694 1713 3761 χεῖρες
1742 3691 1906 3744 αὑτοῦ

296 3780 558 3834 επλασαν
577 3796 591 3810 ·
627 3782 984 3850 κατήργηται
1014 3783 1111 3833 καὶ
1143 3784 1175 3848 ή
1217 3784 1275 3834 ὲν
1304 3782 1433 3851 ᾆδον
1460 3782 1747 3835 δυναστεία
1766 3824 1778 3844 ,
1813 3785 1911 3835 ἐπ-

297 3872 427 3942 ειδὴ
456 3874 715 3934 κακεῖνος
738 3876 811 3941 τῇ
844 3874 1152 3942 Δεσποτικῇ
1201 3872 1504 3927 καταϐάσει
1542 3874 1905 3942 πεφώτισται,

294 3964 403 4016 καὶ
425 3964 509 4023 είς
531 3962 720 4014 λοιπὸν
745 3963 822 4032 τῷ
845 3962 1084 4031 διαϐόλῳ
1109 3963 1276 4025 τόπος
1310 3964 1337 4014 6
1367 3965 1465 4031 τῆς
1487 3964 1713 4033 γεέννης
1750 3966 1911 4034 τετή-

299 4072 497 4128 ρηται,
527 4057 556 4108 6
588 4056 1003 4124 ἡτοιμασμένος
1031 4055 1183 4125 αὐτῷ
1213 4072 1273 4108 τε
1301 4058 1395 4109 καὶ
1422 4062 1534 4118 τοῖς
1560 4060 1679 4126 μετ’
1711 4058 1901 4113 αὑτοῦ.

379 4150 523 4217 Φέρε
560 4148 627 4217 δὴ
685 4148 781 4201 νῦν
820 4149 919 4200 καὶ
961 4150 1026 4201 ὲκ
1057 4149 1167 4200 τῶν
1218 4149 1544 4220 ᾁσματικὼν
1589 4150 1689 4218 τῆς
1729 4150 1903 4203 Σιλωο

305 4243 528 4314 μῶντος
555 4244 759 4311 Σοφίας
786 4242 1053 4312 ῥημάτων
1075 4243 1168 4295 τὸν
1194 4244 1354 4310 λόγον
1393 4243 1771 4315 ἀρδεύσωμεν.
1799 4245 1907 4297 Καὶ

300 4336 531 4407 παρίτω
554 4352 648 4404 μοι
672 4335 705 4405 ἡ
729 4336 789 4386 ὲν
811 4337 1044 4397 ἐκείνοις
1064 4335 1274 4401 κλίνη,
1297 4334 1537 4404 Χριστοῦ
1556 4335 1649 4387 τὸν
1669 4336 1903 4405 σταυρὸν

297 4426 801 4497 προκηρύττουσα,
836 4426 930 4479 τοῦ
963 4429 1100 4495 πρὸς
1135 4426 1398 4495 ἀλήθειαν
1435 4426 1699 4495 βασιλέως
1744 4428 1903 4498 εἰρή-

296 4538 427 4588 νης,
489 4517 590 4571 τοῦ
654 4519 725 4571 τὰ
779 4518 1049 4571 διεστῶτα
1114 4520 1477 4586 συνάψαντος,
1537 4519 1633 4571 καὶ
1683 4519 1744 4572 τὸ
1807 4519 1903 4572 τοῦ

2017 2032 2151 2086 Nam
2186 2036 2421 2090 divinam
2454 2041 2779 2098 cliaritatein
2815 2049 3187 2116 cognovimus,
3217 2053 3347 2121 quia
3371 2065 3600 2110 mortem

2013 2128 2255 2182 Omnium
2302 2133 2667 2199 turpissimam
2719 2153 2817 2205 pro
2864 2140 3020 2196 nobis
3072 2145 3270 2211 subiit;
3322 2149 3601 2202 communi

2014 2232 2194 2273 antem
2236 2232 2289 2274 et
2319 2226 2383 2275 ad
2417 2240 2610 2281 omnes
2640 2233 2949 2295 pertinente
2995 2234 3245 2291 libertate
3296 2242 3450 2306 quasi
3494 2241 3601 2295 iiii-

2016 2308 2128 2361 tiati
2158 2327 2343 2366 sumus
2380 2330 2474 2383 per
2503 2319 2929 2385 quadriformem
2961 2342 3201 2383 crucem.
3240 2330 3433 2387 Omnes
3453 2336 3599 2387 enim

2013 2403 2180 2453 traxit
2212 2406 2280 2455 ad
2300 2407 2526 2472 seipsum
2546 2409 2609 2473 ",
2635 2415 2915 2481 agnitione
2932 2417 3319 2478 dominationis
3344 2431 3598 2496 propriae;

2012 2492 2136 2556 quia
2208 2507 2387 2561 regem
2433 2508 2485 2550 et
2529 2497 2819 2556 Dominum
2865 2521 2969 2559 non
3018 2512 3176 2564 modo
3210 2523 3460 2567 creatura
3505 2533 3600 2583 per

2012 2598 2165 2637 Suum
2196 2592 2729 2647 cuiuiniscrationem
2766 2598 3160 2665 proclamabat,
3198 2607 3292 2659 sed
3335 2621 3389 2662 et
3424 2612 3469 2666 is
3502 2612 3597 2680 qui

2012 2677 2172 2729 simul
2210 2682 2545 2735 moriebatur
2574 2684 2735 2745 latro,
2768 2699 2820 2740 et
2859 2694 3131 2758 centurio,
3171 2699 3260 2764 qui
3302 2716 3398 2753 sua
3435 2719 3599 2759 manu

2014 2770 2212 2825 tlhristi
2254 2774 2395 2827 litus
2428 2780 2661 2843 aperuit,
2693 2792 2748 2833 et
2783 2782 2976 2837 titulus
3008 2784 3193 2854 Pilati,
3225 2808 3343 2859 qua:
3376 2812 3503 2851 vere
3530 2803 3601 2853 ab

2015 2862 2262 2917 hostibus
2302 2867 2404 2918 lide
2442 2869 2603 2935 digna
2647 2874 2953 2929 testimonia
2992 2890 3156 2944 sunt;
3190 2885 3337 2950 quod
3377 2890 3598 2954 quidem

2012 2952 2108 3007 Dei
2158 2973 2352 3023 pari-us
2401 2960 2510 3028 jam
2564 2964 2693 3016 olim
2741 2968 3045 3025 vaticinans
3101 2974 3410 3033 clamabat:
3457 2983 3597 3039 Deus

2016 3056 2192 3098 uoster
2236 3064 2325 3101 rex
2360 3064 2480 3105 ante
2513 3055 2711 3108 swcula
2743 3059 3012 3114 exsistens
3043 3066 3459 3126 uovissimisliis
3481 3077 3597 3126 die.

2012 3135 2111 3186 bus
2159 3150 2407 3204 operatus
2464 3153 2540 3195 est
2611 3146 2836 3200 salutent
2906 3151 2961 3203 in
3010 3156 3179 3207 medio
3228 3168 3381 3214 terra:
3407 3163 3472 3228 ⁷⁸,
3508 3168 3595 3219 ubi

2013 3228 2227 3291 tyranni
2254 3233 2759 3289 extet-minutionem
2785 3254 2879 3306 per
2897 3254 3113 3296 crucem
3134 3246 3331 3301 factam
3360 3252 3593 3309 indicat:

2012 3333 2133 3368 nam
2178 3320 2425 3387 piiirreps
2469 3329 2814 3381 tenebrarum
2867 3348 2929 3384 ex
2973 3340 3119 3389 ouini
3171 3354 3226 3392 re
3276 3357 3457 3397 creata
3487 3364 3593 3399 ex-

2011 3412 2200 3474 pulsus
2246 3424 2356 3473 est;
2392 3427 2440 3467 et
2490 3432 2519 3469 e
2558 3420 2697 3472 caelo
2749 3425 2965 3490 quidem
3023 3430 3264 3496 dcjectus
3308 3448 3391 3487 εει
3418 3477 3433 3501 ,
3469 3440 3595 3504 quia

2010 3505 2353 3560 metummali
2415 3510 2640 3565 Domino
2669 3516 2737 3569 ".
2810 3517 2882 3570 Ex
2934 3532 3074 3573 terra
3129 3524 3294 3579 etiam
3344 3540 3398 3582 et
3452 3534 3591 3587 mari

2012 3593 2327 3661 proﬂigatus
2356 3610 2473 3663 est,
2506 3605 2630 3669 quia
2665 3608 2908 3661 cruciliti
2951 3608 3260 3668 Servatoris
3292 3629 3375 3669 est
3408 3637 3591 3685 mare,

2011 3693 2063 3737 et
2096 3687 2302 3739 aridam
2338 3688 2711 3749 formaverunt
2746 3715 2938 3754 manus
2962 3704 3166 3773 ejus".
3196 3706 3393 3761 Eversa
3428 3723 3508 3763 est
3539 3722 3592 3765 rt

2012 3777 2123 3841 illa,
2160 3794 2279 3848 qua:
2319 3782 2371 3835 in
2419 3784 2635 3842 inferno
2666 3795 3037 3859 grassabatur,
3075 3802 3335 3864 potentia,
3371 3805 3495 3868 quia
3536 3817 3593 3858 et

2011 3869 2216 3925 inferos
2251 3889 2353 3926 suo
2380 3876 2645 3933 descensu
2681 3881 2995 3950 illustravit,
3030 3896 3082 3939 et
3122 3890 3187 3941 de
3221 3900 3416 3945 caetero
3452 3911 3593 3949 unus

2009 3961 2158 4016 locus
2200 3968 2455 4031 gebenna:
2487 3971 2700 4025 diabolo
2731 3987 3040 4032 reservatus
3071 3987 3177 4042 est,
3202 3982 3292 4049 qui
3323 4000 3591 4052 praepara-

2008 4064 2096 4106 tus
2123 4066 2205 4108 est
2239 4056 2336 4122 ipsi
2372 4069 2425 4111 et
2456 4062 2639 4117 sociis.

2080 4144 2320 4213 Agedum
2354 4165 2500 4203 nunc
2539 4153 2705 4207 etiam
2744 4171 2810 4210 cx
2851 4160 3080 4213 canticis
3115 4159 3421 4219 Salomonis
3465 4182 3590 4220 ora-

2009 4239 2209 4291 tionem
2239 4249 2482 4295 nostram
2516 4246 2779 4313 rigemus,
2801 4261 2853 4303 et
2884 4254 3243 4320 copiosiorem
3269 4256 3589 4327 efﬁciamus,

2006 4332 2276 4384 Adveniat
2314 4333 2479 4403 igitur
2509 4337 2681 4406 is,qui
2706 4343 2754 4391 in
2788 4342 2895 4395 illis
2926 4344 3258 4413 celebratur,
3277 4348 3586 4416 lectulus",

2006 4419 2207 4475 Christi
2241 4438 2459 4479 crucem
2487 4432 2880 4500 przenuntiaus,
2907 4437 2996 4504 qui
3023 4453 3148 4493 vere
3168 4439 3279 4493 Rex
3310 4443 3458 4509 pacis
3484 4458 3588 4511 esu,

2006 4518 2097 4585 qui
2129 4533 2214 4581 ea,
2246 4535 2367 4587 qua:
2401 4522 2588 4577 dissita
2621 4539 2799 4591 erant,
2833 4530 3139 4597 conjunxit,
3179 4545 3234 4586 et
3270 4540 3586 4602 maceriam,

296 4614 573 4685 φραγμοῦ
602 4614 923 4683 μεσότειχον
958 4617 1018 4666 ἐκ
1049 4615 1218 4681 μέσου
1269 4616 1623 4685 ποιήσαντος·
1650 4618 1708 4667 ἑν
1747 4615 1900 4685 αὐτῷ
1934 4638 1974 4691 ο

1934 4638 1974 4691 D
2005 4625 2126 4677 quae
2178 4611 2492 4679 interposita
2540 4628 2679 4680 erat,
2728 4623 2984 4686 Sthlulil;
3019 4626 3070 4677 in
3126 4627 3239 4694 ipso
3286 4630 3429 4682 enim
3471 4634 3589 4685 vita:

294 4707 413 4775 γὰρ
442 4707 473 4757 6
499 4704 651 4771 ζωῆς
681 4708 916 4771 ταμιευς
958 4705 1232 4773 ἐκοιμήθη
1280 4704 1506 4773 Ἰησοῦς,
1545 4706 1638 4758 καὶ
1678 4704 1898 4759 ὕπνωσε

294 4797 475 4849 ὕπνον
508 4794 607 4848 τοῦ
640 4798 907 4855 πεσόντος
950 4794 1124 4863 ’Δδάμ
1180 4796 1585 4861 άναστάσιμον,
1634 4797 1693 4861 ὲξ
1727 4790 1903 4867 οὗπερ

291 4890 534 4955 ἀνέστη,
568 4886 782 4947 πάντας
815 4888 906 4951 εὶς
935 4885 1043 4950 τὰς
1079 4887 1303 4952 πρωῖας
1321 4887 1695 4941 ἀποκτείνων
1722 4889 1905 4956 ἁμαρ-

292 4979 538 5044 τωλοὺς
572 4976 682 5043 τῆς
710 4976 843 5046 τῆς.
889 4976 1107 5044 Ταύτην
1148 4978 1211 5047 δὴ
1242 4979 1339 5047 τὴν
1364 4984 1681 5049 τετραμερῆ
1713 4982 1902 5050 κλίνην

291 5074 612 5139 ἐξήκοντα
658 5068 966 5124 κυιλοῦσι
998 5070 1273 5134 δυνατοὶ,
1317 5072 1476 5140 χορὸς
1529 5072 1755 5137 τέλειος,
1808 5075 1902 5125 καὶ

290 5163 559 5234 βεϐηκὼς
588 5162 847 5231 ἑδραίως,
879 5163 944 5212 ὲκ
970 5161 1352 5231 πατριάρχῶν,
1396 5162 1714 5232 προφητῶν,
1758 5166 1898 5215 ἁπο-

291 5254 535 5317 στόλων,
591 5252 916 5322 μαρτύρων,
966 5252 1131 5305 ὁσίων
1192 5252 1470 5305 συνελθὼν
1523 5256 1617 5306 καὶ
1669 5255 1898 5309 δικαίων

286 5347 631 5414 ταγμάτων,
669 5346 767 5395 καὶ
798 5343 922 5395 καθ’
977 5344 1148 5396 ἑαυτὰ
1206 5344 1269 5395 16
1298 5345 1503 5397 τέλειον
1531 5346 1765 5415 ἐχόντων
1798 5349 1895 5416 τῆς

285 5440 548 5500 δεκάδος,
574 5441 673 5489 καὶ
700 5442 856 5507 κοινῇ
882 5439 1358 5510 συμπληρούντων
1381 5442 1480 5511 τὴν
1501 5442 1685 5508 ἑξάδα,
1711 5444 1804 5495 καὶ
1828 5445 1895 5511 τῇ

287 5532 615 5599 παντεὶείῳ
643 5536 1072 5601 παρισταμένων
1096 5534 1319 5600 Τριάδι.
1352 5534 1571 5604 Ταύτην
1607 5535 1757 5604 βασι)
1772 5538 1896 5605 ικὴν

283 5624 487 5691 κλίνην
540 5623 606 5674 οὐ
668 5623 935 5692 δάκρυσιν
992 5628 1019 5676 6
1070 5626 1256 5689 Δαυῖδ,
1312 5625 1431 5677 ἀλλ’
1479 5626 1711 5694 αἵμασιν
1764 5629 1792 5679 6
1830 5632 1893 5680 ἐκ

286 5714 465 5765 Δαυῖδ
494 5714 560 5764 τὸ
602 5716 746 5764 κατά
803 5716 983 5782 σάρκα
1039 5716 1280 5779 Χριστὸς
1344 5717 1589 5779 ἔλουσεν,
1658 5720 1776 5787 ο;χ“ι
1832 5721 1892 5771 τὸ

354 5833 401 5863 ’³
433 5832 643 5896 Eplies.
674 5846 757 5887 tit.
796 5831 878 5891 l8,
918 5830 1003 5882 l9.
1083 5831 1127 5860 ⁷⁸
1180 5831 1339 5885 Junii.
1390 5851 1485 5891 ιιι,
1528 5835 1613 5887 32.

282 5902 330 5933 ’⁸
385 5907 555 5957 Laut.
611 5916 691 5967 nt,
732 5902 751 5954 ι
790 5918 943 5970 seqq.
1030 5901 1073 5931 ”
1122 5902 1264 5957 l’sal.
1316 5921 1365 5968 ε,
1408 5908 1459 5958 ὃ.

1718 5839 1763 5867 ⁷³
1800 5837 1937 5892 [’sal.
1983 5854 2175 5901 L\thl,
2225 5843 2306 5895 1:2.

2003 4711 2196 4753 auctor
2236 4700 2397 4756 Jesus
2433 4706 2720 4772 requievit,
2776 4723 3142 4782 somnumque
3176 4719 3452 4784 dormivit,
3484 4736 3589 4789 quo

2003 4794 2273 4862 collapsus
2307 4796 2479 4850 Adam
2514 4802 2787 4857 excitatus
2817 4814 2923 4870 est,
2955 4822 3019 4860 ex
3049 4824 3155 4877 quo
3181 4818 3236 4863 et
3268 4816 3586 4880 resurrexit,

2002 4888 2057 4941 in
2108 4892 2367 4944 matutino
2410 4894 2734 4961 interﬁciens
2785 4913 2961 4953 omnes
3003 4914 3306 4969 peccatores
3339 4919 3493 4959 terra:
3519 4907 3587 4961 τ’.

2002 4983 2158 5036 Hunc
2197 4995 2427 5052 quatuor
2462 4989 2706 5053 partibus
2751 5003 3098 5047 constantem
3137 4998 3394 5051 lectulum
3434 5013 3582 5051 sexa-

2001 5075 2146 5143 ginta
2187 5075 2348 5141 {ortes
2397 5078 2672 5141 ambiunt,
2711 5082 2914 5136 cborus
2964 5084 3264 5154 perfectus,
3318 5091 3508 5143 lirmus
3537 5098 3587 5141 et

2002 5165 2235 5229 stabilis,
2267 5169 2525 5223 collectus
2552 5186 2615 5222 ex
2648 5175 3000 5239 patriarcliis,
3035 5180 3337 5247 prophetis,
3375 5192 3576 5249 aposto-

2005 5258 2092 5321 lis,
2132 5264 2484 5330 mariyribus,
2508 5263 2736 5333 aliisque
2767 5276 3083 5322 sanctorum
3115 5272 3460 5339 etjustorum
3492 5289 3587 5325 or-

2001 5350 2247 5414 dinibus,
2283 5354 2371 5419 qui
2409 5354 2461 5405 in
2498 5369 2557 5408 se
2592 5364 2646 5407 et
2693 5357 2901 5411 denarii
2938 5362 3149 5413 numeri
3192 5364 3584 5431 perfectionem

2005 5446 2460 5511 COILPIBCIIIIHUT,
2491 5460 2543 5499 et
2581 5449 2787 5515 pariter
2816 5455 3231 5519 sexagenariqu
3287 5457 3583 5523 cowplent,

2003 5552 2340 5605 summaeque
2412 5549 2466 5591 et
2523 5540 2804 5596 immensae
2857 5544 3109 5597 Trinitati
3177 5557 3375 5601 astant.
3434 5547 3587 5602 Hunc

2006 5630 2209 5696 regium
2237 5631 2491 5684 lectulum
2528 5634 2782 5703 lacrymis
2813 5652 2915 5689 non
2949 5638 3088 5707 rigat
3118 5638 3306 5701 David,
3336 5639 3429 5692 sed
3459 5655 3584 5693 san-

2003 5726 2163 5789 guine
2198 5725 2323 5777 lavit
2356 5726 2625 5789 Christus,
2657 5744 2721 5781 ex
2771 5730 2971 5783 iamilia
3019 5733 3234 5785 Davidis
3278 5736 3583 5786 Secundum

2413 5846 2456 5874 ⁷⁵
2492 5846 2631 5899 l’sal.
2665 5861 2816 5908 cuti,
2870 5852 2949 5902 lt}.
3031 5850 3075 5877 ⁷⁷
3111 5850 3243 5900 μαι.
3290 5866 3431 5910 saw,
3477 5848 3529 5901 5.
