4270 6488
286 437 401 505 299

1360 440 1438 498 1N
1483 441 2076 506 EXAI.'I‘ATIUNEM
2132 448 2188 507 S.
2223 447 2520 506 ('IRUCIS.

3476 444 3584 513 230

296 554 465 619 μέχρι
506 549 608 616 τῆς
649 549 945 618 οὐρανόθεν
988 552 1284 619 σταυρικῆς
1333 553 1724 624 ἐπιλάμψεως,
1771 553 1888 611 οῖδα

2011 571 2089 612 ιιιι
2112 561 2426 624 ιιτειειθτίιὶδ,
2447 561 2540 614 scd
2567 560 2731 613 etiam
2755 557 2970 624 futuris,
3011 561 3324 613 doneecrnx
3350 559 3415 611 de
3438 563 3578 611 coelo

288 645 372 693 ὅτι
402 642 718 708 γενήσεται,
745 642 841 694 καὶ
869 643 958 696 ἶνα
986 645 1223 695 συνελὼν
1253 647 1412 706 εἴπω,
1442 654 1539 700 ούκ
1564 652 1677 700 ἐστι
1702 669 1752 702 τι
1779 655 1886 702 τῶν

289 735 625 799 γεγονότων,
651 734 714 786 οὐ
751 735 860 786 τῶν
886 736 1198 805 ὁρωμένων,
1218 739 1277 788 ού
1309 739 1415 790 τῶν
1446 745 1887 810 νεουμένων,οὺκ

287 824 625 891 σνύρανδ;,ού
658 827 758 893 γῆ,
788 826 850 877 οὺ
882 827 1148 888 Θάλασσα,
1169 829 1267 895 οὐχ
1300 830 1332 896 ή
1365 831 1735 900 ὑπερκόσμιος
1769 835 1888 885 κτίο

291 932 378 976 at;
401 956 416 980 ,
449 917 554 967 οὐκ
588 915 722 968 ἀλλο
750 916 860 967 τῶν
891 916 1146 970 ἁπάντων
1175 919 1328 971 οὐδὲν
1358 920 1502 974 οὕτω
1540 926 1636 991 μὲν
1669 925 1885 992 θαυμαο

289 1006 467 1068 στῶς,
503 1005 648 1058 οὕτω
678 1006 735 1059 δέ
769 1008 1024 1078 φανερῶς
1054 1008 1299 1062 διικνύον
1328 1013 1465 1080 ήμίν
1495 1015 1594 1080 τὴν
1625 1013 1718 1065 τοῦ
1751 1014 1887 1081 Χρι-

291 1096 426 1147 στοῦ
470 1096 911 1166 φιλανθρωπίαν,
951 1098 1029 1160 ὡς
1068 1101 1096 1152 ό
1137 1102 1391 1170 σταυρός.
1435 1097 1599 1166 Οὗτος
1645 1106 1754 1172 γὰρ
1792 1107 1888 1159 καὶ

287 1188 380 1238 τοῦ
408 1187 646 1255 οὐρανοῦ
673 1189 898 1255 γέγονεν
922 1189 1179 1260 ἔρεισμα,
1207 1192 1301 1245 καὶ
1326 1195 1422 1260 τῆς
1447 1195 1548 1262 γῆς
1574 1194 1884 1263 ἀγλάϊσμα,

287 1279 380 1328 καὶ
411 1279 624 1345 κόσμον
650 1279 845 1348 ἀνέσχε
875 1281 1076 1346 πάντα,
1104 1285 1214 1346 τοῖς
1238 1285 1337 1353 μὲν
1362 1286 1758 1353 ὑπερκοσμίοις
1790 1305 1888 1355 χι-

286 1371 412 1430 ρὲιν.
433 1373 830 1436 τοῖςέπιγείοις
857 1372 912 1423 δὲ
941 1376 1326 1444 πρυτανεύσας
1354 1376 1669 1441 ἐλευθερίαν
1697 1379 1792 1428 καὶ
1817 1378 1884 1429 τὰ

281 1460 559 1511 δεστῶτα
594 1461 865 1528 συνάψας.
903 1463 1144 1532 Σταυρὺς
1179 1465 1288 1531 γὰρ
1317 1467 1415 1533 τῆς
1445 1465 1540 1517 τοῦ
1574 1465 1711 1518 Θεοῦ
1746 1468 1881 1534 ἀγά-

279 1567 392 1618 πης
447 1553 480 1620 ή
508 1550 786 1616 ἀπόδειξις
811 1566 825 1578 ⁸
860 1554 1025 1606 Οὕτω
1052 1555 1163 1623 γὰρ
1188 1555 1476 1624 ἠγάπησε
1502 1560 1607 1610 τὸν
1628 1559 1881 1626 κόσμον,

279 1641 375 1693 ὅτι
422 1643 533 1694 τὸν
585 1642 728 1696 Υίὸν
766 1643 956 1698 αὐτοῦ
999 1646 1109 1698 τὸν
1145 1646 1450 1716 μονογενῆ
1490 1648 1734 1710 ἔδωκεν,
1783 1650 1884 1702 ἵνα

280 1735 408 1798 παις
469 1737 502 1788 ό
537 1735 850 1788 πιστεύων
883 1737 971 1801 εις
1011 1737 1201 1790 αὑτὸν
1230 1739 1318 1807 μὴ
1359 1739 1677 1807 ἀπόληται.
1717 1741 1886 1792 Σταυ-

284 1829 378 1895 ρὶς
416 1827 518 1893 τῆς
558 1825 656 1880 τοῦ
708 1826 838 1879 Υίοῦ
882 1828 1214 1898 κηδεμονίας
1260 1833 1293 1900 ή
1335 1833 1702 1902 παράστασις.
1737 1831 1884 1901 Ἐγὼ

1994 652 2366 716 splcndoscet;
2415 664 2564 702 certo
2619 661 2880 702 eventura
2937 652 3084 711 novi,
3132 661 3186 702 et
3246 661 3302 702 ιιι
3352 665 3462 702 rem
3521 653 3573 702 in

1994 758 2164 808 pauca
2195 746 2497 806 conteram,
2526 742 2660 795 nihil
2685 753 2766 794 est
2795 758 2858 795 ex
2886 743 3140 794 omnibus
3169 744 3328 794 rebus
3354 743 3576 799 creatis.

1994 848 2171 897 neque
2205 847 2270 884 ex
2306 833 2370 884 iis
2401 849 2522 898 qua:
2561 833 2659 885 sub
2702 845 3002 899 aspectum,
3040 849 3212 897 neque
3235 847 3302 885 ex
3335 833 3423 890 iis.
3457 849 3577 898 qua:

1993 924 2093 977 sub
2147 927 2388 978 animum
2431 925 2670 978 cadunt:
2709 942 2819 977 non
2874 926 3094 989 carlum,
3139 940 3241 976 non
3277 933 3440 979 terra.
3468 940 3574 975 non

1993 1031 2166 1079 mare,
2198 1033 2302 1068 non
2332 1016 2437 1068 tilla
2473 1026 2668 1068 natura
2711 1018 2814 1069 hoc
2844 1017 3044 1068 mundo
3072 1016 3362 1078 excelsior,
3401 1031 3577 1080 neque

1991 1106 2287 1174 quidquam
2320 1108 2462 1159 aliud
2497 1122 2561 1160 ex
2599 1109 2843 1159 omnium
2887 1109 3112 1159 aliorum
3143 1121 3393 1167 numero,
3431 1107 3576 1173 quod

1990 1196 2149 1250 nobis
2179 1197 2341 1249 modo
2369 1207 2474 1249 tam
2502 1198 2846 1261 admirando,
2876 1210 2927 1251 et
2959 1205 3068 1249 tam
3098 1201 3382 1266 perspicue
3419 1197 3582 1249 bene-

1990 1290 2281 1342 volentiam
2315 1299 2367 1343 οι
2403 1290 2793 1342 humanitatem
2828 1289 3030 1342 Christi
3063 1300 3350 1355 proiionat,
3379 1291 3583 1341 oculis-

1989 1396 2097 1446 que
2135 1380 2412 1445 subjiciat,
2447 1395 2608 1446 quam
2652 1393 2810 1441 crux,
2846 1394 2968 1447 qua:
3015 1388 3070 1432 et
3102 1377 3224 1430 cceli
3260 1379 3579 1429 ﬁrmamen.

1991 1477 2101 1518 tum
2131 1481 2160 1519 e
2195 1479 2231 1528 ι,
2262 1478 2311 1517 et
2344 1479 2501 1518 turne
2537 1469 2724 1530 decus,
2758 1477 3040 1533 latumque
3074 1467 3330 1517 mundum
3363 1477 3580 1518 susten-

1991 1567 2104 1612 tat:
2144 1560 2461 1611 caelestibus
2491 1560 2715 1627 gaudio,
2759 1560 3113 1610 terrestribus
3141 1558 3393 1610 libertate
3425 1558 3579 1621 data,

1988 1653 2302 1719 dissitisque
2350 1653 2400 1704 in
2459 1667 2627 1703 unum
2680 1663 2831 1704 areto
2862 1652 3079 1702 vinculo
3125 1651 3410 1703 connexis.
3443 1649 3578 1703 Nam

1990 1763 2125 1801 crux
2160 1748 2367 1800 amoris
2397 1747 2568 1799 divini
2604 1757 2989 1812 argumentum
3022 1758 3146 1800 eat:
3185 1745 3272 1798 Sic
3307 1747 3443 1798 enim
3491 1747 3578 1798 di-

1993 1843 2119 1896 lexit
2160 1842 2439 1905 mundum,
2483 1849 2541 1893 ut
2590 1840 2787 1893 Filium
2822 1857 2975 1892 suum
3031 1840 3354 1908 unigenitum
3392 1855 3486 1906 pro
3521 1855 3580 1890 eo

277 1917 396 1983 τὰρ
427 1919 549 1987 ειμι
577 1921 611 1972 ό
641 1920 873 1987 ποιμὴν
903 1924 935 1973 d
969 1922 1184 1985 καλὸς,
1216 1923 1372 1990 φησι,
1403 1924 1497 1976 καὶ
1530 1924 1647 1990 τὴν
1673 1923 1887 1992 ψυχήν

2011 1937 2166 1995 taret,
2210 1944 2262 1986 ut
2313 1938 2508 1996 omnis,
2557 1933 2647 2000 qui
2681 1934 2852 1984 credit
2885 1934 2938 1982 in
2979 1932 3132 1983 illum
3163 1946 3266 1983 non
3303 1941 3482 1997 pereat
3508 1932 3577 1982 ".

277 2028 404 2075 μου
436 2011 636 2078 τίθημι
668 2010 830 2077 ὑπὲρ
857 2009 977 2062 τῶν
1001 2010 1340 2077 προϐάτων.
1371 2013 1609 2081 Σταυρὸς
1638 2016 1737 2082 τῆς
1788 2014 1883 2066 τοῦ

283 2100 614 2169 Πνεύματος
674 2103 979 2169 ἐπιδημίας
1032 2105 1067 2174 ἡ
1121 2103 1339 2174 “ap-cu“
1373 2123 1384 2134 '
1445 2103 1601 2159 οῧπω
1653 2109 1765 2176 γὰρ
1818 2103 1886 2178 ἦν
1945 2102 1957 2122 ⁸

283 2196 329 2246 ιι
369 2195 520 2261 εύμα
547 2194 726 2261 ἅγιον,
752 2196 835 2248 δτι
861 2195 1083 2264 Ἰησοῦς.
1099 2197 1314 2248 οὐδέπω
1341 2197 1601 2266 ἐδοξάσθη
1631 2200 1886 2270 σταυρὸς,

279 2291 346 2337 τὸ
392 2285 491 2338 τοῦ
543 2287 759 2355 Πατρὸς
808 2285 1046 2356 θέλημα,
1095 2289 1128 2358 ἡ
1176 2289 1272 2342 τοῦ
1321 2288 1450 2342 Υἰοῦ
1498 2289 1646 2357 δόξα,
1688 2289 1750 2343 τὸ
1794 2290 1887 2344 τοῦ

286 2380 618 2450 Πνεύματος
651 2379 906 2450 δργανον.

367 2650 619 2720 Σταυρδς
657 2651 757 2722 τήν
789 2651 996 2721 ἔχθραν
1024 2653 1292 2723 ἠφάνισε,
1343 2656 1437 2708 καὶ
1487 2657 1547 2708 τὸ
1578 2657 1890 2726 μεσότειχον

287 2743 388 2796 τοῦ
420 2743 682 2813 φραγμοῦ
707 2743 967 2808 διαλύσας
995 2745 1092 2808 τὰς
1118 2746 1213 2798 τοῦ
1241 2746 1376 2799 Θεοῦ
1406 2749 1542 2816 πρὸς
1569 2748 1890 2818 ἀνθρώπους

289 2835 650 2901 καταλλαγὰς
688 2836 957 2904 ἐκόμισε,
992 2839 1087 2889 καὶ
1125 2837 1175 2888 οι
1219 2837 1483 2907 πρότερον
1520 2838 1704 2907 ἐχθροὶ
1739 2838 1891 2901 ὄντες

286 2928 731 2996 κατηλλάγημεν
758 2929 836 2996 τῷ
863 2928 984 2997 Θεῷ
1010 2929 1096 2982 διὰ
1121 2927 1218 2981 τοῦ
1249 2929 1483 2984 θανάτου
1512 2931 1604 2983 τοῦ
1639 2931 1764 2983 Υίοῦ
1794 2933 1891 2983 αύο

283 3022 412 3075 τοῦ.
462 3021 706 3090 Σταυρὺς
742 3021 842 3090 τὴν
876 3020 981 3089 γῆν
1017 3020 1250 3090 οὐρανὸν
1284 3021 1542 3089 ἐποίησε,
1578 3023 1677 3090 τήν
1713 3023 1894 3074 οἰκου-

289 3117 473 3183 μένην
496 3113 594 3181 τῆς
623 3113 837 3182 πλάνης
867 3112 1172 3182 ἀπήλλαξε,
1198 3112 1294 3166 τοῦ
1325 3114 1556 3166 θανάτου
1584 3116 1892 3185 κατήνεγκε

280 3205 388 3270 την
423 3202 731 3270 ἀκρόπολιν
752 3245 767 3267 ,
800 3202 897 3255 τοῦ
932 3204 1186 3256 διαϐόλου
1217 3205 1316 3274 τὴν
1352 3206 1505 3273 ἰσχὺν
1538 3207 1850 3275 ἐξενεύρισε
1877 3223 1890 3237 ⁸
1919 3243 1965 3307 C

278 3298 388 3364 τῆς
413 3295 706 3364 ἁμαρτίας
728 3296 829 3365 τὴν
851 3294 1086 3366 δύναμιν
1107 3295 1366 3365 ἠφάνισε,
1389 3297 1448 3350 τὸ
1468 3298 1657 3366 ψεῦδος
1682 3297 1892 3363 ἐδίωξε,

276 3391 386 3459 τὴν
416 3389 685 3458 ἀλήθειαν
711 3391 1059 3460 ἐπανήγαγε,
1078 3395 1204 3453 τοὺς
1233 3391 1494 3459 δαίμονας
1522 3394 1891 3462 ήλατε,,ναοὺς

280 3481 531 3534 εἰδώλων
570 3483 666 3535 καὶ
705 3481 928 3550 βωμοὺς
962 3482 1251 3551 ἀνέτρεψε,
1287 3483 1386 3553 τὴν
1417 3485 1620 3554 ἀρετὴν
1655 3487 1897 3555 κατεφύ-

278 3591 476 3636 τευσε,
506 3576 610 3642 τὴν
639 3574 975 3644 Ἐκκλησίαν
1003 3575 1262 3645 ἐρίζωσε,
1288 3581 1414 3639 τοὺς
1443 3577 1769 3650 ἀνθρώπους
1797 3583 1894 3646 ἀγ-

274 3665 486 3732 γέλους
523 3665 754 3734 ἐποίησε
802 3665 901 3734 τὴν
957 3667 1310 3734 παγκόσμιον
1372 3670 1466 3722 καὶ
1527 3669 1897 3738 ὑπερκόσμιον

277 3756 621 3824 ἀγαλλίασιν
677 3757 1062 3826 ἐξειργάσατο.
1116 3757 1362 3826 Σταυρὸς
1409 3759 1470 3811 τὸ
1526 3761 1893 3830 χειρόγραφον

272 3849 446 3918 ἡμῶν
482 3847 762 3918 δ;έρρηξε,
797 3847 892 3901 τοῦ
936 3849 1169 3904 θανάτου
1206 3850 1270 3901 τὸ
1309 3850 1689 3918 δεσμωτήριον
1726 3852 1898 3921 ἄχρηο

279 3957 414 3992 στον
443 3939 700 4007 ἐποίησε,
728 3942 819 3993 τὸν
846 3939 982 4010 ᾅδην
1009 3940 1269 4006 ἐκένωσε,
1297 3941 1424 4002 τοὺς
1455 3942 1682 4010 νεκροὺς
1713 3943 1894 4005 ἐξανέφ

279 4046 480 4098 στησε,
535 4029 640 4098 τήν
665 4031 806 4096 ἁράν
832 4028 1086 4084 ἀπώλεσε
1110 4033 1204 4082 καὶ
1228 4031 1327 4100 τήν
1354 4033 1532 4100 χαρὰν
1555 4031 1892 4100 ἐδωρήσατο.

280 4121 531 4191 Σταυρὺς
579 4124 672 4174 τὸν
720 4121 1052 4190 παράδεισον
1096 4120 1320 4191 ἀνέῳξε,
1368 4123 1459 4172 τὸν
1503 4121 1707 4192 λῃστὴν
1751 4124 1898 4192 είσή-

275 4230 450 4281 γαγε,
491 4214 551 4265 τὸ
595 4213 705 4264 τῶν
745 4212 1055 4281 ἀνθρώπων
1095 4213 1251 4282 γένος
1292 4213 1632 4268 ἀπόλλυσθαι
1679 4214 1892 4285 μέλλον,
1935 4219 2029 4270 καὶ
2075 4217 2196 4269 ούδέ
2239 4220 2334 4287 τῆς
2376 4220 2479 4287 γῆς
2525 4219 2675 4284 ἀξιον
2717 4217 2775 4271 δν
2817 4219 2952 4288 πρὸς

278 4306 575 4376 βασιλείαν
607 4302 1052 4373 ἑχειραγώγησε.

353 4399 609 4465 Σταυρὸς
637 4397 752 4450 τῶν
782 4396 1134 4466 ἐπουρανίων
1161 4396 1223 4448 τὸ
1253 4392 1458 4465 θαῦμα,
1489 4397 1599 4450 τῶν
1631 4397 1894 4464 ἐπιγείων
1925 4402 1976 4462 D

274 4496 338 4548 τὺ
375 4497 678 4564 καύχημα,
711 4493 822 4545 τῶν
850 4495 1184 4563 ἀμφοτέρων
1213 4495 1240 4546 ό
1277 4495 1597 4562 σύνδεσμος.
1655 4494 1894 4564 Σταυρὸς

276 4577 691 4656 τδὰχείρωτον
720 4583 886 4638 ὁπλον
913 4585 1023 4638 τῶν
1052 4585 1425 4654 Χριστιανῶν,
1456 4585 1516 4637 τὸ
1545 4586 1895 4654 ἀκαταγώνι-

279 4697 408 4734 στον
447 4678 750 4748 φρούριον,
785 4678 846 4729 τὺ
884 4676 1198 4748 ἀπόρθητον
1234 4681 1444 4746 τεῖχος,
1478 4679 1539 4732 τὸ
1575 4679 1895 4750 καθαιρετι-

275 4777 374 4828 κον
413 4774 533 4826 τῶν
560 4772 836 4840 αἱρέσεων
859 4770 1094 4840 ὄργανον
1115 4812 1128 4832 ,
1157 4774 1190 4840 ὴ
1219 4773 1488 4842 ἀήττητος
1514 4773 1613 4843 τῆς
1671 4774 1901 4844 Ἐκκλη-

279 4870 406 4929 aia;
435 4865 682 4934 δύναμις
705 4904 719 4927 ,
753 4865 786 4934 ἠ
823 4862 1017 4933 βεϐαία
1045 4862 1156 4916 τῶν
1186 4864 1398 4916 πιστῶν
1430 4865 1586 4926 ἐλπὶς
1607 4904 1624 4929 ,
1657 4865 1718 4917 τὸ
1750 4866 1894 4934 μέγα

277 4960 672 5028 φυλακτήριον
707 4956 818 5009 τῶν
874 4955 1199 5025 ὀρθοδόξων,
1236 4955 1345 5008 τῶν
1382 4956 1570 5009 παθῶν
1607 4958 1641 5026 ή
1677 4957 1900 5025 ἀναίρεο

278 5071 365 5116 σις
388 5093 403 5118 ,
435 5051 539 5121 τῆς
573 5049 850 5110 ἀπαθείας
875 5050 908 5116 ἡ
940 5049 1308 5117 κατόρθωσις,
1341 5049 1373 5117 ἡ
1409 5050 1465 5100 ἐν
1497 5048 1720 5117 Χριστῷ
1753 5051 1898 5118 νίκη,

277 5147 339 5197 τὸ
376 5143 818 5210 ἀντιλεγόμενον
857 5141 1108 5209 σημεῖον,
1143 5140 1201 5192 rb
1238 5139 1556 5208 θαυμαστὸν
1591 5141 1686 5192 καὶ
1723 5141 1904 5210 παρά.-

276 5238 435 5301 ὃοξον
461 5235 759 5304 τρόπαιον.
789 5233 1037 5301 Σταυρδς
1082 5231 1195 5283 τῶν
1226 5230 1588 5300 χαρισμάτων
1617 5231 1710 5283 τοῦ
1741 5232 1908 5284 Πνεῦ-

282 5347 460 5397 ματος
497 5328 559 5380 τὸ
592 5328 872 5395 ταμιεῖον,
910 5326 943 5393 ἡ
983 5323 1215 5392 δαψιλὴς
1253 5324 1489 5392 χορηγία
1519 5323 1628 5376 τῶν
1660 5324 1902 5393 Χριστοῦ

274 5423 663 5494 δωρεμάτων,
696 5419 798 5487 τῆς
833 5419 1084 5480 εὐδοκίας
1119 5418 1256 5470 Θεοῦ
1291 5419 1349 5470 τὸ
1384 5418 1762 5488 θησαύρισμα,
1796 5420 1891 5487 τῆς

271 5515 538 5586 οὐρανῶν
575 5511 862 5582 βασιλείας
895 5514 924 5563 ὁ
959 5510 1241 5579 πρόξενος.
1279 5511 1520 5579 Σταυρὸς
1560 5512 1587 5561 ὁ
1621 5527 1895 5578 τετραμε-

277 5615 380 5680 ρὴς
418 5607 524 5660 καὶ
559 5606 986 5674 ὑπέρλαμπρος,
1017 5603 1075 5664 δς
1107 5604 1166 5667 ἐξ
1196 5603 1444 5654 ἀπόπτου
1477 5602 1767 5671 περιωπῆς
1798 5603 1897 5670 τῆς

271 5704 422 5754 Σιὼν
443 5742 458 5765 ,
499 5699 705 5767 μᾶλλον
731 5696 787 5749 δέ
819 5697 880 5758 ἐξ
911 5695 1223 5764 ὑψιιιμάτων
1248 5694 1408 5762 δόξης
1436 5693 1528 5745 τοῦ
1559 5694 1778 5746 πάντων
1810 5693 1902 5762 βα-

273 5795 480 5853 σιλέως
539 5787 786 5859 Χριστοῦ
835 5787 1018 5840 πάντα
1066 5788 1134 5838 τὰ
1189 5787 1318 5853 ἔθνη
1376 5785 1902 5847 συηκάλεσεν,ἁπὸ

351 5907 399 5957 ⁸λ³
435 5903 607 5959 Joan.
641 5917 726 5968 ιιι,
766 5902 853 5956 ιϐ.

932 5902 982 5932 ³³
1010 5900 1170 5957 Jtmll.
1211 5917 1262 5966 Χ,
1300 5901 1389 5956 il.
1454 5901 1683 5956 "10'4".
1747 5918 1845 5964 νιι,
1873 5902 1958 5955 59.

1989 2026 2136 2079 Crux
2167 2028 2573 2092 reprmsentatio
2613 2035 2694 2076 est
2725 2021 2867 2091 ejus,
2901 2037 3064 2091 quam
3095 2023 3238 2075 circa
3279 2037 3374 2073 nos
3408 2021 3577 2074 Filius

1992 2117 2131 2186 gerit
2154 2115 2559 2169 sollicitudinis.
2587 2115 2674 2166 Ait
2695 2115 2874 2166 enim:
2902 2112 3013 2180 Ego
3044 2129 3158 2165 sunt
3187 2124 3370 2180 pastor
3389 2113 3576 2171 bonus,

1991 2214 2042 2258 et
2065 2206 2300 2258 animant
2316 2220 2481 2256 meum
2498 2219 2631 2270 pono
2649 2220 2742 2271 pro
2761 2203 2942 2255 ovibus
2962 2205 3086 2255 meis
3105 2203 3172 2254 ⁸⁸.
3190 2203 3328 2256 Crux
3356 2204 3578 2270 spiritus

1992 2288 2331 2342 advenientis
2359 2298 2413 2342 et
2440 2288 2492 2342 in
2520 2289 2674 2341 nobis
2707 2285 3064 2340 iuhabitautis
3093 2287 3418 2355 principium
3454 2297 3536 2339 est
3563 2305 3575 2337 :

1995 2380 2247 2436 Nondum
2286 2383 2429 2434 enim
2469 2381 2627 2434 datus
2669 2380 2844 2446 fuerat
2892 2380 3127 2448 Spiritus
3170 2389 3414 2443 sanctus,
3457 2380 3581 2444 quin

1992 2475 2146 2528 Jetut
2194 2475 2426 2526 nondum
2486 2473 2662 2541 fuerat
2723 2475 3054 2544 gloriﬁcams
3084 2474 3152 2526 ⁸⁵.
3187 2471 3366 2534 Crux,
3402 2470 3580 2524 Patris

1994 2565 2276 2628 voluntas;
2335 2563 2455 2618 Filii
2490 2566 2686 2632 gloria,
2741 2576 2796 2620 et
2851 2565 3089 2634 Spiritus
3133 2567 3578 2618 instrumentum.

2066 2655 2210 2709 Crux
2266 2655 2581 2709 inimicitias
2623 2655 2880 2721 sustulit,
2930 2667 2983 2710 et
3028 2656 3263 2709 medium
3318 2658 3578 2722 parieti-ni

1996 2749 2247 2802 macerias
2270 2749 2534 2811 dissolvit,
2563 2747 2766 2816 Deique
2790 2749 3286 2802 reconciliationem
3311 2746 3375 2802 ad
3406 2748 3582 2801 homi-

1998 2856 2094 2895 nes
2123 2841 2325 2902 attulit,
2364 2850 2418 2893 et
2449 2841 2540 2909 qui
2574 2841 2724 2908 prius
2761 2841 2944 2894 hostes
2972 2855 3210 2904 eramus,
3247 2838 3356 2892 Deo
3389 2855 3582 2891 recon-

2000 2931 2167 2986 ciliati
2209 2944 2399 2984 sumus
2448 2945 2543 2998 per
2591 2940 2818 2982 mortem
2862 2928 2982 2982 Filii
3014 2929 3154 2998 ejus.
3194 2929 3334 2982 Crux
3372 2945 3401 2983 e
3436 2938 3578 2981 terra

1999 3022 2196 3076 caelum
2246 3021 2392 3086 fecit,
2440 3021 2628 3075 orbcm
2670 3030 2938 3074 terrarum
2973 3022 3252 3073 aberrore
3308 3021 3580 3082 liberavit,

1998 3130 2292 3182 arcemque
2317 3125 2371 3169 et
2401 3114 2859 3182 propugnaculum
2881 3115 3075 3167 mortis
3097 3114 3289 3180 dejecit
3310 3124 3361 3166 et
3379 3113 3580 3165 diaboli

2000 3205 2146 3259 vires
2179 3206 2477 3259 enervavit.
2516 3202 2632 3257 Vim
2693 3205 2900 3273 peccati
2949 3204 3207 3268 abolevit,
3243 3205 3580 3260 mendacium

2003 3293 2320 3364 proﬂigavit,
2345 3295 2626 3347 veritatem
2650 3295 2886 3356 reduxit,
2911 3294 3183 3347 daemones
3207 3294 3430 3362 pepulit,
3447 3303 3585 3346 tem-

2003 3389 2087 3457 pla
2122 3387 2388 3440 idolorum
2425 3395 2476 3440 et
2519 3387 2711 3440 altaria
2749 3388 2968 3451 evertit,
3001 3388 3254 3441 virtutem
3292 3389 3582 3455 plantavit,

2001 3481 2295 3534 Ecclesiam
2343 3478 2607 3544 fundavit,
2670 3482 2912 3534 homines
2939 3483 3160 3547 angelos
3207 3480 3332 3532 fecit
3361 3520 3375 3544 ,
3404 3482 3584 3532 exsul-

2005 3584 2372 3639 tatlottetnque
2437 3576 2490 3626 in
2548 3583 2660 3627 toto
2707 3578 2906 3628 mundo
2978 3583 3031 3626 et
3096 3584 3248 3627 extra
3320 3575 3578 3626 mundum

2003 3667 2204 3721 ctfecu.
2260 3669 2401 3721 Crux
2433 3667 2856 3735 chirographum
2915 3675 3162 3720 nostrum
3229 3668 3409 3734 rupit,
3463 3681 3584 3718 rar—

2001 3776 2176 3816 cereui
2231 3761 2423 3813 mortis
2489 3761 2733 3813 inutilem
2787 3760 3059 3824 reddidit;
3116 3758 3388 3812 infernum
3453 3775 3582 3811 eva-

2000 3853 2201 3916 cuavit,
2251 3864 2498 3905 mortuos
2534 3853 2813 3918 excitavit,
2846 3853 3280 3905 maledictionem
3327 3851 3582 3919 perdidit,

2006 3955 2061 3997 et
2115 3946 2345 4012 gratiam
2397 3944 2638 3999 donavit.
2671 3944 2813 4000 Crux
2866 3944 3174 4010 paradisum
3232 3946 3468 4011 aperuit,
3509 3945 3584 3997 la-

2002 4043 2212 4090 tronem
2266 4037 2589 4098 introduxit,
2643 4036 3032 4104 hominumque
3083 4051 3273 4104 genus,
3323 4051 3388 4088 ne
3431 4047 3583 4088 terra

2005 4125 2220 4191 quidem
2254 4129 2498 4194 dignum,
2536 4129 2602 4179 ad
2648 4142 2871 4191 regnum
2927 4128 3190 4180 oculorum
3239 4126 3580 4187 manuduxit,

3030 4219 3127 4288 τὴν
3167 4220 3274 4271 τῶν
3340 4221 3585 4288 οὐρανῶν

2093 4401 2236 4455 Crux
2301 4402 2602 4457 cwlestium
2681 4402 3052 4468 miraculum,
3135 4405 3591 4472 terrestriumquc

2003 4493 2274 4561 gloriatio,
2313 4494 2424 4548 imo
2459 4507 2818 4563 utrorumque
2877 4493 3128 4564 gloriatio
3155 4504 3208 4545 et
3247 4493 3589 4559 conjunctio.

2004 4581 2174 4645 Crux,
2213 4599 2316 4636 non
2348 4583 2659 4636 mannfacta
2691 4583 3133 4636 Christianorum
3169 4593 3462 4646 armatura,
3507 4585 3588 4635 in-

2004 4677 2366 4747 expugnabile
2405 4677 2871 4744 pr0pugnaculum
2901 4718 2914 4740 ,
2946 4677 3333 4744 insuperabilis
3377 4693 3587 4736 niuru-,

2007 4772 2424 4824 inm-omentum
2461 4771 2710 4822 tollendis
2740 4769 3039 4822 haeresibus
3073 4760 3454 4838 aptissimum,
3508 4770 3590 4820 iu-

2011 4864 2150 4918 victa
2184 4862 2443 4916 Ecclesia:
2491 4863 2682 4922 virtus,
2741 4861 2894 4914 lirma
2945 4859 3382 4915 Christianorum
3437 4875 3586 4928 Spes,

2010 4957 2201 5024 ingens
2254 4958 2682 5009 orthodoxorum
2734 4957 3069 5022 prmsidium,
3129 4956 3440 5023 passionum
3497 4971 3589 5006 ex-

2011 5044 2254 5110 stiuct'io,
2289 5053 2342 5096 et
2397 5045 2716 5113 impatibilis
2753 5046 3044 5113 reparatio,
3079 5044 3306 5097 victoria
3351 5046 3402 5095 in
3436 5044 3590 5096 Cln'i-
3676 5053 3681 5057 ‘

2011 5147 2119 5196 sto,
2153 5137 2388 5202 signum,
2418 5137 2502 5189 cui
2530 5136 2944 5198 contradicitur,
2972 5138 3313 5200 admirabile,
3347 5147 3398 5190 et
3429 5153 3593 5202 supra

2013 5243 2228 5282 Omnem
2272 5231 2583 5298 opinionem
2635 5231 2956 5296 trophzeum.
2984 5230 3153 5291 Crux,
3201 5232 3593 5283 charismatum

2013 5323 2251 5389 Spiritus
2285 5322 2562 5386 aerarium,
2590 5321 2737 5390 larga
2773 5322 3040 5375 donorum
3082 5323 3281 5374 Christi
3321 5321 3589 5373 submini-

2006 5419 2225 5477 stratio,
2259 5415 2534 5482 divinique
2578 5415 2902 5483 beneplaciti
2953 5414 3260 5478 tthanrns,
3295 5417 3443 5484 ri-gni
3480 5433 3594 5470 c03-

2013 5509 2185 5560 lorum
2236 5510 2598 5562 conciliatrix.
2639 5507 2782 5560 Crux
2835 5509 3229 5576 quadripartita
3281 5520 3331 5560 ct
3365 5510 3594 5577 fulgida,

2009 5616 2128 5670 qnze
2182 5617 2244 5653 ex
2289 5601 2546 5653 invisibili
2598 5601 2813 5669 specula
2852 5601 3001 5666 Sion,
3053 5601 3134 5654 vel
3171 5605 3347 5670 potius
3380 5603 3446 5652 ab
3474 5604 3599 5654 alti-

2015 5697 2200 5746 todme
2251 5693 2433 5761 gloria:
2469 5693 2709 5747 onmimn
2749 5696 2890 5762 regis
2921 5693 3120 5746 Christi
3170 5703 3360 5762 gentes
3391 5709 3595 5747 convo-

2013 5787 2156 5841 cavit
2185 5789 2249 5842 ab
2274 5788 2495 5843 Oriente
2523 5797 2576 5843 et
2602 5786 2920 5853 Occidente,
2949 5804 2974 5839 a
3017 5787 3389 5855 septentrione
3418 5799 3472 5841 et
3499 5803 3598 5838 au-
