4270 6488
729 444 836 507 255

1683 439 2002 504 ΙΟᾹΝΝΙΞ
2043 433 2348 499 CALECJ‘I
2402 435 2512 495 (ΣΡ.
2556 431 3069 494 ΡΛΤΒΙᾹΒΟΙΙΕ

3893 425 4004 490 256

803 561 971 614 Porro
1007 557 1179 613 Filius
1223 559 1456 612 hominis
1497 560 1792 612 secundum
1828 569 2076 612 naturam
2106 557 2302 610 hutna-
2333 554 2386 612 Α
2483 551 2489 560 ”

2333 554 2386 612 Α
2483 551 2609 613 Υίὸς
2640 551 2695 603 δὲ
2725 549 3040 620 ἀνθρώπου,
3066 546 3206 601 κατὰ
3242 546 3340 620 τὴν
3375 544 3799 616 άνθρωπότητα.
3845 547 4001 600 Ἐπεὶ

732 669 860 707 nam
889 652 1213 720 appellatur,
1244 661 1297 705 et
1329 666 1448 704 cum
1478 652 1736 704 Dominus
1764 666 1903 718 saepe
1933 667 1958 703 a
1995 659 2187 703 natura
2222 648 2306 702 di-

734 745 887 804 vina,
921 759 1063 811 saepe
1109 745 1177 797 ab
1214 743 1446 795 humana
1481 744 1582 794 sibi
1637 760 1830 794 nomen
1884 743 2066 794 indere
2115 741 2308 802 soleat,

737 851 841 886 non
879 835 975 886 abs
1010 851 1071 888 re
1098 835 1275 886 dixit:
1313 833 1414 896 Qui
1449 845 1524 885 est
1559 838 1608 886 in
1640 834 1801 892 caelis,
1841 837 1939 886 hoc
1966 844 2069 892 est,
2105 833 2193 900 qui
2230 845 2316 884 se-

737 925 973 976 cundum
1024 923 1361 975 divinitatem
1409 933 1490 975 est
1538 924 1591 975 in
1620 922 1780 985 ('(Blti,
1814 937 1877 973 ex
1911 922 2048 975 t‘t‘Bln
2088 920 2314 973 descen-

740 1017 874 1068 dens
901 1014 1147 1066 Salvator
1177 1025 1384 1077 noster,
1422 1014 1618 1067 cmlum
1651 1027 1754 1065 non
1800 1012 2231 1077 derelinquebat,
2264 1018 2318 1062 et

744 1107 798 1158 in
841 1106 978 1159 coelo
1011 1108 1212 1170 degens
1259 1123 1284 1158 a
1318 1117 1460 1159 terra
1503 1123 1604 1158 non
1639 1107 1823 1158 aberat
1859 1122 1870 1155 :
1929 1106 2126 1171 ubique
2170 1104 2315 1157 enim

744 1206 902 1256 erat;
950 1211 1072 1249 cum
1113 1197 1577 1262 incircmnscripta
1615 1197 1684 1249 sit
1721 1196 1992 1250 ditinitas.
2034 1193 2321 1247 Descenlit

747 1289 998 1354 igiturt-x
1039 1289 1195 1342 cmlis
1244 1287 1319 1359 [id
1357 1299 1463 1348 cst,
1523 1304 1627 1342 non
1680 1291 1980 1340 sevundum
2031 1291 2318 1339 humaqu

749 1376 1045 1446 naturam],
1078 1393 1182 1428 non
1222 1377 1314 1444 qui
1367 1391 1431 1429 ex
1471 1377 1680 1428 semine
1715 1376 1901 1435 David,
1932 1377 2023 1426 sed
2061 1375 2321 1440 temporis

748 1484 941 1534 exin-rs
984 1470 1069 1520 Dei
1115 1468 1370 1529 Verbum,
1401 1469 1540 1537 quod
1575 1469 1683 1536 jam
1726 1479 1849 1520 ante.
1881 1468 2075 1518 smrula
2109 1476 2246 1528 erat,
2273 1475 2326 1516 et

748 1569 968 1626 propter
1009 1560 1263 1610 unionem
1297 1576 1416 1611 cum
1469 1573 1667 1624 genere
1710 1555 2189 1614 Innumno,l"ilium
2227 1555 2324 1606 lto-

748 1650 906 1700 miuis
939 1650 1194 1718 appellari
1248 1650 1445 1714 voluit;
1481 1659 1533 1702 et
1567 1667 1685 1701 cum
1724 1648 1916 1703 Filium
1958 1649 2190 1701 hominis
2230 1663 2326 1700 au—

749 1743 948 1803 dimus,
983 1759 1048 1795 ne
1075 1744 1426 1805 arbitremur,
1455 1759 1675 1797 carnem
1707 1744 1822 1805 eius
1846 1758 1908 1795 ex
1937 1743 2076 1795 malo
2105 1741 2330 1794 descen-

751 1836 918 1895 disse,
951 1834 1040 1887 scd
1073 1850 1193 1887 cum
1227 1836 1480 1888 Christus
1509 1835 1577 1887 sit
1609 1850 1710 1886 una
1743 1835 2049 1903 hypostasis
2078 1849 2171 1886 seu
2208 1848 2332 1902 per-

2412 641 2476 711 δὴ
2507 642 2769 704 πολλάκις
2799 644 2898 707 μὲν
2921 641 3029 694 άπὸ
3063 640 3163 708 τῆς
3200 639 3478 709 θεότητος.
3519 639 3787 700 πολλάκις
3821 639 3877 690 δὲ
3898 639 4004 691 ἀπὸ

2415 735 2512 804 τῆς
2537 732 2956 803 άνθρωπότητος
2979 727 3237 802 ὀνομάζει
3264 732 3458 784 ἑαυτὸν
3483 733 3509 783 6
3534 731 3739 799 Κύριος
3763 748 3776 760 ⁸
3826 733 3887 782 '0
3919 730 4004 782 ὢν

2416 829 2486 881 ἐν
2514 827 2592 892 τῷ
2622 826 2858 895 οὐρανῷ
2892 820 3048 878 εἶπεν
3073 842 3089 858 ο
3124 827 3295 896 ἤγουν
3319 827 3347 880 6
3377 825 3519 878 κατὰ
3544 825 3644 893 τὴν
3669 824 3900 890 Θεὸτητα
3932 824 4007 874 ὢν

2417 925 2474 974 ὲν
2502 921 2579 991 τῷ
2613 919 2830 988 οὐρανῷ
2855 935 2869 950 ⁸
2924 921 2988 971 ὲκ
3044 917 3141 970 τοῦ
3190 917 3423 991 οὐρανοῦ
3479 916 3727 978 καταὸὰς
3752 917 3779 968 6
3814 917 4010 982 Σωτὴρ

2422 1013 2582 1081 ἡμῶν
2613 1013 2716 1065 οὐκ
2745 1010 3016 1080 ἀφίστατο
3046 1009 3141 1064 τοῦ
3173 1009 3433 1080 οὐρανοῦ,
3464 1007 3563 1061 καὶ
3596 1007 3653 1059 ὲν
3679 1005 3758 1075 τῷ
3788 1003 4008 1072 οὐρανῷ

2421 1106 2495 1157 ὢν
2523 1107 2625 1158 οὐκ
2655 1104 3064 1172 ἀπελιμπάνετο
3112 1104 3212 1173 τῆς
3263 1102 3392 1172 γῆς,
3439 1101 3574 1155 ἀλλὰ
3612 1099 3888 1170 πανταχοῦ
3919 1096 4011 1166 ἦν,

2423 1197 2546 1247 ἐπεὶ
2586 1196 2650 1266 δὴ
2692 1195 3100 1265 ἀπερίγραπτος
3145 1195 3178 1262 ἡ
3218 1193 3433 1262 θεότης.
3493 1190 3715 1259 Κατέὄη
3744 1190 3922 1242 τοίνυν
3949 1191 4014 1239 ἐκ

2423 1289 2533 1341 τῶν
2594 1287 2847 1355 οὐρανῶν
2904 1286 3002 1354 οὐχ
3047 1287 3074 1338 ό
3138 1285 3203 1338 ἐκ
3237 1286 3556 1353 σπέρματος
3604 1281 3795 1346 Δαυῒδ,
3837 1281 3954 1334 ἀλλ’
3987 1280 4016 1331 6

2425 1379 2762 1448 ὑπέρχρονος
2810 1377 2908 1430 τοῦ
2959 1375 3096 1428 Θεοῦ
3151 1377 3345 1443 Λόγος,
3382 1377 3410 1429 6
3445 1375 3709 1446 ὑπάρχων
3755 1375 3859 1444 πρὸ
3905 1373 4017 1428 τῶν

2427 1468 2662 1521 αἰώνων.
2717 1467 2816 1519 Διά
2868 1467 2924 1520 δὲ
2984 1467 3084 1536 τὴν
3121 1468 3258 1536 πρὸς
3298 1468 3359 1520 τὸ
3403 1467 3748 1538 ἀνθρώπινον
3800 1468 4017 1534 ἕνωσιν,

2427 1554 2697 1622 λαμϐάνει
2721 1554 2829 1608 τοῦ
2866 1555 3002 1609 Γίοῦ
3060 1555 3169 1610 τοῦ
3219 1557 3538 1624 ἀνθρώπου
3571 1559 3631 1611 τὸ
3681 1558 3852 1628 δνομσ.
3876 1576 3889 1590 ο
3924 1561 4021 1611 καὶ

2430 1647 2561 1700 Υίδν
2592 1647 2882 1717 ἀνθρώπου
2916 1647 3229 1713 ἀκούοντες,
3264 1650 3338 1719 μὴ
3374 1651 3690 1720 νομίζωμεν
3714 1651 3852 1720 ὁτιή
3883 1651 4023 1721 σὰρξ

2431 1739 2490 1804 ἐξ
2515 1740 2749 1810 οὐρανοῦ
2815 1741 3055 1809 κατέϐη·
3110 1742 3230 1796 ἀλλ’
3302 1743 3494 1813 ἐπειδὴ
3550 1744 3650 1814 μία
3692 1745 4020 1809 ὑπόστασις,

2434 1833 2603 1902 ἤγουν
2663 1832 2721 1885 ἓν
2780 1834 3076 1902 πρόσωπον
3120 1828 3189 1905 ἦν
3239 1836 3266 1888 ό
3299 1836 3536 1905 Χριστὸς
3591 1837 3653 1888 ὲκ
3681 1837 3775 1889 δύο
3803 1836 4023 1904 φύσεων

751 1943 885 1981 sona
918 1926 1128 1979 duabus
1162 1928 1373 1980 natm-is
1401 1940 1684 1989 couSIans,
1739 1930 1814 1988 lit,
1868 1938 1925 1979 ut
1961 1928 2179 1978 nomina
2229 1926 2331 1980 ho.
2367 1915 2408 1970 Β

2367 1915 2408 1970 Β
2441 1927 2718 1988 σύνθετος,
2778 1927 2846 1978 τὰ
2877 1927 2970 1979 τοῦ
3025 1926 3316 1998 ἀνθρώπου
3355 1927 3600 1994 ὀνόματα
3652 1932 3748 1982 καὶ
3806 1931 3897 1982 ἐπὶ
3924 1929 4022 1983 τοῦ

753 2021 916 2075 minis
951 2022 1113 2074 etiam
1164 2022 1230 2072 de
1268 2021 1441 2074 Verbo
1489 2021 1862 2084 enuntientur,
1898 2031 1950 2072 et
1981 2020 2095 2073 vice
2144 2035 2323 2084 versa,

753 2115 1014 2167 attributa
1067 2112 1226 2166 Virbi
1277 2114 1480 2167 homini
1515 2129 1729 2183 quoque
1768 2114 2094 2167 tribuantur.
2133 2114 2330 2181 Appel-

752 2205 898 2260 iatur
920 2222 1048 2275 ergo
1070 2217 1123 2261 et
1148 2208 1247 2260 hoc
1271 2206 1389 2260 loco
1419 2205 1587 2260 Filius
1609 2207 1866 2272 hominis,
1890 2207 2018 2275 quia
2046 2207 2329 2274 utriusque

754 2308 984 2361 naturae,
1018 2301 1266 2352 humanm
1302 2299 1509 2354 scilicet
1541 2309 1594 2354 et
1625 2300 1839 2366 divinae,
1877 2315 1979 2354 una
2028 2303 2328 2368 eademque

751 2401 835 2445 est
865 2392 1171 2461 hypostasis
1192 2408 1286 2446 seu
1317 2407 1567 2459 persona,
1597 2409 1700 2446 non
1729 2394 1868 2463 quod
1897 2393 2068 2448 Filius
2096 2395 2330 2448 hominis

752 2486 820 2537 de
872 2485 1011 2537 εωιο
1043 2485 1383 2538 descenderit
1436 2485 1652 2555 (nempe
1698 2487 1997 2540 secundmn
2034 2487 2326 2540 humanam

754 2580 1052 2638 naturam),
1098 2577 1191 2629 sed
1224 2579 1365 2645 quod
1399 2593 1488 2645 qui
1519 2579 1801 2631 descendit
1853 2578 2017 2632 Filius
2055 2579 2169 2646 Dei,
2213 2581 2330 2648 ipse

756 2669 1002 2732 ascendit
1035 2668 1202 2722 Filius
1230 2671 1464 2724 hominis
1497 2671 1710 2737 lactus;
1751 2686 1879 2725 caro
1913 2674 2055 2725 enim
2088 2684 2209 2742 post
2239 2689 2332 2728 re-

754 2759 1154 2811 surrectionem
1219 2761 1535 2827 impatibilis
1593 2771 1647 2816 et
1707 2761 2031 2817 immortalis
2090 2763 2330 2828 en‘ecta,

754 2857 976 2916 propter
1014 2852 1453 2906 communionem
1505 2863 1557 2907 et
1592 2853 1847 2907 unionem
1882 2871 2003 2910 cum
2042 2856 2241 2922 Verbo,
2275 2860 2328 2914 iu

756 2954 863 3006 quo
905 2941 1110 3011 absque
1143 2944 1447 3000 divulsioue
1484 2955 1536 2999 et
1565 2947 1832 3004 divisione
1865 2951 2006 3006 inest
2029 2991 2044 3018 ,
2081 2955 2327 3008 eamdem

754 3032 938 3088 sedem
966 3038 1194 3102 accepit.

828 3127 1170 3196 Quapropter
1214 3129 1408 3188 Paulus
1445 3134 1519 3187 ait
1574 3153 1588 3190 :
1638 3135 1737 3200 Qui
1773 3139 2035 3191 descendit
2074 3140 2184 3204 ipse
2231 3149 2332 3207 est,

2437 2018 2612 2084 Λόγου
2631 2017 2991 2085 λαμϐάνεται.
3022 2019 3130 2071 Καὶ
3166 2019 3329 2073 πάλιν
3352 2023 3416 2073 τὰ
3441 2021 3536 2073 τοῦ
3569 2022 3746 2089 Λόγου
3777 2023 4024 2092 ὀνόματα

2440 2109 2517 2176 τῷ
2538 2108 2813 2179 ἀνθρώπῳ
2845 2111 3229 2181 προστιθένται
3247 2128 3260 2141 ·
3297 2113 3525 2180 λέγεται·
3546 2110 3638 2167 οὖν
3666 2117 3760 2166 καὶ
3787 2116 4025 2171 ἐνταῦθα

2444 2201 2569 2263 Υἱὸς
2618 2201 2711 2254 τοῦ
2763 2202 3056 2272 ἀνθρώπου
3109 2206 3135 2256 ὁ
3168 2205 3394 2276 Κύριος,
3444 2206 3518 2269 ὡς
3546 2208 3665 2271 ἑνὸς
3701 2208 3871 2272 ὅντως
3927 2208 4025 2263 τοῦ

2443 2292 2759 2362 προσώπου,
2795 2295 2888 2346 καὶ
2924 2297 3052 2360 μιᾶς
3080 2295 3184 2364 τῆς
3222 2298 3604 2366 ὑποστάσεως,
3640 2302 3740 2354 οὐκ
3775 2302 3966 2371 ἐπειδὴ
3999 2305 4030 2356 6

2444 2385 2574 2448 Υίὸς
2617 2386 2708 2438 τοῦ
2748 2387 3041 2455 ἀνθρώπου
3087 2390 3361 2458 κατῆλθεν
3388 2393 3449 2443 ἐκ
3471 2390 3569 2444 τοῦ
3597 2392 3864 2464 οὐρανοῦο
3908 2393 4030 2447 ἀλλ’

2443 2477 2633 2543 ἐπειδὴ
2674 2480 2704 2532 6
2731 2479 3008 2532 κατελθὼν
3067 2481 3193 2545 Υἱὸς
3246 2483 3340 2535 τοῦ
3395 2483 3554 2550 Θεοῦ,
3595 2486 3757 2548 αὐτὸς
3798 2487 4030 2557 ἀνῆλθεν

2445 2568 2572 2632 Υἱὸς
2599 2570 2887 2638 ἀνθρώπου
2916 2573 3204 2641 γενόμενος
3230 2589 3243 2602 ⁸
3269 2575 3482 2646 ἀπαθὴς
3513 2576 3619 2645 γὰρ
3650 2579 3744 2630 καὶ
3760 2579 4030 2643 ἀθάνατος

2449 2661 2589 2732 μετὰ
2617 2661 2717 2732 τὴν
2751 2662 3054 2718 ἀνάστασιν
3078 2667 3346 2737 γενομένη
3379 2669 3410 2737 ἡ
3450 2669 3608 2738 σὰρξ,
3637 2670 3724 2723 διὰ
3754 2670 3854 2740 τὴν
3886 2674 4028 2742 πρὸς

2445 2755 2538 2808 τὸν
2570 2755 2742 2823 Λόγον
2767 2758 3053 2811 κοινωνίαν
3080 2757 3389 2830 ἀδιαίρετός
3415 2763 3564 2814 ἐστιν
3590 2763 3648 2815 ἐν
3679 2763 3831 2833 αὐτῷ
3860 2763 4031 2832 ἠξιω-

2449 2848 2590 2916 μένη
2617 2848 2911 2917 καθέδρας.

2520 3121 2610 3176 Διὸ
2636 3123 2731 3175 καὶ
2786 3123 2814 3174 6
2868 3121 3078 3184 Παῦλος
3133 3121 3355 3190 ἔλεγεν·
3419 3123 3478 3176 Ὁ
3527 3127 3794 3190 καταϐὰς
3845 3127 4054 3194 αὐτός·

756 3216 848 3283 qni
877 3225 926 3268 et
961 3219 1198 3272 ascendit
1229 3237 1384 3288 super
1409 3241 1585 3278 omnes
1627 3226 1802 3291 caelos,
1850 3236 1906 3279 ut
1946 3228 2183 3296 impleret
2221 3245 2335 3282 om-
2374 3245 2417 3303 ο

2374 3245 2417 3303 C
2447 3213 2638 3272 ἐστιν,
2674 3213 2768 3266 καί
2803 3216 2835 3266 ὀ
2865 3214 3095 3279 ἀναϐὰς
3133 3216 3412 3282 ὑπεράνω
3471 3215 3586 3270 τῶν
3624 3219 3901 3284 οὐρανῶν
3927 3220 4032 3273 ἵνα

761 3309 852 3360 nia
881 3307 932 3372 ⁷;
969 3325 1090 3362 nam
1132 3311 1419 3369 divinitate
1464 3317 1628 3371 etiam
1679 3329 1837 3373 antea
1875 3331 2069 3374 cuneta
2105 3324 2344 3391 comple-

764 3400 882 3466 bat,
916 3413 1104 3468 utpote
1142 3415 1400 3473 tanquam
1436 3411 1638 3476 ubique
1687 3427 1927 3480 praesens
1958 3423 2012 3468 et
2042 3417 2226 3468 omnia
2258 3431 2349 3483 pe-

766 3504 1010 3548 netrans.
1045 3493 1237 3551 Postea
1267 3513 1396 3552 vero
1427 3513 1650 3570 prepter
1676 3504 1901 3558 salutem
1933 3518 2197 3568 nostram,
2221 3523 2346 3562 cum

766 3587 821 3638 in
874 3587 1029 3640 cmlis
1069 3599 1397 3655 versaretur,
1439 3593 1489 3646 iu
1541 3603 1741 3648 terram
1779 3597 2081 3661 descendit,
2127 3614 2345 3654 carnem

766 3688 1170 3745 assumpturus,
1206 3684 1296 3750 qui
1333 3694 1526 3751 sponte
1551 3687 1824 3741 exaltatus
1859 3698 1943 3742 est
1981 3689 2035 3742 iu
2078 3705 2261 3751 cruce,
2297 3701 2350 3745 et

767 3779 1014 3824 mortuus
1063 3785 1249 3837 carne,
1289 3773 1570 3830 descendit
1612 3779 1676 3830 ad
1713 3779 1938 3846 inferos,
1970 3790 2024 3834 et
2059 3797 2349 3852 resurgens

768 3876 1082 3932 assumptus
1129 3870 1301 3923 estin
1339 3870 1532 3939 gloria,
1579 3881 1632 3925 et
1675 3875 1918 3928 ascendit
1963 3890 2128 3944 super
2157 3891 2350 3930 omnes

767 3955 1037 4022 etelos,ut
1070 3959 1314 4026 impleret
1344 3962 1560 4027 omnia;
1591 3973 1643 4015 et
1678 3964 1730 4018 in
1759 3980 1926 4019 carne
1952 3966 2348 4022 dominationis

770 4063 904 4112 suae,
940 4058 993 4102 et
1029 4049 1245 4105 virtutis
1276 4065 1371 4106 seu
1411 4056 1665 4122 potentia:
1694 4056 1809 4123 ipse
1843 4072 1981 4112 unus
2005 4067 2090 4112 est
2123 4075 2185 4113 ex
2221 4075 2349 4114 san-

768 4148 856 4190 cta
880 4137 1166 4205 Trinitale,
1189 4144 1664 4202 consubstantialis
1693 4147 1859 4202 Filius
1887 4159 1942 4203 et
1966 4148 2201 4205 Verbum
2231 4153 2346 4218 Dei,

767 4232 994 4299 :equalis
1031 4234 1173 4288 Patri
1221 4246 1275 4290 et
1325 4236 1554 4306 Spiritui
1605 4252 1819 4307 sancto,
1860 4243 2021 4297 homo
2056 4244 2255 4309 lactus,
2291 4247 2345 4300 in

768 4319 984 4376 duabus
1041 4325 1299 4390 perlectis
1350 4327 1562 4381 naturis
1633 4343 1697 4383 ac
1749 4331 2190 4398 operationibus;
2254 4333 2346 4399 qui

765 4416 933 4468 etiam
964 4431 1192 4484 corpore
1223 4419 1373 4472 Patri
1399 4421 1624 4483 assidet,
1657 4432 1710 4478 et
1744 4424 1936 4476 iterum
1976 4434 2235 4477 venturus
2264 4435 2348 4478 est

767 4521 894 4560 cum
949 4507 1117 4576 gloria
1176 4509 1306 4578 (quo
1357 4522 1515 4581 pacto
1567 4514 1729 4566 etiam
1779 4516 2047 4583 ascendit)
2101 4516 2347 4583 judicare

2449 3305 2746 3373 πληρώσῃ
2773 3307 2844 3358 τὰ
2870 3304 3100 3358 πάνταο
3126 3308 3192 3376 τῇ
3228 3307 3334 3377 γὰρ
3361 3307 3578 3377 θεότητι
3639 3311 3732 3361 καὶ
3767 3312 4035 3381 πρότερον

2449 3399 2517 3451 τὰ
2548 3401 2727 3450 πάντα
2775 3399 3053 3467 ἐπλήρου·
3119 3399 3194 3462 ὡς
3250 3399 3528 3469 πανταχοῦ
3589 3402 3787 3466 παρὼν
3821 3406 3910 3454 καὶ
3963 3407 4036 3458 τὰ

2451 3491 2630 3544 πάντα
2663 3490 2891 3559 πληρῶν
2919 3507 2932 3521 ⁸
2968 3491 3196 3562 ὕστερον
3234 3493 3289 3544 δὲ
3315 3493 3402 3545 διὰ
3442 3493 3538 3564 τὴν
3566 3494 3724 3563 ἡμῶν
3758 3496 4037 3568 σωτηρίαν

2449 3581 2564 3634 ἄνω
2593 3580 2670 3635 ὢν
2701 3584 2781 3645 εἰς
2813 3583 2942 3645 τοὺς
2966 3585 3254 3653 οὐρανοὺς,
3289 3585 3496 3654 κατέϐη
3549 3586 3923 3655 σαρκούμενος
3953 3590 4038 3651 είς

2449 3673 2549 3743 τὴν
2585 3673 2712 3740 γῆν,
2764 3674 2860 3726 καὶ
2896 3673 3082 3744 ὑψώθη
3114 3674 3381 3738 ἑκουσίως
3414 3678 3470 3729 ἐν
3505 3677 3584 3745 τῷ
3621 3679 3843 3747 σταυρῷ
3867 3698 3879 3710 υ
3937 3681 4040 3732 καὶ

2450 3766 2628 3820 θανὼν
2650 3770 2716 3835 τῇ
2749 3769 2935 3835 σαρκὶ,
2963 3769 3044 3830 είς
3074 3769 3164 3821 τὸν
3197 3769 3331 3840 ᾅδην
3353 3770 3591 3839 κατῆλθε
3613 3786 3628 3801 ο
3654 3772 3750 3824 καὶ
3770 3772 4040 3840 ἀναστάς,

2449 3858 2730 3928 ἀνελήφθη
2766 3860 2822 3910 ὲν
2847 3859 3008 3929 δόξῃο
3045 3860 3138 3912 καὶ
3174 3860 3342 3929 ἀνέϐη
3380 3862 3644 3931 ὑπεράνω
3673 3864 3901 3916 πάντων
3926 3866 4042 3918 τῶν

2448 3949 2718 4020 οὐρανῶν,
2770 3950 2872 4004 ἵνα
2922 3949 3218 4019 πληρώσῃ
3281 3953 3352 4007 τὰ
3397 3952 3620 4019 πάντα,
3654 3955 3748 4007 καὶ
3771 3957 3828 4008 ὲν
3869 3959 4044 4026 σαρκὶ

2448 4041 2551 4110 τῆς
2600 4043 2922 4106 δεσποτείας
2973 4042 3138 4095 αὐτοῦ
3199 4045 3293 4097 καὶ
3358 4048 3459 4116 τῆς
3517 4047 3838 4115 ἐνεργείας,
3874 4049 4044 4110 αὐτός

2451 4137 2600 4188 ἐστιν
2628 4138 2655 4189 6
2679 4133 2760 4200 εἷς
2785 4137 2882 4204 τῆς
2905 4135 3137 4203 Τριάδος
3157 4155 3170 4167 ·
3189 4138 3217 4188 6
3247 4122 3545 4207 μονογενὴς
3576 4138 3702 4202 re;
3737 4143 3831 4193 καὶ
3862 4143 4044 4210 Λόγος

2450 4229 2546 4281 τοῦ
2590 4229 2764 4281 Θεοῦο
2801 4231 2896 4282 καὶ
2931 4229 3044 4293 ἴσος
3075 4229 3150 4282 ὢν
3179 4230 3257 4298 τῷ
3289 4232 3464 4301 ηατρὶ
3497 4233 3590 4285 καὶ
3614 4234 3693 4298 τῷ
3729 4235 4046 4304 Ιινεύματι,

2450 4321 2679 4389 γέγονεν
2737 4319 3060 4390 ἄνθρωπος’
3115 4321 3174 4372 ἰν
3227 4322 3348 4374 δυσὶ
3400 4322 3639 4386 τελείαις
3687 4324 3887 4392 φύσεσι
3940 4330 4042 4382 καὶ

2451 4413 2758 4484 ἐνεργείαις
2784 4413 2880 4466 καὶ
2910 4415 3050 4480 μετὰ
3070 4413 3326 4481 σώματος
3356 4415 3702 4485 συνεδριάζει
3729 4417 3805 4487 τῷ
3833 4420 4039 4491 Πατρίο

2451 4507 2550 4559 καί⁵
2577 4504 2742 4560 πάλιν
2769 4505 3050 4558 ἐλεύσεται
3090 4507 3228 4573 μετὰ
3258 4506 3441 4576 δόξης,
3468 4507 3538 4560 ὃν·
3557 4509 3762 4576 τρόπον
3793 4511 3886 4562 καὶ
3908 4515 4044 4565 ἁνε-

771 4597 1080 4651 universam
1115 4608 1336 4663 terram,
1373 4611 1425 4654 et
1464 4603 1678 4655 reddere
1731 4604 2014 4665 unicuique
2057 4607 2345 4659 secundum
2382 4590 2457 4650 οἳ

2382 4590 2424 4643 D
2451 4599 2655 4668 λήφοη,
2693 4599 2790 4651 τοῦ
2820 4600 3006 4668 κρῖναι
3039 4599 3221 4651 πᾶσαν
3252 4599 3352 4669 τὴν
3389 4602 3514 4670 γῆν,
3566 4602 3662 4652 καὶ
3695 4601 4043 4659 ἀποδοῦναι

769 4705 930 4757 opera
958 4708 1078 4756 sua,
1108 4703 1152 4744 et
1185 4694 1331 4762 regni
1366 4693 1480 4762 ejus
1517 4712 1618 4747 non
1647 4697 1745 4749 erit
1777 4698 1900 4765 ﬁnis
1927 4698 1968 4750 ⁸.

847 4869 922 4923 Nc
972 4886 1119 4934 vero,
1157 4871 1374 4940 quando
1425 4873 1700 4936 audimus,
1732 4889 1854 4926 eum
1907 4875 2261 4940 descent/isse,
2299 4880 2352 4933 in

773 4977 893 5015 eam
955 4967 1361 5032 persuasionem
1421 4969 1726 5032 veniamus,
1773 4969 1925 5038 quasi
1974 4968 2084 5035 jam
2121 4985 2223 5022 n0n
2281 4971 2354 5025 sit

776 5054 1007 5121 amplius
1073 5056 1124 5109 iu
1181 5058 1342 5122 C(elo,
1396 5067 1582 5127 utpote
1639 5063 1730 5130 qui
1779 5063 2162 5130 descenderit;
2202 5063 2350 5118 illico

776 5148 973 5214 adiecit
1012 5167 1025 5202 :
1079 5147 1182 5213 Qui
1213 5160 1289 5203 cst
1332 5151 1382 5203 in
1419 5152 1575 5218 caelo;
1615 5169 1705 5218 ne,
1738 5155 1942 5223 inquit,
1980 5171 2104 5208 cum
2142 5173 2228 5210 me
2258 5157 2351 5211 de-

774 5241 1052 5294 ocendisse
1082 5241 1302 5306 auditis,
1329 5244 1687 5308 arbitremini,
1719 5261 1804 5300 me
1836 5262 1941 5300 non
1970 5263 2095 5302 esse
2119 5249 2353 5316 amplius

775 5331 829 5384 in
866 5333 1038 5396 coelo,
1071 5335 1196 5400 quia
1232 5345 1285 5388 et
1339 5337 1426 5390 hic
1471 5351 1710 5404 pnesens
1752 5354 1871 5392 sum
1908 5356 2158 5408 corpore,
2191 5351 2240 5392 ct
2279 5340 2350 5393 ibi

775 5440 899 5476 eum
937 5423 1096 5479 Patre
1121 5427 1173 5480 in
1206 5427 1393 5481 eodem
1427 5429 1622 5483 throno
1661 5431 1825 5484 sedeo
1855 5431 2159 5484 divinitate.
2219 5431 2349 5485 Nam

774 5533 896 5569 cum
933 5519 1004 5570 sit
1029 5517 1286 5572 Dominus
1317 5523 1582 5587 omnium,
1615 5537 1846 5589 superna
1875 5539 1977 5576 non
2003 5524 2269 5586 deseruit,
2299 5533 2354 5577 ct

778 5609 842 5659 ad
880 5624 978 5662 nos
1009 5609 1249 5674 advenit,
1299 5618 1357 5664 ut
1404 5612 1586 5666 omnia
1637 5614 1995 5684 undequaquc
2047 5623 2099 5669 et
2151 5615 2350 5683 ubique

777 5699 1034 5753 saltaret.

849 5882 865 5910 ⁷
903 5881 1098 5947 ιςιιιιςε.
1147 5897 1215 5935 ιν.
1268 5881 1348 5935 l0.
1429 5881 1449 5912 ⁸
1499 5879 1656 5936 lium.
1692 5899 1749 5941 ιι,
1791 5884 1842 5936 6.

2453 4691 2689 4756 ἑκάστῳ
2719 4691 2870 4743 κατὰ
2906 4690 2976 4742 τὰ
3007 4689 3154 4757 ἔργα
3189 4692 3399 4758 αὑτοῦ,
3432 4693 3530 4745 καί
3566 4692 3677 4761 τῆς
3705 4695 4045 4763 ,βασιλείας

2453 4783 2642 4838 αὐτοῦ
2674 4783 2850 4849 τέλος
2877 4783 2988 4835 οὐκ
3024 4782 3220 4838 ἔσται.

2524 4877 2645 4929 ἰνα
2683 4874 2740 4926 δὲ
2776 4877 2854 4944 μὴ
2906 4875 3244 4938 ἀκούσαντες
3303 4875 3386 4927 ὃτι
3435 4876 3654 4943 κατέϐη
3679 4893 3696 4909 ο
3722 4878 4043 4947 νομίσωμεν

2453 4968 2533 5021 ὅτι
2593 4967 2669 5029 ὡς
2704 4965 3009 5032 κατελθὼν,
3076 4966 3179 5019 οὐκ
3227 4965 3343 5018 ἐστι
3371 4966 3556 5020 λοιπὸν
3587 4970 3644 5020 ὲν
3665 4969 3916 5038 οὐρανῷ·
3949 4971 4048 5024 διὰ

2450 5059 2611 5111 τοῦτο
2665 5058 2848 5127 λέγει,
2879 5056 2964 5109 ὢν
3005 5057 3182 5123 ἐντῷ
3239 5056 3501 5126 σὺρανῷο
3557 5059 3631 5130 μὴ
3685 5059 3794 5128 γὰρ
3839 5063 4037 5133 ἐπειδὴ

2456 5149 2732 5218 ἠκούσατε
2761 5150 2844 5203 ὃτι
2881 5149 3112 5216 κατέϐη,
3148 5151 3334 5220 φησὶν,
3369 5152 3627 5220 νομίσητε
3673 5151 3749 5222 μὴ
3777 5147 3918 5205 εἶναι
3958 5155 4044 5219 ὡς

2456 5247 2517 5298 ὲν
2544 5242 2623 5306 τῷ
2656 5243 2895 5313 οὐρανῷ,
2923 5243 3060 5297 ἀλλὰ
3113 5247 3209 5297 καὶ
3246 5243 3484 5298 ἐνταῦθα
3514 5244 3747 5313 πάρειμι
3785 5263 4043 5316 σωματιο

2456 5337 2569 5402 κῶς
2590 5354 2604 5368 °
2643 5339 2805 5391 κάκεῖ
2833 5338 3189 5407 συγκάθημαι
3220 5338 3296 5406 τῷ
3328 5339 3500 5407 Πατρὶ
3520 5337 3738 5398 θεῖκῶς.
3759 5339 4043 5408 Δεσπότης

2430 5434 2566 5501 ⁶γὲιρ
2620 5431 2840 5484 πάντων
2896 5432 3161 5500 ὑπάρχων
3196 5431 3288 5484 καὶ
3349 5432 3589 5499 Κύριοςο
3642 5429 3766 5482 οὔτε
3800 5431 3868 5484 τὰ
3919 5431 4053 5484 ἄνω

2456 5526 2742 5589 κατέλιπε,
2780 5525 2874 5578 καὶ
2910 5525 3045 5595 πρὸς
3071 5526 3218 5594 ἡμᾶς
3250 5524 3614 5594 ἐπεδήμησεν,
3647 5523 3733 5576 ἵνα
3768 5523 4050 5577 πάντοθεν»

2456 5621 2520 5672 τὸ
2558 5617 2741 5672 πάντα
2776 5617 3098 5687 ἁνασώσητα
3111 5635 3149 5672 ι.
