4270 6488
707 415 816 479 c259

1637 412 1958 475 10;“?le
2020 413 2328 475 CALECE
2383 413 2492 475 CP.
2538 413 3050 475 ΡᾹΤΠΙᾹΠΕΠΕ

3864 416 3970 489 260

715 530 920 596 Moyses
956 528 1203 580 exultmvit
1238 537 1547 597 srrrl‘nlcm,
1584 540 1632 581 et
1685 530 1886 596 reliqua
1914 547 1929 595 ;
1962 532 2097 584 sicut
2142 531 2285 583 enim
2322 540 2359 591 ,ιι
2393 545 2401 556 ε

2322 540 2359 591 Α
2393 544 2499 596 π;ρ
2527 530 2554 578 ὁ
2589 529 2823 594 χαλκοῦς
2850 532 2875 581 6
2909 531 3033 596 ὄφις
3061 531 3164 583 lati.
3225 530 3321 582 Διά
3358 530 3513 584 τοῦτο
3542 533 3722 584 τοίνυν
3771 536 3973 601 (Epona-

711 620 800 671 ille
841 620 1101 672 cxaltavit
1148 629 1481 685 serpentem,
1510 629 1563 672 ut
1593 622 1681 688 qui
1728 623 1780 673 iu
1825 621 1998 688 ipsum
2037 621 2284 675 intende-

715 719 853 769 rent,
880 709 1046 761 vitam
1080 710 1362 767 haberent,
1397 711 1465 762 ita
1510 722 1558 764 et
1589 710 1843 765 Christus
1877 712 2147 765 exaltatns
2177 723 2282 772 est,

713 811 769 853 ut
810 804 900 869 qui
954 804 1005 855 in
1055 806 1231 869 ipsum
1269 803 1635 864 intenderent.
1687 804 1940 857 nimirum
1978 806 2283 868 credentes,

712 891 874 942 vitam
919 904 1174 944 aeternam
1209 892 1541 946 obtinerent.
1589 893 1664 946 lbi
1695 894 1915 962 quidem
1958 910 2181 961 serpens
2210 895 2284 945 vi-

712 984 957 1042 sebatur,
1002 983 1071 1035 ob
1112 983 1455 1051 serpentinos
1504 999 1737 1039 morsus.
1774 988 1842 1039 At
1876 987 1961 1039 hic
1989 986 2150 1039 homo
2179 996 2282 1045 est.

711 1078 780 1125 ob
838 1074 1085 1127 homines
1127 1076 1286 1127 l:cta|i
1323 1092 1505 1130 morsu
1538 1079 1836 1133 Sauciatos.
1892 1080 1963 1133 lbi
2009 1079 2162 1148 plaga
2194 1094 2289 1147 per

710 1177 1015 1233 serpentem
1051 1168 1220 1232 illata,
1249 1183 1345 1235 per
1376 1178 1684 1237 serpentem
1718 1187 1931 1240 quopre
1961 1182 2147 1225 curata
2180 1181 2283 1226 est.

713 1255 810 1307 llic
844 1273 992 1322 vero,
1022 1260 1277 1326 quoniam
1317 1274 1461 1312 mors
1501 1274 1597 1327 per
1643 1261 1916 1315 hominem
1971 1264 2193 1317 intravit
2235 1266 2285 1317 in

714 1350 994 1414 mundum,
1022 1366 1112 1418 per
1139 1352 1411 1405 hominem
1444 1353 1606 1405 etiam
1637 1354 1744 1406 vita
1775 1355 1930 1408 nobis
1955 1358 2078 1409 data
2111 1368 2197 1410 est
2221 1355 2283 1410 ⁸³.

713 1441 843 1492 Nam
881 1454 1158 1507 peccatum
1207 1461 1311 1499 non
1362 1445 1493 1500 fecit
1545 1448 1807 1501 Dominus
1852 1465 1865 1502 :
1902 1447 2014 1503 Nec
2047 1451 2288 1503 inventus

712 1543 784 1584 est
815 1534 965 1587 dolus
996 1536 1049 1587 in
1073 1552 1163 1589 ore
1193 1537 1304 1606 ejus
1340 1538 1404 1593 “.

783 1711 1023 1766 Exaltari
1057 1724 1265 1783 oportet
1297 1715 1493 1771 Filium
1538 1719 1793 1774 hominis.
1835 1720 1966 1773 Cum
1997 1720 2285 1774 exultatio-

714 1822 828 1857 nem
871 1806 1143 1872 audimus,
1203 1810 1615 1876 suspensionem
1650 1813 1701 1866 in
1747 1828 1907 1867 cruce
1946 1815 2128 1867 animo
2154 1829 2287 1867 cou-

2394 619 2645 686 ματικῶς
2695 616 2879 673 εἶπεν·
2948 623 3067 675 Ὀτι
3122 625 3318 687 καθὼς
3358 610 3819 691 111‹ν›σῆς”ι’ἷνιζρωσε
3868 627 3975 676 τὸν

2394 710 2555 779 ὅριν,
2590 713 2683 764 καὶ
2713 713 2781 765 τά
2809 714 2934 782 ἑξῆς
2967 729 2981 742 ·
3017 713 3209 782 ὥσπερ
3255 716 3367 783 γάρ
3397 716 3609 777 ἐκεῖνος
3663 714 3845 784 ῦψωσε
3881 717 3975 767 τὸν

2389 805 2536 871 ὅφιν,
2566 804 2650 857 ἵνα
2678 806 2727 858 oi
2754 805 3095 870 ἀτενίζοντες
3125 809 3205 870 είς
3234 807 3400 860 αὐτὸν
3423 807 3587 875 ἔχωσι
3612 810 3761 875 ζωήν
3781 822 3797 838 ο
3829 805 3974 859 οὕτω

2393 898 2486 947 καὶ
2508 898 2534 947 6
2563 897 2803 964 Χριστὸς
2834 896 3049 967 ὑψώθη,
3085 898 3171 951 ἵνα
3199 899 3249 951 οί
3298 899 3641 961 ἀτενίζοντες
3664 900 3744 960 εις
3778 897 3971 957 αὐτὸν,

2392 987 2561 1055 ἤγουν
2587 988 2634 1039 oi
2658 988 3031 1053 πιστεύοντες,
3057 990 3223 1060 ἔχωσι
3248 988 3394 1060 ζωὴν
3423 990 3661 1045 αἰώνιον.
3684 988 3967 1055 mra-9:;

2397 1079 2498 1148 μὲν
2550 1081 2687 1141 ἐκεῖ,
2724 1081 2814 1134 διὰ
2854 1083 2980 1146 τοὺς
3033 1084 3335 1141 δάκνοντας
3393 1083 3517 1152 ϐφις
3543 1100 3557 1114 ·
3594 1082 3882 1153 ἄνθρωπος
3916 1080 3976 1134 δὲ

2392 1172 2625 1224 ἐνταῦθα
2654 1172 2745 1224 διὰ
2765 1176 2890 1235 τοὺς
2914 1174 3286 1243 δακνομένους
3317 1175 3646 1245 ἀνθρώπους
3667 1191 3681 1206 ο
3730 1174 3828 1227 καὶ
3854 1174 3979 1225 ἐκεῖ

2394 1265 2495 1333 μὲν
2518 1266 2706 1335 ἐπειδὴ
2730 1266 2799 1320 δι’
2824 1266 3001 1336 ὄφεως
3020 1269 3054 1338 ἡ
3089 1267 3286 1337 βλάϐη,
3310 1267 3379 1320 δι’
3410 1268 3588 1335 ὄφεως
3616 1266 3713 1321 καί⁹
3746 1268 3780 1336 ἡ
3810 1266 3977 1337 οερα-

2392 1360 2550 1414 πεία·
2587 1361 2825 1414 ἐνταῦθα
2880 1363 2963 1420 δὲ.
3002 1361 3196 1431 ἐπειδὴ
3225 1361 3295 1415 δι’
3343 1361 3637 1432 ἀνθρώπου
3673 1363 3702 1414 6
3740 1360 3976 1422 θάνατος

2392 1453 2648 1519 εἰσῆλθεν
2682 1456 2762 1515 είς
2790 1453 2882 1505 τὸν
2911 1456 3142 1522 κόσμον,
3182 1454 3251 1506 δι’
3308 1454 3607 1524 ἀνθρώπου
3661 1454 3754 1507 καὶ
3794 1455 3826 1522 ἠ
3859 1452 3976 1522 ζωὴ

2393 1546 2750 1615 παρεγένετο.
2799 1545 2854 1598 Ἀ
2868 1548 3107 1614 μαρτίαν
3138 1546 3247 1614 γὰρ
3271 1547 3372 1600 οὐκ
3396 1547 3657 1614 ἐποίησεν
3686 1548 3716 1600 6
3744 1546 3971 1616 Κύριος·

2396 1639 2544 1691 Οὐδὲ
2582 1639 2797 1706 εὑρέθη
2824 1638 3006 1703 δόλος
3027 1638 3097 1691 ἐν
3118 1638 3198 1703 τῷ
3225 1640 3479 1709 στόματι
3509 1639 3722 1693 αὑτοῦ.

2471 1732 2781 1801 ’Υψωθῆναι
2809 1732 2888 1785 δεῖ
2915 1734 3007 1785 τὸν
3030 1732 3157 1784 Υἰὸν
3181 1732 3277 1785 τοῦ
3304 1732 3621 1803 ἀνθρώπου.
3640 1731 3978 1801 ’Υψωθῆγαι

2392 1825 2709 1887 ἀκούοντες,
2735 1826 2878 1880 νοεῖν
2909 1824 3009 1894 μὲν
3034 1825 3324 1896 ὀφείλομεν
3348 1828 3409 1879 τὸ
3440 1828 3857 1897 κρεμασθῆναι·
3888 1826 3973 1893 ἐφ’

714 1896 995 1965 cipianms.
1021 1894 1154 1950 Nam
1207 1898 1257 1951 iu
1318 1900 1427 1953 alto
1472 1902 1727 1968 pependit
1779 1901 2030 1956 Salvator
2076 1914 2285 1967 noster,
2320 1905 2400 1967 Bt

2320 1905 2361 1958 Β
2390 1917 2559 1985 ὕψους
2595 1916 2707 1987 γὰρ
2741 1917 3058 1988 ἐκρεμάσθη
3097 1921 3126 1971 6
3163 1894 3354 1988 Σωτὴρ
3389 1894 3587 1988 ήμιῦνν,
3625 1894 3725 1972 ἴνα
3754 1919 3847 1972 καὶ
3880 1918 3974 1969 τὴν

714 1996 770 2038 ιιι
800 1996 851 2039 et
889 2002 1067 2041 aerem
1104 1989 1491 2057 sanetilicaret,
1539 1992 1629 2060 qui
1664 2003 1861 2047 terram
1912 1995 2289 2051 sanctilicave-

717 2088 819 2141 rat,
857 2078 907 2131 in
941 2077 1030 2130 illa
1062 2090 1114 2131 et
1152 2095 1249 2148 per
1302 2082 1447 2135 illam
1478 2084 1828 2140 ambulando.
1884 2086 2021 2153 Quin
2071 2100 2125 2143 et
2172 2104 2289 2143 ver-

715 2168 840 2221 bum
899 2169 1187 2237 glori/ituri
1258 2174 1591 2242 perpendere
1649 2186 1884 2244 oportet.
1940 2174 2087 2233 Crux
2145 2181 2289 2235 enim

715 2275 840 2315 vere
877 2264 1076 2317 Christi
1109 2265 1366 2319 exultatio
1393 2276 1446 2321 et
1486 2268 1655 2336 gloria
1701 2268 1843 2328 fuit;
1901 2287 2023 2325 nam
2061 2272 2112 2327 in
2182 2290 2289 2343 qua

718 2356 974 2409 Dominus
1015 2357 1297 2411 videbatur
1328 2361 1636 2424 damnatus.
1673 2364 1724 2415 in
1768 2378 1830 2417 ea
1890 2365 2052 2433 hujus
2103 2371 2287 2421 mundi

716 2447 1007 2513 principem
1027 2448 1321 2501 damnavit.
1353 2450 1419 2502 Et
1446 2451 1545 2505 hoc
1575 2460 1677 2517 est,
1703 2457 1844 2522 quod
1875 2454 2069 2509 Paulus
2096 2458 2288 2512 docet:

715 2537 1043 2605 Exspolinns
1079 2540 1407 2607 principatus
1440 2552 1488 2594 et
1514 2553 1824 2611 potestates.
1845 2550 2079 2600 traduxit
2124 2552 2289 2617 con/i-

713 2628 897 2681 dentcr
931 2631 1257 2697 triumphans
1291 2634 1409 2685 illos
1462 2635 1515 2690 in
1589 2639 1939 2703 semetipso”.
1997 2638 2291 2705 Nimirum,

713 2722 856 2788 quod
897 2722 1018 2775 dico
1051 2723 1352 2789 hnjusmodi
1379 2740 1392 2776 :
1415 2727 1654 2780 Adamus
1686 2729 1876 2783 merito
1911 2742 2150 2785 mortuus
2172 2744 2246 2786 est
2275 2751 2290 2788 :

718 2823 1033 2878 peccaverat
1073 2815 1237 2866 enim.
1260 2813 1406 2885 Ergo
1447 2832 1622 2886 usque
1646 2819 1710 2872 ad
1740 2821 1949 2874 Domini
1981 2824 2290 2877 cruciﬁxit»-

654 2944 658 2949 .
723 2918 867 2967 nem,
937 2918 1084 2956 mors
1135 2906 1560 2959 tlmninationem
1620 2906 1673 2961 in
1731 2909 1977 2966 homines
2027 2914 2291 2966 exercuit.

715 2991 1009 3063 Postquam
1043 3010 1169 3047 vero
1204 2994 1464 3050 Dominus
1497 3002 1564 3050 ab
1588 3003 1733 3052 omni
1785 3002 1936 3070 culpa
1996 3004 2130 3057 liber
2169 3004 2290 3066 fuit.

718 3086 791 3137 nil
823 3087 874 3137 in
907 3102 1027 3138 eum
1073 3086 1213 3155 juris
1244 3090 1457 3141 diabolo
1502 3091 1747 3144 relictum
1788 3106 1897 3156 est,
1927 3105 1978 3147 ut
2006 3111 2128 3148 eum
2165 3099 2288 3151 neci

716 3180 891 3238 daret.
938 3178 1202 3242 Quocirca
1235 3194 1359 3232 eum
1398 3182 1602 3250 injuste
1626 3197 1946 3253 peremptus
1975 3186 2163 3251 fuerit,
2202 3194 2294 3242 tle.—

718 3269 873 3319 \lcil:
910 3279 963 3321 et
1017 3271 1117 3322 hac
1172 3273 1383 3325 ratione
1422 3273 1687 3327 Adammn
1733 3290 1763 3329 a
1815 3289 2010 3343 morte,
2054 3296 2175 3349 qua:
2214 3283 2290 3346 ei,

710 3368 977 3428 tanquam
1029 3365 1498 3434 peceatori,juste
1562 3367 1704 3420 illata
1758 3370 1953 3435 fuerat,
2021 3373 2290 3429 liberavit.

791 3452 854 3504 Et
884 3464 939 3505 ut
988 3470 1073 3507 res
1097 3456 1295 3509 clarior
1320 3459 1536 3521 evadat,
1581 3462 1830 3527 exemplo
1908 3464 2292 3521 declarabitur.

720 3542 805 3596 Sit
846 3545 1106 3598 violentus
1160 3548 1430 3616 quispiam
1498 3561 1783 3619 tyrannus,
1822 3556 1911 3624 qui
1943 3572 2137 3612 omnes
2169 3575 2297 3613 suas

714 3635 773 3687 ~in
810 3652 1001 3688 manus
1031 3639 1283 3706 delapsos
1340 3641 1643 3697 innumeris
1712 3647 1870 3700 Inalis
1927 3647 2171 3703 aﬂiciat‘:
2211 3652 2297 3705 hic

721 3728 765 3781 si
800 3729 1254 3795 comprehensum
1304 3747 1504 3801 regem,
1534 3746 1629 3787 aut
1688 3737 1830 3805 regis
1878 3739 2044 3791 tilium
2098 3743 2296 3809 injuste

723 3822 1035 3884 inter-heiat,
1070 3823 1183 3875 lit-ri
1240 3834 1436 3891 potest,
1475 3834 1534 3879 ut
1568 3842 1715 3881 mors
1747 3829 1891 3882 illius
1948 3831 2111 3884 etiam
2178 3833 2299 3888 aliis

716 3924 998 3974 OppresSts
1045 3924 1200 3978 opem
1253 3928 1317 3965 ac
1368 3914 1673 3969 subsidium
1742 3921 1901 3972 lerat.
1945 3920 2167 3989 lterum,
2229 3924 2299 3978 sit

722 3998 1020 4051 luencratur
1051 4001 1320 4069 quispiam
1388 4003 1566 4059 {minus
1637 4022 1950 4075 reposcens,
2028 4014 2299 4068 debitores

723 4096 970 4143 ret-heret
1011 4105 1074 4145 ac
1124 4093 1175 4145 in
1233 4094 1442 4148 vincula
1497 4098 1791 4154 detrudat:
1854 4102 2051 4159 deinde
2106 4106 2295 4160 eadem

719 4180 889 4232 animi
922 4183 1237 4250 impotentia
1294 4201 1439 4250 eum,
1473 4188 1565 4255 qni
1624 4191 1756 4244 nihil
1828 4194 2034 4260 debet,
2103 4197 2295 4252 iisdem

728 4274 901 4338 prmus
943 4275 1156 4337 tuttltct,
1207 4290 1271 4328 ac
1334 4280 1385 4329 in
1453 4293 1722 4334 carcerem
1790 4287 2142 4356 compingat:
2210 4290 2298 4344 hic

724 4374 873 4414 Certe
908 4378 1095 4431 ptuuas
1120 4366 1273 4418 dabit
1317 4383 1533 4432 eorum,
1588 4386 1707 4440 qua:
1747 4374 1799 4427 in
1857 4377 1995 4432 alios
2057 4379 2296 4437 admisit.

723 4450 1017 4507 lulet'licicl
1044 4456 1189 4507 enim
1253 4459 1430 4522 illum,
1490 4471 1746 4531 tanquam
1800 4466 2003 4533 injuste
2057 4474 2298 4539 punitus,

2391 2009 2531 2077 ἀέρα
2568 2012 2791 2079 ἁγιάσῃ,
2848 2009 2877 2059 6
2910 2008 3009 2074 τὴν
3039 2008 3144 2076 γῆν
3172 2009 3410 2076 ἀγιάσας
3442 2009 3530 2061 διὰ
3561 2008 3657 2062 τοῦ
3691 2008 3779 2061 ἐπ’
3804 2007 3976 2076 αὐτῆς

2393 2100 2790 2172 περιπατῆσαι·
2820 2102 2963 2154 νοεῖν
2991 2101 3077 2154 δεῖ
3105 2101 3201 2154 καὶ
3229 2102 3290 2154 τὸ
3316 2100 3714 2169 δοξωθῆναν
3745 2102 3840 2154 καὶ
3865 2102 3979 2167 γάρ

2390 2192 2560 2255 ὅντως
2591 2191 2754 2260 ὕψος
2783 2192 2881 2245 καὶ
2910 2192 3065 2256 δόξα
3092 2192 3189 2246 τοῦ
3227 2193 3467 2264 Χριστοῦ
3501 2194 3727 2261 γέγονεν
3752 2194 3781 2247 6
3814 2209 3949 2245 σταυ
3967 2223 3980 2234 -

2394 2283 2485 2353 ρὸς
2512 2297 2527 2312 ⁶
2570 2283 2628 2336 ὲν
2663 2275 2708 2350 ᾦ
2748 2282 2858 2353 γάρ
2898 2283 3075 2336 ἐδόκει
3117 2284 3522 2355 κατακριθῆναι
3562 2284 3591 2337 6
3633 2283 3836 2355 Κύριος
3862 2300 3875 2314 ·
3919 2285 3978 2335 ὲν

2392 2374 2567 2446 τούτῳ
2600 2378 2892 2445 κατέκρινε
2921 2376 3014 2428 τὸν
3048 2377 3214 2447 ἀρχον
3242 2376 3338 2429 τοῦ
3374 2377 3583 2444 κόσμου
3616 2377 3833 2430 τούτου.
3866 2377 3979 2430 Καὶ

2394 2468 2548 2520 τοῦτό
2596 2470 2715 2521 ἐστι
2766 2469 2794 2520 6
2845 2485 2981 2537 φησι
3032 2468 3248 2531 Παῦλος
3276 2484 3289 2499 ·
3330 2468 3825 2537 Ἀποδυσάμενος
3871 2472 3981 2533 τὰς

2390 2560 2584 2628 ἀρχὰς
2618 2560 2719 2613 καὶ
2751 2560 3044 2625 ἐξουσίας
3064 2575 3078 2590 ·
3116 2560 3538 2630 ἐδειγμάτισεν
3568 2562 3638 2615 ἐν
3669 2562 3983 2630 παῤῥησίςι

2396 2651 2796 2719 θριαμϐεύσας
2821 2650 3010 2715 αὑτὰς
3032 2653 3103 2704 ἐν
3121 2652 3307 2718 αὐτῷ.
3332 2649 3457 2707 Οἷὸν
3480 2672 3529 2707 τι
3550 2652 3693 2721 λέγω
3716 2669 3728 2681 ·
3754 2655 3782 2705 6
3806 2652 3980 2721 Ἀδὰμ

2392 2742 2620 2805 δικαίως
2647 2742 2919 2795 ἀπέθανεν
2947 2758 2960 2770 ·
2988 2743 3238 2811 ἥμαρτεν
3262 2745 3370 2814 γάρ
3398 2761 3413 2777 θ
3445 2747 3605 2815 μέχρι
3638 2745 3736 2814 μὲν
3760 2739 3853 2798 οῦν
3876 2745 3977 2807 τῆς

2392 2833 2488 2883 τοῦ
2521 2832 2728 2901 Κυρίου
2759 2832 3142 2904 σταυρώσεως,
3172 2833 3398 2898 δικαίως
3428 2836 3842 2905 κατεκράτησεν
3868 2835 3981 2888 τῶν

2394 2921 2699 2990 ἀνθρώπων
2731 2925 2760 2975 6
2797 2924 3026 2986 θάνατος
3051 2941 3064 2952 ο
3100 2926 3223 2976 ἐπεὶ
3259 2926 3317 2978 δὲ
3357 2926 3744 2997 ἀναμάρτητος
3775 2928 3976 2997 εὑρέθη

2394 3015 2421 3065 ὁ
2454 3011 2656 3079 Κύριος
2683 3054 2698 3075 ,
2740 3014 2800 3066 τὸ
2843 3013 3026 3066 λοιπὸν
3067 3014 3168 3066 οὐκ
3210 3010 3357 3084 εἶχεν
3400 3013 3486 3066 ἐπ’
3512 3015 3661 3084 αὐτῷ
3701 3016 3911 3068 δίκαιον
3953 3018 3982 3067 6

2395 3102 2640 3164 διάϐολος
2678 3104 2763 3155 ἶνα
2801 3104 3090 3174 θανατώσῃ
3132 3106 3298 3157 αὐτόν
3325 3122 3338 3135 ·
3376 3104 3515 3157 ὥστε
3552 3105 3738 3175 ἐπειδὴ
3775 3106 3981 3168 ἀδίκως

2398 3196 2738 3267 ἐθανατώθη,
2771 3199 2990 3267 ἐνίκησε
3019 3200 3111 3250 τὸν
3141 3198 3533 3253 θανατώσαντα
3564 3199 3736 3260 αὐτὴν
3767 3199 3859 3252 καὶ
3887 3200 3981 3252 οῦ-

2396 3305 2502 3349 τως
2537 3288 2873 3356 ὲλευθέρωσε
2909 3288 3000 3342 τὸν
3034 3290 3204 3359 ’Δδάμ
3240 3292 3305 3343 ὲκ
3336 3291 3431 3343 τοῦ
3467 3292 3699 3343 θανάτου
3720 3329 3736 3355 ,
3769 3290 3869 3344 τοῦ
3901 3292 3981 3345 δι-

2398 3380 2571 3441 καίως
2601 3381 2931 3449 ἐπαχθέντος
2961 3382 3131 3451 αὐτῷ,
3166 3383 3241 3445 ὡς
3274 3384 3685 3455 άμαρτήσαντι.

2468 3470 2589 3524 Ἵνα
2639 3471 2696 3523 δὲ
2746 3472 2841 3525 καὶ
2896 3474 3233 3544 σαφέστερον
3276 3473 3334 3548 ᾖ,
3385 3478 3479 3527 ἐπὶ
3532 3476 3982 3545 παραδείγματος

2397 3563 2528 3617 at)th
2555 3565 2872 3634 ποιήσωμεν
2898 3566 3346 3636 φάνερον.Ἔστω
3373 3584 3460 3630 τις
3492 3567 3669 3637 βίαιος
3695 3568 3983 3636 τύραννος,

2400 3656 2608 3718 πάντας
2644 3657 2771 3718 τοὺς
2810 3658 3193 3724 ἐμπίπτοντας
3226 3659 3308 3722 είς
3341 3660 3438 3729 τὴν
3471 3659 3636 3713 αὑτοῦ
3672 3661 3832 3730 χεῖρα
3870 3676 3982 3729 μυ-

2402 3750 2538 3817 ρίοις
2567 3748 2914 3817 περιϐάλλων
2938 3752 3129 3814 κακοῖς
3149 3765 3165 3781 ⁸
3193 3743 3347 3814 οὗτος
3372 3753 3468 3805 ἐὰν
3494 3751 3792 3822 συμϐαλὼν
3819 3753 3982 3824 βασι·

2399 3841 2483 3892 λεῖ
2511 3841 2545 3910 ἢ
2580 3840 2682 3910 υίῴ
2715 3840 2983 3909 βασιλέως
3012 3842 3181 3915 ἀνέλῃ
3211 3843 3376 3896 αὐτὸν
3404 3846 3501 3897 καὶ
3532 3845 3827 3915 θανατώσῃ
3858 3846 3983 3898 ἁδι-

2401 3948 2511 3996 κως
2534 3972 2549 3994 ,
2585 3934 2614 3984 6
2647 3933 2861 3985 ἐκείνου
2898 3933 3129 3997 θάνατος
3163 3936 3262 3988 καὶ
3293 3938 3421 3998 τοὺς
3453 3936 3648 3999 ἄλλους
3688 3938 3981 4007 ἐκδικῆσαι

2400 4023 2685 4091 δυνήσεται
2711 4038 2726 4053 ο
2761 4025 2856 4076 καὶ
2891 4024 3054 4078 πάλιν
3089 4025 3232 4080 ἔστω
3262 4041 3349 4089 τις
3382 4028 3672 4099 δανειστὴς
3704 4032 3981 4096 ἀπαιτῶν,

2401 4115 2500 4166 καὶ
2526 4114 2798 4178 τυπτέτω,
2830 4114 2923 4168 καὶ
2953 4118 3034 4178 είς
3063 4116 3442 4187 δεσμωτήριον
3473 4120 3791 4188 ὲμϐαλλέτω
3813 4140 3829 4154 ⁶
3860 4120 3983 4179 εἶτα

2402 4206 2466 4257 ἐκ
2498 4206 2599 4272 τῆς
2634 4206 2802 4275 αὐτῆς
2836 4207 3091 4271 ὑπονοίας
3125 4210 3220 4262 καὶ
3248 4210 3342 4263 τὸν
3372 4210 3527 4264 οὐδὲν
3555 4214 3843 4282 ὀφείλοντα
3875 4217 3983 4270 ὑπό

2400 4296 2502 4367 τὴν
2534 4296 2706 4366 αὐτὴν
2738 4298 2966 4367 είρκτὴν
3000 4300 3098 4353 καὶ
3130 4303 3406 4371 τιμωρίαν
3438 4305 3654 4370 ἀγέτω,
3688 4301 3846 4371 οὗτος
3885 4310 3984 4361 καὶ

2401 4380 2477 4439 ὢν
2506 4389 2586 4451 είς
2615 4389 2739 4450 τοὺς
2769 4388 2969 4452 ἄλλους
2997 4390 3247 4462 ἐποίησε,
3276 4392 3438 4447 δώσει
3464 4394 3625 4465 δίκην
3645 4413 3660 4428 ⁸
3688 4398 3983 4468 ἀναιρήσει

2403 4479 2512 4550 γὰρ
2548 4480 2644 4531 καὶ
2675 4479 2929 4547 φονεύσει
2964 4483 3128 4537 ain-3v
3161 4485 3367 4546 ἐκεῖνος
3400 4485 3475 4549 ὡς
3509 4488 3711 4552 ἀδίκως
3742 4489 3985 4559 δεσμευ·

724 4545 887 4609 iuque
914 4558 1189 4598 carcctem
1224 4551 1524 4619 coujectus.
1587 4554 1699 4608 Hoc
1724 4569 1777 4610 et
1808 4558 1861 4611 in
1909 4560 2129 4617 Christo
2175 4580 2297 4620 eve—
2327 4572 2371 4627 D
2400 4570 2410 4619 1

2327 4572 2371 4627 υ
2400 4545 2514 4632 θεὶς
2554 4573 2649 4623 καὶ
2686 4545 3045 4641 τιμωρηθείς.
3112 4575 3285 4629 Τοῦτο
3328 4545 3424 4630 καὶ
3458 4545 3558 4632 *ἐπὶ
3599 4545 3707 4634 τοῦ.
3737 4545 3983 4652 Χριστοῦ

723 4646 835 4688 tut:
881 4651 1002 4687 nam
1060 4652 1247 4692 eorum
1299 4645 1587 4709 malormn,
1636 4648 1832 4714 quilms
1886 4667 1988 4708 nos
2052 4658 2298 4712 diabolus

724 4716 960 4796 punivit.
1002 4748 1191 4800 pmnas
1222 4735 1340 4797 luit,
1379 4743 1595 4806 quando
1621 4742 1897 4798 Christum
1939 4752 2157 4816 aggredi
2192 4768 2295 4805 non

724 4823 1052 4873 lormidavrt.
1141 4824 1453 4883 l'rostratus
1504 4836 1673 4896 cuitu,
1734 4841 1976 4904 tit‘Jt‘ClUS
2030 4850 2083 4894 et
2137 4855 2299 4897 (ξιιμ-υ

722 4912 923 4963 Christi
959 4924 1143 4981 captus
1187 4925 1294 4969 est.

801 5006 912 5054 Duo
944 5014 1118 5069 erant,
1159 5009 1356 5074 quibus
1388 5026 1557 5077 genus
1616 5017 1911 5073 humanum
1982 5028 2293 5091 tenebatur,

724 5094 971 5162 voluptas
1002 5111 1065 5147 ae
1101 5100 1341 5155 tristitia.
1389 5102 1483 5157 llis
1517 5106 1729 5163 duobus
1759 5111 2043 5168 Dominum
2081 5132 2300 5186 aggres-

725 5201 837 5248 Sus,
865 5189 1144 5242 immotum
1208 5190 1547 5263 invitumque
1579 5213 1799 5269 reperit.
1827 5204 1891 5257 Et
1916 5208 2146 5274 primum
2177 5214 2299 5278 qui-

727 5282 848 5328 dem
878 5278 929 5328 in
962 5289 1143 5332 monte
1172 5282 1462 5351 voluptatis
1488 5289 1736 5345 illecebra
1766 5309 1887 5346 eum
1924 5301 2171 5361 tentavit,
2204 5305 2295 5353 sed

726 5383 849 5419 cum
884 5368 1152 5421 incassum
1193 5373 1333 5428 hanc
1383 5378 1683 5432 machinam
1737 5383 1979 5439 adhiberi
2026 5404 2294 5449 cerneret.

727 5460 791 5513 ad
823 5461 1121 5521 tristitiam,
1152 5461 1306 5531 longe
1340 5467 1653 5523 validiorem
1684 5474 1952 5541 balistam,
1977 5494 2036 5533 se
2067 5497 2294 5537 coavcr-

729 5552 811 5615 tit,
852 5560 908 5602 ut
945 5552 1024 5603 vel
1062 5566 1161 5606 nae
1207 5558 1415 5613 ratione
1450 5560 1516 5614 de
1574 5563 1790 5619 Christo
1864 5571 2148 5627 victoriam
2210 5592 2294 5628 re-

727 5644 912 5696 l'et‘rct.
970 5643 1098 5695 ltum
1138 5660 1188 5697 Ill
1218 5647 1379 5702 linem
1412 5667 1598 5709 omnes
1623 5673 1648 5707 ιι
1683 5657 1895 5716 diabolo
1924 5676 2106 5718 contra
2142 5666 2295 5721 Chri-

802 5824 840 5853 "
877 5828 1028 5882 Mem.
1069 5830 1228 5891 ηιξ,
1310 5832 1349 5864 ⁸³
1380 5832 1481 5887 lsa.
1519 5851 1630 5900 Ltu,
1665 5838 1733 5899 9;
1778 5839 1792 5893 1
1831 5840 1975 5897 l‘ctr.
2016 5860 2080 5908 ιι,
2110 5846 2198 5900 οε.

2404 4662 2627 4729 γέγονεν
2649 4678 2661 4690 ·
2694 4656 2769 4717 ὧν
2800 4666 2908 4733 γὰρ
2941 4667 3021 4728 είς
3058 4667 3205 4735 ἡμᾶς
3260 4670 3517 4739 ἐποίησεν
3549 4676 3578 4726 6
3609 4674 3879 4738 διάϐολος,
3912 4675 3985 4728 δι’

2404 4749 2479 4805 ὧν
2504 4756 2583 4818 είς
2609 4757 2699 4808 τὸν
2724 4758 2959 4825 Χριστὸν
3010 4759 3301 4830 ἐτόλμησε,
3328 4764 3527 4816 δέδωκε
3555 4765 3713 4828 δίκας
3732 4782 3746 4797 ο
3773 4770 3986 4839 κατήρ-

2406 4866 2571 4917 γηται
2606 4848 2716 4917 γάρ
2751 4852 2844 4902 καὶ
2880 4851 3193 4923 κατεϐλήθη
3246 4855 3323 4924 τῷ
3357 4857 3578 4926 σταυρῷ
3608 4859 3703 4911 τοῦ
3737 4860 3982 4929 Χριστοῦ

2406 4945 2497 4994 καὶ
2527 4942 2871 5009 αἰχμάλωτος
2902 4945 3115 5009 γέγονε.

2477 5031 2588 5082 Καὶ
2620 5030 2794 5093 ἄλλως
2827 5032 2883 5085 δὲ
2914 5033 3004 5085 δύο
3036 5029 3178 5104 ἦσαν
3209 5037 3276 5087 τά
3308 5037 3613 5105 κρατοῦιτα
3644 5039 3736 5092 τοῦ
3769 5041 3985 5110 ἀνθρω-

2404 5123 2563 5174 πίνου
2598 5124 2789 5189 γένους
2812 5162 2827 5183 .
2866 5124 3024 5194 ἡδονὴ
3059 5129 3154 5180 καὶ
3187 5126 3356 5197 λύπη.
3415 5131 3515 5183 Διά
3560 5132 3768 5186 τούτων
3797 5138 3985 5189 τοίνυν

2403 5215 2509 5266 τῶν
2541 5213 2633 5266 δύο
2672 5213 2842 5266 έλίρὼν
2874 5218 2902 5268 6
2947 5217 3150 5286 Κύριος
3190 5221 3462 5291 ἀήττητος
3501 5223 3703 5292 εὑρέθη
3734 5227 3829 5276 καὶ
3860 5228 3987 5278 ἀνί-

2409 5321 2593 5373 κητος.
2630 5306 2942 5373 Προσιέϐαλε⁹
2978 5308 3084 5378 γὰρ
3118 5312 3269 5379 αὐτῷ
3305 5314 3575 5383 πρότερον
3606 5318 3665 5367 ὲν
3693 5317 3771 5387 τῷ
3803 5316 3922 5387 ὄρει
3958 5322 3988 5372 6

2404 5397 2683 5466 πειράζων
2708 5398 2926 5467 ἡδονῆς,
2952 5401 3130 5470 εὑρὼν
3150 5403 3208 5455 δὲ
3229 5406 3434 5475 ταύτην
3456 5407 3732 5463 ἀνάλωτον
3756 5408 3988 5480 ὕστερον

2403 5492 2463 5539 τὸ
2498 5489 2640 5557 μέγα
2678 5492 2979 5562 μηχάνημα
3011 5493 3110 5563 τὴν
3142 5494 3319 5565 λύπην
3350 5501 3720 5568 προσήγαγεν,
3751 5501 3839 5555 ῐνα
3872 5509 3985 5557 κέν

2403 5580 2489 5631 διὰ
2517 5582 2719 5649 miri};
2760 5586 3025 5651 κρατήσει
3060 5584 3227 5638 αὐτοῦ
3253 5603 3265 5615 ·
3300 5589 3395 5639 καὶ
3427 5589 3512 5642 διὰ
3543 5590 3733 5644 τούτου
3766 5594 3986 5659 πάντας

2404 5673 2549 5724 κατὰ
2580 5672 2673 5723 τοῦ
2710 5674 2948 5741 Χριστοῦ
2988 5679 3351 5749 παρεκίνησεν
3382 5682 3409 5733 6
3443 5682 3633 5752 ὲχθρδς
3665 5685 3759 5738 καὶ
3792 5685 3984 5740 διάϐο-

2282 5850 2321 5878 ”
2353 5849 2571 5906 (101055.
2603 5864 2663 5910 ιι.
2691 5850 2772 5907 l5.
