4270 6488
746 431 841 493 $171

1684 427 2009 487 JOANNIS
2042 424 2347 485 CALECJE
2380 425 2483 487 (ΣΡ.
2522 422 3031 485 PATRIARCHAZ

3900 416 4009 482 ετξ

816 544 924 599 Nec
956 558 1082 597 vero
1126 544 1262 605 dixit
1294 542 1560 597 Dominus
1595 558 1607 595 :
1647 540 1829 593 'l‘ollat
1860 554 2102 603 crucem,
2159 540 2319 591 abso-
2348 545 2388 599 Α

2375 552 2388 598 ι
2495 541 2607 591 Οὐκ
2640 534 2762 591 εἶπε
2793 538 2849 591 δὲ
2883 539 2911 590 6
2960 538 3186 608 Κύριος,
3228 529 3362 607 ᾄραι
3397 534 3490 589 τὸν
3525 532 3760 603 σταυρὸν
3790 532 4006 595 ἁπλῶς,

746 638 878 696 inte,
944 638 1037 688 sed
1091 652 1298 689 crucem
1353 650 1527 695 suout,
1582 635 1707 695 ait;
1761 632 1864 684 hoc
1929 639 2034 691 est,
2087 630 2324 683 debitam

747 739 999 789 mortem,
1057 744 1220 797 quam
1274 734 1491 793 oportet
1536 722 1780 793 quotidie
1813 733 2074 791 oppetere
2130 737 2325 775 unum-

746 833 1039 887 quumque,
1076 833 1139 869 ex
1181 817 1449 869 sententia
1481 814 1726 881 Apostoli
1764 812 1995 866 dicentis
2028 831 2042 865 :
2076 811 2326 874 Quotidie

744 912 945 963 morior
986 910 1029 962 ‘.
1070 911 1297 963 Portare
1344 910 1491 961 enim
1520 923 1736 960 crucem
1768 923 1866 961 nos
1893 907 2008 960 vult.
2046 907 2325 969 Dominus,

748 1011 831 1064 nt,
865 1002 1215 1054 continenter
1250 999 1470 1067 \igtlarc
1506 1001 1711 1057 animo,
1735 1010 1789 1051 et
1819 1000 2115 1053 virtutibus
2148 999 2196 1055 in
2219 998 2329 1051 alto

746 1106 915 1156 stare,
960 1110 1025 1146 ne
1059 1094 1124 1144 de
1162 1108 1327 1144 cruce
1360 1092 1759 1144 dcsccndamus
1818 1109 1831 1145 :
1882 1092 1982 1143 hoe
2016 1101 2115 1153 est,
2147 1091 2331 1143 conti-

748 1204 877 1241 nere
907 1201 1105 1254 pravas
1128 1185 1464 1247 affectiones,
1488 1184 1658 1235 donec
1688 1184 2068 1237 abstrahamus
2090 1184 2327 1236 animum

750 1294 994 1335 nostrum
1061 1298 1087 1334 a
1144 1291 1369 1350 per-cato
1421 1290 1478 1333 ct
1525 1278 1837 1333 affectione.
1869 1291 1925 1332 et
1981 1292 2331 1346 resnrgamus

750 1378 1006 1441 deinceps
1041 1376 1249 1428 invicti.
1292 1374 1435 1426 Crux
1470 1374 1614 1425 enim
1644 1374 1821 1425 uumis
1858 1373 2067 1440 peccati
2101 1372 2330 1425 abolitio

748 1480 852 1519 est.
885 1468 1282 1536 Cruciﬁgntnus
1319 1480 1449 1533 ergo
1504 1466 1893 1531 nosmetipsos,
1956 1463 2153 1517 fratres
2200 1462 2327 1525 mei,

750 1562 1105 1615 διινριιεειιιιιιιδ
1140 1561 1395 1629 negotiis,
1449 1576 1514 1613 ne
1561 1574 1621 1612 ca
1662 1560 2013 1623 attingamus,
2051 1571 2225 1623 neque
2251 1557 2329 1610 eis

750 1658 896 1707 μί’ίὶχί
948 1657 1349 1707 ιιιΙΙιὲιὲΙὉίὶΙΙιυς.
1391 1651 1523 1705 Nam
1580 1653 1683 1704 etsi
1723 1666 1831 1703 nou
1895 1650 2138 1702 imminet
2175 1664 2328 1710 crux,

764 1756 840 1797 λιιι
874 1746 1271 1798 contumeliosa
1304 1759 1470 1805 mors,
1517 1742 1870 1796 aﬂ'ectionum
1907 1751 2084 1791 tamen
2139 1750 2332 1790 morti-

751 1840 932 1890 t‘ezitio
984 1838 1251 1898 imminet,
1304 1847 1359 1889 et
1421 1834 1621 1888 bellum
1680 1833 1945 1887 adversus
2001 1829 2330 1882 invisibilem

752 1933 1027 1983 nimiunn
1078 1939 1131 1981 et
1200 1930 1437 1983 hostem.
1495 1941 1654 1995 quem
1715 1934 1768 1978 et
1823 1925 2043 1977 vincere
2116 1931 2332 1988 oportet
2369 1908 2406 1959 Β

747 2038 960 2083 «mines,
990 2022 1081 2090 qni
1104 2020 1155 2073 in
1181 2020 1455 2074 Christum
1482 2019 1731 2074 credunt,
1756 2028 1808 2067 nt
1839 2017 2010 2083 possit
2037 2015 2334 2081 unusquis~

748 2130 853 2181 que
888 2115 1068 2166 dicere
1106 2130 1118 2166 :
1165 2112 1299 2165 Mihi
1358 2112 1583 2163 minutus
1632 2109 1922 2175 cruciﬁxus
1968 2118 2066 2166 cst,
2135 2116 2182 2158 et
2238 2121 2331 2172 ego

747 2204 941 2259 mundo
970 2206 1013 2258 ⁷.
1048 2205 1198 2268 Quod
1251 2204 1326 2257 ait
1367 2223 1379 2257 :
1415 2202 1549 2256 Mihi
1609 2200 1837 2253 mundus
1899 2200 2191 2265 cruciﬁxus
2231 2207 2329 2259 est,

752 2300 955 2352 indicat
982 2298 1292 2350 libertatem
1326 2310 1354 2348 a
1394 2295 1633 2361 peccatis
1658 2292 1891 2345 actiunis
1922 2307 1937 2356 ;
1969 2291 2099 2343 illud
2148 2304 2275 2344 vero
2318 2306 2334 2343 :

747 2402 796 2443 et
854 2402 947 2459 ego
1012 2387 1250 2452 mundo,
1294 2386 1569 2454 significat
1614 2386 1947 2438 vacuitatem
1992 2382 2333 2437 aﬂ'ectionum

749 2480 928 2531 animi.
1001 2477 1256 2531 Mundum
1303 2476 1449 2528 enim
1508 2474 1814 2527 mundanas
1863 2473 2336 2541 coneupiscentias

752 2580 913 2622 "vocat
953 2585 966 2620 :
1002 2577 1059 2622 et
1110 2568 1203 2636 qui
1249 2568 1382 2621 vivit
1429 2565 1789 2635 spiritualiter
1812 2564 2226 2633 crucifigiteas,
2282 2573 2337 2618 et.

753 2659 1067 2721 ιιιοΓίῘΙῘοιιι,
1129 2669 1185 2711 et
1244 2656 1555 2711 inefficaces
1604 2656 1802 2717 reddit,
1868 2666 1925 2708 ut
1987 2671 2093 2708 non
2123 2655 2334 2723 possint

750 2753 925 2817 ipsum
955 2754 1171 2805 vincere
1200 2766 1265 2805 ac
1301 2766 1586 2819 superare,
1612 2760 1664 2803 et
1696 2752 1761 2801 ad
1785 2749 2020 2801 actionis
2051 2757 2330 2817 peccatum

752 2846 995 2912 adigere,
1035 2843 1129 2896 sed
1180 2850 1235 2897 et.
1268 2842 1385 2910 ipse
1420 2839 1784 2894 ntortificatus
1809 2849 1893 2894 est
1937 2838 2335 2907 concupiscen-

756 2937 864 2998 tiis,
902 2938 953 2988 Id
982 2944 1086 2998 est,
1124 2949 1229 2987 non
1264 2943 1513 2986 movetur
1539 2930 1608 2985 ab
1631 2930 1733 2983 eis.

2435 630 2570 682 ἀλλὰ
2596 630 2705 683 τὸν
2728 630 2998 697 σταυρὸν
3026 628 3216 682 αὐτοῦ
3253 628 3424 695 λέγει,
3473 625 3723 678 τουτέστι
3745 624 3837 676 τὸν
3864 624 4016 691 ὀφει-

2435 722 2661 789 λόμενον
2694 722 2951 786 θάνατον,
2992 721 3053 773 ὃν
3082 721 3193 790 ἔχει
3225 724 3403 790 χρέως
3452 719 3575 772 καθ’
3613 719 3854 788 ἑκάστην
3877 718 4014 787 πλη-

2436 813 2567 881 ροῦν
2613 812 2870 875 ἕκαστος,
2917 812 3061 866 κατά
3085 812 3177 865 τὸν
3212 812 3356 864 θεῖον
3398 810 3721 865 Ἀπόστολον
3749 811 4012 878 λέγονταο

2434 904 2577 960 Καθ’
2601 904 2833 973 ἡμέραν
2864 904 3235 972 ἀποθνήσκω
3257 921 3270 934 ·
3311 903 3606 973 βαστάζειν
3630 906 3740 973 γὰρ
3781 902 4014 972 σταυρὸν

2436 1000 2585 1067 ἡμᾶς
2621 998 2873 1067 βούλεται
2901 1000 2929 1051 6
2963 999 3162 1067 Κύριος
3183 1015 3199 1030 ο
3224 991 3336 1051 οἷον
3360 996 3626 1061 διηνεκῶς
3648 997 4015 1065 ἐγρηγορέναι

2435 1091 2529 1143 τὸν
2558 1090 2701 1153 νοῦν,
2738 1090 2834 1143 καὶ
2884 1092 2943 1143 ὲν
2976 1093 3096 1152 ταῖς
3143 1091 3373 1157 ἀρεταῖς
3418 1088 3503 1156 ἐφ’
3537 1088 3705 1157 ὕψους
3759 1088 4013 1140 ἵστασθαι

2435 1182 2530 1235 τοῦ
2569 1185 2646 1250 μὴ
2682 1182 2965 1235 κατελθεῖν
2999 1181 3108 1235 ἀπὸ
3142 1182 3236 1233 τοῦ
3288 1180 3550 1250 σταυροῦ,
3600 1181 3882 1234 τουτέστιν
3925 1183 4017 1246 ἑγ-

2439 1274 2803 1341 κρατεύεσθαι
2836 1274 2984 1344 ἡμᾶς
3000 1274 3108 1327 ἀπὸ
3121 1274 3228 1327 τῶν
3252 1274 3462 1335 παθῶν,
3483 1275 3586 1334 ’ἕως
3608 1268 3668 1325 οὗ
3693 1273 4017 1342 ἑκκόψωμεν

2437 1367 2529 1417 τὸν
2559 1365 2683 1417 νοῦν
2718 1366 2873 1434 ἡμῶν
2928 1366 3034 1417 ἀπὸ
3078 1367 3177 1435 τῆς
3211 1367 3491 1433 ἁμαρτίας
3538 1365 3635 1416 καὶ
3686 1366 3784 1433 τῆς
3836 1366 4019 1430 ἐμπα-

2438 1457 2609 1521 θείας,
2636 1459 2729 1509 καὶ
2758 1459 3079 1526 ἀναστῶμεν
3105 1458 3294 1510 λοιπὸν
3318 1460 3599 1527 ἀήττητοι.
3634 1458 3695 1508 ’0
3719 1457 3831 1525 γάρ
3853 1474 4018 1510 σταυ-

2441 1548 2531 1617 ρδς
2586 1547 2769 1617 πάσης
2800 1548 3079 1616 ἁμαρτίας
3121 1550 3464 1617 κατάργησίς
3501 1551 3638 1602 ἐστι.
3673 1548 4015 1617 Σταυρὼσω-

2441 1658 2540 1709 μεν
2591 1637 2685 1692 οὖν
2743 1641 2994 1704 ἑαυτοὺς,
3057 1640 3279 1708 ἀδελφοί
3333 1660 3460 1711 μου,
3498 1644 3560 1694 ἐκ
3590 1643 3701 1695 τῶν
3732 1642 4017 1710 κοσμικῶν

2438 1735 2803 1802 πραγμάτων,
2860 1733 2955 1785 τοῦ
3008 1734 3082 1804 μὴ
3145 1734 3413 1787 ἅπτεσθαι
3456 1735 3550 1786 καὶ
3610 1732 4016 1803 προσηλοῦσοαι

2437 1827 2650 1885 αὐτοῖς’
2690 1825 2773 1877 ὅτι
2808 1829 2900 1880 καὶ
2939 1828 2986 1877 εἰ
3022 1827 3096 1895 μὴ
3129 1826 3419 1894 πρόκειται
3452 1825 3685 1894 σταυρὸς
3728 1827 3848 1896 ἦτοι
3881 1830 4016 1877 ἐπο-

2439 1916 2699 1978 νείδιστος
2739 1917 2988 1981 Θάνατος,
3021 1916 3156 1968 ἀλλά
3181 1916 3371 1970 παθῶν
3398 1918 3666 1986 νέκρωσις
3704 1922 4013 1985 πρόκειται,

2439 2010 2531 2060 καὶ
2556 2010 2582 2059 6
2610 2010 2742 2079 πρὸς
2772 2010 2864 2060 τίν
2894 2011 3126 2077 ἀόρατον
3153 2009 3348 2078 ἐχθρὸν
3377 2012 3467 2062 καὶ
3496 2010 3751 2077 πολέμιον
3780 2026 4019 2078 συγκρο-

2438 2099 2703 2166 τούμενος
2736 2100 2993 2170 πόλεμος,
3042 2101 3101 2153 ὃν
3140 2104 3234 2154 καὶ
3276 2103 3496 2173 νικῆσαι
3522 2103 3611 2155 δεῖ
3652 2105 3859 2165 πάντας
3890 2104 4020 2167 τοὺς

2440 2195 2519 2254 είς
2554 2193 2792 2262 Χριστὸν
2822 2194 3205 2258 πιστεύοντας,
3236 2194 3377 2247 ὥστε
3406 2194 3665 2248 δύνασθαι
3688 2196 3869 2262 λέγειν
3890 2196 4021 2248 ἔκα-

2445 2302 2568 2338 στον
2590 2304 2603 2316 ·
2649 2288 2810 2355 Ἐμοὶ
2846 2291 2878 2341 ό
2921 2289 3150 2357 κόσμος
3183 2288 3573 2358 ἐσταύρωται,
3611 2288 3773 2357 κάγὼ
3804 2288 3885 2354 τῷ
3920 2291 4023 2342 κός

2441 2391 2601 2443 σμῳ·
2625 2377 2879 2445 ἐμφαίνει
2901 2377 2956 2430 δὲ
2990 2379 3050 2430 τὸ
3074 2379 3194 2448 μὲν,
3213 2380 3376 2446 Ἐμοί
3412 2384 3446 2434 ὁ
3469 2382 3698 2450 κόσμος
3717 2381 4021 2450 ἐσταύρω-

2441 2486 2558 2532 ται,
2587 2470 2689 2539 τὴν
2716 2470 3031 2543 ἐλευθερίαν
3065 2475 3164 2543 τῆς
3194 2475 3337 2527 κατά
3382 2474 3581 2543 πρᾶξιν
3612 2474 3889 2545 ἁμαρτίας
3909 2491 3925 2507 ο
3958 2476 4023 2527 τὸ

2441 2563 2518 2625 δὲ,
2551 2562 2713 2631 κάγὼ
2746 2561 2826 2627 τῷ
2860 2566 3089 2633 κόσμῳ,
3119 2565 3271 2635 δηλοῖ
3299 2566 3401 2635 τὴν
3426 2566 3569 2619 κατά
3603 2566 3849 2619 διάνοιαν
3878 2567 4024 2620 ἀπά-

2444 2653 2615 2708 θειαν.
2658 2655 2878 2724 Κόσμον
2911 2656 3022 2726 γὰρ
3050 2657 3150 2719 τάς
3191 2657 3466 2727 κοσμικὰς
3507 2658 3804 2725 ἐπιθυμίας
3831 2660 3983 2725 λέγει
4004 2674 4021 2693 ο

2444 2745 2537 2795 καὶ
2565 2746 2592 2797 6
2625 2743 2735 2806 ζῶν
2766 2747 3155 2815 πνευματικῶς
3185 2751 3417 2818 σταυροῖ
3437 2748 3642 2813 ταύτας
3671 2751 3767 2803 καὶ
3812 2754 4022 2820 νεκροῖ,

2443 2838 2540 2888 καὶ
2578 2838 2756 2905 ἀργὰς
2798 2838 3180 2903 ἀποδείκνυσι,
3215 2841 3290 2909 μὴ
3319 2839 3628 2909 δυναμένας
3661 2843 3893 2912 ἡττῆσαι
3924 2846 4025 2895 καὶ

2445 2926 2671 2994 νικῆσαι
2730 2928 2935 2990 αὑτὸν,
2999 2931 3093 2981 καὶ
3149 2933 3215 3000 τῇ
3276 2931 3418 2984 κατὰ
3471 2931 3670 3002 πρᾶξιν
3728 2933 4027 2985 ὑποϐαλεῖν

749 3028 1032 3099 ἁμαρτίᾳ·
1072 3027 1210 3081 ἀλλά
1246 3028 1339 3079 καὶ
1387 3024 1552 3088 αὐτὸς
1599 3024 1797 3085 αὑταῖς
1832 3020 2163 3090 νενέκρωται
2203 3022 2329 3083 ταῖς
2369 3017 2716 3089 ἐπιθυμίαις,
2749 3023 3053 3087 τουτέστιν,
3084 3021 3147 3075 οὐ
3190 3024 3477 3092 κεκίνηται
3511 3026 3649 3094 πρὸς
3721 3027 4024 3096 ἐπιθυμίαν

752 3140 954 3175 ατε-των.

825 3215 961 3280 Quia
1012 3227 1141 3265 vero
1172 3211 1286 3265 fieri
1339 3221 1541 3280 potest,
1570 3222 1626 3266 ut
1658 3214 1780 3281 quis
1810 3216 2071 3284 patiatur,
2111 3227 2212 3267 nec
2247 3219 2329 3264 ta-

758 3322 880 3359 men
910 3314 1175 3371 sequatur
1205 3304 1511 3368 Christum,
1544 3313 1601 3357 ut
1650 3320 1773 3359 cum
1828 3306 1950 3374 quis
1978 3307 2203 3375 patitur,
2239 3306 2332 3358 sed

756 3411 862 3448 non
891 3408 1111 3462 propter
1140 3392 1418 3447 Christum
1447 3410 1462 3447 :
1494 3395 1697 3449 etenim
1726 3410 1872 3464 saepe
1907 3398 2072 3450 etiam
2106 3395 2335 3449 malefici

762 3487 923 3540 multa
955 3501 1147 3555 aspera
1176 3486 1579 3554 perpetiuntur,
1606 3488 1983 3555 sepulcrorum
2018 3489 2335 3547 effossores.

761 3579 1215 3649 prsestigiatores,
1276 3577 1587 3643 homicidae,
1620 3578 1793 3647 fures,
1838 3582 2141 3649 prauioues,
2179 3581 2340 3635 latro-

761 3689 857 3726 i.es
890 3690 904 3726 :
947 3687 1013 3725 ne
1056 3685 1178 3739 quis
1207 3671 1489 3723 existimet
1522 3669 1767 3726 sufﬁcere
1816 3674 1929 3726 sola
1959 3682 2232 3727 tormenta
2271 3674 2337 3727 ad

760 3764 1021 3828 salutem,
1058 3764 1210 3816 addit
1247 3762 1507 3817 Christus
1539 3780 1554 3817 :
1601 3763 1869 3833 Sequatur
1895 3766 1997 3829 me,
2030 3774 2089 3819 ut
2140 3764 2340 3819 indicet

760 3864 1012 3921 oportere
1040 3869 1136 3907 sua
1165 3869 1332 3907 causa
1361 3855 1634 3909 sustinere
1663 3857 1860 3909 acerba
1892 3857 2123 3925 qumvis,
2160 3871 2338 3924 neque

763 3957 974 3999 tantum
1020 3947 1073 3999 in
1109 3946 1270 3999 malis
1315 3946 1658 4015 perferendis
1690 3946 2063 4003 fortitudinem
2113 3958 2167 4001 et
2203 3948 2339 4001 tuli-.-

762 4039 991 4091 rantiam
1039 4039 1322 4103 adhibere,
1351 4042 1444 4093 sed
1495 4041 1659 4094 etiam
1694 4040 2133 4108 temperantiam.
2175 4042 2343 4107 atqui-

762 4142 950 4196 tatem,
981 4143 1035 4184 et
1067 4133 1246 4184 omnia
1278 4145 1476 4185 czctcra
1531 4134 1785 4185 ntantlala
1839 4132 2081 4201 exsequi.
2119 4132 2342 4202 Signifi-

761 4234 919 4277 catur
954 4226 1099 4278 enim
1152 4225 1261 4278 illis
1310 4226 1490 4279 verbis
1523 4241 1536 4278 :
1574 4224 1844 4293 Sequatur
1888 4242 1987 4289 me,
2024 4226 2074 4277 in
2123 4240 2340 4278 omnem

767 4320 1019 4369 virtutem
1075 4316 1499 4371 incrunbendum
1530 4331 1672 4370 esse.
1711 4318 1964 4384 Seipsum
1997 4318 2191 4371 deinde
2244 4317 2344 4370 ab-

769 4419 930 4477 negat
980 4410 1124 4476 quis,
1178 4408 1271 4476 qui
1331 4409 1711 4472 facultatibus,
1754 4411 1953 4478 quibus
2012 4410 2243 4477 pollebat
2291 4418 2344 4461 ct

766 4518 995 4565 quorum
1034 4500 1291 4554 dominus
1340 4513 1480 4565 crat,
1514 4502 1795 4569 dispersis,
1827 4512 1880 4556 et
1928 4504 2120 4555 nuntio
2164 4500 2343 4554 omni-

770 4597 869 4643 bus
913 4591 1095 4642 carnis
1142 4591 1567 4657 rogitationibtts
1616 4590 1863 4652 remisso,
1890 4606 2104 4643 crucem
2147 4590 2341 4643 deinde

781 4684 937 4747 tollit,
969 4693 1111 4734 tutus
1141 4686 1207 4734 ad
1241 4684 1484 4735 caelestia
1518 4685 1654 4734 bona
1683 4698 1997 4747 conversus,
2020 4700 2347 4753 prorsnsque

781 4775 1133 4827 li'l'leall'lbllb'
1169 4790 1229 4827 se
1278 4774 1491 4827 abdiczct
1515 4814 1529 4837 ,
1562 4788 1611 4827 et
1648 4776 1893 4841 sequitur
1928 4777 2224 4840 Christum,
2254 4776 2345 4844 qtti

778 4881 966 4915 unum:
1019 4867 1138 4915 horti
1174 4866 1494 4931 honestique
1529 4868 1641 4917 ha-c
1675 4869 1822 4926 Iacit,
1862 4880 1965 4917 non
1997 4865 2179 4933 glot‘izh
2208 4869 2346 4919 alte-

775 4957 956 5009 iinsve
999 4955 1122 5007 talis
1155 4955 1428 5008 commodi
1462 4956 1657 5023 gratia.
1698 4954 1749 5007 is
1780 4957 1921 5008 enim
1948 4970 2071 5008 vere
2102 4958 2346 5022 sequitur

781 5044 1086 5108 tiiiristutn,
1123 5058 1245 5097 curn
1277 5043 1397 5111 ejus
1428 5044 1638 5099 vivendi
1687 5046 1946 5099 rationem
1980 5048 2341 5115 persequitur.

775 5136 882 5187 iter
915 5135 1059 5188 enim
1095 5144 1325 5200 rectum,
1357 5150 1466 5205 quo
1493 5135 1696 5191 Christi
1736 5137 1977 5205 vestigiis
2020 5138 2339 5201 insistimus,

770 5242 817 5280 ιιι
848 5228 963 5295 ejus
990 5228 1243 5291 imitatio,
1271 5244 1526 5284 coronam
1559 5244 1771 5299 quoque
1803 5228 2084 5294 conciliat,
2106 5245 2341 5297 sequen-

779 5324 921 5373 tiiius
981 5323 1350 5387 promissam:
1395 5332 1450 5375 at
1487 5337 1613 5375 vero
1658 5321 1936 5389 obliquum
1984 5320 2133 5387 illud,
2192 5331 2245 5374 et
2292 5323 2342 5375 in

773 5412 799 5461 .l
841 5421 1049 5463 xteram
1092 5421 1145 5465 et
1205 5412 1488 5464 sinistram
1538 5410 1843 5474 declinans,
1881 5410 1982 5465 etsi
2021 5412 2216 5464 ducere
2254 5425 2347 5479 per

774 5503 969 5556 Christi
1008 5502 1232 5569 vestigia
1263 5503 1499 5566 videtur,
1530 5517 1589 5557 re
1641 5513 1822 5557 tamen
1857 5518 1987 5557 vera
2038 5502 2194 5566 fallit,
2234 5519 2348 5557 om-

774 5610 1001 5664 nemque
1028 5609 1194 5662 Opera
1206 5611 1253 5647 m
1290 5597 1489 5662 perdit.

842 5687 945 5751 Qui
972 5688 1107 5741 enim
1134 5688 1358 5742 voluerit
1410 5688 1645 5741 animum
1694 5704 1847 5741 suam
1894 5688 2091 5742 salvam
2143 5688 2340 5755 facere,

842 5865 861 5895 ⁸
900 5864 914 5916 Ι
950 5865 1077 5919 Cor.
1122 5880 1208 5926 Χν,
1241 5864 1332 5916 5i.
1412 5865 1430 5894 ’⁷
1460 5862 1636 5917 Calai.
1679 5880 1750 5924 γι,
1799 5864 1881 5914 14.

2519 3203 2677 3257 Ἐπεὶ
2705 3201 2763 3256 δὲ
2785 3201 2902 3256 ἐστι
2927 3205 3210 3273 πάσχοντα
3240 3204 3315 3275 μὴ
3336 3204 3654 3261 ἀκολουθεῖν
3674 3207 3752 3277 τῷ
3776 3209 4024 3278 Χριστῷ,

2438 3297 2513 3361 ὡς
2539 3297 2668 3349 ὅταν
2698 3296 2928 3363 πάσχων
2956 3298 3025 3348 τά
3072 3297 3148 3368 μὴ
3183 3297 3254 3350 δι’
3299 3298 3465 3352 αὑτὸν
3499 3302 3735 3368 πάσιει·
3784 3303 3881 3355 καὶ
3909 3304 4025 3373 γάρ

2440 3387 2531 3438 καὶ
2563 3384 2865 3455 κακοῦργοι
2896 3385 3157 3449 πολλάκις
3200 3387 3375 3440 πολλά
3410 3388 3560 3441 δεινά
3594 3391 3888 3460 πάσχουσι,
3926 3398 4027 3445 καὶ

2438 3477 2818 3547 τυμϐωρύχοι,
2849 3481 2942 3531 καὶ
2970 3479 3184 3548 γόητες,
3233 3481 3331 3533 καὶ
3371 3484 3572 3549 φονεῖς,
3624 3485 3723 3536 καὶ
3763 3485 4029 3554 κλέπται,

2440 3570 2534 3621 καὶ
2581 3569 2803 3638 λῃσταί·
2842 3570 2926 3620 ἵνα
2963 3571 3037 3638 μή
3064 3587 3145 3632 τις
3184 3572 3385 3641 νομίσῃ
3422 3573 3503 3625 ὃτι
3551 3574 3717 3643 ἀρκεῖ
3765 3578 3928 3642 μόνον
3957 3580 4029 3631 τά

2439 3664 2588 3717 δεινὰ
2640 3665 2778 3734 πρὸς
2817 3667 3131 3733 σωτηρίαν,
3178 3669 3272 3720 καὶ
3326 3668 3415 3739 τὸ,
3450 3667 3875 3724 ῗΛκολουθείτω
3895 3690 4031 3742 μοι,

2442 3757 2803 3826 προστίθησιν
2855 3758 2884 3809 6
2939 3759 3192 3827 Χριστδς,
3241 3759 3459 3821 δεικνὺς
3508 3761 3593 3813 ὅτι
3629 3762 3698 3813 δι’
3737 3763 3901 3815 αὐτὸν
3948 3766 4035 3818 δεῖ

2442 3848 2732 3915 ὑπομένειν
2760 3849 2828 3899 τά
2863 3850 3012 3901 δεινά
3067 3849 3302 3915 ἅπαντα,
3354 3851 3450 3903 καὶ
3479 3850 3562 3903 δτι
3604 3851 3666 3903 οὔ
3722 3852 3884 3921 μόνον
3915 3854 4029 3923 χρὴ

2439 3942 2539 4008 τὴν
2570 3941 2629 3992 ιν
2657 3943 2770 4001 τοῖς
2800 3942 2996 4002 δεινοῖς
3042 3942 3301 4011 ἀνδρείαν
3336 3943 3435 3996 καὶ
3480 3944 3780 4014 καρτερίαν
3817 3946 4027 3999 ἐπιδεί-

2443 4032 2697 4093 κνυσθαι,
2729 4033 2867 4085 ἀλλά
2896 4033 2991 4085 καὶ
3021 4034 3399 4103 σωφροσύνην,
3439 4036 3535 4087 καὶ
3567 4035 3895 4101 δπιείκειαν,
3932 4042 4035 4093 xui.

2446 4124 2626 4174 πᾶσαν
2659 4121 2829 4189 ἄλλην
2860 4123 3082 4191 ἐντολὴν
3116 4124 3472 4192 μετέρχεσθαι
3496 4144 3507 4156 ·
3546 4126 3708 4177 τοῦτο
3732 4128 3843 4196 γάρ
3870 4126 4031 4192 δηλοῖ

2442 4213 2503 4265 τὺ
2528 4214 2949 4268 Ἀκολουθείτω
2981 4232 3082 4283 μοι
3110 4254 3126 4278 ,
3171 4217 3234 4268 τὸ
3262 4217 3642 4286 ἐπιμελεῖσθαι
3677 4218 3857 4287 πάσης
3898 4220 4036 4289 ἀρε-

2444 4304 2566 4374 τῆς.
2604 4305 3056 4375 ’Ᾱπαρνείταίτις
3086 4308 3300 4370 ἑαυτὸν,
3338 4309 3367 4360 6
3407 4308 3476 4360 τά
3516 4308 3765 4376 παρόντα
3797 4311 4033 4379 σκορπί-

2448 4412 2545 4458 σσις
2580 4398 2757 4449 πάντα
2784 4398 2883 4451 ὅσα
2916 4399 3205 4467 ἐκέκτητο,
3241 4402 3335 4452 καὶ
3365 4394 3441 4453 ὧν
3481 4399 3670 4471 κύριος
3700 4404 3795 4455 καὶ
3831 4402 4035 4454 δεσπό-

2445 4506 2545 4557 της
2572 4486 2661 4560 ἦν,
2698 4494 2937 4553 καὶτοῖς
2990 4497 3273 4561 σαρκικοῖς
3315 4494 3452 4546 πᾶσι
3492 4495 3840 4564 φρονήμασιν
3887 4495 4033 4547 ἀπο⁴

2375 4609 2418 4661 ο
2446 4583 2773 4651 ταξάμενος,
2810 4578 2927 4635 εἶτα
2950 4584 3042 4636 τῖον
3077 4586 3311 4653 σταυρὸν
3329 4587 3493 4656 αἴρει,
3528 4587 3647 4648 ὅλος
3674 4587 3783 4639 τῶν
3814 4588 4036 4642 ἐκεῖθεν

2450 4674 2763 4741 γενόμενος,
2819 4682 2913 4726 καὶ
2962 4675 3093 4741 πρὸς
3122 4675 3295 4726 ταῦτα
3345 4676 3399 4727 δὲ
3452 4678 3525 4745 μὴ
3558 4678 4033 4746 ἐπιστρεφόμενος

2448 4763 2724 4813 ὁπωσοῦν·
2779 4766 2870 4813 καὶ
2919 4764 3201 4815 ἀκολουθεῖ
3242 4765 3320 4834 τῷ
3366 4766 3588 4835 Χριστῷ
3616 4769 3644 4818 6
3674 4768 3762 4820 διὰ
3796 4770 3895 4837 τὴν
3924 4769 4030 4822 τοῦ

2449 4851 2659 4918 ἁγαθοῦ
2687 4852 2851 4920 φύσιν
2880 4855 3053 4906 ταῦτα
3096 4858 3284 4916 ποιιῖεν,
3328 4864 3419 4909 καὶ
3459 4859 3532 4926 μὴ
3563 4858 3654 4911 διὰ
3680 4858 3840 4923 δόξαν
3864 4860 4037 4931 τυχὸν

2448 4946 2543 4998 καὶ
2596 4945 2763 5011 ἀλλην
2787 4948 2908 4998 τινὰ
2959 4947 3310 5015 ἀνθρωπίνην
3356 4952 3654 5018 πρόφασιν.
3708 4946 3879 5015 Οὗτος
3919 4955 4036 5025 γὰρ

2447 5038 2615 5100 ὅντως
2661 5038 2945 5089 ἀκολουθεῖ
2966 5038 3043 5106 τῷ
3084 5036 3324 5107 Χριστῷ,
3354 5043 3454 5111 τὴν
3476 5043 3646 5113 αὐτὴν
3680 5045 3828 5113 αὐτῷ
3877 5046 4038 5099 πολι-

2448 5132 2601 5183 τείαν
2628 5130 2717 5180 καὶ
2747 5129 2906 5190 αὐτὸς
2952 5130 3433 5199 διαπορευόμενος.
3479 5133 3543 5185 Ἦ
3574 5137 3685 5203 γὰρ
3725 5136 3847 5189 κατ’
3879 5139 4035 5206 ἴχνος

2450 5220 2645 5287 πορεία
2681 5220 2772 5270 καὶ
2801 5218 3159 5287 ἀκολούθησις
3195 5217 3288 5270 τοῦ
3325 5218 3566 5288 Χριστοῦ
3600 5222 3805 5274 καὶτὸν
3834 5225 3927 5275 ἐπὶ
3956 5228 4033 5294 τῇ

2443 5311 2806 5378 ἀκολουθήσει
2855 5311 3118 5378 στέφανον
3147 5312 3430 5380 προξενεῖ·
3461 5313 3917 5380 παραλλάττουσα
3946 5315 4035 5380 δὲ,

2443 5406 2537 5456 καὶ
2562 5406 2641 5466 είς
2668 5405 2735 5456 τὰ
2759 5403 2908 5467 δεξιά
2939 5405 3031 5455 καὶ
3054 5405 3134 5464 είς
3178 5406 3247 5455 τὰ
3272 5405 3534 5473 ἀριστερά
3560 5407 4037 5475 παρεκκλίνουσα,

2446 5500 2596 5550 εἶκαὶ
2653 5495 3077 5550 κατακολουθεῖν
3108 5497 3274 5563 δοκεῖ,
3309 5497 3423 5550 ἀλλ’
3444 5498 3536 5551 οὖν
3558 5482 3775 5569 ἀληθῶς
3797 5517 4040 5570 ματαιο-

2448 5607 2620 5643 πονει.

2530 5687 2634 5750 Ὃς
2666 5683 2774 5752 γὰρ
2822 5684 2929 5738 ἐὰν
2982 5681 3127 5750 θέλῃ
3158 5686 3270 5751 τὴν
3318 5682 3533 5753 ψυχὴν
3575 5684 3763 5741 αὐτοῦ
3805 5682 4044 5755 σῶσαι,
