4270 6488
232 403 338 468 273

1425 398 1706 455 URA'l'lU
1743 398 1818 455 lN
1867 400 1921 456 S.
1967 399 2301 458 CRUCEM.

3366 396 3472 456 ιιι

235 513 532 566 ἀπολέσει
559 510 753 576 αὐτὴν
779 528 790 539 ·
824 512 890 574 ὃς
925 510 975 562 δ’
1003 510 1079 563 ἂν
1106 510 1396 563 ἀπολέσει
1441 508 1555 574 τὴν
1599 507 1819 561 ἑαυτοῦ
1850 515 1892 568 Α

1794 507 1819 559 ὖ
1850 515 1892 568 Α
1922 509 2102 575 perdet
2149 512 2425 579 eam:qui
2482 523 2654 561 autem
2703 510 2984 575 perdiderit
3036 513 3265 558 auiumm
3334 522 3480 557 suum

234 606 451 673 ψυχὴν
502 604 716 656 ἕνεκεν
744 602 891 669 ἐμοῦ
924 600 1023 653 καί
1056 600 1162 653 τοῦ
1198 600 1591 667 Εὑατγελίου,
1632 593 1811 661 οὗτος

237 701 427 749 σώσει
466 695 680 759 αὐτήν.
720 694 925 754 ι’λυκύς
958 695 1105 745 ἐστιν
1130 695 1156 745 6
1186 695 1376 761 παρὼν
1410 692 1622 759 βίος,ού
1657 692 1822 743 πᾶσιν

238 785 584 853 ἀνθρώποις,
626 782 764 837 ἀλλά
819 784 932 842 τοῖς
980 781 1446 849 προσηλουμένοις
1498 783 1671 848 αὐτῷ,
1726 781 1822 832 καὶ

238 878 441 945 δεσμός
484 876 635 926 ἐστιν
667 876 697 941 ἡ
724 873 858 942 πρὸς
881 872 947 924 τὰ
975 872 1224 941 παρόντα
1256 874 1533 941 συνήθεια.
1583 872 1822 936 Ἐνάγων

235 971 425 1019 τοίνυν
452 968 598 1033 ἡμᾶς
628 966 762 1033 πρὸς
794 964 1110 1033 ἐλευθερίαν
1138 967 1165 1017 6
1196 965 1419 1033 Κύριος,
1452 965 1605 1030 ἔλεγε
1626 965 1821 1024 ταῦτα,

241 1059 535 1127 προδηλῶν
562 1058 691 1117 τοὺς
726 1056 1022 1123 διωγμοὺς,
1066 1054 1159 1115 οὓς
1195 1056 1421 1123 ἔμελλον
1456 1058 1502 1109 οἱ
1544 1058 1621 1117 είς
1661 1054 1825 1108 αὐτὸν

238 1146 674 1206 πεπιστευκότες
702 1148 843 1197 κατᾶ
870 1148 1045 1197 πᾶσαν
1074 1145 1225 1196 πόλιν
1257 1146 1353 1197 καὶ
1393 1143 1577 1213 χώραν
1602 1144 1823 1210 ὑφίστα-

240 1241 391 1292 σθαι,
425 1239 491 1288 Et
514 1254 597 1296 τις
630 1233 746 1297 οὖν,
782 1236 940 1302 φησὶ,
969 1238 1090 1287 τότε
1132 1237 1229 1302 τῆς
1270 1235 1468 1287 ἑαυτοῦ
1498 1236 1671 1303 ψυχῆς
1706 1236 1825 1302 φεί-

239 1347 438 1379 σεταιο
477 1329 639 1379 τοῦτο
688 1331 795 1395 γὰρ
852 1328 1109 1393 σημαίνει
1157 1327 1217 1379 τὸ
1266 1328 1495 1380 σώσαι·

239 1422 415 1489 αὐτὴν
445 1423 503 1470 ὲν
539 1420 616 1485 τῷ
654 1420 810 1471 αἰῶνι
842 1421 918 1483 τῷ
961 1419 1245 1486 μέλλοντι,
1296 1420 1415 1469 ἀντὶ
1444 1417 1560 1479 τοῦ,
1585 1418 1830 1485 τιμωρίᾳ

239 1513 422 1578 αὐτὴν
477 1510 841 1578 παραπέμψει
883 1510 1143 1575 διηνεκεί.
1186 1507 1459 1560 Ἀπώλεια
1504 1508 1612 1576 γὰρ
1655 1508 1831 1577 ψυχῆς

239 1604 343 1669 οὐχ
376 1605 407 1667 ἡ
438 1604 518 1663 είς
552 1604 613 1652 τὸ
648 1601 723 1670 μὴ
764 1600 823 1652 ὃν
854 1600 1100 1661 διάλυσις
1149 1601 1319 1665 ἐστιν,
1361 1599 1476 1651 ἀλλ’
1517 1601 1551 1669 ἠ
1580 1600 1832 1670 διηνεκὴς

238 1694 491 1759 τιμωρία
554 1695 650 1742 καὶ
698 1694 1125 1753 ἁκατάπαυστος
1148 1707 1164 1723 ⁸
1196 1692 1289 1743 καὶ
1317 1694 1345 1743 6
1387 1692 1703 1759 φειδόμενος
1735 1693 1833 1761 τῆς

239 1786 426 1853 ψυχῆς
460 1783 627 1836 αὐτοῦ
690 1784 878 1835 τοῦτον
920 1784 1014 1834 τὸν
1050 1783 1251 1851 τρόπον
1279 1783 1575 1836 ἀπόλλυσιν
1622 1783 1827 1851 αὐτὴν

242 1878 271 1926 6
306 1876 368 1926 δὲ
408 1876 487 1942 μὴ
537 1875 855 1943 φειδόμενος
924 1874 1124 1936 σώζει·
1181 1873 1277 1926 καὶ
1331 1872 1490 1924 τοῦτο
1538 1873 1701 1939 σοφός
1746 1888 1833 1932 τις

244 1969 441 2033 ἔλεγεν
462 1984 478 1996 ·
521 1967 666 2019 Ἐὰν
710 1965 1049 2031 παιδεύσῃς
1080 1965 1219 2018 υίόγ
1245 1978 1366 2017 σου
1408 1963 1477 2015 ἐν
1516 1962 1734 2029 ῥάϐδῳ,
1761 1963 1833 2016 οὐ

239 2060 329 2127 μή
369 2059 652 2124 ἀποθάνῃ
674 2074 687 2087 ·
717 2058 835 2123 τὴν
867 2056 937 2108 δὲ
978 2055 1195 2125 ψυχὴν
1239 2054 1428 2109 αὑτοῦ
1462 2054 1532 2107 ἐκ
1576 2054 1835 2108 θανάτου

238 2154 413 2221 ῥύσῃ
440 2169 452 2181 ·
498 2152 592 2203 καὶ
616 2150 779 2203 πάλιν
800 2165 813 2178 ·
855 2150 913 2201 '0
946 2149 1298 2216 περιψύχων
1326 2147 1433 2201 τὸν
1458 2148 1593 2201 υίὸν
1625 2146 1835 2209 αὐτοῦ,

248 2246 541 2301 τουτέστιν
591 2243 782 2307 ἐλεῶν,
815 2242 1148 2305 καταδήσει
1188 2239 1262 2293 τὰ
1289 2240 1598 2307 τραύματα
1624 2237 1834 2292 αὑτοῦ.

248 2338 431 2390 Τοῦτο
492 2336 589 2389 καὶ
639 2338 736 2390 ἐπὶ
797 2334 1150 2403 στρατοπέδῳ
1206 2332 1437 2400 γίνεται.
1484 2330 1611 2385 Ἐἀν
1654 2333 1760 2401 γὰρ
1808 2333 1839 2386 6

252 2430 570 2499 στρατηγὸς
597 2429 917 2497 φειδόμενος
943 2427 1052 2479 τῶν
1079 2426 1429 2495 στρατιωτῶν
1452 2424 1599 2479 ἔνδον
1625 2424 1839 2478 κελεύει

256 2523 450 2587 μένειν
476 2522 565 2573 διὰ
600 2519 822 2583 παντὸς,
852 2518 949 2573 καὶ
976 2520 1103 2581 τοὺς
1128 2518 1285 2581 ἐκτὸς
1316 2518 1417 2571 σὺν
1445 2518 1629 2581 αὐτοῖς
1663 2534 1837 2588 προσ-

252 2612 584 2664 απόλλυσιν.

331 2702 457 2753 Ἵνα
491 2698 587 2751 οὖν
638 2700 713 2769 μὴ
743 2701 840 2754 καὶ
880 2700 966 2768 ιφ*
1010 2700 1170 2767 ἡμῶν
1198 2699 1355 2753 τοῦτο
1402 2701 1649 2769 γένηται.
1706 2702 1843 2770 πρὸς

253 2790 359 2857 τὴν
418 2790 648 2858 διηνεκῆ
708 2791 941 2842 θάνατον
996 2789 1235 2842 διδάσκει
1283 2791 1312 2840 6
1348 2788 1549 2853 Κύριος
1594 2790 1845 2859 ἑτοίμους

255 2875 402 2931 εἶναι
441 2881 615 2946 ἡμᾶς,
662 2880 719 2930 '0
754 2880 862 2947 γὰρ
888 2881 955 2947 τῇ
994 2879 1179 2945 σχέσει
1239 2880 1331 2930 καὶ
1358 2882 1422 2946 τῇ
1454 2880 1720 2947 ἐπιθυμίᾳ
1748 2882 1846 2947 τῆς

258 2972 616 3039 προσκαίρου
651 2972 796 3037 ζωῆς
845 2971 954 3022 τῶν
992 2970 1133 3036 ὑπὲρ
1161 2968 1400 3036 Χριστοῦ
1442 2970 1705 3023 κινδύνων
1753 2972 1847 3022 καὶ

1567 1326 1828 1379 ἀπολέσει

1919 612 2132 668 propter
2166 619 2245 656 me
2306 614 2381 656 et:
2409 602 2767 669 Evangelium,
2801 603 2845 655 is
2888 600 3091 654 salvam
3138 600 3292 664 faciet
3341 614 3482 651 eam.

1925 694 2105 747 Dulcis
2142 705 2225 748 est
2260 711 2502 761 prasens
2538 696 2668 757 vita,
2704 710 2808 749 non
2855 692 3111 747 omnibus
3148 691 3481 751 hominibus,

1926 788 2021 837 sed
2053 785 2115 837 iis
2134 786 2293 852 quiei
2316 786 2455 837 allixi
2482 795 2627 846 sunt,
2648 794 2701 837 et
2729 784 3006 837 vinculum
3024 793 3102 835 est
3138 780 3481 847 praesentium

1926 892 2056 929 usus
2096 887 2151 929 et
2195 878 2550 930 consuetudo.
2580 873 2650 932 Ut
2683 891 2811 943 ergo
2848 891 2946 928 nos
2994 874 3273 927 inducere!
3310 873 3375 922 :ul
3422 873 3485 926 li-

1926 970 2190 1022 bertatein
2226 970 2503 1031 Dominus,
2536 967 2624 1020 illa
2674 966 2832 1027 dixit.
2869 965 3241 1032 prenuntians
3300 977 3488 1028 perse-

1927 1063 2197 1118 cutiones.
2230 1075 2367 1127 quas
2420 1060 2456 1111 ii
2487 1060 2578 1126 qui
2638 1058 2691 1111 in
2753 1058 2926 1121 ipsum
2979 1056 3362 1116 credidissent,
3396 1070 3490 1121 per

1931 1171 2120 1207 oinucs
2152 1154 2399 1206 civitates
2428 1162 2481 1204 et
2513 1155 2761 1220 regiones
2792 1150 3021 1205 subituri
3056 1158 3233 1201 erant.
3272 1147 3325 1198 Si
3364 1148 3488 1214 quis

1929 1260 2059 1307 ergo
2092 1254 2227 1303 tum,
2263 1244 2454 1307 inquit,
2485 1243 2677 1295 auium
2708 1258 2818 1297 sum.
2848 1241 3149 1308 pepercerit
3183 1240 3310 1305 (hoc
3343 1238 3485 1289 enim

1932 1336 2203 1401 significat
2233 1334 2357 1384 illud
2392 1351 2403 1385 :
2447 1332 2648 1385 salvam
2680 1333 2901 1400 facere).
2931 1333 3117 1397 perdet
3151 1347 3269 1382 eum
3301 1330 3351 1380 in
3397 1344 3493 1377 δειδ-

1932 1424 2055 1477 culo
2084 1424 2282 1487 futuro,
2316 1426 2416 1477 hoc
2440 1433 2544 1486 est,
2592 1427 2641 1475 in
2669 1436 2956 1491 perpetuas
2984 1438 3103 1474 eam
3139 1436 3325 1489 pceiias
3358 1436 3493 1486 μαι·-

1932 1518 2199 1585 cipitabit.
2236 1516 2475 1570 l'erditio
2506 1516 2648 1567 enim
2681 1518 2875 1567 anima:
2925 1525 3026 1577 est,
3056 1530 3161 1565 non
3208 1512 3490 1565 dissolutio

1936 1611 1988 1662 in
2022 1609 2277 1670 nihilum,
2302 1606 2395 1660 sed
2431 1618 2743 1676 perpetuum
2771 1607 3111 1673 supplicium,
3132 1614 3185 1657 et
3216 1621 3492 1671 numquam

1938 1698 2247 1751 finiendum.
2280 1698 2343 1751 Et
2398 1698 2488 1764 qui
2518 1698 2691 1763 parcit
2738 1698 2932 1748 anima:
2979 1710 3090 1747 suae
3152 1694 3252 1746 hoc
3309 1695 3489 1753 modo,

1938 1790 2113 1857 perdit
2142 1803 2259 1842 eam
2290 1805 2304 1851 ;
2339 1788 2429 1855 qui
2466 1803 2595 1839 vero
2632 1802 2735 1838 non
2772 1788 2963 1853 parcit,
2995 1787 3199 1837 salvam
3228 1785 3373 1836 facit.
3404 1784 3497 1835 At-

1934 1894 2042 1946 que
2072 1879 2173 1931 hoc
2226 1878 2443 1945 sapiens
2472 1878 2691 1944 quidam
2743 1876 2878 1928 dixit
2911 1891 2926 1931 :
2958 1876 3015 1928 Si
3064 1875 3384 1943 corripuerit:
3429 1876 3492 1939 ﬁ-

1935 1970 2063 2022 ίιιιιιι
2090 1978 2238 2021 tuum
2275 1972 2327 2021 t'u
2354 1970 2525 2037 virga,
2563 1984 2667 2020 non
2704 1970 2979 2027 morietur,
3009 1966 3096 2018 sed
3130 1967 3357 2017 animam
3388 1967 3499 2030 ejus

1936 2076 1967 2110 α
2007 2068 2171 2113 morte
2203 2059 2530 2123 liborabis';
2573 2068 2627 2113 et
2668 2075 2855 2112 rursus
2889 2077 2901 2112 :
2940 2058 3043 2123 Qui
3078 2057 3356 2110 blanditur
3387 2058 3499 2123 ﬁlio

1937 2167 2052 2214 suo,
2114 2151 2166 2204 id
2226 2161 2332 2213 est,
2392 2152 2699 2215 miseretur,
2749 2151 3003 2219 obligabit
3061 2152 3276 2203 vulnera
3318 2151 3495 2216 ejus’.

1938 2239 2051 2294 lloc
2084 2249 2136 2292 et
2174 2241 2223 2292 in
2261 2240 2506 2294 exercitu
2538 2241 2824 2309 contingit.
2864 2242 2918 2292 Si
2958 2256 3189 2309 namque
3222 2244 3325 2293 dux
3379 2257 3500 2309 pur-

1940 2343 2028 2387 cat
2067 2334 2355 2395 militibus,
2378 2349 2581 2402 eosque
2610 2336 2954 2387 continenter
2987 2350 3205 2387 munere
3238 2335 3373 2387 intra
3406 2352 3498 2386 ca-

1940 2437 2050 2478 stra
2079 2426 2289 2495 jubeat.
2322 2441 2416 2481 eos
2459 2441 2672 2495 quoque
2713 2426 2803 2496 qui
2838 2435 2991 2479 extra
3043 2438 3191 2489 sunt,
3221 2443 3323 2477 una
3374 2442 3496 2479 cum

1942 2519 2045 2572 illis
2077 2519 2274 2586 perdit.

2012 2705 2091 2760 Ne
2146 2721 2272 2774 ergo
2309 2716 2363 2759 et
2424 2708 2580 2761 nobis
2638 2708 2737 2759 hoc
2775 2706 3034 2767 eveniat,
3068 2706 3132 2757 ad
3186 2706 3501 2757 continuum

1948 2808 2176 2852 mortem
2204 2798 2364 2853 docet
2396 2813 2491 2851 nos
2522 2798 2783 2852 Dominus
2810 2814 2930 2852 esse
2961 2808 3201 2866 paratos.
3232 2798 3332 2862 Qui
3358 2798 3501 2850 enim

1948 2888 2143 2943 affectu
2178 2899 2231 2942 et
2282 2905 2468 2943 amore
2505 2890 2817 2957 temporalis
2847 2890 2990 2949 vitai,
3024 2890 3257 2941 animum
3292 2904 3440 2939 suam
3476 2904 3505 2938 ιι

1952 2982 2204 3046 periculis
2228 2979 2430 3034 Christi
2464 2995 2627 3033 causa
2658 2980 3017 3047 perferendis,
3044 2990 3095 3031 et
3122 2996 3147 3029 :I
3185 2989 3355 3029 morte
3384 2977 3511 3027 sub-

255 3064 358 3116 τοῦ
387 3063 627 3116 θανάτου
670 3064 771 3131 τὴν
808 3064 945 3115 ἰδίαν
977 3063 1208 3129 ἀπάγων
1238 3062 1417 3131 ψυχὴν
1440 3100 1455 3123 ,
1509 3062 1605 3114 καὶ
1653 3060 1846 3125 σώζειν
1875 3084 1917 3141 C

1822 3080 1846 3113 ν
1875 3084 1917 3141 c
1951 3073 2116 3131 ducit,
2145 3088 2207 3124 ac
2236 3088 2454 3127 servare
2486 3088 2603 3125 eam
2630 3073 2927 3133 contendit,
2960 3072 3393 3136 mundanamque
3429 3070 3508 3119 vi-

257 3156 437 3221 αὐτὴν
486 3154 574 3206 διὰ
608 3152 902 3219 φιλοζωΐαν
932 3152 1276 3221 βουλόμενος,
1329 3154 1423 3203 καὶ
1454 3150 1598 3204 κατὰ
1648 3152 1849 3221 κόσμον

259 3246 364 3312 ζῇν
394 3246 861 3315 προαιρούμενος,
892 3244 1278 3313 ἀναμφιῆόλως
1311 3244 1519 3311 ταύτην
1559 3244 1850 3296 ἀπόλλυσιν

259 3342 551 3391 ἀπώλειαν
606 3340 868 3406 ἐκείνην,
902 3338 1024 3407 ἣτις
1066 3338 1126 3389 τὸ
1158 3337 1424 3392 ᾶσδεστον
1459 3334 1591 3407 πῦρ,
1640 3339 1732 3389 καὶ
1762 3338 1852 3387 τὸν

262 3428 576 3495 ἀκοίμητον
612 3426 897 3493 σκώληκα,
924 3429 1021 3480 καὶ
1050 3430 1111 3478 τὸ
1143 3426 1332 3489 σκότος
1354 3427 1607 3495 προξενεῖ
1628 3426 1689 3479 τὸ
1718 3426 1851 3491 ἐξώ-

261 3537 449 3588 τερον.
482 3518 772 3586 Σωτηρίαν
799 3520 908 3586 γὰρ
935 3518 1191 3585 ὠνόμασε
1229 3519 1328 3587 τὴν
1359 3518 1657 3586 φιλοζωΐαν
1680 3520 1708 3570 6
1744 3518 1854 3570 Κύ-

265 3630 409 3681 ριος,
446 3611 544 3662 καὶ
591 3612 691 3679 τὴν
737 3613 800 3663 ἐκ
850 3611 961 3662 τῶν
1009 3610 1274 3662 κινδύνων
1323 3612 1523 3679 φυγήν.
1568 3612 1627 3663 '0
1660 3612 1713 3664 δὲ
1746 3614 1853 3675 τοῖς

265 3704 549 3764 κινδύνοις
614 3705 706 3755 καὶ
751 3703 828 3769 τῷ
870 3702 1085 3769 θανάτῳ
1129 3701 1229 3769 τὴν
1264 3701 1443 3770 ψυχὴν
1492 3701 1682 3763 ικδοὺς
1718 3702 1858 3772 ὑπὲρ

266 3795 366 3848 τοῦ
430 3793 696 3863 Χριστοῦ,
751 3793 985 3861 καὶτῆς
1038 3794 1318 3863 ἀληθείας,
1371 3793 1605 3861 καὶτῆς
1655 3794 1859 3847 δικαιο-

272 3886 472 3952 σύνης,
504 3885 601 3936 καὶ
635 3881 827 3935 τοῦτον
856 3883 949 3935 τὸν
974 3886 1176 3952 τρόπον
1207 3882 1497 3945 ἀπωλέσας
1531 3885 1724 3950 αὐτὴν,
1760 3884 1857 3955 τὴν

273 3977 456 4044 καλὴν
476 3975 649 4037 ὅντως
673 3974 973 4038 ἀπώλειαν,
1003 3976 1209 4036 ἐκεῖνος
1232 3973 1451 4037 ἀληθῶς
1479 3972 1643 4027 σώσει
1668 3974 1859 4045 αὐτὴν,

271 4066 711 4137 χειραγωγήσας
745 4064 841 4117 ἐπὶ
873 4066 975 4132 τὴν
1008 4066 1153 4136 ζωὴν
1203 4067 1302 4136 τὴν
1350 4067 1637 4136 ἀμείνονα.
1684 4067 1863 4121 ’Δπώ-

271 4156 436 4209 λειαν
466 4157 581 4225 γὰρ
611 4156 792 4223 ψυχῆς
845 4156 939 4207 τὸν
991 4156 1099 4208 ἀπὸ
1151 4156 1247 4208 τοῦ
1284 4157 1537 4225 σώματος
1587 4157 1864 4228 χωρισμὸν

270 4249 430 4315 λέγει
462 4246 673 4316 ταύτης
705 4248 848 4315 ὑπὲρ
898 4247 993 4300 τοῦ
1041 4248 1283 4315 Χριστοῦ
1342 4250 1437 4301 καὶ
1482 4248 1593 4301 τῶν
1636 4248 1866 4303 ὶντολῶν

272 4337 473 4390 αὐτοῦ.
524 4338 636 4389 Καὶ
665 4336 694 4387 6
734 4337 825 4389 διὰ
872 4335 1046 4389 ταῦτα
1092 4338 1203 4389 τῶν
1248 4337 1343 4390 τοῦ
1385 4339 1617 4391 Θανάτου
1648 4339 1866 4408 δεσμῶν

1952 3176 2059 3219 tam
2081 3164 2473 3227 instituit,eam
2509 3164 2647 3217 haud
2679 3165 2839 3216 dubie
2859 3166 3033 3231 perdit
3067 3164 3151 3214 illa
3182 3163 3509 3230 perditione,

1952 3272 2068 3325 quae
2114 3256 2598 3323 inexstiuguiliilem
2636 3255 2837 3323 ignem,
2869 3267 2918 3308 et
2958 3270 3195 3309 vermem
3247 3270 3351 3307 non
3383 3256 3511 3306 dor-

1954 3348 2233 3411 tuientem,
2263 3358 2318 3400 et
2360 3348 2612 3399 tenebras
2644 3347 2939 3399 exteriores
2968 3348 3243 3400 conciliat.
3272 3345 3511 3398 Snlttlettl

1954 3440 2097 3492 enim
2147 3437 2445 3491 nominavit
2482 3435 2746 3489 Dominus
2777 3452 3016 3490 amorem
3052 3439 3191 3499 vitae,
3218 3448 3267 3490 et
3298 3438 3515 3505 pericu-

1960 3530 2131 3581 lorum
2163 3526 2443 3595 eﬂ'ugium.
2478 3524 2578 3589 Qui
2610 3535 2788 3578 autem
2819 3526 3075 3593 periculis
3103 3538 3157 3580 et
3198 3525 3361 3578 morti
3394 3527 3515 3576 aui-

1959 3634 2098 3670 mam
2129 3623 2352 3685 exponit
2388 3631 2482 3685 pro
2515 3616 2755 3678 Christo,
2785 3626 2839 3669 et
2870 3618 3120 3681 veritate,
3180 3627 3232 3669 et
3280 3618 3514 3684 iustitia,

1956 3718 2013 3763 et
2057 3710 2156 3763 hoc
2190 3714 2347 3761 modo
2374 3722 2493 3760 eam
2533 3708 2729 3774 perdit,
2760 3708 3020 3775 praeclara
3055 3708 3299 3775 profecto
3333 3711 3511 3770 perdi-

1960 3804 2125 3862 tione,
2188 3803 2273 3854 ille
2302 3815 2429 3854 vere
2463 3800 2669 3853 salvum
2713 3800 2844 3853 facit
2879 3815 3023 3863 eam,
3050 3800 3307 3865 ducitque
3342 3801 3411 3851 ad
3442 3800 3521 3852 vi-

1963 3906 2071 3947 tam
2111 3894 2409 3947 meliorem.
2448 3892 2813 3946 Perditionetn
2847 3892 2989 3945 enim
3011 3892 3225 3955 aninue,
3260 3901 3415 3944 vocat
3437 3906 3523 3943 se-

1963 3987 2294 4055 parationem
2350 3985 2469 4053 ejus
2503 4000 2532 4038 a
2571 3998 2799 4051 corpore
2850 3992 3068 4051 propter
3131 3982 3410 4037 Christum
3467 3993 3524 4034 et

1964 4077 2215 4127 mandata
2253 4074 2413 4144 ejus;
2450 4083 2504 4127 et
2531 4075 2620 4141 qui
2663 4083 2881 4141 propter
2917 4074 3029 4127 haec
3092 4072 3285 4128 mortis
3314 4072 3521 4127 vincula

1964 4165 2366 4231 contempserit,
2402 4163 2448 4215 is
2475 4178 2581 4215 non
2622 4164 2798 4231 perdit
2824 4164 3056 4215 animant
3091 4178 3267 4227 suam,
3298 4164 3391 4217 sed
3425 4176 3524 4229 po-

1967 4255 2073 4307 tius
2107 4257 2310 4308 salvam
2380 4254 2526 4307 facit.
2587 4254 2657 4307 At
2700 4256 2791 4323 qui
2852 4254 3072 4308 violarit
3126 4254 3525 4308 confessionem

1967 4341 2167 4397 Christi
2198 4354 2250 4395 et
2289 4345 2535 4394 mamlata
2585 4341 2725 4408 ejus.
2760 4350 2816 4395 et
2867 4356 3088 4395 servare
3130 4342 3242 4394 vult
3288 4343 3525 4394 animam

278 4431 737 4498 καταφρονήσας,
769 4424 921 4490 οὗτος
940 4428 1040 4480 οὐκ
1064 4429 1327 4481 ἀπόλλυσι
1351 4428 1448 4496 τὴν
1466 4429 1645 4497 ψυχὴν
1673 4430 1861 4493 αὐτοῦ,
1896 4410 1942 4468 D

1848 4471 1861 4493 ,
1896 4410 1942 4468 ί)
1972 4435 2109 4486 citra
2158 4432 2392 4499 pericula
2428 4442 2482 4486 et
2515 4442 2762 4497 mortem,
2797 4434 3150 4499 perditionem
3195 4433 3245 4487 ei
3274 4432 3529 4487 conciliat

278 4522 421 4576 ἀλλὰ
456 4518 665 4585 μᾶλλον
697 4519 859 4583 σώζει
900 4520 1101 4589 αὐτήν
1132 4521 1159 4571 6
1198 4521 1253 4573 δὲ
1287 4521 1555 4591 ἀθετήσας
1588 4523 1687 4577 τὰς
1726 4524 1863 4588 ὑπὲρ

1971 4526 2376 4591 sempiternam.

275 4614 529 4682 Χριστοῦ
562 4612 857 4682 ὁμολογίας
893 4613 985 4664 καὶ
1014 4611 1113 4673 τὰς
1153 4613 1373 4675 ἐντολὰς
1402 4615 1590 4679 αὐτοῦ,
1628 4619 1718 4667 καὶ
1750 4615 1942 4678 σώζειν
1974 4618 2071 4686 τὴν
2097 4619 2272 4688 ψυχὴν
2300 4619 2453 4682 ἐκτὸς
2482 4621 2593 4673 τῶν
2648 4620 2906 4671 κινδύνων
2976 4620 3070 4671 καὶ
3136 4616 3231 4670 τοῦ
3298 4615 3530 4670 Θανάτου

278 4709 641 4779 βουλόμενος,
672 4707 954 4760 ἀπώλειαν
978 4709 1113 4777 αὐτῇ
1146 4710 1396 4777 προξενεῖ
1436 4712 1535 4778 τὴν
1564 4713 1755 4765 ἀΐδιον.

368 4802 535 4857 Ἐπεὶ
562 4802 618 4852 δὲ
648 4801 923 4870 διαφόρως
951 4803 1049 4854 καὶ
1081 4802 1437 4872 πολυτρόπως
1469 4804 1654 4856 πολλοὶ
1676 4805 1875 4856 πολλά·

279 4911 369 4955 κις
431 4893 532 4953 τὰς
594 4892 774 4960 ψυχὰς
837 4892 1235 4952 ἀπολλύουσιν,
1295 4893 1326 4961 ἢ
1397 4894 1781 4963 λῃστεύοντες,
1840 4894 1871 4963 ἢ

282 4984 638 5053 φονεύοντες,
663 4984 694 5050 ἢ
727 4983 1072 5049 κλέπτοντες,
1102 4985 1132 5052 ἢ
1162 4985 1671 5053 τυμϐωρυχοῦντες,
1694 4988 1723 5056 ἢ
1748 4987 1874 5039 ἄλλο

284 5094 339 5128 τι
361 5077 480 5128 τῶν
509 5074 791 5143 ἀθεμίτων
818 5074 1199 5143 ἐργαζόμενοι,
1227 5078 1584 5146 προστίθησιν
1614 5080 1641 5130 6
1672 5078 1873 5146 Κύριος

284 5168 369 5232 το,
402 5167 624 5220 ἕνεκεν
650 5165 822 5232 ἐμοῦ,
862 5167 960 5219 καί
989 5165 1097 5219 τοῦ
1138 5168 1527 5235 Euan-8.130%
1572 5170 1632 5221 Ὀ
1664 5170 1769 5236 γάρ
1803 5172 1876 5237 μὴ

2043 4808 2304 4871 Quoniam
2359 4820 2486 4859 vero
2533 4805 2762 4858 diversis
2806 4803 3097 4871 multisque
3149 4801 3323 4855 modis
3376 4795 3531 4852 multi

1972 4914 2338 4965 su-peuumcro
2376 4897 2585 4949 animas
2628 4897 2877 4963 perdunt,
2911 4897 3026 4948 sive
3060 4893 3382 4955 latrociniis,
3417 4893 3531 4945 sive

1976 4992 2303 5051 homicidiis,
2336 4990 2447 5043 sive
2477 4990 2653 5050 furtis,
2691 4989 2804 5042 sive
2830 4987 3198 5054 sepulcrorum
3224 4985 3531 5044 cllassioue,

1975 5087 2087 5137 sive
2136 5086 2255 5136 aliis
2317 5082 2535 5133 nefariis
2589 5080 2965 5141 facinoribus;
3026 5078 3173 5129 addit
3228 5075 3532 5128 Dominus:

1974 5188 2183 5242 propter
2213 5192 2287 5227 me
2317 5185 2363 5225 et
2418 5173 2779 5239 Evnnyelium.
2828 5173 2929 5235 Qui
2985 5172 3127 5224 enim
3172 5186 3276 5223 non
3319 5179 3536 5236 propter

286 5260 381 5313 διὰ
414 5258 513 5311 τὸν
543 5258 784 5325 Χριστὸν
814 5262 905 5309 καὶ
929 5258 987 5308 τὺ
1015 5259 1349 5325 Εὐαγγέλιον
1370 5260 1605 5321 ἀπολλὺς
1624 5262 1722 5330 τὴν
1744 5261 1877 5312 ἰδίαν

1850 5279 1877 5312 ν
1974 5269 2246 5319 (luridum
2269 5274 2322 5317 et
2342 5264 2687 5329 Evangelium
2714 5264 2890 5330 perdit
2914 5263 3169 5323 animum,
3200 5276 3303 5313 non
3332 5260 3533 5312 salvmn

284 5351 504 5419 ψυχὴν,
554 5349 618 5401 ού
678 5348 842 5411 σώζει
893 5350 1086 5417 αὑτήν.
1144 5351 1431 5419 Μακάριος
1466 5347 1557 5403 οὖν
1602 5352 1789 5414 ὅντως,
1822 5352 1878 5411 ὃς

1978 5359 2104 5411 fut-it
2139 5373 2273 5408 eum.
2317 5355 2511 5407 Beatus
2551 5355 2711 5422 igitur
2745 5368 2951 5414 revera,
2989 5355 3078 5419 qui
3113 5361 3332 5419 propter
3374 5350 3536 5401 Chri-

286 5444 491 5494 ἒνεκεν
518 5440 617 5493 τοῦ
645 5440 884 5509 Χριστοῦ
910 5444 1002 5491 καὶ
1053 5442 1145 5493 τοῦ
1180 5442 1509 5509 Εὑαγγελίου
1559 5444 1659 5513 τὴν
1688 5444 1881 5494 ἑαυτοῦ

1853 5444 1881 5494 ὖ
1977 5461 2117 5503 stum
2154 5460 2208 5501 et
2243 5448 2588 5516 Evangelium
2636 5444 2929 5512 perdiderit
2961 5446 3194 5497 animum
3243 5458 3413 5495 suam.
3449 5440 3539 5493 Ille

285 5536 566 5588 ἀπολέσει
599 5533 803 5603 ψυχήν.
843 5534 1079 5595 Ἐκεῖνος
1112 5536 1220 5601 γάρ
1246 5534 1462 5601 ἀληθῶς
1494 5534 1653 5587 σώσει
1691 5537 1884 5601 αὑτήν.

1982 5557 2213 5608 namque
2246 5555 2367 5593 vere
2394 5554 2511 5592 eam
2566 5536 2768 5590 salvam
2819 5535 2967 5588 facit.
3014 5534 3208 5586 Beatus
3255 5534 3346 5599 qui
3380 5532 3540 5582 rebus

287 5628 595 5697 Μακάριος
624 5628 652 5677 6
678 5628 790 5687 τοῖς
822 5620 973 5678 οὖσιν
1007 5625 1210 5679 ἆπασιν
1238 5626 1542 5689 ἐπαινετῶς
1574 5628 1882 5692 ἀποθανὼν,

1850 5644 1882 5692 ν,
1981 5629 2235 5682 omnibus
2272 5628 2615 5681 laudabiliter
2660 5633 2907 5678 mortuus
2936 5623 3093 5677 fuerit
3122 5639 3137 5687 ;
3172 5622 3536 5685 sensilnlibus,

370 5809 391 5838 '
438 5806 606 5860 Prov.
652 5820 785 5861 uti,
816 5803 906 5859 26.
983 5804 1002 5833 ’
1036 5802 1205 5857 Ectli.
1241 5818 1371 5864 nx,
1408 5801 1463 5856 9.
