4270 6488
226 412 335 472 277

1430 409 1714 469 ORATIO
1755 409 1833 467 ΙΝ
1878 410 1940 470 S.
1984 409 2309 468 CRUCEM.

3388 401 3493 466 ‘278

234 526 435 593 μικρὸν
464 525 822 592 ὑποθέσεσιν,
846 526 1024 595 Ἐμοὶ,
1073 527 1269 593 λέγων,
1303 526 1390 589 δὸς
1426 527 1524 595 τὴν
1556 530 1817 596 σήμερον,
1852 540 1894 585 Α

1806 570 1817 589 ,
1852 540 1894 585 Α
1928 527 2077 588 Mihi.
2111 526 2311 593 inquit,
2342 524 2480 577 diem
2512 523 2576 576 da
2628 522 2968 588 hodiernum,
3005 520 3114 573 Deo
3154 519 3449 573 crastinum
3478 537 3492 580 ;

229 616 349 684 Θεῷ
380 616 439 667 δὲ
478 617 580 686 τὴν
618 617 833 686 αὔριον·
876 620 998 686 ἐμοὶ
1028 620 1086 670 τὸ
1113 620 1292 686 παρὸν
1322 620 1429 681 δὸς,
1483 619 1602 685 Θεῴ
1651 618 1705 669 δὲ
1754 618 1814 668 τὸ

233 709 462 775 μέλλον·
507 711 596 761 ἵνα
648 709 791 761 οὕτω
825 710 1198 779 βραδυνόντων
1250 710 1409 777 ἡμῶν
1461 710 1593 778 πρὸς
1653 710 1814 777 μετά-

228 824 378 857 νοιαν
420 807 517 856 καὶ
559 806 870 873 διόρθωσιν,
941 806 1186 856 ἐπελθὼν
1230 804 1531 874 ἀφαρπάσῃ
1564 805 1589 854 6
1647 802 1815 855 θάνα-

230 912 346 957 τος,
385 896 463 963 μὴ
495 894 665 956 ὅντως
726 894 1119 962 λυτρουμένου.
1168 894 1304 963 μηδὲ
1359 893 1649 954 σώζοντος.
1688 895 1821 946 Ἀν-

228 988 449 1054 θρωπος
478 988 577 1052 μεν
612 983 707 1037 οὖν
735 986 833 1036 οὐκ
864 985 976 1053 ἔχει
1006 1001 1058 1036 τι
1088 984 1272 1036 δοῦναι
1323 984 1677 1053 ἀντάλλαγμα
1722 986 1819 1052 τῆς

227 1078 413 1145 ψυχῆς
443 1078 633 1130 αὑτοῦ·
664 1080 689 1129 6
714 1078 768 1128 δὲ
802 1078 934 1137 Θεὸς
968 1081 1067 1145 τῆς
1092 1078 1249 1146 ἡμῶν
1299 1078 1573 1146 σωτηρίας
1634 1078 1820 1129 ἕνεκεν

226 1170 465 1221 δέδωκεν
492 1171 853 1235 ἀντάλλαγμα
889 1169 950 1221 τὸ
971 1170 1151 1236 τίμιον
1184 1164 1322 1236 αἷμα
1347 1169 1440 1221 τοῦ
1471 1168 1600 1221 Υἱοῦ
1630 1168 1819 1221 αὑτοῦ.

228 1261 322 1311 Διδ
365 1262 701 1325 παρακαλῶ,
730 1263 799 1313 τὰ
837 1262 999 1314 λοιπᾶ
1040 1264 1219 1315 πάντα
1274 1262 1531 1327 ἀφεντες,
1588 1262 1667 1322 εἰς
1725 1260 1823 1330 τὴν

225 1352 411 1419 ψυχὴν
447 1353 671 1405 ἃπασαν
702 1355 805 1419 τὴν
832 1355 1069 1423 σπουδὴν
1096 1355 1509 1421 άναλίσκωμεν.
1537 1354 1659 1404 Τῶν
1715 1353 1825 1422 γὰρ

229 1448 289 1497 ὲν
325 1448 465 1515 ἡμῖν
498 1449 722 1498 πάντων
766 1448 1106 1517 κυριώτερον
1136 1450 1168 1518 ή
1193 1448 1340 1517 ψυχή
1380 1449 1552 1501 ἐστιν.
1595 1448 1692 1508 ⁸ος
1718 1448 1825 1516 γάρ

227 1538 328 1586 ἐὰν
384 1534 736 1609 ἀπαισχυνθῇ
776 1555 863 1605 με,
901 1539 1058 1605 φησὶ,
1090 1538 1182 1589 καὶ
1216 1540 1343 1600 τοὺς
1405 1540 1573 1607 ἐμοὺς
1631 1539 1827 1603 λόγους

226 1629 286 1675 ἐν
312 1628 482 1697 γενεᾷ
507 1628 682 1697 ταύτῃ
712 1632 774 1696 τῇ
812 1630 1088 1697 μοιχαλίδι
1143 1630 1237 1681 καὶ
1286 1630 1596 1699 ἁμαρτωλῷ
1618 1645 1631 1659 ·
1680 1632 1771 1683 καὶ
1801 1633 1829 1683 6

226 1720 361 1779 Υἱὸς
423 1720 520 1772 τοῦ
570 1721 862 1788 ἀνθρώπου
916 1723 1414 1790 ἐπαισχυνθήσεται
1470 1721 1655 1786 αὐτὸν,
1700 1723 1829 1774 ὅταν

227 1812 369 1881 ἔλθῃ
400 1815 461 1863 ὲν
496 1814 560 1879 τῇ
597 1812 724 1881 δόξῃ
761 1814 853 1865 τοῦ
885 1815 1099 1884 Πατρδς
1135 1814 1299 1867 αὑτοῦ
1338 1815 1476 1882 μετά
1517 1815 1624 1866 τῶν
1664 1816 1829 1881 ἀγγέ-

225 1898 337 1947 λων
373 1897 484 1950 τῶν
520 1899 714 1963 ἁγίων.
759 1902 833 1950 Οὐ
882 1904 1044 1969 μόνον
1077 1903 1216 1954 κατὰ
1256 1904 1495 1956 διάνοιαν
1561 1904 1834 1956 πιστεύειν

224 1988 553 2054 ὀρείλομεν,
581 1990 718 2041 ἀλλὰ
750 1994 844 2044 καὶ
875 1994 973 2059 τὴν
1006 1993 1093 2044 διὰ
1150 1995 1421 2061 στόματος
1448 1995 1831 2065 ἀπαιτούμεθα

225 2078 537 2145 ὁμολογίαν
561 2096 572 2106 ·
602 2081 794 2149 ἐπειδὴ
828 2082 936 2150 γάρ
992 2083 1213 2145 διπλοῦς
1250 2085 1397 2135 ἐστιν
1454 2088 1480 2136 6
1519 2086 1827 2155 ἄνθρωπος,

223 2168 464 2229 διπλοῦς
494 2171 731 2223 ἐστικαὶ
761 2173 787 2221 ὀ
819 2172 1112 2239 ἁγιασμός.
1141 2173 1459 2240 Ἀγιάζεται
1484 2174 1646 2242 γὰρὴ
1677 2176 1825 2247 ψυχὴ

224 2262 315 2311 διὰ
354 2261 456 2325 τῆς
498 2263 793 2329 ὁμολογίας
818 2282 829 2292 ·
861 2264 1046 2327 καθὼς
1080 2266 1171 2318 καὶ
1194 2269 1220 2318 6
1274 2268 1596 2329 Ἀπόστολος
1630 2268 1777 2335 λέγει
1810 2285 1823 2300 ·

226 2357 462 2423 Καρδίᾳ
493 2357 609 2423 μὲν
640 2360 748 2424 γὰρ
776 2360 1119 2411 πιστεύεται
1146 2362 1233 2423 εἰς
1254 2359 1675 2427 δικαιοσύνην-⁸
1696 2362 1833 2413 στό-

228 2462 372 2508 ματι
405 2445 475 2496 δὲ
506 2447 887 2513 (uiolare-hat
919 2451 1005 2510 sic
1054 2451 1379 2515 σωτηρίαν.
1449 2451 1507 2503 ὐ
1554 2454 1609 2504 δὲ
1670 2456 1829 2504 ἐπαι-

231 2536 577 2600 Gravius-ao;
618 2538 713 2586 καὶ
744 2540 1144 2605 ἐντρεπόμενος
1181 2540 1257 2605 τῷ
1306 2543 1713 2611 ἑσταυρωμένῳ
1746 2562 1834 2594 πι-

230 2626 468 2676 στεῦσαι
532 2628 779 2696 Χριστῖι,
850 2632 944 2681 καὶ
1013 2632 1351 2700 ὁμολογῆσαι
1408 2634 1540 2685 Θεὸν
1595 2637 1830 2689 ἑαυτοῦο

228 2718 715 2786 ἐπαισχυπόμενος
768 2721 823 2772 δὲ
860 2723 1099 2785 καὶτοὺς
1133 2724 1296 2775 αὑτοῦ
1356 2726 1547 2791 λόγους
1589 2729 1713 2790 τοὺς
1774 2732 1832 2782 ὲν

228 2810 309 2876 τῷ
380 2812 522 2880 ἁγίῳ
563 2814 905 2882 Εῦαγγελξῳ,
964 2816 1155 2869 τοῦτον
1190 2820 1282 2871 καὶ
1333 2823 1360 2872 6
1411 2822 1616 2890 Κύριος
1672 2827 1832 2877 ἐπαι-

1920 620 2051 672 mihi
2106 629 2316 685 tempus
2366 632 2639 685 praesens,
2675 616 2805 676 Deo,
2844 615 3121 671 futurum;
3156 620 3210 663 ut
3262 611 3333 663 ita
3389 621 3493 662 tar-

1921 713 2112 765 dantes
2162 712 2227 765 ad
2273 712 2668 777 pmnitentiam,
2707 720 2761 761 et
2798 708 3261 765 emendationem.
3307 721 3494 775 super-

1921 806 2145 857 veniens
2184 803 2417 870 abripiat
2462 816 2629 863 mors,
2668 803 2888 870 quando
2921 816 3025 853 non
3079 810 3184 863 est,
3219 800 3311 867 qui
3360 796 3497 851 redi-

1923 905 2060 959 mat,
2115 911 2288 963 neque
2338 896 2432 962 qui
2480 896 2686 947 salvum
2739 893 2922 946 faciat.
2970 892 3139 945 Ilomo
3190 893 3352 961 igitur
3397 907 3501 946 non

1924 999 2101 1058 potest
2159 989 2287 1041 dare
2355 988 2592 1055 aliquam
2649 989 3128 1039 commutationem
3175 1002 3273 1054 pro
3324 986 3500 1037 :tnima

1927 1095 2019 1130 sua
2052 1095 2064 1141 ;
2104 1077 2240 1130 Deus
2278 1093 2407 1130 vero
2445 1094 2540 1145 pro
2572 1089 2753 1131 nostra
2801 1079 2977 1130 salute
3014 1078 3160 1130 dedit
3196 1086 3502 1131 commuta-

1929 1173 2155 1232 tionem,
2191 1173 2489 1238 pretiosum
2520 1172 2837 1238 sanguinem
2872 1168 2989 1221 Filii
3026 1169 3131 1223 sui.
3170 1169 3349 1234 Quare
3376 1170 3503 1223 lior-

1932 1272 2038 1325 tor,
2079 1272 2137 1317 ut
2168 1264 2421 1316 omnibus
2470 1264 2682 1314 ueteris
2731 1260 2912 1314 missis
2957 1262 3007 1314 in
3063 1263 3300 1314 animam
3343 1278 3504 1315 omne

1929 1357 2161 1408 studium
2194 1356 2560 1408 conleramus.
2598 1354 2738 1407 Nihil
2779 1356 2922 1407 enim
2962 1355 3012 1407 in
3052 1354 3210 1407 nobis
3239 1363 3502 1421 przestan-

1931 1449 2036 1500 tius
2066 1448 2264 1499 anima.
2295 1447 2395 1510 Qui
2432 1446 2574 1501 enim
2623 1461 2707 1499 me
2734 1446 3030 1507 erubuerit,
3062 1445 3256 1513 inquit,
3289 1456 3342 1499 et
3389 1460 3502 1498 ser-

1933 1554 2119 1591 mones
2147 1554 2294 1590 meos
2325 1539 2374 1590 in
2413 1539 2763 1606 generatione
2806 1538 2907 1589 ista
2938 1536 3181 1591 adultera
3215 1547 3269 1591 et
3316 1552 3480 1605 pecca

1932 1632 2089 1691 trice,
2121 1639 2173 1682 et
2198 1629 2366 1682 Filius
2391 1630 2625 1682 hominis
2660 1632 2942 1682 erubescet
2967 1643 3111 1689 etim,
3144 1644 3267 1682 cum
3296 1630 3503 1682 venerit

1935 1724 1985 1775 iu
2019 1722 2186 1789 gloria
2228 1721 2402 1775 Patris
2440 1721 2519 1774 sui
2564 1736 2683 1773 cum
2722 1720 2929 1789 angelis
2976 1721 3204 1775 sanctis.
3249 1718 3363 1774 Non
3418 1736 3505 1774 so-

1938 1813 2046 1865 lum
2084 1813 2223 1880 apud
2253 1814 2496 1865 animum
2527 1811 2749 1865 credere
2778 1812 3057 1875 debemus,
3092 1813 3187 1867 sed
3227 1812 3339 1865 oris
3367 1826 3505 1881 quo-

1938 1918 2043 1968 que
2076 1903 2350 1957 confessio
2380 1919 2407 1955 a
2442 1904 2597 1956 nobis
2631 1902 2889 1971 exigitur.
2922 1902 3187 1967 Quoniam
3223 1904 3366 1956 enim
3402 1903 3506 1956 du-

1934 1994 2052 2062 plex
2085 2005 2165 2047 est
2199 1996 2379 2057 homo,
2411 1995 2606 2063 duplex
2644 2005 2729 2049 est
2758 2003 2813 2047 et
2841 1995 3215 2048 sanctiﬁcatio.
3248 1993 3505 2048 Sanctiti-

1931 2098 2087 2142 catur
2110 2091 2255 2142 enim
2280 2091 2455 2141 anima
2484 2106 2577 2158 per
2601 2087 3023 2150 confessionem,
3048 2090 3504 2158 quemadmodum

1929 2183 2090 2235 etiam
2129 2183 2416 2249 Aposmlus
2455 2183 2624 2235 dicit:
2660 2182 2830 2235 Carde
2862 2184 2997 2235 enim
3040 2185 3276 2236 creditur
3309 2186 3377 2236 στ’
3408 2186 3505 2254 ju-

1928 2276 2153 2334 stitiam,
2194 2289 2282 2326 ore
2319 2285 2491 2325 autem
2547 2274 2605 2339 ﬁt
2651 2276 2907 2343 confessio
2954 2276 3023 2327 ad
3062 2278 3283 2329 salutem
3309 2278 3371 2331 ¹⁰.
3402 2277 3505 2342 Qui

1933 2378 2111 2418 autem
2165 2370 2436 2419 erubescit
2478 2379 2531 2419 et
2575 2370 2970 2419 verecuntlatur
3016 2372 3239 2423 credere
3290 2370 3508 2424 Christo

1932 2458 2211 2519 crucitixo,
2239 2468 2293 2510 ct
2342 2457 2509 2511 Demn
2548 2475 2705 2512 suum
2739 2462 2986 2513 conliteri
3014 2480 3027 2527 ;
3056 2463 3331 2515 erubescit
3382 2464 3507 2515 item

1936 2567 2216 2603 sermones
2252 2553 2366 2621 ejus
2421 2553 2473 2603 in
2520 2564 2706 2605 sancto
2740 2554 3055 2622 Evangelii»:
3086 2572 3206 2606 eum
3255 2555 3511 2610 Dominus

1934 2660 2151 2713 quoque
2196 2648 2504 2709 erubescet,
2542 2658 2593 2699 et
2628 2662 2841 2699 servum
2879 2664 2937 2699 se
2976 2649 3253 2717 indignum
3301 2651 3511 2719 judica-

1945 2739 2037 2795 bit,
2075 2752 2193 2789 (‘ttm
2227 2740 2435 2789 vetuerit
2466 2742 2515 2789 in
2554 2743 2790 2792 seetittdo
2819 2742 3048 2791 adventu
3082 2757 3203 2794 suo.
3236 2744 3285 2793 in
3317 2744 3513 2795 virtme

1943 2839 1990 2879 et
2030 2829 2199 2892 gloria
2233 2846 2448 2895 magna,
2490 2847 2607 2883 cum
2636 2833 2893 2884 Satellitio
2925 2834 3261 2899 angelorum.

231 2906 635 2974 σχυνθήσεται,
665 2910 889 2972 ἀνάξιον
940 2912 1127 2965 δοῦλον
1183 2917 1387 2983 κρίνων
1428 2919 1648 2983 ἑαυτοῦ,
1706 2922 1835 2972 ὅταν
1872 2922 2000 2993 ἔλθῃ
2036 2925 2090 2974 ἐν
2130 2927 2194 2993 τῇ
2232 2924 2462 2995 δευτέρᾳ.
2523 2926 2687 2978 αὑτοῦ
2760 2928 3057 2997 παρουσίᾳ,
3146 2931 3204 2979 ὲν
3284 2928 3512 2994 δυνάμει

230 3003 326 3055 καὶ
369 3003 498 3070 δόξῃ
540 3002 709 3071 πολλῇ
757 3005 897 3069 μετὰ
966 3008 1065 3075 τῆς
1136 3008 1468 3078 δορυφορίας
1492 3012 1601 3063 τῶν
1663 3013 1930 3081 ἀγγέλων.

320 3099 501 3168 Ἀμὴν
530 3100 676 3166 λέγω
701 3103 851 3168 ὑμῖν,
885 3103 965 3153 ὅτι
1014 3105 1120 3153 εξσί
1158 3122 1299 3167 τινες
1366 3107 1475 3159 τῶν
1507 3101 1609 3160 ὦδε
1664 3111 1829 3178 ἐστη-
1863 3114 1912 3177 c

1818 3139 1829 3151 -
1863 3114 1912 3177 ο
2016 3117 2183 3169 Amen
2233 3116 2351 3169 dico
2390 3118 2561 3179 vobis,
2592 3129 2715 3169 sunt
2747 3117 2962 3184 quidam
2994 3115 3060 3169 de
3096 3116 3183 3169 hic
3214 3117 3504 3180 stantibus.

231 3195 439 3256 κότων,
479 3194 682 3255 οἵτινες
718 3196 777 3244 οὐ
836 3198 911 3263 μὴ
980 3196 1265 3261 γεύσονται
1308 3199 1563 3266 θανάτου,
1624 3203 1726 3263 ἕως
1770 3206 1836 3257 ἂν

232 3284 395 3334 ἴδωσι
446 3284 547 3351 τὴν
594 3284 879 3351 βασιλείαν
913 3286 1004 3339 τοῦ
1046 3288 1181 3339 Θεοῦ
1230 3290 1555 3358 ἐληλυθυῖαν
1588 3296 1646 3346 ὲν
1677 3295 1837 3349 δυνά-

237 3393 356 3443 μει.
396 3376 502 3425 Τὸν
535 3376 744 3444 Πέτρον
784 3379 878 3429 καὶ
940 3379 1200 3431 Ἰάκωϐον
1260 3385 1357 3436 καὶ
1401 3382 1652 3453 Ἰωάννην
1693 3386 1841 3455 λέγει

234 3466 442 3525 οὕτως.
500 3471 575 3517 03
608 3470 688 3536 μὴ
728 3469 1119 3531 ἀποθανοῦσιν,
1153 3473 1315 3540 ἄχρις
1348 3474 1413 3526 ἂν
1465 3476 1624 3541 δείξω
1658 3478 1841 3545 αὐτοῖς

239 3560 302 3609 ἐν
339 3561 408 3627 τῇ
440 3560 873 3629 μεταμορφώσει
903 3563 1044 3630 μετὰ
1081 3565 1239 3627 ποίας
1266 3564 1422 3635 δόξης
1450 3569 1626 3637 μέλλω
1668 3590 1843 3641 παρα-

238 3652 510 3720 γενέσθαι
549 3654 606 3703 ὲν
632 3656 699 3722 τῇ
726 3655 956 3725 δευτέρᾳ
986 3657 1279 3727 παρουσία.
1327 3659 1391 3710 Ἡ
1423 3662 1533 3730 γὰρ
1567 3667 1845 3734 μεταμόρ-

236 3762 424 3811 φωσις
478 3745 573 3796 τοῦ
626 3746 867 3822 Χριστοῦ
920 3751 1259 3818 προμήνυμα
1305 3748 1373 3821 ἦν
1414 3757 1515 3822 τῆς
1577 3755 1841 3822 δευτέρας

236 3835 416 3887 αὑτοῦ
473 3837 806 3906 παρουσίας.
848 3838 947 3889 ’ον
991 3842 1101 3907 γάρ
1141 3843 1344 3910 τρόπον
1372 3843 1583 3912 ἔλαμψε
1609 3847 1729 3899 τότε
1784 3849 1843 3899 τὸ

236 3929 552 3995 πρόσωπον
584 3928 681 3980 τοῦ
710 3930 963 3998 Σωτῆρος
1008 3931 1165 3999 ἡμῶν
1189 3936 1283 3985 καὶ
1307 3933 1443 3986 Θεοῦ
1495 3935 1569 3998 ὡς
1608 3936 1635 3987 6
1672 3938 1841 4007 ἥλιος,

235 4023 309 4072 τὰ
348 4022 407 4073 δὲ
455 4022 649 4087 ἱμάτια
681 4022 849 4073 αὑτοῦ
888 4024 1138 4089 ἐγένοντο
1166 4024 1335 4077 λευκὰ
1380 4026 1457 4087 ὡς
1485 4028 1544 4078 τὸ
1568 4028 1681 4095 φῶς
1709 4044 1723 4058 ·
1752 4030 1842 4081 τὸν

235 4115 416 4166 αὐτὴν
431 4113 497 4184 δὴ
527 4115 731 4182 τρόπον
745 4114 1022 4167 ἐλεύσεται
1053 4116 1162 4168 ἀπὸ
1184 4118 1415 4185 οὐρανοῦ
1441 4118 1569 4170 ὡσεὶ
1588 4122 1843 4191 ἀστραπὴ

241 4212 306 4259 ἐν
329 4208 570 4275 δυνάμει
598 4209 695 4259 καὶ
752 4208 885 4278 δόξῃ
932 4208 1100 4277 πολλῇ
1167 4212 1351 4279 κρῖναι
1407 4213 1473 4272 τά
1528 4212 1841 4280 σύμπαντα.

243 4303 363 4355 Καὶ
396 4300 595 4370 ὥσπερ
648 4301 889 4368 συνῆσαν
943 4301 1095 4370 αὐτῷ
1152 4302 1379 4370 Πέτρος,
1425 4302 1704 4366 Ἰάκωϐος,
1753 4306 1847 4357 καὶ

253 4395 523 4457 Ἰωάννης
557 4397 614 4444 ἐν
670 4394 746 4459 τῷ
797 4393 913 4461 ὄρει
977 4393 1053 4461 τῷ
1110 4394 1281 4463 ἁγίῳ·
1331 4393 1475 4445 οὕτω
1531 4397 1842 4448 συνέπονται

1940 3209 2031 3272 qui
2077 3223 2177 3259 non
2219 3212 2511 3271 gustabunt
2546 3219 2795 3271 mortem,
2832 3209 3005 3261 donec
3031 3209 3247 3261 videant
3284 3224 3505 3278 regnum

1941 3299 2031 3352 Dei
2082 3298 2303 3352 veniens
2358 3299 2409 3349 in
2466 3301 2685 3352 virtute.
2748 3298 2988 3363 Petrum,
3017 3308 3071 3353 et
3115 3298 3395 3366 Jacobum,
3455 3307 3511 3351 et

1940 3390 2203 3443 Joannem
2234 3390 2381 3444 dicit.
2427 3390 2542 3443 Non
2590 3390 2888 3443 morientur
2924 3394 3092 3442 donec
3124 3392 3411 3443 ostendero
3436 3390 3517 3441 eis

1946 3484 1997 3536 in
2040 3483 2540 3552 transﬁguratione,
2589 3492 2790 3551 quanta
2816 3498 2935 3535 cum
2978 3482 3147 3549 gloria
3183 3482 3284 3533 sim
3319 3492 3515 3533 ventu-

1946 3591 2035 3627 rus
2068 3576 2119 3628 in
2148 3576 2383 3629 secundo
2405 3577 2662 3628 adventu.
2690 3575 3119 3644 Transflguratio
3142 3575 3287 3626 enim
3309 3574 3511 3626 Christi

1945 3667 2242 3735 prmuuntia
2278 3676 2397 3720 erat
2427 3668 2647 3721 secundi
2675 3670 2942 3720 adventus
2978 3666 3114 3732 ejus.
3149 3666 3513 3731 Quemadmo-

1944 3760 2072 3810 dum
2106 3761 2248 3813 enim
2282 3770 2392 3812 tum
2428 3760 2702 3827 splenduit
2731 3757 2900 3812 facies
2935 3758 3230 3812 Salvatoris
3263 3758 3430 3814 nostri
3462 3773 3517 3814 et

1949 3849 2065 3911 Dei,
2092 3861 2345 3917 tanquam
2374 3852 2477 3914 sol,
2507 3850 2828 3903 vestimenta
2859 3861 3041 3904 autem
3073 3850 3189 3921 ejus
3227 3854 3365 3905 facta
3395 3863 3522 3904 sunt

1946 3942 2066 3997 alba
2092 3944 2233 3995 sicut
2266 3942 2383 4004 nix,
2431 3943 2504 3996 ita
2538 3944 2725 3997 veniet
2757 3943 2823 3999 tle
2856 3946 2995 3999 caelo
3031 3955 3285 4015 tanquam
3319 3944 3519 4011 fulgur,

1949 4035 1999 4086 in
2039 4037 2235 4087 virtute
2279 4042 2334 4089 et
2375 4035 2541 4103 gloria
2578 4051 2800 4106 magna,
2830 4038 3079 4106 judicare
3120 4039 3323 4091 omnia.
3362 4034 3427 4087 Et
3462 4046 3521 4088 ut

1947 4141 2068 4184 cum
2104 4141 2166 4179 eo
2200 4126 2418 4182 fuerttttt
2463 4130 2680 4192 Petrus,
2717 4138 2772 4184 et
2818 4127 3075 4193 Jacobus,
3110 4139 3163 4185 ct
3192 4128 3430 4182 Joannes
3467 4129 3519 4181 in

1951 4225 2135 4270 monte
2185 4228 2397 4276 sancto.
2432 4220 2500 4272 ita
2550 4235 2673 4273 cum
2716 4236 2780 4274 eo
2837 4232 2998 4275 erunt
3024 4236 3213 4275 omnes
3247 4222 3439 4283 sancti,
3468 4230 3526 4274 et

1945 4303 2091 4369 justi,
2132 4316 2184 4358 et
2221 4307 2403 4371 electi,
2436 4308 2774 4374 perfruentes
2811 4310 2994 4363 divino
3036 4310 3153 4377 ejus
3187 4320 3429 4378 aspectu,
3467 4316 3527 4360 et

1953 4400 2301 4454 inenarrabili
2355 4414 2519 4470 atque
2590 4401 2849 4456 ineffabili
2907 4403 3102 4472 gaudio
3162 4411 3216 4457 et
3280 4401 3518 4456 exsulta-

238 4487 399 4553 αῦτῷ
419 4486 627 4547 πάντες
650 4487 698 4537 οἱ
721 4483 888 4550 ἅγιοι,
916 4487 1013 4538 καὶ
1042 4485 1091 4536 οἱ
1109 4485 1334 4551 δίκαιοι,
1361 4487 1455 4538 καὶ
1486 4488 1534 4537 ot
1567 4486 1840 4551 ἐκλεκτοὶ,
1876 4479 1920 4535 ι)
1951 4493 2114 4543 tione.

237 4580 624 4640 ἀπολαύοντες
693 4580 795 4647 τῆς
866 4578 1033 4630 αὑτοῦ
1106 4577 1422 4646 θεοφανιας,
1478 4582 1572 4633 καὶ
1627 4579 1726 4647 τῆς
1779 4582 2196 4653 ἁνεκδιηγήῖου,

240 4692 411 4736 σεως.

316 4766 515 4819 Ταῦτα
545 4764 732 4815 τοίνυν
766 4763 993 4825 ειδότες,
1026 4763 1328 4829 ἀγαπητοὶ,
1378 4763 1843 4833 ἁπαρνησὼμεθα

238 4861 343 4911 καὶ
365 4859 535 4926 ἡμεῖς
593 4856 827 4915 ἑαυτοὺς
888 4853 975 4905 διὰ
1023 4853 1113 4905 τὸν
1174 4853 1400 4923 Κύριονο
1464 4853 1633 4922 μηδὲν
1677 4852 1841 4905 αὐτοῦ

240 4950 663 5020 προτιμότερον
692 4945 1053 5015 ἡγησώμεθα,
1082 4944 1155 5012 μὴ
1196 4943 1446 5006 πλοῦτον,
1504 4943 1580 5011 μὴ
1606 4944 1839 5011 τρυφὴν,

249 5046 327 5109 μὴ
397 5040 591 5104 δόξαν,
634 5038 710 5105 μὴ
761 5034 1086 5103 σωματικὴν
1144 5034 1362 5102 ἡδονὴν,
1422 5034 1497 5102 μὴ
1538 5035 1707 5102 αὐτὴν
1744 5035 1844 5101 τὴν

248 5134 422 5201 ζωὴν,
462 5131 604 5183 ἀλλὰ
636 5130 730 5181 καὶ
774 5129 981 5196 ταύτης
1012 5128 1563 5195 καταφρωνήσωμεν,
1587 5129 1681 5178 καὶ
1715 5129 1846 5178 ἀκο-

247 5225 629 5291 λουθήτωμεν
683 5218 761 5289 τῷ
793 5218 1014 5289 Χριστῷ
1045 5218 1123 5289 τῷ
1173 5218 1424 5287 ἡμετέρῳ
1452 5218 1719 5285 Δεσπότῃ,
1753 5218 1845 5269 τὸν

247 5323 451 5373 τούτου
492 5319 734 5385 σταυρὸν
767 5317 858 5367 ἀπ’
895 5316 1059 5383 ὤμων
1084 5315 1341 5383 ἄραντες,
1373 5314 1468 5364 καὶ
1509 5311 1575 5363 τὰ
1608 5312 1846 5379 σαρκικὰ

248 5412 640 5479 νεκρώσωμεν
671 5408 954 5475 κινήματα
990 5410 1085 5460 καὶ
1134 5406 1491 5473 φρονήματα,
1521 5402 1599 5471 τῷ
1632 5402 1848 5467 θανάτῳ

248 5506 423 5559 αὑτοῦ
462 5501 1071 5570 συμμορφούμενοι,ὠς
1102 5500 1167 5551 ἂν
1185 5496 1506 5566 δυνηθῶμεν
1534 5497 1627 5547 καὶ
1661 5496 1845 5562 ἡμεῖς,

254 5599 403 5649 κατὰ.
432 5595 527 5645 τὸν
566 5596 712 5644 θεῖον
753 5591 989 5653 Παῦλον,
1016 5593 1223 5642 εἰπεῖν·
1260 5588 1463 5656 Ζῶμεν
1521 5588 1588 5639 δὲ
1652 5585 1851 5637 οὐκέτι

254 5690 455 5759 ἡμεῖς,
486 5686 555 5752 ζῇ
584 5685 653 5739 δὲ
684 5689 715 5739 ὁ
744 5685 1003 5753 Χριστὸς
1032 5685 1101 5738 ἐν
1131 5682 1296 5751 ἡμῖν.
1327 5681 1464 5734 Καίο
1499 5680 1592 5747 Μὴ
1624 5678 1852 5748 γένοιτο

330 5870 375 5901 ³⁸
417 5867 585 5919 ιίυιιι.
626 5879 679 5927 τ,
715 5862 795 5917 1⁸)»

2289 4587 2384 4639 καλ⁸
2431 4586 2814 4657 ἀνεκφράστου
2867 4588 3043 4657 χαρᾶς
3098 4588 3193 4639 καὶ
3267 4588 3528 4653 ἀγαλλιάσ

2029 4765 2151 4816 lla-c
2176 4778 2303 4829 ergo
2331 4763 2583 4824 scientes,
2617 4762 2949 4826 charissimi,
2973 4764 3300 4831 ahnegemus
3323 4775 3369 4816 et
3398 4780 3521 4819 uos-

1952 4856 2211 4922 tuetipsns
2264 4864 2483 4922 propter
2521 4854 2836 4917 Dominum;
2873 4853 3005 4905 nihil
3046 4868 3111 4906 eo
3146 4854 3325 4922 potius
3354 4856 3526 4907 duca-

1952 4960 2093 5005 mus,
2131 4959 2236 4999 non
2263 4960 2414 5010 Opes,
2453 4959 2555 4996 non
2592 4944 2797 5005 luxum,
2832 4957 2938 4995 non
2974 4944 3221 5010 gloriam,
3258 4962 3361 4998 nou
3401 4962 3523 4999 cor-

1953 5036 2191 5103 poralem
2231 5036 2581 5101 voluptatem,
2613 5050 2716 5086 non
2754 5036 2921 5100 ipsam
2956 5037 3156 5100 vitam;
3191 5037 3284 5090 sed
3311 5053 3378 5091 ne
3400 5039 3526 5092 huic

1954 5128 2169 5191 quidem
2199 5140 2483 5194 parcamus
2511 5134 2729 5191 propter
2758 5126 2965 5191 ipsum;
2998 5141 3287 5194 sequamur
3337 5127 3516 5180 Domi-

1959 5233 2084 5269 num
2113 5227 2377 5274 nostrmr,
2409 5230 2568 5268 cruce
2600 5215 2716 5280 ejus
2740 5216 2791 5266 in
2836 5216 3087 5267 humeros
3118 5216 3350 5277 sublata,
3387 5234 3527 5269 cor-

1961 5310 2173 5373 porslcs
2204 5318 2381 5360 motus
2418 5322 2722 5373 sensusque
2760 5307 3169 5369 mortificantes,
3201 5307 3525 5371 conﬁgurati

1964 5402 2120 5451 tnorti
2153 5399 2289 5466 ejus,
2335 5407 2392 5451 υι
2438 5400 2704 5465 possimus
2736 5408 2790 5450 et
2842 5413 2939 5451 nos
2981 5414 3100 5451 cum
3139 5397 3197 5449 Ι).
3243 5398 3407 5452 Paulo
3437 5399 3525 5451 di-

1957 5504 2080 5543 cere
2132 5508 2144 5540 :
2212 5489 2440 5543 Vivimus
2494 5508 2594 5540 non
2634 5490 2749 5557 jam
2781 5506 2899 5551 nos,
2946 5490 3071 5542 vivit
3124 5506 3241 5542 vero
3293 5492 3343 5541 in
3377 5490 3523 5542 nobis

1960 5580 2199 5636 Christus
2230 5597 2248 5643 ;
2286 5592 2339 5634 et
2373 5598 2387 5634 :
2431 5582 2595 5635 Nobis
2624 5593 2802 5634 autem
2855 5582 2992 5633 absit
3030 5582 3084 5634 in
3130 5582 3238 5633 alio
3273 5582 3520 5650 glariart',

1961 5681 2061 5731 nisi
2095 5680 2144 5729 in
2170 5691 2323 5730 cruce
2361 5675 2586 5728 Domini.
2620 5674 2812 5728 Omnia
2833 5673 2954 5740 ejus
2988 5673 3238 5730 mandata
3270 5672 3523 5727 alacriter
