4270 6488
756 388 858 451 ε’ἷέ
1658 399 2176 463 THEOPHANES
2215 405 2442 465 EPISCl

2313 405 2625 466 ISCOPUS
2662 405 3034 466 NIC/ENUS.
3883 402 3996 465 280

761 504 1125 578 perﬁciamus.
1180 506 1453 563 Habemus
1504 510 1648 563 enim
1703 521 1759 564 et
1808 526 1905 566 nos
1964 523 2335 581 persecutores
2368 526 2408 577 Α
2440 536 2447 569 ’λ

2310 531 2335 570 s
2368 526 2408 577 Α
2440 517 2582 582 ἡμῖν
2623 516 2985 586 καυχᾶσθαι,
3032 519 3085 567 εὶ
3113 515 3195 583 μὴ
3238 514 3307 567 ἐν
3334 512 3412 578 τῷ
3436 513 3676 582 σταυρῷ
3733 517 3836 568 τοὺ
3868 516 3913 567 Κ
3922 538 3992 568 υ-

753 619 931 665 acres,
959 603 1263 658 invisibiles
1291 612 1344 656 et
1370 604 1632 668 visibiles,
1667 604 1921 659 inimicos
1944 618 1999 661 et
2023 608 2331 676 Itostt-s,qui
2425 632 2439 675 Α

2320 611 2331 663 i
2425 611 2585 675 ρίου.
2621 608 2805 661 Πάντα
2869 606 3161 675 προθύμως
3216 606 3285 657 τὰ
3338 604 3531 657 τούτου
3585 606 3996 673 προστάγματα

761 710 864 748 nos
893 698 1114 747 turbant
1143 696 1407 761 quotidie,
1442 695 1755 757 molestam,
1779 699 2076 766 exagitant,
2099 708 2152 752 et
2182 716 2332 754 Inan-
2431 702 2447 749 ἐ

2311 728 2332 739 -
2431 698 2828 767 ἐκτελέσωμεν.
2886 697 3123 765 Ἐλομεν
3152 697 3376 765 γὰρκαὶ
3423 698 3585 764 ἡμεῖς
3637 697 3874 758 ὅιώκτας
3907 714 3997 747 πι-

752 785 876 836 data
916 787 1245 854 imperiaque
1276 785 1479 839 Christi
1514 788 1800 854 prohibent
1827 792 2071 859 ειεοιψιί.
2099 791 2174 847 Nc
2202 807 2333 859 ergo
2431 809 2438 843 :

2317 808 2333 845 ι
2431 792 2617 858 κροὺς,
2672 790 2800 852 τοὺς
2860 790 3124 859 ἀοράτους
3179 791 3271 842 καὶ
3319 790 3570 859 ὁρατοὺς,
3630 790 3855 856 ἐχθροὺς
3910 790 4003 841 καὶ

753 876 1143 941 ιιίιῖειι.ἱιιειιιηπ·,
1184 880 1434 931 obsecro.
1472 895 1646 947 nequc
1674 880 2116 950 languescatmls,
2152 900 2329 953 neque
2428 898 2439 931 τ

2315 900 2329 936 3
2428 884 2745 951 πολεμίους,
2788 881 3161 950 οορυδοῦντας
3210 883 3359 951 ἡμᾶς
3420 881 3541 935 καθ’
3580 881 3845 948 ἑκάστην,
3907 884 4001 930 καὶ

756 971 1017 1023 εἰτιΙίίιιιιιει
1057 973 1530 1027 colluctationibus
1567 975 1705 1042 ejus,
1747 978 1838 1029 sed
1868 993 2126 1046 generose
2157 991 2211 1033 et
2252 980 2330 1029 vi-
2428 974 2442 1023 ἰ

2317 1006 2330 1016 -
2428 974 2737 1036 λυποῦντας
2772 974 2869 1027 καὶ
2894 975 3354 1044 ἐκταράττοντας,
3386 974 3595 1028 καὶτὰς
3625 972 3847 1033 ἐντολὰς
3904 974 4003 1025 καὶ

759 1062 843 1113 rili
873 1076 993 1114 cum
1027 1065 1206 1128 animo
1258 1066 1575 1119 resistamus
1605 1069 1703 1129 cis,
1747 1078 1909 1137 atque
1954 1071 2327 1139 aeeingamur,
2427 1084 2445 1118 ἰ

2316 1108 2327 1133 ,
2427 1066 2493 1118 τὰ
2516 1068 2919 1135 προστάγματα
2950 1068 3044 1119 τοῦ
3094 1066 3333 1135 Χριστοῦ
3393 1067 3700 1127 κωλύοντας
3734 1065 4002 1131 διαπράτ-

757 1162 813 1202 nt
858 1162 909 1203 el
956 1165 1212 1205 internum
1264 1155 1487 1222 gloriam
1540 1174 1958 1225 cmuscquaumr,
2012 1160 2064 1212 in
2113 1162 2330 1214 Christo
2427 1179 2443 1212 οι

2315 1176 2330 1214 ι
2427 1162 2638 1216 τεσϐαι.
2676 1163 2767 1230 Μὴ
2829 1161 2924 1213 οὖν
2983 1161 3433 1228 μαλακισθῶμεν,
3480 1159 3809 1229 παρακαλῶ,
3867 1160 4001 1226 μηδὲ

756 1241 880 1296 Ιτιειι
932 1242 1159 1298 Domino
1208 1257 1415 1310 nostro,
1464 1250 1549 1301 cui
1589 1248 1757 1317 gloria
1806 1262 1859 1304 et
1932 1252 2213 1318 imperium
2276 1251 2328 1305 iu
2429 1270 2442 1320 ῃ

2315 1269 2328 1304 I
2429 1251 2801 1321 χαυνωθῶμεν
2829 1252 2924 1302 καὶ
2944 1250 3185 1319 ἐνδῶμεν
3219 1253 3333 1313 τοῖς
3349 1252 3556 1302 τούτων
3598 1249 3999 1317 παλαίσμασιν,

753 1335 943 1387 sascula
999 1340 1340 1390 saeculorum.
1378 1342 1572 1394 Amen.
2428 1362 2439 1395 ι

2428 1344 2564 1396 ἀλλὰ
2587 1345 2853 1411 γενναίως
2890 1345 3028 1413 μετά
3071 1344 3326 1413 ἀνδρικοῦ
3361 1344 3457 1396 τοῦ
3515 1346 3871 1413 φρονήματος
3907 1345 4001 1396 ἀν-

748 1432 1251 1521 τιπαραταξὼμεοα
1284 1435 1418 1505 πρὸς
1448 1437 1664 1501 αὐτοὺς,
1728 1441 1823 1492 καὶ
1896 1438 2328 1508 ἀποδυσώμεθα,
2388 1441 2477 1492 ἵνα
2536 1440 2635 1492 καὶ
2690 1441 2788 1509 τῆς
2844 1440 3207 1509 ἀτελευτήτου
3279 1438 3528 1503 εὐκλείας
3624 1437 3999 1507 ὲπιτύχωμεν,

749 1530 808 1579 ὲν
862 1530 1079 1600 Χριστῷ
1147 1531 1327 1600 Ἰησοῦ
1379 1533 1455 1601 τῷ
1517 1535 1706 1607 Κυρίῳ
1756 1537 1961 1605 ἡμῶνο
2107 1538 2140 1604 ἡ
2189 1536 2320 1601 δόξα
2396 1538 2494 1590 καὶ
2560 1538 2621 1588 τὸ
2702 1537 2926 1605 κράτος,
2980 1540 3059 1599 εἰς
3116 1537 3243 1599 τοὺς
3311 1536 3512 1599 αἰῶνας
3586 1537 3697 1589 τῶν
3765 1535 3995 1589 αἰώνων.

762 1620 816 1673 Ἀ
830 1626 958 1692 μήν.

1000 1851 3969 1879 W

774 1882 939 1899 μή

1938 2060 2109 2103 ANNO
2152 2059 2384 2101 DOMINI
2429 2055 2813 2101 MCCCXLVIIL

1468 2264 2943 2476 THEOPHAN
2962 2265 3270 2476 ES

1324 2646 1997 2765 NICZENUS
2136 2643 3405 2765 ARCHIEPISCOPUS.

1693 3096 2265 3189 MONITUM
2349 3096 3031 3188 EDITOBUM.

834 3310 1257 3390 Theophanes
1309 3312 1418 3376 Ill.
1450 3312 1792 3390 episcOpus
1831 3312 2153 3382 Niczenus,
2192 3310 2358 3372 circa
2391 3326 2495 3372 an.
2535 3308 2704 3383 1337,
2737 3311 2849 3372 diu
2904 3316 3053 3389 post
3081 3318 3380 3372 exortum
3414 3308 3692 3371 schisma
3746 3307 3995 3381 ﬂoruit,

760 3413 835 3472 ut
869 3406 1031 3468 bene
1057 3406 1240 3468 docet
1276 3407 1341 3467 P.
1379 3406 1691 3485 Lequien,
1731 3407 1955 3469 Oriens
1987 3407 2369 3479 Christian.,
2412 3414 2458 3467 t.
2492 3406 2543 3478 l,
2582 3425 2638 3483 p.
2674 3404 2817 3477 652,
2850 3423 2975 3467 non
3012 3414 3224 3467 autem
3258 3406 3497 3467 seaculo
3529 3406 3691 3473 VIII,
3728 3413 3795 3464 ut
3846 3421 3998 3479 pro-

765 3503 912 3565 bare
945 3510 1208 3563 conatus
1240 3508 1334 3562 est
1376 3503 1450 3563 D.
1486 3504 1840 3565 Consalvus
1895 3506 2101 3563 Ponce
2140 3502 2220 3563 de
2279 3502 2473 3574 Leon,
2508 3502 2620 3581 qui
2660 3502 2905 3579 primus
2976 3517 3171 3579 Opera
3213 3501 3525 3562 nonnulla
3586 3500 3999 3579 Theophanis

759 3598 1024 3670 Nicasni,
1084 3614 1164 3659 an
1204 3597 1379 3669 1590,
1422 3600 1663 3672 Roma),
1697 3601 1803 3661 Gr.
1845 3602 1978 3661 Lat.
2004 3600 2228 3668 edidit,
2262 3605 2323 3659 et
2358 3597 2724 3659 testimonia
2753 3605 3041 3657 veterum
3080 3612 3206 3656 non
3247 3613 3445 3674 pauca
3492 3594 3787 3673 conjecit,
3854 3614 4001 3673 qua.-

755 3695 832 3755 ad
866 3694 1347 3771 'l‘heOphanem,
1383 3696 1504 3755 sub
1534 3695 1919 3772 imperatore
1948 3695 2311 3773 Theophilo
2338 3696 2541 3773 impio
2576 3695 2985 3767 iconoelasta,
3010 3692 3434 3753 fortissimum
3470 3702 3835 3769 martyrem,
3868 3708 3997 3752 non

756 3792 832 3852 ad
881 3791 1337 3868 Theophanem
1380 3791 1738 3863 Nicrenum,
1776 3792 2109 3853 referenda
2136 3798 2311 3853 sunt.

838 3886 1334 3947 Anetorharum
1367 3887 1785 3963 epistolarum
1821 3890 2060 3968 passim
2122 3889 2413 3949 insinuat
2475 3886 2746 3947 Nicmam
2814 3884 2892 3946 ab
2945 3884 3324 3945 inﬁdelibus
3384 3902 3529 3948 esse
3588 3891 3998 3961 occupatam,

757 3987 919 4048 adeo
965 3992 1031 4044 ut
1075 3985 1294 4044 sedem
1326 3999 1508 4043 suam
1545 3985 1721 4045 adire
1763 4001 1892 4045 non
1928 3983 2157 4064 possit,
2188 3991 2297 4045 aut
2348 3985 2453 4043 vix
2524 3982 2745 4060 possit.
2804 3980 3239 4059 Conqueritur
3294 3998 3372 4043 eo
3419 3983 3593 4060 quod
3646 3998 3801 4042 oves
3861 3997 4003 4041 sua)

760 4097 954 4157 supra
989 4080 1249 4141 modum
1303 4087 1642 4154 vexentur,
1678 4089 1737 4141 et
1772 4097 1880 4141 eas
1934 4082 2248 4151 hortatur,
2291 4081 2538 4157 prolato
2569 4078 2711 4138 Jobi
2772 4077 3094 4155 exemplo,
3134 4078 3211 4137 ad
3245 4076 3608 4138 tolerandas
3668 4094 3815 4138 cum
3883 4091 3999 4151 pa-

769 4176 990 4236 tientia
1022 4176 1210 4235 etiam
1245 4176 1554 4237 maximas
1590 4177 2065 4238 tribulationes.
2121 4176 2373 4237 Alirubi
2442 4175 2677 4237 refellit
2729 4175 3025 4237 haeresim
3064 4174 3551 4247 Palamitarum,
3578 4192 3725 4254 qua)
3762 4174 4003 4234 smculo

771 4273 920 4332 XIV
953 4271 1203 4332 tandem
1237 4279 1457 4333 exorta
1489 4280 1606 4334 est.
1635 4274 1781 4333 Haec
1819 4281 2031 4333 autem
2070 4271 2283 4332 omnia
2311 4269 2702 4348 respondent
2739 4270 2904 4330 aetati
2934 4286 3125 4347 quam
3156 4270 3529 4347 Theophani
3564 4270 4001 4345 assiguamus.

760 4366 873 4429 sed
906 4367 1200 4444 Opinioni
1236 4368 1536 4429 Cousalvi
1575 4370 1784 4429 Ponce
1818 4368 1896 4428 de
1927 4369 2099 4429 Leon
2128 4385 2205 4429 ex
2236 4367 2508 4428 adverso
2538 4377 2979 4443 apponuntur.

840 4462 1253 4540 TheOphanis
1286 4463 1613 4525 scribendi
1655 4465 1817 4525 ratio
1849 4472 1947 4525 est
1977 4466 2253 4543 simplex
2290 4474 2351 4524 et
2383 4463 2674 4535 humilis,
2715 4463 2834 4522 etsi
2873 4462 3046 4523 omni
3091 4460 3425 4522 nobilitate
3456 4476 3585 4521 non
3624 4467 3858 4522 careat.

840 4562 911 4619 ln
950 4560 1156 4637 prima
1190 4558 1460 4637 epistola
1498 4562 1966 4638 promotionem
1996 4578 2176 4622 suam
2209 4560 2388 4639 gregi
2421 4576 2544 4620 suo
2573 4558 2937 4620 annuntiat.
2970 4566 3029 4617 et
3064 4557 3213 4635 quia
3269 4573 3427 4634 grex
3460 4555 3572 4615 ille
3604 4566 3901 4616 versatur
3935 4556 4003 4617 in

768 4655 925 4713 urbe
960 4656 1205 4731 captiva
1237 4662 1297 4715 et
1331 4671 1662 4733 Oppressa,
1700 4657 1775 4715 ad
1816 4675 2007 4734 quam
2040 4658 2341 4718 accedere
2373 4659 2624 4736 nequit,
2675 4656 3044 4733 patientiam
3078 4666 3138 4716 et
3181 4655 3620 4716 fortitudinem
3672 4657 3867 4717 animi
3931 4656 4004 4717 in

771 4751 1236 4813 tentationibus
1275 4752 1591 4829 priecipue
1628 4757 2056 4814 commendat.
2092 4754 2341 4815 Deinde
2380 4752 2661 4815 ostendit
2697 4751 3028 4812 bmreticos
3061 4749 3290 4811 sedulo
3320 4749 3669 4828 fugiendos
3709 4767 3876 4819 esse,
3936 4760 4004 4810 et

770 4848 1106 4907 Palamitas
1144 4846 1400 4908 refellit.
1444 4848 1735 4908 Secunda
1764 4849 2037 4923 epistola
2070 4851 2203 4911 fere
2242 4850 2307 4911 in
2346 4849 2574 4912 eodem
2632 4854 3011 4923 argumento
3074 4846 3435 4907 evolvendo
3501 4852 3623 4905 tota
3680 4854 4001 4907 versatur.

771 4942 993 5001 Eidem
1026 4941 1269 5003 accedit
1304 4942 1649 5020 gratiarum
1681 4942 1873 5014 actio,
1908 4958 1986 5002 eo
2013 4944 2186 5018 quod
2226 4943 2528 5005 liberatus
2558 4944 2754 5003 fuerit
2781 4960 2813 5003 a
2848 4950 3023 5019 peste
3056 4948 3116 5001 et
3145 4958 3179 5001 a
3214 4950 3437 5002 morte.
3476 4942 3689 5002 'l‘ertia
3723 4942 4006 5017 epistola

768 5038 1166 5113 exponenda:
1198 5054 1391 5099 sacrm
1420 5038 1727 5100 doctrinm
1755 5047 1815 5097 et
1844 5040 2360 5101 commendanda:
2396 5040 2759 5117 disciplinas
2788 5038 3237 5099 ecclesiasticm
3284 5038 3417 5099 fere
3450 5038 3694 5115 integra
3725 5036 4000 5099 adhibe-

769 5141 893 5192 tur.
925 5137 1161 5195 Auctor
1192 5134 1555 5194 sacerdotes
1591 5135 1710 5194 sibi
1748 5134 2072 5213 subjectos
2100 5136 2461 5214 alloquens.
2498 5137 2577 5197 de
2610 5135 3048 5197 incarnatione
3083 5135 3362 5208 Domini,
3396 5134 3474 5195 de
3506 5134 4006 5209 regeneratione

767 5227 1053 5289 tidelium
1086 5229 1249 5289 etde
1282 5227 1524 5288 divinis
1555 5231 1971 5290 sacramentis
2007 5231 2269 5307 c0piose
2301 5231 2587 5292 disserit.
2646 5231 2893 5291 Deinde
2924 5238 3302 5308 potestatem
3338 5227 3740 5307 spiritualcm
3789 5246 4010 5291 sacer-

768 5324 992 5383 dotum
1026 5324 1479 5402 pulcherrimis
1508 5327 1719 5388 verbis
1751 5329 2175 5397 commendat,
2218 5327 2964 5386 trausnbstantiationem
3016 5327 3329 5401 agnoscit,
3364 5342 3435 5385 ac
3490 5325 3568 5384 de.
3604 5324 3730 5384 vita
3786 5341 4009 5387 sacer-

772 5420 995 5489 dotali,
1027 5421 1183 5499 quid
1219 5422 1465 5483 scilicet
1498 5423 1813 5484 sacerdoti
1858 5423 2250 5492 faciendum,
2290 5422 2445 5498 quid
2484 5422 2866 5499 fugiendum
2892 5422 2996 5487 sit,
3039 5422 3289 5497 prolixe
3326 5426 3595 5481 enarrat.

852 5517 1063 5578 Editio
1099 5516 1230 5577 hmo
1262 5518 1543 5579 Romana
1579 5519 1739 5578 adeo
1769 5534 1902 5578 rara
1949 5526 2065 5589 est,
2105 5526 2172 5579 ut
2214 5517 2674 5597 bibliographis
2712 5517 2843 5578 fere
2876 5516 3183 5577 omnibus
3238 5516 3565 5596 incognita
3600 5515 3685 5577 sit
3727 5514 3824 5577 vel
3869 5531 4009 5580 non

773 5631 929 5678 νιςῐι.

850 5712 1081 5773 Ρνῐεῐθν
1116 5721 1237 5775 tres
1269 5713 1573 5790 epistolas
1614 5720 1675 5774 ct
1706 5713 2059 5774 orationem
2102 5712 2202 5774 hic
2242 5715 2606 5793 impressas,
2653 5723 2900 5775 exstant
2943 5715 3232 5793 ejusdem
3276 5713 3685 5793 'fberiphanis
3720 5714 3781 5775 in
3814 5714 4006 5775 codd.

771 5823 899 5864 ιιιςς
951 5826 963 5862 Ζ
