4270 6488
311 431 416 492 Ξει
1742 447 2167 509 ΡιὶίῐιιεΑΤιιῖ).
3463 449 3569 511 282

395 548 638 607 Contra
666 549 1095 613 Judaoslibri
1144 555 1223 614 Vl
1292 555 1604 634 (Parisiis
1643 566 1703 619 et
1736 560 2050 638 Oxonii).
2110 563 2387 624 Allatius
2451 564 2523 624 de
2581 564 2815 641 synodo
2876 564 3214 636 Photiana,
3288 581 3341 639 ρ.
3423 566 3563 636 51st,

311 641 532 702 laudat
571 645 984 720 'l‘beolihanis
1018 649 1254 709 librum
1290 661 1584 712 octavum
1625 664 1847 713 contra
1869 656 2146 717 Judtros.

391 739 482 797 De
513 739 745 799 lumine
778 743 941 819 quod
975 746 1407 821 apostolorum
1440 749 1649 808 oculos
1679 752 2064 828 perstrinxit
2096 755 2162 814 in
2195 766 2399 815 monte
2434 754 2452 832 (
2487 754 2782 834 Tbabor)
2819 753 2966 816 libri
3000 753 3076 817 V.

395 836 638 896 Contra
686 840 966 909 Latinos,
1005 841 1147 901 libri
1179 844 1283 902 III.

392 933 483 992 De
529 935 866 1007 Trinitate,
908 937 1070 998 liber
1093 940 1137 998 Ι.

395 1031 486 1086 De
519 1031 594 1091 Β.
651 1033 904 1108 Virgine
938 1043 994 1092 et
1037 1037 1500 1111 incarnatione,
1543 1040 1704 1100 liber
1734 1043 1783 1101 Ι.

393 1128 689 1200 Quatuor
724 1128 949 1190 ultima
979 1142 1317 1192 servantur
1352 1134 1416 1193 in
1451 1137 1785 1198 codicibus
1820 1140 2213 1201 Bodleianis.

1257 1284 1323 1337 l9.
1354 1286 1504 1353 Sept.
1545 1287 1706 1342 i86l.

2892 1405 3067 1466 J.-B.
3117 1407 3200 1466 M.

327 1625 3534 1663 ——___._.___________________________________“

1221 1810 2418 1993 THEOPHAN
2429 1817 2623 1993 IS

788 2160 2243 2320 ARCHIEPISCOPI
2395 2171 3030 2328 NICZEN
3040 2178 3103 2325 Ι

1080 2457 1409 2593 QU/E
1535 2460 2198 2575 EXSTANT
2331 2462 2794 2578 OPERA

901 2679 1114 2742 NUNC
1152 2679 1468 2742 PRIMUM
1507 2682 1618 2741 EX
1650 2683 2178 2744 BIBLIOTHECA
2217 2685 2624 2747 VATICANA
2673 2686 2961 2749 GRIECE

531 2802 635 2864 ΕΤ
672 2802 970 2866 LATINE
999 2804 1270 2879 EDITA,
1319 2804 1391 2865 D.
1435 2803 1852 2868 CONSALVO
1901 2809 2156 2871 PONCE
2206 2812 2313 2872 DE
2365 2813 2577 2873 LEON
2626 2812 3150 2889 INTERPRETE,
3194 2817 3332 2892 QUI

1275 2936 1891 2998 ANNOTATIONES
1951 2940 2206 3000 ETIAM
2253 2941 2586 3001 ADDIDIT

708 3060 812 3121 ΕΤ
842 3058 1141 3122 VARIAS
1176 3059 1622 3123 LECTIONES
1665 3062 1777 3122 ΕΧ
1822 3063 2216 3124 ALTERIUS
2265 3064 2578 3128 CODICIS
2614 3063 3156 3129 COLLATIONE.

1363 3236 1440 3284 Ex
1462 3232 1691 3299 facultate
1722 3241 1769 3288 et
1799 3235 2176 3299 appprobatione
2208 3237 2544 3301 Superiorum.

1132 3541 1318 3603 Roma,
1351 3543 1480 3604 apud
1560 3545 1874 3596 Franciscum
1950 3546 2450 3609 Zannettum.,1590,
2519 3545 2722 3597 its-12.

1352 3863 1488 3907 ILLU
1497 3863 1824 3910 δτιιιεεωο
1879 3867 1958 3912 ET
1997 3862 2550 3910 BEVERENDISSIMO

1021 3988 1085 4031 D.
1131 3987 1376 4031 DOMINO
1420 3987 1612 4032 BERN.
1653 3991 1735 4032 DE
1781 3989 2009 4048 BOIAS,
2061 3992 2354 4037 EPISCOPO
2403 3989 2897 4034 POMPELONENSI

1412 4118 1473 4163 D.
1509 4119 1864 4164 CONSALVUS
1905 4120 2105 4166 PONCE
2133 4121 2211 4166 DE
2241 4120 2405 4165 ΜΞοΝ

1789 4239 1843 4284 8.
1889 4239 1948 4283 P.
1996 4243 2060 4285 ι).

365 4576 655 4641 Quantum
685 4589 776 4639 ego
801 4572 1016 4626 debeam
1047 4570 1390 4638 pientissimm
1422 4570 1692 4623 memoria:
1739 4565 2104 4633 Christopltori
2143 4565 2207 4619 de
2233 4565 2395 4635 Rojas
2427 4569 2798 4636 archiepiscopi
2837 4567 3160 4628 llispalensis
3184 4571 3425 4623 avunculi
3450 4573 3549 4635 tui,

286 4675 405 4716 tute
441 4662 683 4714 omnium
715 4660 909 4727 optime
945 4657 1101 4718 nosti,
1134 4655 1406 4708 Bernarde
1462 4654 1701 4722 pontifex
1725 4654 2113 4718 illustrissime;
2163 4666 2211 4708 et
2241 4673 2332 4723 ego
2360 4660 2564 4725 quidem
2599 4661 2698 4711 nisi
2740 4675 2820 4710 me
2844 4659 3000 4726 plane
3037 4658 3312 4725 indignum
3338 4660 3551 4727 fecerim

287 4754 395 4803 hac
430 4752 570 4808 luce,
593 4762 867 4811 nunquam
935 4743 1212 4811 diffitebor.
1250 4741 1382 4796 Cum
1427 4742 1562 4794 enim
1613 4742 1935 4802 adolescens,
1968 4741 2072 4793 imo
2098 4743 2184 4796 vix
2212 4745 2419 4810 quidem
2454 4747 2695 4814 pueritiae
2731 4747 2924 4798 limites
2975 4762 3235 4813 egressus,
3267 4750 3552 4803 canonicus

287 4839 477 4906 factus
507 4849 679 4887 essem
711 4831 953 4897 ejusdem
994 4828 1253 4891 ecclesite,
1286 4844 1444 4881 senex
1487 4827 1719 4896 optimus
1759 4827 1826 4879 ad
1859 4826 1970 4893 ejus
2001 4831 2428 4895 gubernationem
2468 4845 2791 4902 assumptus,
2832 4834 2937 4884 dici
2961 4849 3062 4885 non
3091 4843 3279 4898 potest,
3320 4850 3424 4902 qua
3469 4836 3549 4887 in-

286 4921 599 4989 dulgentia.
629 4935 737 4985 qua
771 4919 969 4986 gratia,
997 4935 1098 4986 quo
1131 4919 1331 4985 favore,
1363 4927 1574 4969 aetatem
1630 4933 1800 4968 meam
1839 4915 2045 4981 foverit.
2083 4921 2368 4979 ornaverit,
2422 4922 2726 4986 protexerit.
2757 4919 2882 4972 Jam
2912 4930 3004 4972 tua
3035 4921 3087 4971 in
3115 4937 3193 4973 me
3219 4922 3428 4983 merita,
3463 4936 3551 4988 qui

290 5027 353 5062 eo
393 5012 517 5072 ipso
551 5015 788 5068 tempore
815 5004 1236 5058 ecclesiasticam
1269 5020 1374 5056 rem
1420 5020 1514 5068 pro
1565 5001 1824 5054 avunculo
1855 5006 2127 5057 tractabas
2168 5004 2430 5073 (doctrina
2460 5024 2637 5073 mmpe
2664 5024 2898 5071 reqcoas,
2948 5009 3181 5084 moribus
3213 5009 3544 5070 illustrabas,

287 5093 540 5158 exemplo
567 5093 967 5158 componebas),
1007 5092 1215 5159 majora
1249 5091 1484 5158 profecto
1506 5097 1648 5150 sunt,
1685 5105 1840 5156 quam
1881 5095 1938 5140 ut
1965 5091 2101 5143 brevi
2136 5094 2382 5153 epistolio
2413 5094 2778 5146 circumscribi
2813 5104 2905 5146 aut
2940 5095 3190 5151 debeant.
3219 5109 3306 5144 aut
3329 5096 3548 5159 possint.

291 5182 463 5234 Nunc
486 5196 610 5234 vero
645 5195 766 5232 cum
813 5180 1027 5231 diutina
1058 5183 1157 5232 hac
1186 5179 1612 5248 peregrinatione
1655 5194 1797 5238 mea,
1848 5192 1948 5228 non
1978 5193 2010 5228 a
2045 5188 2147 5229 tua’
2187 5179 2344 5230 istius
2398 5181 2765 5231 benevolentia'
2804 5182 3127 5247 possessione
3163 5181 3346 5245 dejici.
3391 5196 3549 5243 quam

291 5271 427 5321 mihi
475 5278 786 5333 perpetuam
822 5267 1106 5331 pollicetur
1150 5267 1456 5318 humanitas
1488 5278 1601 5328 tua,
1632 5265 1722 5317 sed
1754 5265 1980 5316 muneris
2011 5264 2111 5315 mei
2146 5275 2322 5328 partes
2347 5267 2645 5329 intermitti,
2674 5278 2722 5319 et
2748 5269 2902 5332 quasi
2934 5271 3264 5336 languescere
3288 5267 3546 5324 timerent.

294 5358 470 5410 risum
507 5355 720 5422 quidem
749 5363 850 5414 est,
882 5355 938 5406 id
969 5354 1108 5419 quod
1138 5354 1358 5415 privatis
1402 5354 1469 5404 ad
1503 5361 1549 5405 te
1599 5353 1787 5404 litteris
1822 5350 2124 5417 plerumque
2150 5351 2310 5417 facio.
2349 5353 2558 5419 publica
2588 5363 2923 5406 monumento
2960 5355 3168 5407 testari.
3207 5355 3547 5406 Accesserant

292 5445 365 5494 ad
403 5448 520 5495 Iurc
546 5447 791 5511 quaedam
826 5441 959 5501 alia,
995 5457 1111 5509 qua:
1145 5455 1243 5502 me,
1291 5438 1430 5507 quod
1479 5440 1570 5490 diu
1608 5440 1736 5490 mihi
1800 5439 2068 5506 pollicitus
2133 5438 2358 5505 fueram,
2421 5444 2515 5493 hoc
2583 5443 2811 5494 maxime
2845 5452 3074 5509 tempore
3117 5451 3172 5494 ut
3216 5453 3545 5508 prcestarem,

291 5527 656 5595 impulerunt.
688 5525 950 5587 Primum,
997 5527 1126 5578 anni
1163 5542 1287 5578 nove
1319 5527 1564 5577 vertentis
1597 5528 1851 5582 enccenia.
1885 5524 1977 5575 sub
2003 5541 2120 5589 quae
2145 5536 2287 5578 vetus
2317 5525 2468 5579 habet
2517 5529 2862 5589 consuetudo,
2900 5539 2955 5579 ut
3005 5529 3204 5596 aliquid
3248 5538 3546 5581 strenarum

299 5615 521 5668 nomine
553 5614 800 5677 patronis
842 5614 1183 5666 missitenius.
1222 5611 1424 5664 Deinde
1457 5625 1630 5662 rerum
1663 5612 1766 5662 ista
1790 5612 1845 5662 in
1873 5621 1964 5664 tua
1996 5612 2202 5664 diaecesi
2225 5613 2464 5680 difﬁcilis
2499 5617 2748 5668 conditio.
2787 5618 2924 5668 Nam
2955 5617 3049 5669 etsi
3081 5615 3172 5668 Dei
3203 5615 3544 5682 benignitate,

291 5712 344 5754 et
382 5702 524 5770 regis
562 5701 731 5752 nostri
760 5715 934 5768 regum
966 5699 1198 5752 omnium
1224 5709 1277 5750 ut
1313 5698 1530 5751 maximi
1580 5709 1624 5750 et
1654 5699 2014 5763 potentissimi,
2062 5699 2136 5749 ita
2180 5700 2368 5767 optimi
2422 5711 2471 5754 et
2530 5702 2913 5768 religiosissimi
2973 5713 3218 5770 perpetua
3269 5703 3542 5771 vigilantia

296 5795 553 5840 unitersa
590 5789 858 5855 Hispania
885 5788 950 5840 ab
985 5789 1251 5840 liceri-scan
1282 5788 1639 5840 carcinomate
1672 5787 2014 5851 uadequaque
2056 5784 2121 5838 sit
2152 5785 2356 5852 libera;
2393 5797 2446 5839 tu
2481 5799 2653 5840 tamen
2689 5805 2800 5840 eam
2834 5791 3049 5841 sortitus
3081 5806 3132 5841 es
3161 5791 3538 5850 liwreditatem,

295 5877 454 5940 cuius
478 5877 615 5942 ﬁnes
644 5892 676 5926 a
702 5875 998 5929 vicinorum
1024 5874 1255 5928 hostium
1283 5874 1676 5930 incursionibus
1701 5875 1809 5929 dies
1843 5884 1889 5930 et
1922 5885 2092 5928 noctes
2131 5878 2286 5945 tueri,
2317 5893 2583 5946 nunquam
2616 5893 2855 5936 securum
2883 5895 3015 5944 esse,
3043 5896 3306 5945 nunquam
3333 5880 3538 5931 nictare
