4270 6488
708 437 815 499 ‘283
1632 435 1939 494 THEOPZI
1966 436 2147 493 \NES
2192 436 2393 494 EPIS(

2272 433 2609 494 ’15COPUS
2651 435 3032 498 NICENUS.
3849 435 3958 498 284

710 564 981 601 necessum
1013 547 1167 611 plane
1200 548 1292 600 tibi
1321 549 1503 614 fuerit.
1535 546 1801 599 "abemus
1836 548 1989 598 isthic
2035 547 2205 596 ardua
2242 544 2639 611 I’yrcnneorum
2664 544 2817 614 juga,
2851 548 3007 611 quasi
3054 546 3298 614 qua'dam
3332 546 3485 599 ovilis
3519 548 3615 602 tui.
3645 548 3752 600 into
3775 548 3971 614 Hispo-

710 636 814 688 nite
846 636 1027 698 totius,
1061 637 1304 689 adversus
1333 634 1694 686 hereticorum
1730 635 2136 686 Nararrworum
2214 634 2409 683 rabiem
2445 635 2793 686 munimenta.
2837 634 2903 686 At
2949 635 3199 703 majorem
3258 637 3402 690 nobis
3444 635 3699 701 fiduciam
3749 646 3967 702 priestat

711 736 803 776 tua
843 727 1030 780 citius.
1056 737 1146 776 tua
1186 725 1421 776 solertia.
1463 722 1614 776 lianc
1643 726 1718 791 (ut
1744 723 1909 774 solent
1941 723 2193 775 industrii
2226 722 2405 787 duces)
2434 722 2667 773 omnium
2714 721 3160 787 periculosissimo
3186 725 3239 773 in
3268 725 3382 774 acie
3413 725 3526 780 loco
3564 724 3642 775 uti
3685 724 3966 791 probatio-

708 830 839 870 rem.
884 817 1201 866 constituere
1233 815 1456 865 decrevit
1492 815 1715 867 caelestis
1737 814 1825 865 ille
1854 824 2183 881 teternusque
2218 827 2394 863 rerum
2419 812 2777 863 humanarum
2817 813 3131 878 imperator.
3170 812 3282 881 Ego
3307 814 3472 882 igitur
3501 814 3554 866 iu
3600 815 3726 867 meis
3753 816 3968 869 thesau-

710 903 802 958 ris.
834 903 888 953 id
945 914 1014 955 est
1065 904 1285 969 pauperi
1313 902 1646 961 bibliotheca,
1688 903 2005 971 scriptorum
2044 915 2109 953 ac
2150 898 2574 952 lucubrationum
2611 896 2808 949 levibus
2836 898 3145 960 sarcinulis,
3186 900 3319 950 nihil
3364 899 3522 951 habui
3559 901 3657 953 hoc
3713 912 3967 967 tempore,

707 990 803 1040 hoc
831 992 1044 1056 inquam
1080 990 1268 1041 misero
1301 1001 1349 1040 et
1378 1001 1606 1042 extremo
1646 1000 1897 1055 tempore,
1946 1004 2046 1053 quo
2076 987 2397 1038 commodius
2442 1000 2644 1051 possem
2686 986 2938 1038 adversus
2989 988 3467 1049 importunissimos
3519 990 3691 1041 hostes
3758 1006 3971 1042 armen-

712 1078 907 1127 tarium
952 1088 1099 1127 tuum
1128 1080 1389 1129 instruere
1414 1093 1570 1145 quam
1601 1077 1940 1143 pientissimis
1978 1074 2308 1143 Theophanis
2343 1077 2488 1126 urbis
2517 1071 2715 1126 Nicth
2742 1071 2984 1139 prtesulis
3017 1075 3247 1141 seriptis.
3288 1074 3489 1127 Docent
3514 1076 3720 1143 quidem
3760 1076 3854 1130 illa
3888 1077 3968 1146 (ut

713 1172 767 1212 tu
802 1162 1022 1231 ridebis)
1060 1163 1331 1214 Nica'num
1366 1164 1638 1230 populum,
1673 1175 1873 1232 quanta
1905 1164 1969 1213 sit
2004 1162 2284 1213 sacerdotii
2315 1178 2345 1213 a
2381 1161 2483 1212 Deo
2512 1160 2745 1212 instituti
2774 1160 3037 1225 dignitas,
3072 1176 3189 1228 qua:
3224 1162 3574 1225 excellentia;
3609 1164 3835 1230 probant
3880 1182 3969 1218 sa-

711 1252 787 1301 cri
822 1251 1023 1303 ordinis
1053 1251 1345 1317 functiones
1378 1267 1531 1315 penes
1565 1268 1649 1302 eos
1683 1268 1808 1306 esse.
1853 1252 1941 1318 qui
1972 1251 2167 1301 divinis
2214 1248 2611 1301 charaotertbus
2644 1248 2884 1315 iusigniti
2916 1259 3076 1311 sunt;
3118 1249 3481 1302 demonstrant
3513 1267 3616 1319 qua
3647 1253 3968 1315 innocentia,

708 1340 957 1400 puritate.
994 1340 1349 1390 sanctimonia
1380 1355 1490 1391 esse
1519 1356 1603 1391 cos
1640 1338 1895 1399 oporteat.
1925 1337 2012 1404 qui
2037 1337 2105 1389 ad
2132 1353 2393 1400 supremo:
2424 1336 2583 1403 hujus
2611 1336 2886 1404 dignitatis
2931 1338 3130 1401 apicem
3168 1338 3471 1391 erehuntur.
3509 1337 3611 1391 Isti
3651 1349 3835 1392 contra
3878 1358 3971 1392 suo

708 1436 978 1477 Cramcnttt
1012 1427 1257 1486 irrident,
1290 1428 1513 1492 profano
1543 1426 1729 1491 papula
1786 1443 1964 1477 eorum
1999 1436 2165 1491 potest
2189 1437 2306 1477 stem
2372 1427 2652 1485 tribuunt;
2689 1437 3030 1476 sacramenta
3088 1438 3133 1477 ct
3184 1441 3214 1476 a
3268 1425 3374 1478 Deo
3412 1428 3669 1479 traditam
3707 1428 3968 1492 εὐταξίαν

709 1514 1058 1575 confundunt.
1097 1512 1173 1564 Eo
1205 1515 1321 1579 quis
1355 1516 1498 1580 apud
1535 1530 1621 1565 cos
1644 1516 2004 1581 pra'stanlior,
2033 1530 2134 1580 quo
2169 1516 2446 1578 impurior.
2484 1512 2846 1579 TheOphanem
2876 1512 3072 1564 videbis
3111 1514 3180 1564 ad
3201 1512 3559 1566 Christianam
3598 1519 3968 1580 constantiam,

711 1599 1270 1668 longanimitatetnque
1325 1601 1377 1652 in
1413 1600 1689 1654 laboribus
1753 1617 1815 1653 ac
1867 1599 2248 1652 tentatiouibus
2291 1600 2604 1663 habendam,
2667 1599 2915 1666 populum
2948 1616 3103 1651 suum
3137 1600 3507 1654 adhortantem
3535 1616 3553 1663 ;
3580 1613 3789 1674 contra,
3839 1604 3970 1656 istos

713 1688 1062 1754 blasphemas,
1104 1690 1397 1750 instabi'es,
1432 1690 1600 1754 fontes
1661 1692 1772 1742 sine
1824 1706 1982 1757 aqua,
2022 1688 2238 1739 nebulas
2294 1689 2594 1740 tmbiaibus
2629 1687 2951 1755 exagitatas.
2990 1685 3351 1751 Theophanem
3404 1690 3541 1758 leges
3572 1689 3640 1740 ad
3675 1691 3971 1757 gratiarum

710 1778 990 1836 actionem,
1039 1777 1099 1828 ob
1123 1780 1283 1843 pestis
1316 1780 1682 1837 cessationem,
1724 1777 1831 1830 Deo
1867 1778 2119 1829 bonorum
2154 1779 2389 1829 omnium
2433 1780 2640 1831 auctori
2672 1778 3017 1839 reddendam,
3048 1778 3248 1843 plebem
3274 1795 3425 1831 suam
3458 1781 3759 1833 inritantem
3789 1798 3807 1842 ;
3844 1788 3970 1834 sunt

714 1873 759 1916 et
794 1866 928 1914 inter
962 1865 1091 1916 istos
1126 1872 1304 1930 (atque
1336 1884 1363 1915 ο
1390 1868 1591 1917 utinam
1614 1881 1714 1917 non
1746 1882 1926 1917 eorum
1956 1882 2080 1931 pars
2110 1865 2299 1933 major,
2332 1876 2381 1917 et
2423 1867 2566 1919 labes
2597 1868 2725 1921 ba-c.
2766 1884 2795 1920 ο
2826 1868 3075 1919 miserum
3102 1883 3291 1931 (coam,
3321 1867 3460 1932 apud
3514 1883 3599 1919 eos
3624 1868 3852 1937 tantum)
3882 1872 3972 1936 qui

711 1967 873 2001 unum
921 1949 1118 2003 Fatum
1166 1950 1567 2020 Fortunamque
1604 1955 1856 2015 adorant,
1898 1954 1962 2005 iis
1999 1953 2174 2016 litant,
2214 1954 2277 2003 ab
2326 1954 2395 2006 iis
2454 1954 2754 2021 felicitatem
2792 1962 2887 2005 aut
2938 1955 3314 2021 infortunium,
3357 1955 3548 2007 belluis
3604 1957 3815 2025 quidem
3844 1958 3975 2023 ipsis

711 2041 1050 2103 stupidiores,
1090 2042 1308 2102 pendere
1338 2042 1693 2093 arbitrantur.
1733 2039 2101 2105 TheOphanem
2136 2041 2323 2093 audies
2357 2042 2710 2093 humanarum
2747 2058 2921 2094 rerum
2956 2042 3243 2101 levitatem,
3300 2043 3586 2105 miseriam,
3621 2045 3974 2096 caducitatem

711 2140 1135 2196 ea‘aggerttntem,
1161 2130 1662 2196 persuadentemquc
1694 2132 1825 2194 suis,
1860 2138 1915 2181 ut
1944 2131 2007 2180 ab
2038 2130 2104 2182 iis
2137 2131 2206 2181 ad
2261 2131 2394 2182 bona
2429 2129 2622 2192 solida,
2673 2131 2847 2191 beata,
2909 2140 3105 2181 a'terna
3149 2131 3353 2182 animos
3382 2130 3725 2198 transferant.
3762 2130 3862 2183 Isti
3911 2147 3975 2183 es:

711 2216 971 2267 diametro
998 2228 1207 2269 terrena
1248 2219 1484 2283 sapiunt,
1520 2218 1717 2283 seipsos
1744 2231 1949 2280 amant,
1986 2227 2100 2281 post
2123 2234 2335 2269 carnem
2360 2219 2411 2269 in
2471 2218 2822 2271 inmunditia:
2850 2219 3273 2285 concupiscentia
3306 2218 3606 2279 ambulant,
3640 2220 3973 2288 voluptatum

714 2321 892 2371 nempe
922 2307 1391 2371 amatores,mngis
1423 2322 1581 2375 quam
1614 2305 1730 2359 Dei.
1767 2306 2099 2371 Theophanes
2131 2322 2233 2358 non
2261 2307 2412 2358 modo
2449 2308 2815 2358 litereticornm
2859 2307 3110 2357 novitates
3143 2316 3191 2356 et
3246 2322 3408 2365 proca
3439 2310 3687 2375 dogmata
3717 2309 3975 2375 fugienda

713 2409 826 2444 esse
870 2394 1040 2447 docnt.
1076 2395 1166 2445 sed
1194 2404 1242 2445 ct
1274 2396 1593 2445 consortium
1636 2406 1682 2445 et
1738 2404 2071 2458 conspectum
2100 2410 2117 2455 ;
2166 2405 2217 2445 at
2254 2396 2339 2446 isti
2369 2410 2500 2446 nova
2532 2394 2783 2461 ﬁgmenta
2844 2402 2891 2446 et
2914 2394 3245 2461 perditionis
3272 2403 3441 2445 sectas
3467 2396 3704 2462 quotidie
3735 2398 3976 2449 introdu-

713 2493 857 2541 cttnt,
892 2483 1059 2533 solum
1095 2484 1170 2549 (at
1200 2484 1366 2549 inquit
1404 2486 1582 2535 beatus
1614 2482 1810 2540 .Iudas)
1852 2484 2243 2535 Domina'orem
2298 2492 2347 2535 et
2395 2480 2678 2534 Dominum
2716 2492 2955 2533 nostrum
3004 2481 3191 2535 Jesum
3244 2483 3513 2535 Christum
3564 2493 3832 2550 negantes.
3875 2483 3974 2537 His

712 2570 882 2637 igitur
912 2580 987 2622 tu.
1026 2570 1210 2635 hisque
1249 2569 1519 2621 similibus
1573 2571 1942 2634 spiritualibus
2002 2570 2122 2622 telis
2158 2572 2304 2625 lutet
2351 2572 2485 2622 beati
2520 2570 2752 2637 majores
2796 2571 2872 2621 tui
2903 2572 3244 2623 ecclesiarum
3305 2577 3565 2638 pastores)
3594 2573 3777 2625 irritos
3811 2574 3973 2640 facies

713 2660 1063 2708 adrersarum
1095 2659 1327 2722 partium
1368 2670 1415 2709 te
1448 2661 1645 2709 circum
1708 2658 1941 2722 avileque
1992 2668 2139 2710 tuum
2191 2659 2524 2726 frementium
2563 2668 2719 2724 atque
2754 2657 3078 2710 ululantium
3118 2657 3259 2710 insul
3284 2674 3365 2712 us.
3412 2657 3499 2711 Sic
3525 2676 3649 2711 vero
3678 2675 3764 2712 eos
3791 2662 3975 2713 irritos

715 2744 887 2810 facere
917 2744 1212 2806 conaberis,
1254 2755 1309 2796 ut
1354 2746 1829 2811 pra'sentissimum
1886 2744 2140 2799 Ecclesiae
2173 2747 2463 2813 periculum
2492 2747 2690 2796 instare
2734 2761 3041 2811 cognoscas.
3087 2742 3227 2796 Nam
3266 2761 3383 2811 qua:
3412 2746 3476 2797 ab
3524 2746 3747 2814 infelicis
3784 2745 3976 2800 Callia:

714 2831 868 2884 malis
901 2833 1135 2884 universo
1169 2834 1281 2883 orbi
1310 2833 1642 2899 impendeant
1695 2833 1857 2893 mala,
1895 2850 2042 2885 nemo
2086 2846 2159 2886 est
2192 2844 2339 2885 tanta
2372 2836 2559 2887 misere
2590 2843 2909 2891 occwcntus.
2940 2834 3029 2901 qui
3061 2850 3162 2884 non
3196 2834 3385 2897 videat,
3411 2838 3499 2899 qui
3532 2850 3634 2886 non
3657 2834 3855 2895 doleat,
3885 2836 3978 2901 qui

717 2936 816 2969 non
850 2919 1106 2983 deploret.
1142 2917 1337 2969 Eorum
1389 2936 1509 2971 vero
1574 2922 1887 2981 remedium,
1928 2937 2042 2972 cum
2106 2922 2158 2973 in
2218 2920 2417 2974 caelesti
2472 2938 2533 2972 ac
2569 2920 2747 2972 divino
2776 2921 3033 2987 prmsidio
3081 2921 3342 2985 prcecipue
3382 2921 3544 2972 situm
3574 2922 3663 2982 sit,
3696 2924 3748 2973 in
3798 2934 3975 2975 vestra

716 3018 913 3065 tamen,
946 3006 1132 3073 quibus
1168 3007 1349 3073 populi
1378 3008 1674 3061 Christiani
1706 3010 1856 3061 salus
1893 3010 2177 3061 commissa
2204 3019 2301 3070 est,
2333 3009 2468 3060 bona
2502 3022 2565 3058 e1:
2593 3015 2743 3065 parte
2785 3007 3012 3066 positum
3056 3022 3187 3068 esse,
3219 3022 3416 3076 qua'so,
3452 3006 3806 3062 arbitremini.
3843 3008 3977 3072 Quis

713 3094 851 3143 enim
884 3094 939 3145 in
976 3095 1167 3146 divinis
1203 3093 1443 3157 Litteris,
1474 3098 1818 3149 conciliorum
1850 3096 2100 3156 decretis,
2135 3095 2361 3148 Patrum
2413 3095 2650 3159 scriptis,
2679 3094 2912 3161 antiquis
2942 3094 3200 3146 historiis.
3245 3094 3567 3163 quatidianis
3608 3097 3978 3160 experimentis

720 3193 827 3232 tam
862 3183 1193 3250 peregrinus,
1225 3185 1315 3251 qui
1349 3180 1568 3246 nesciat,
1594 3186 1863 3237 ministros
1895 3184 2193 3238 Christiani
2230 3183 2498 3251 Evangelii
2543 3183 2588 3233 si
2622 3198 2803 3234 eorum
2842 3182 2950 3233 vita
2986 3182 3145 3249 digno
3183 3184 3272 3239 sit.
3305 3184 3547 3235 doctrina
3578 3198 3859 3248 priestans,
3893 3187 3980 3238 in—

719 3274 959 3324 nocentia
1010 3273 1257 3337 probata,
1306 3284 1564 3326 sanctitas
1630 3285 1889 3342 spectata,
1951 3273 2150 3327 Christi
2202 3270 2394 3341 populo
2451 3268 2737 3335 plurimum
2792 3268 3151 3335 profuturos?
3201 3267 3427 3329 Contra,
3472 3271 3517 3322 si
3549 3272 3637 3322 isti
3671 3270 3843 3337 ofﬁcio
3880 3287 3978 3323 suo

718 3360 906 3412 desint.
940 3362 1171 3411 muneris
1208 3361 1291 3411 sui
1323 3362 1733 3419 obliviscantur,
1766 3364 1971 3414 nullum
2000 3364 2052 3412 in
2081 3362 2188 3413 illis
2217 3360 2472 3411 doctrinm
2498 3367 2543 3408 ct
2575 3356 2855 3423 probitatis
2896 3356 3156 3417 specimen
3186 3368 3462 3421 appareat,
3493 3358 3837 3409 edacissimas
3867 3376 3983 3411 esse

718 3448 887 3498 tineas
940 3457 988 3500 et
1030 3449 1345 3513 ferrugines.
1388 3466 1503 3513 qua:
1533 3450 1735 3502 intimis
1763 3466 1936 3501 rerum
1965 3449 2298 3517 publicarum
2330 3445 2611 3498 visceribus
2649 3444 2995 3504 adha'rentes,
3034 3444 3166 3494 lente
3198 3446 3405 3511 quidem
3440 3461 3500 3496 ac
3549 3446 3664 3497 sine
3688 3463 3982 3514 murmure,

718 3536 807 3585 sed
844 3539 1052 3587 tandem
1112 3537 1473 3588 inhumaniter
1507 3552 1596 3588 eas
1638 3537 1924 3594 cat-rodunt
1965 3553 2025 3588 ac
2055 3539 2379 3603 discerpunt.
2419 3534 2553 3586 Sunt
2597 3532 2807 3600 quidem
2842 3529 2921 3584 illi
2968 3530 3183 3590 moenia,
3233 3548 3294 3582 ac
3359 3537 3761 3600 propugnacula
3819 3534 3981 3601 hujus

719 3633 1070 3673 sacrosanch
1095 3624 1344 3687 civitatis,
1376 3625 1502 3689 quid
1532 3625 1577 3677 si
1616 3623 1934 3675 collabentia
1987 3625 2182 3689 fuerint
2213 3635 2261 3674 et
2297 3623 2536 3692 ruinoso,
2569 3629 2617 3671 et
2651 3620 2704 3669 in
2727 3620 2996 3684 proprium
3030 3619 3364 3670 commodum
3409 3632 3455 3671 et
3492 3619 3781 3672 utilitatem
3816 3622 3987 3673 decli-

721 3709 804 3759 via
829 3711 854 3761 2’
882 3708 1050 3761 Canes
1096 3710 1177 3760 illi
1210 3713 1361 3762 ovilis
1394 3712 1576 3779 hujus,
1610 3713 1735 3779 quid
1773 3715 1819 3763 si
1844 3711 2185 3763 somniculosi
2209 3719 2255 3760 et
2288 3708 2441 3772 muti,
2471 3710 2576 3757 imo
2604 3708 2762 3774 (quati
2793 3705 3101 3765 dolendum)
3130 3705 3462 3771 rapacissimi
3486 3706 3615 3771 lupi,
3646 3707 3985 3771 propriarum

724 3797 901 3848 ovium
930 3799 1130 3849 exuviis
1159 3799 1387 3865 efferati,
1425 3816 1605 3851 earum
1640 3801 1897 3868 sanguine
1933 3800 2093 3850 rictus
2132 3809 2179 3850 et
2211 3812 2404 3865 ungues
2432 3794 2630 3862 perfusi
2656 3792 2681 3845 ?
2709 3792 2845 3846 Sunt
2879 3795 3141 3844 exercitus
3167 3792 3335 3843 nostri
3358 3793 3693 3860 antesignani
3724 3803 3770 3845 et
3800 3793 3989 3860 primi-

722 3884 818 3947 pili
846 3898 863 3935 :
890 3886 1017 3952 quid
1049 3886 1095 3937 si
1135 3886 1534 3953 transfugarum
1562 3895 1608 3937 ct
1645 3888 2045 3942 exploratorum
2079 3884 2254 3951 officio
2282 3882 2616 3949 fungantur?
2672 3876 3019 3931 I’ru'sentium
3059 3881 3321 3931 malorum
3354 3879 3641 3943 medicina,
3677 3880 3984 3946 futurorum

724 3971 1065 4033 pra'servatio
1090 3988 1205 4023 esse
1231 3972 1442 4024 solent:
1478 3991 1546 4025 an
1602 3975 1766 4041 igitur
1801 3990 2050 4025 iuuenum
2087 3974 2201 4023 loco
2235 3970 2463 4021 antidoti
2495 3968 2643 4020 nobis
2690 3969 3066 4036 propinabunt,
3095 3978 3291 4032 pestem
3322 3982 3383 4015 ac
3419 3966 3552 4018 luem
3583 3966 3726 4019 intra
3777 3980 3986 4022 nostros

725 4058 949 4123 parietes
979 4060 1303 4114 imminent?
1329 4059 1599 4111 Bonorum
1632 4062 1715 4111 illi
1754 4078 1816 4113 ac
1848 4059 2243 4113 Catholicorum
2276 4057 2588 4125 defensores,
2618 4055 2897 4119 impiorum
2933 4064 2979 4105 et
3019 4054 3341 4117 perfidorum
3390 4052 3562 4105 hostes
3601 4069 3709 4106 esse
3746 4055 3930 4107 debent
3963 4071 3986 4119 ;

728 4162 863 4197 anne
891 4147 997 4198 vice
1022 4162 1171 4198 versa
1212 4150 1358 4199 bonis
1387 4158 1434 4198 et
1468 4147 1755 4201 Catholicis
1790 4150 2020 4200 molesto:
2061 4162 2293 4199 noverca:
2332 4155 2504 4205 erant,
2537 4143 2709 4205 impiis
2762 4152 2809 4194 et
2844 4140 3059 4207 perfidis
3111 4140 3435 4204 indulgentes
3494 4151 3539 4191 et
3574 4140 3754 4192 molles
3812 4141 3992 4193 nutri-

730 4234 909 4287 cula'?
943 4232 1173 4301 Denique
1199 4234 1279 4285 illi
1319 4248 1516 4299 patres,
1560 4239 1798 4287 doctores
1843 4247 1889 4287 et
1924 4236 2103 4295 amici,
2138 4234 2264 4296 quid
2298 4235 2504 4285 tantem
2544 4231 2588 4282 si
2634 4229 3079 4281 immisertcitrdes
3114 4232 3351 4283 vitricos.
3389 4231 3434 4278 si
3465 4227 3631 4293 falsos
3672 4230 3985 4295 prophetas,

731 4321 776 4371 si
806 4322 1175 4385 juratissimos
1217 4325 1389 4373 hostes
1423 4339 1508 4373 eos
1542 4324 1876 4389 eaperinris?
1903 4322 2040 4385 Quid
2071 4322 2331 4389 (inquam)
2367 4322 2407 4371 si
2436 4335 2521 4371 eos
2575 4317 2885 4383 temporalia
2918 4330 3011 4379 pro
3044 4324 3278 4377 a'teruts,
3310 4330 3439 4365 rana
3476 4329 3570 4382 pro
3601 4315 3753 4373 reris,
3783 4316 3986 4367 caduca

729 4425 825 4475 pro
854 4410 1063 4466 so‘idis,
1099 4410 1315 4461 fallacia
1352 4426 1445 4476 pro
1485 4412 1663 4472 certis,
1695 4412 1907 4477 propria
1935 4426 2028 4477 pro
2063 4408 2311 4476 publicis,
2350 4406 2582 4457 humana
2611 4420 2705 4469 pro
2735 4403 2950 4461 divinis,
2985 4418 3102 4453 cum
3130 4402 3454 4465 deplorando
3496 4402 3637 4452 orbis
3689 4399 3989 4453 Christiani

730 4498 985 4546 sc'tndalo
1017 4509 1339 4549 commutare
1370 4499 1694 4551 viderimus?
1740 4496 1926 4551 Verum
1979 4498 2088 4549 Ita'c
2122 4498 2354 4564 quidem,
2400 4493 2838 4557 prtrstantissime
2868 4491 3092 4556 pricsiil,
3135 4490 3229 4542 alii
3260 4504 3363 4540 non
3394 4505 3509 4557 ego,
3546 4488 3669 4540 aliis
3710 4504 3812 4541 non
3866 4490 3986 4543 tibi.

737 4584 1064 4646 Theophanis
1123 4584 1376 4648 opuscula
1407 4584 1690 4638 habuimus
1718 4586 2041 4653 jamdudum
2091 4599 2154 4635 ea:
2196 4582 2457 4635 Vaticana
2509 4595 2831 4633 summorum
2864 4577 3171 4643 pontificum
3212 4577 3548 4628 bibliotheca.
3585 4575 3687 4629 Sed
3710 4593 3828 4628 cum
3862 4576 3989 4643 plu-

734 4669 882 4720 rumis
927 4670 1053 4721 locis
1102 4672 1251 4722 valde
1297 4681 1468 4725 essent
1523 4674 1835 4739 depravata,
1864 4673 2145 4725 editionem
2192 4685 2373 4723 eorum
2422 4670 2690 4735 hucusque
2740 4667 3071 4717 distulimus.
3102 4663 3261 4717 Nunc
3302 4680 3421 4715 vero
3447 4665 3659 4716 tandem
3713 4664 3990 4730 exemplar

738 4760 965 4809 "iterum
1000 4759 1167 4809 multo
1196 4761 1502 4819 correctins.
1528 4776 1593 4812 ea:
1630 4759 1981 4811 Messaneusis
2012 4758 2395 4810 archimandrii
2422 4757 2702 4822 archetypo
2732 4754 3052 4815 descriptum
3077 4753 3241 4814 nacti,
3285 4752 3472 4804 Latine
3504 4768 3535 4803 a
3568 4752 3717 4803 nobis
3753 4753 3989 4815 reddita,

734 4859 776 4894 ct
808 4846 1040 4897 brevibus
1073 4847 1208 4897 notis
1243 4858 1402 4898 aucta
1438 4848 1507 4898 ad
1557 4858 1604 4900 te
1634 4850 1920 4901 mittimus.
1957 4847 2143 4900 Graeca
2170 4849 2284 4913 ip~a
2315 4863 2340 4897 e
2368 4847 2575 4913 regione
2605 4843 2924 4894 Latinorum
2954 4857 3244 4908 proponere
3270 4842 3430 4906 (quod
3465 4840 3605 4893 uides
3628 4841 3681 4891 in
3710 4841 3807 4891 hoc
3850 4843 3991 4892 scri-

736 4933 975 4995 ptionum
1001 4948 1186 4998 genere
1216 4944 1268 4984 ut
1300 4935 1588 4999 plurimum
1639 4936 1835 5001 omitti)
1873 4951 1933 4987 eo
1968 4935 2188 4987 consilio
2236 4932 2454 4986 adducti
2481 4946 2686 4991 sumus,
2726 4945 2789 4981 ne
2840 4930 3059 4979 lectores
3092 4943 3211 4979 vera
3268 4927 3361 4977 καὶ
3419 4926 3621 4995 γνησίᾳ.
3654 4925 3991 4992 Theophanis

741 5031 907 5073 mente
934 5020 1341 5087 fraudarentur,
1398 5024 1442 5073 si
1471 5023 1603 5089 forte
1631 5038 1745 5073 eam
1770 5038 1861 5075 nos
1897 5022 2093 5075 alicubi
2130 5023 2302 5073 minus
2335 5023 2562 5073 assecuti
2592 5036 2793 5072 sumus.
2821 5018 2965 5070 Nam
2990 5017 3129 5085 quod
3164 5018 3279 5068 sine
3312 5018 3417 5067 ullo
3445 5018 3564 5081 fuco
3591 5029 3679 5068 aut
3711 5017 3993 5069 "unciario

740 5106 1027 5172 afﬁrmem,
1060 5111 1361 5174 properanti
1392 5110 1549 5161 nimis
1574 5109 1803 5174 calamo,
1845 5126 1906 5162 ac
1930 5111 2080 5177 fessis
2103 5112 2404 5177 plerumque
2429 5110 2647 5160 nimium
2680 5108 2846 5159 oculis
2884 5105 2994 5156 haec
3021 5105 3357 5156 dictavimus.
3384 5104 3506 5155 1am
3528 5119 3646 5171 qute
3674 5105 3739 5156 de
3766 5112 3991 5155 auct-Ore

745 5203 921 5245 nostro
963 5195 1031 5246 ad
1070 5205 1119 5246 te
1152 5196 1405 5263 deferam,
1441 5198 1550 5249 ha'c
1583 5197 1767 5250 habeo.

812 5324 1079 5392 Theophili
1098 5328 1425 5395 imperatoris
1450 5330 1777 5383 iconomachi
1801 5332 2133 5393 temporibus.
2153 5331 2240 5397 qui
2259 5330 2396 5393 patri
2426 5329 2496 5381 Jli

2306 5330 2396 5381 itii
2426 5328 2849 5394 .3lii'liaeli,quem
2874 5324 3047 5377 Gra'ci
3072 5322 3305 5374 historici
3323 5320 3553 5387 :pzuliv
3576 5320 3992 5388 uz‘ttipoppaiov

745 5424 953 5476 νοείτω.
980 5416 1247 5473 successit,
1288 5418 1459 5468 visere
1483 5418 1672 5484 fratres
1701 5422 1804 5470 duo
1826 5419 2129 5471 Theodorus
2153 5431 2195 5467 et
2217 5417 2570 5483 'I'heuplmues,
2588 5415 2718 5465 clari
2738 5416 2798 5465 ob
2815 5428 3086 5465 sacrarum
3108 5410 3393 5475 imaginum
3422 5412 3665 5460 adi-eram
3690 5410 3907 5473 ίυιρίυιη
3936 5421 3990 5462 ει

745 5502 1055 5569 sacrilegum
1110 5504 1313 5569 princip
1334 5522 1417 5565 'nt,
1441 5518 1925 5573 propugnationem.
1966 5503 2100 5555 Nam
2133 5506 2328 5571 frontes
2356 5508 2507 5558 ambo
2532 5502 2691 5569 (quod
2724 5500 2930 5567 quidem
2956 5496 3265 5563 supplicium
3294 5498 3579 5561 imperator
3606 5491 3988 5547 Constantinus

752 5589 828 5637 uti
866 5590 1101 5651 impium,
1133 5590 1418 5657 dit-irimque
1450 5594 1931 5659 pulchritudini,ad
1966 5594 2113 5658 cujus
2143 5592 2535 5643 similitudinem
2577 5589 2804 5638 humana
2826 5586 2985 5652 facies
3026 5583 3252 5651 ﬁgurata
3283 5593 3375 5639 est.
3405 5582 3852 5643 contumeliosum,
3873 5582 3992 5649 lg'ge

753 5674 1109 5739 prohibuerat,
1138 5675 1174 5727 Ι.
1193 5691 1325 5740 xvu,
1347 5678 1488 5730 (ηυξ
1509 5680 1694 5749 poenis)
1719 5680 1992 5747 ejusjussu
2032 5682 2166 5730 notis
2195 5676 2512 5743 compuncti,
2542 5691 2601 5726 ac
2630 5682 2899 5737 propterea
2925 5666 3072 5735 rulgo
3103 5670 3331 5738 ξ’ριπτοὶ
3358 5668 3801 5735 appellati,variis
3822 5669 3988 5719 etiarn

755 5760 878 5813 aliis
903 5767 1143 5817 tormenti
1159 5765 1397 5832 sufﬂicit,
1419 5778 1465 5817 ct
1486 5768 1690 5820 tandem
1715 5769 1765 5820 in
1780 5769 2016 5821 exsilium
2037 5765 2330 5834 pulsi,nihil
2347 5780 2372 5815 e
2390 5764 2647 5815 constanti
2677 5759 3016 5827 confessionis
3037 5757 3225 5808 ardore
3244 5753 3705 5808 remiwrunlJ'uit
3730 5755 3795 5804 iis
3825 5756 3994 5821 (quod

766 5860 812 5901 et
840 5851 907 5903 ad
931 5868 1105 5904 eorum
1125 5854 1344 5920 gloriam
1371 5870 1466 5906 non
1493 5857 1761 5908 minimum
1796 5854 2033 5913 ucrtinct)
2058 5864 2102 5905 ct
2129 5863 2283 5906 a'tate
2310 5851 2550 5910 aqualis,
2588 5860 2633 5901 et
2666 5848 2783 5900 fidei
2807 5847 2998 5900 socias.
3029 5862 3242 5910 maquus
3272 5846 3357 5895 ille
3396 5842 3692 5897 Methodius
3725 5839 3999 5894 Constan-
