4270 6488
303 391 417 450 285
1751 398 1989 456 PILEF.‘

1864 399 2165 459 .EFA'NO.
3449 407 3550 467 286

302 507 716 573 tinopolitanus.
751 522 898 575 quem
928 515 1095 565 virum
1119 514 1356 581 sepulcro
1390 515 1586 567 includi
1620 521 1752 583 (erat
1797 520 1838 572 is
1868 535 1924 571 eo
1961 535 2066 570 a‘ro
2095 536 2192 570 non
2229 520 2526 588 infrequens
2551 523 2840 586 cruciatus)
2860 523 3019 590 jussit
3041 523 3174 576 idem
3208 525 3549 591 impiissimus

302 608 590 664 tyrannus.
625 596 844 649 Exstant
877 600 1089 663 quidam
1123 603 1303 657 iambi.
1339 621 1462 669 titt'u
1501 603 1796 657 Theodorus
1832 623 1892 657 ac
1925 605 2277 669 Theon/mnes,
2308 611 2493 662 ξηραηι
2530 609 2760 661 insulam
2786 611 2967 671 αριαιε,
3001 627 3103 678 qua
3131 610 3426 663 Μεηιοάίιη
3454 615 3547 663 ,μιν

299 694 507 734 terram
544 685 788 752 degebat,
833 690 900 736 ad
959 704 1072 737 eum
1107 690 1449 752 scripserunt.
1489 691 1565 740 illi
1607 707 1783 748 eiram,
1825 710 1951 758 quos
1986 698 2069 745 hic
2121 698 2187 745 ad
2242 700 2441 748 eosden’.
2477 699 2762 762 respondit.
2799 698 2962 760 Quos,
3006 699 3144 762 quod
3172 700 3549 766 elegantissimi

299 773 429 828 sint,
471 783 586 838 post
625 778 758 822 hanc
789 777 1066 838 epistolam
1109 779 1388 838 ascriotos,
1424 779 1526 827 nisi
1573 781 1824 844 gravaris,
1883 799 2055 845 quiem
2087 784 2248 841 legas.
2293 784 2499 836 Mortuo
2536 784 2849 852 Theophilo,
2893 790 2986 836 sub
3028 785 3302 838 Theodoro
3341 799 3389 838 et
3439 787 3516 838 Mi

299 863 486 909 chaele
516 861 627 916 lilio
654 862 821 924 (quem
864 862 1097 926 μεὺυαῆν
1129 874 1310 914 vocant
1340 875 1599 922 auctores;
1631 868 1852 917 inducia.’
1884 872 2085 934 quidem
2116 870 2360 922 Ecclesia!
2388 889 2664 928 concessa'.
2695 888 2796 922 non
2822 888 2942 936 pax,
2970 874 3217 933 malacia,
3255 890 3355 924 non
3397 883 3545 923 tran-

297 947 567 1001 ιάηἱίίέιηε-
611 949 944 1004 Theon/Ianos
993 949 1150 1014 igitur
1177 965 1234 998 eo
1285 963 1513 1015 tempore
1549 971 1651 1002 una
1710 970 1820 1004 cum
1856 955 2123 1008 Theodoro
2163 959 2350 1023 fratre.
2385 970 2437 1010 ut
2487 973 2535 1011 et
2593 960 2911 1020 Methodius,
2949 961 3144 1020 aliique
3183 977 3339 1027 quam
3399 963 3544 1010 multi

294 1033 436 1081 icom
459 1035 746 1084 clastarum
781 1035 978 1092 hostes,
1019 1039 1080 1085 ub
1110 1038 1295 1086 exsilio
1331 1050 1627 1098 rerocatus,
1661 1040 1724 1090 ab
1757 1043 1990 1110 Angusta
2017 1045 2301 1097 honoriﬁce
2329 1057 2612 1106 tractatur,
2652 1051 2753 1096 imo
2772 1056 2819 1097 et
2860 1047 3123 1097 luculento
3146 1049 3376 1098 convivio
3403 1053 3542 1099 exci-

296 1131 466 1179 pitur.
513 1121 682 1186 Atque
713 1122 964 1172 hactenus
1002 1138 1060 1172 ea
1104 1121 1194 1171 tibi
1227 1123 1402 1183 retuli,
1435 1142 1551 1191 qua:
1591 1143 1619 1174 (ι
1647 1125 1844 1178 Gra'cis
1887 1131 2148 1182 historicis
2195 1132 2256 1182 ab
2305 1150 2444 1184 anno
2476 1135 2665 1184 salutis
2698 1135 3127 1194 octingentesimo
3179 1136 3438 1193 vicesimo,
3473 1137 3542 1186 ad

296 1213 786 1276 octing-utmimmn
821 1212 1306 1276 quinquagesimum
1339 1215 1657 1266 scribun'ur.
1687 1217 1898 1268 Addunt
1945 1216 1982 1270 Il

1857 1229 1898 1268 ἠ
1945 1216 2182 1270 [fontana
2212 1218 2614 1287 Martyrologia.
2641 1230 2688 1272 et
2721 1220 3021 1271 Crtecoruni
3050 1218 3342 1288 Menologin
3381 1220 3543 1273 Theo-

292 1301 524 1360 p';anem
553 1296 615 1346 ab
644 1296 830 1346 cnsilio
863 1314 1118 1348 reversum
1159 1296 1390 1350 Nica'nre
1421 1302 1562 1351 urbis
1601 1304 1890 1367 episcOpum
1917 1321 1978 1354 cr.

1848 1323 1890 1354 m
1917 1316 2146 1358 creatum
2179 1307 2360 1373 fuisse.
2396 1304 2506 1356 Nec
2533 1323 2624 1372 ego
2664 1316 2799 1356 certe
2819 1309 2882 1356 de
2917 1323 3091 1356 eorum
3130 1306 3231 1373 fide
3267 1297 3534 1358 atlilubixo.

291 1383 354 1434 Il
391 1385 530 1432 ε-ιίηι
561 1395 606 1432 el
643 1381 970 1448 Theophanis
1013 1384 1142 1435 Vita:
1199 1389 1424 1447 scriptor
1474 1403 1503 1437 a
1539 1386 1826 1448 Lipomano
1857 1393 2021 1441 editus
2050 1395 2299 1454 primum,
2340 1393 2545 1441 demum
2571 1411 2599 1440 a
2644 1390 2827 1451 SttTIO,
2861 1409 2954 1442 nos
2997 1393 3170 1449 docet,
3205 1403 3252 1442 et
3312 1393 3540 1445 Michael

289 1467 487 1536 Clgca,
525 1482 573 1521 et
604 1469 988 1522 Constantinus
1021 1471 1289 1524 Manasscs
1316 1473 1488 1526 Graeci
1522 1484 1758 1526 auctores
1795 1477 1983 1528 litteris
2025 1487 2367 1529 mandarunt.
2404 1477 2640 1540 Quorum
2685 1480 3012 1539 testimonia,
3056 1480 3194 1545 quod
3236 1496 3470 1530 seorsum
3506 1500 3534 1531 a

290 1574 374 1607 me
407 1560 582 1617 posita
619 1561 786 1623 legere
820 1561 1014 1623 possis.
1051 1561 1132 1611 hic
1162 1564 1586 1624 pra-(armillam.
1633 1563 1735 1616 Sed
1768 1574 1816 1615 et
1841 1578 2047 1622 ca'tera.
2086 1581 2201 1633 qua:
2241 1565 2309 1616 ad
2343 1566 2498 1630 hujus
2534 1566 2630 1616 eiii
2671 1567 2825 1616 citam
2867 1565 3193 1630 peculiarius
3221 1583 3537 1633 cognoscen-

287 1651 414 1693 dam
465 1654 725 1708 spectant,
775 1656 878 1695 tam
919 1664 950 1696 a
988 1649 1277 1708 pra-citatis
1329 1650 1655 1711 auctoribus,
1713 1666 1864 1715 quam
1925 1654 1986 1703 ab
2022 1669 2103 1714 eo,
2155 1669 2303 1718 quem
2336 1655 2492 1705 etiam
2534 1654 2800 1704 nominavi
2843 1654 3211 1716 metaphraste,
3256 1670 3317 1704 ne
3366 1671 3458 1723 ego
3490 1667 3536 1706 te

285 1732 528 1793 plmibns
563 1747 756 1790 morer,
788 1732 948 1794 facile
986 1734 1264 1800 intelliges.
1304 1733 1488 1802 Itaque
1511 1737 1698 1788 dubias
1732 1754 1830 1789 non
1859 1755 1994 1798 sum.
2030 1741 2153 1796 quin
2191 1739 2526 1801 Theophanes
2555 1753 2728 1790 noster
2784 1742 2827 1790 is
2875 1741 2983 1804 ipse
3017 1740 3106 1798 sit.
3143 1740 3204 1791 de
3250 1757 3351 1806 quo
3396 1741 3537 1792 diri-

285 1838 426 1873 mus.
471 1820 661 1874 Verum
697 1826 945 1889 quoniam
986 1826 1085 1876 loci
1117 1831 1218 1876 duo
1253 1829 1391 1891 apud
1416 1831 1654 1880 eunulcm
1692 1832 1765 1880 ita
1803 1845 1984 1896 urgere
2018 1833 2277 1884 nitentur,
2309 1838 2362 1879 ut
2394 1827 2557 1877 multo
2592 1828 2848 1878 recentior
2879 1827 3180 1879 existimari
3216 1844 3305 1879 nec
3333 1828 3534 1896 injuria

282 1912 474 1970 possit,
512 1910 632 1962 illos
680 1913 770 1962 tibi
815 1914 1082 1978 praeterire
1113 1931 1212 1963 non
1260 1915 1438 1966 debeo.
1475 1915 1703 1982 Uterque
1727 1919 1948 1968 habetur
1984 1917 2034 1967 in
2077 1917 2294 1979 epistola
2325 1917 2392 1967 ad
2424 1915 2667 1968 Nicwnos
2698 1918 2760 1967 de
2796 1932 2969 1968 rerum
3014 1921 3364 1968 humanarum
3409 1934 3536 1968 con-

281 2007 509 2060 ιιιιηριιι.
550 1997 708 2048 Prior
737 2008 814 2049 est
837 2000 888 2050 in
915 2001 1025 2064 ipso
1058 2001 1229 2056 initio.
1259 2002 1346 2053 ubi
1374 1999 1613 2054 Nicteam
1651 2014 1879 2064 captam,
1915 2014 2068 2069 atque
2096 2009 2149 2055 iu
2185 2005 2409 2055 hostium
2462 2013 2768 2067 potestatem
2806 2004 3071 2055 redactam
3098 2005 3256 2056 dolet.
3295 2005 3438 2056 Alter
3477 2008 3530 2058 in

277 2085 410 2150 ﬁmi.
451 2102 554 2149 quo
595 2090 674 2149 (ut
714 2086 934 2137 habetur
997 2089 1050 2139 in
1078 2090 1367 2155 exemplari
1404 2088 1676 2156 Vaticano)
1709 2091 1940 2143 meminit
1969 2091 2241 2143 Barlaami
2265 2100 2312 2143 et
2343 2092 2599 2158 Acyudini
2622 2091 3008 2142 luvreticorum.
3036 2091 3098 2140 At
3127 2089 3446 2142 Boi-luamus
3481 2101 3530 2141 et

286 2176 605 2238 Acymlmtts
641 2174 736 2224 sub
769 2173 981 2226 Joanne
1010 2172 1151 2232 XXI.
1182 2192 1287 2227 sive
1321 2177 1486 2226 mavis
1518 2176 1682 2236 XXII,
1719 2176 1952 2229 Romano
1997 2179 2259 2242 pontiﬁce,
2300 2178 2553 2229 Michaele
2583 2179 2880 2227 Andronico
2924 2172 3223 2241 Pala'oloqo
3273 2175 3526 2235 Orientis,

279 2263 515 2310 Henrico
541 2259 959 2327 Lucenburgico,
988 2264 1090 2314 sive
1113 2262 1378 2316 Ludovico
1405 2263 1608 2315 Bavaro
1639 2264 1934 2317 Occidentis
1974 2267 2396 2331 imperatoribus,
2428 2281 2704 2324 emersere.
2729 2267 2871 2316 circa
2909 2263 3107 2316 Christi
3137 2281 3332 2314 annum
3364 2265 3529 2315 mille-

276 2353 476 2401 simum
503 2355 932 2404 trecentesimum
961 2355 1287 2407 vicesimum.
1321 2355 1558 2419 Quorum
1601 2367 1723 2407 tunc
1762 2358 2004 2421 temporis
2037 2357 2275 2416 impietas
2322 2355 2523 2418 (nempe
2555 2370 2615 2404 ea
2647 2355 2781 2419 ipsa,
2813 2369 2928 2420 qum
2951 2369 2980 2403 a
3015 2362 3192 2404 nostro
3221 2353 3527 2416 Theophane

274 2446 639 2504 oppugnatur)
667 2441 896 2492 coercita
926 2442 1044 2509 fuit.
1083 2439 1184 2494 Sed
1217 2453 1267 2494 et
1308 2445 1486 2496 eodem
1512 2459 1638 2505 tero,
1677 2460 1855 2511 nempe
1880 2444 1946 2492 ad
1986 2457 2179 2491 annum
2205 2439 2399 2492 Christi
2423 2440 2756 2491 m'llesimum
2792 2440 3236 2497 trecentesimum,
3274 2438 3527 2507 Scythica

272 2542 404 2589 gens
432 2528 703 2579 Orientem
749 2533 959 2596 gravius
1009 2532 1235 2596 pervasit
1304 2532 1588 2583 Ottomano
1640 2535 1789 2593 duce,
1845 2530 1995 2595 cujus
2049 2528 2192 2595 ﬁlius
2244 2527 2548 2579 Orchannes
2611 2544 2712 2578 non
2769 2533 2933 2577 multo
2995 2536 3106 2589 post
3160 2523 3343 2577 Νιταή
3409 2527 3527 2594 ipsa

273 2615 425 2679 longi
475 2616 725 2682 temporis
781 2617 1052 2669 obsidione
1111 2619 1342 2685 fatigata
1407 2621 1617 2670 tandem
1667 2620 1867 2686 potitus
1933 2624 2026 2667 est.
2081 2615 2264 2680 Itaque
2318 2617 2427 2666 Ιρωε
2478 2619 2613 2666 inter
2636 2631 2746 2665 sese
2799 2617 2874 2666 ita
2919 2615 3192 2665 convenire
3260 2614 3522 2676 videntur,

272 2711 334 2750 ut
394 2711 632 2752 nostrum
685 2700 1047 2765 Theophanem
1100 2720 1160 2754 ea
1206 2716 1364 2757 aetate
1415 2706 1606 2757 uixisse
1663 2723 1781 2756 vero
1844 2705 2068 2757 similius
2116 2703 2294 2770 fuerit.
2321 2700 2579 2753 Ca'terum
2629 2718 2719 2768 ego
2775 2718 2876 2753 non
2922 2702 3094 2752 adhuc
3159 2703 3415 2762 adducor,
3471 2715 3524 2754 ut

272 2805 303 2836 a
367 2790 537 2852 priori
612 2790 867 2842 sententia
946 2790 1238 2842 discedam.
1315 2790 1458 2844 Nam
1525 2793 1786 2860 Acyndiui
1853 2801 1898 2842 et
1963 2788 2242 2842 Barlaami
2319 2790 2513 2840 mentio
2596 2795 2733 2840 drest
2797 2791 2846 2839 in
2915 2788 3239 2840 Messaneusi
3323 2790 3520 2846 codice,

269 2875 432 2937 cujus
482 2876 776 2940 exemplum
826 2876 895 2928 ad
943 2879 1075 2929 hanc
1123 2880 1398 2930 editionem
1458 2881 1731 2932 habuimus
1787 2894 1944 2946 opera
1999 2876 2195 2928 Metelli
2251 2875 2470 2928 Andenii
2533 2876 2630 2926 viri
2688 2875 2830 2926 docti
2903 2884 2949 2927 et
3011 2878 3215 2942 integri.
3267 2874 3331 2927 Ιιι
3387 2892 3523 2927 certe

267 2960 626 3013 Messanensis
651 2963 773 3012 libri
799 2963 932 3028 fides
965 2975 1140 3030 potior
1187 2965 1315 3015 mihi
1359 2965 1484 3030 fuit,
1537 2981 1692 3032 quam
1752 2965 2037 3027 Vaticani;
2087 2981 2207 3015 nam
2247 2976 2292 3015 et
2349 2963 2514 3014 multo
2542 2963 2794 3026 majorem
2859 2964 3220 3027 antiquitatem
3275 2966 3520 3031 pra'ferre

267 3059 504 3105 constat,
543 3065 660 3098 cum
729 3047 1032 3101 Vaticanum
1085 3052 1179 3102 sub
1237 3051 1461 3104 Nicolao
1499 3050 1541 3104 V
1592 3055 1842 3115 scriptum
1896 3052 2059 3118 fuisse
2095 3052 2251 3115 facile
2289 3052 2356 3102 sit
2401 3049 2642 3116 colligere
2690 3066 2752 3101 es:
2808 3049 3005 3100 l’erotti
3056 3049 3364 3116 quibusdam
3428 3065 3521 3113 pa-

265 3136 459 3201 rergis,
497 3151 614 3202 quae
652 3151 746 3200 pro
778 3137 943 3188 libelli
978 3138 1130 3189 initio
1159 3138 1437 3190 habentur.
1487 3138 1683 3190 Deinde
1733 3142 1944 3190 ka'resis
1985 3138 2253 3188 Barlaami
2300 3146 2346 3187 et
2387 3136 2651 3187 Acundini
2687 3154 2785 3186 non
2823 3137 2916 3203 fuit
2958 3153 3128 3198 nova;
3160 3153 3282 3186 nam
3325 3142 3514 3187 multa,

267 3224 378 3271 imo
427 3224 536 3284 fere
586 3224 761 3274 omnia
807 3240 837 3272 a
866 3224 1055 3288 priscis
1102 3225 1361 3276 luereticis
1391 3227 1698 3292 desumpsit,
1739 3237 1791 3276 ut
1826 3227 1876 3277 in
1921 3225 2068 3276 illius
2115 3225 2213 3274 loci
2255 3226 2465 3274 scholiis
2519 3226 2908 3274 demonstrabo.
2972 3223 3110 3284 Quot
3153 3224 3512 3273 lta'relicorum

265 3310 468 3360 delirio
508 3320 762 3360 notantur
793 3310 855 3361 ab
894 3309 1130 3377 Ignotio,
1162 3313 1250 3378 qui
1285 3321 1513 3378 tempore
1567 3313 1935 3378 Apostolorum
1970 3315 2116 3370 vixit.
2149 3330 2264 3378 qum
2299 3314 2448 3370 Ario,
2500 3310 2828 3366 Macedonio,
2871 3308 3151 3370 Neslot'in,
3210 3308 3512 3376 Izutyriu-ti,

264 3410 530 3463 tanquam
561 3412 741 3448 eorum
775 3398 1081 3449 architectis
1115 3399 1412 3450 tribuerunt
1441 3401 1637 3452 siecula
1686 3401 2066 3454 succedentia?
2101 3399 2222 3453 Jam
2268 3400 2466 3451 Merra:
2506 3404 2827 3467 oppugnatio
2864 3417 2892 3446 ιι
2941 3399 3132 3461 prioris
3185 3396 3514 3459 Theophanis

263 3494 431 3534 a'tate
487 3499 592 3534 non
623 3486 838 3535 omnino
889 3490 1176 3546 discrepat.
1221 3483 1362 3536 Nam
1418 3487 1583 3538 multo
1633 3498 1751 3536 ante
1791 3486 2125 3551 Theophilum
2178 3489 2544 3550 imperatorem
2600 3487 2840 3537 universa
2877 3490 3000 3537 Asia
3037 3487 3109 3536 ita
3157 3503 3186 3534 a
3233 3483 3511 3535 Sarmenis

263 3571 650 3637 infestabatur,
678 3581 732 3639 ut
766 3571 884 3638 ﬁeri
913 3573 1148 3637 potuerit
1184 3574 1369 3640 (varice
1405 3576 1543 3624 enim
1562 3573 1678 3640 jam
1710 3584 1832 3624 tunc
1868 3585 1914 3626 et
1960 3591 2086 3641 pene
2121 3589 2492 3625 momentuaea’
2531 3575 2580 3624 in
2611 3573 2872 3624 Orientali
2903 3573 3118 3636 imperio
3166 3587 3339 3621 rerum
3371 3573 3511 3621 vicis-

261 3657 576 3722 situdines),
609 3655 847 3710 Nicaeam
880 3659 935 3709 in
978 3675 1156 3710 eorum
1187 3670 1495 3725 potestatem
1527 3661 1596 3711 ad
1625 3659 1841 3727 aliquod
1873 3671 2072 3726 tempus
2115 3663 2401 3713 redactam.
2436 3659 2588 3712 Certe
2624 3660 2804 3710 Leonis
2835 3659 3061 3709 Isaurici
3089 3673 3226 3708 anno
3259 3657 3508 3718 secundo,

260 3745 356 3809 qui
397 3743 503 3809 fuit
544 3743 738 3796 Lhristi
767 3746 1250 3812 septingentesimus
1272 3747 1508 3813 quintus,
1541 3745 1788 3809 Thracia,
1821 3749 1922 3797 imo
1949 3747 2059 3813 ipsa
2090 3747 2209 3798 urbs
2256 3748 2460 3809 imperii
2507 3749 2671 3805 sedes,
2702 3762 2794 3811 per
2818 3746 3178 3811 So.ymauum,
3210 3740 3463 3794 Umarnm
3491 3784 3505 3807 ,

269 3829 484 3880 lzithen
512 3831 775 3881 biennium
805 3843 1129 3898 oppugnata.
1165 3833 1280 3895 Quo
1331 3835 1493 3885 etiam
1531 3845 1758 3898 tempore
1803 3833 2146 3885 Mardasanes
2195 3837 2257 3883 ab
2296 3831 2487 3884 (Et/ia:
2518 3833 2652 3899 pylis
2685 3835 2751 3882 ad
2804 3830 3043 3882 Nica’am
3075 3841 3117 3882 et
3147 3829 3506 3881 Nicomediam

265 3935 458 3983 usque,
501 3927 557 3968 ut
613 3921 929 3970 nominatim
965 3921 1308 3985 prodiderunt
1356 3932 1618 3980 auctores.
1665 3937 1970 3980 excursans,
2025 3930 2182 3970 totam
2223 3919 2534 3987 Bithyniam
2563 3918 2864 3985 fpopulatus
2893 3927 2987 3970 est.
3037 3915 3139 3969 Sed
3180 3927 3228 3967 et
3273 3915 3505 3983 ejusdem

261 3998 506 4056 Cononis
540 4023 680 4055 anno
711 4007 910 4057 decimo
946 4008 1103 4058 Amer
1136 4011 1235 4065 (si:
1266 4010 1494 4076 Agareni
1534 4011 1784 4061 vocabant
1829 4024 1951 4060 suos
1998 4010 2360 4074 imperatores)
2400 4017 2450 4058 et
2478 4008 2677 4059 Mabias
2719 4008 2959 4073 quidam,
2991 4022 3102 4057 cum
3136 4015 3337 4056 centum
3385 4005 3504 4056 uril-

256 4094 404 4144 libus
437 4094 663 4142 militum
697 4092 934 4145 .Vica'um
964 4097 1054 4145 diu
1086 4097 1305 4157 obsedit,
1333 4113 1447 4164 qute
1477 4098 1683 4148 tandem
1717 4112 1769 4147 re
1808 4097 2103 4162 desperata.
2144 4093 2458 4146 Sanctorum
2491 4096 2802 4147 tutelarium
2837 4111 2950 4160 ope,
2988 4095 3076 4160 qui
3107 4108 3198 4159 per
3235 4108 3500 4143 murorum

256 4180 634 4231 demolitiones
664 4182 950 4245 conspecti,
998 4182 1169 4234 hostes
1218 4193 1534 4247 terruerunt,
1587 4184 1860 4234 liberatur.
1913 4180 2190 4234 Michaelis
2227 4182 2375 4234 Bulbi
2410 4184 2630 4246 imperio
2692 4187 2866 4249 major
2917 4184 3089 4232 adhuc
3157 4182 3499 4230 barbarorum

257 4268 519 4328 illuvies;
556 4285 673 4316 nam
710 4267 846 4318 illia
879 4268 1144 4320 littoribus
1176 4269 1358 4320 Btetici
1394 4268 1590 4320 Oceani
1634 4270 1799 4320 nostri
1832 4271 2085 4322 solventes
2133 4271 2253 4336 (quo
2308 4278 2537 4331 tempore
2587 4273 2834 4333 regnabat
2883 4272 3020 4324 apud
3067 4287 3156 4320 nos
3206 4268 3498 4334 Alphomus

255 4366 610 4424 cognomento
653 4355 900 4418 Magnus,
940 4356 1197 4406 Iimtimtt'i
1247 4358 1408 4419 ﬁlius,
1449 4358 1668 4411 0t'donii
1717 4375 1890 4425 nepos,
1931 4355 2135 4408 Carsite
2182 4356 2348 4423 pater)
2397 4356 2555 4422 facile
2590 4357 2797 4407 Cretam
2847 4366 3247 4418 occupaverunt,
3280 4365 3325 4404 et
3363 4356 3499 4405 breri

257 4443 538 4504 Siciliam,
571 4441 901 4504 Calabriam,
936 4443 1224 4508 bonamque
1258 4441 1434 4498 Italae
1467 4454 1672 4507 partem
1710 4445 2078 4506 debellarunt;
2127 4446 2178 4494 in
2217 4445 2397 4494 Asiam
2447 4445 2654 4493 tandem
2696 4445 3042 4509 trajicientcs,
3082 4455 3234 4508 atque
3269 4444 3386 4493 aliis
3419 4443 3501 4492 sui

253 4533 470 4600 generis
506 4529 775 4595 adjuncti,
813 4545 949 4596 sape
981 4530 1033 4580 in
1066 4528 1272 4581 (ἐνατία
1304 4531 1383 4582 vel
1411 4548 1526 4581 cum
1558 4535 1668 4594 ipso
1702 4530 1983 4592 TllCthilO
2019 4532 2389 4596 conﬂixerunt,
2441 4532 2783 4597 ulvimnmque
2833 4537 2901 4581 ad
2940 4533 3209 4581 Amorium
3259 4529 3498 4597 Phrygiae

253 4620 540 4686 Oppidum.
578 4633 680 4668 non
713 4617 825 4668 sine
857 4633 1118 4670 successu.
1154 4619 1365 4669 Accedit
1397 4621 1538 4670 locus
1565 4621 1703 4684 apud
1747 4618 1977 4669 eumdem
2019 4617 2378 4680 TheOphanem
2411 4618 2462 4666 in
2502 4617 2723 4680 epistola
2759 4619 2886 4684 περὶ
2923 4619 3016 4683 τῆς
3062 4615 3378 4685 ἱερωσύνης.
3413 4616 3499 4664 ubi

251 4709 318 4758 de
351 4705 618 4770 baptismo
647 4704 896 4771 loquitur,
937 4705 1026 4770 qui
1057 4707 1132 4756 sic
1159 4706 1308 4756 habet
1338 4723 1352 4758 :
1393 4706 1515 4758 lico
1554 4707 1803 4758 Christus
1837 4709 2096 4766 ιιιθιιιιιω,
2130 4719 2249 4770 qua:
2289 4715 2548 4770 tanquam
2605 4705 2819 4770 propria
2877 4704 2977 4754 sibi
3012 4715 3092 4754 est
3124 4705 3495 4770 i-opulalutus.

253 4795 566 4847 conformin
608 4795 756 4860 prius
786 4795 947 4859 Capiti
993 4791 1118 4846 facit
1148 4811 1243 4862 per
1275 4796 1621 4860 Ιηηιιίδιιιιιηι.
1664 4794 1861 4847 Deinde.
1890 4808 1983 4859 per
2012 4788 2478 4857 participationem
2517 4803 2576 4839 ac
2607 4791 3147 4840 communicatiam-in
3179 4807 3286 4841 sum
3321 4791 3498 4841 can-nis

252 4894 304 4934 et
338 4881 632 4945 Sanguinis
663 4879 763 4932 silli
799 4891 851 4930 et
884 4882 1025 4932 inter
1057 4897 1173 4932 sese
1213 4882 1392 4932 divini
1432 4883 1542 4932 lucc
1574 4884 1754 4932 Omnia
1789 4889 1938 4932 metm

1810 4889 2023 4932 notnhra
2053 4879 2370 4944 :igululitiul.
2407 4880 2569 4942 Atque
2598 4893 2626 4926 α
2649 4877 2744 4925 ltiit
2774 4891 2789 4927 :
2836 4875 2956 4926 Non
3009 4880 3150 4926 cnim
3204 4877 3496 4940 Implismus

252 4982 512 5023 senatus"
548 4969 808 5034 prii-cedit
837 4970 1294 5019 com"anniaut-nr.
1337 4968 1434 5020 ιίω
1471 4987 1566 5019 ηοη
1598 4971 1808 5020 obscure
1841 4971 2032 5028 innuit,
2082 4969 2347 5034 antiquum
2388 4966 2632 5018 l’cclisiu'
2664 4983 2854 5014 mori-ui
2890 4966 2969 5030 (de
3011 4985 3110 5032 quo
3145 4968 3192 5018 in
3225 4969 3351 5018 notis
3379 4983 3499 5034 age-

253 5066 394 5122 uius)
429 5073 530 5107 suo
559 5066 791 5121 tempore
830 5057 1066 5115 durasse,
1102 5070 1276 5115 nempe
1309 5053 1540 5114 adultos,
1597 5067 1641 5106 et
1680 5057 1768 5122 qui
1814 5071 1977 5108 sacra!
2011 5056 2360 5107 Eucharistia'
2402 5063 2781 5105 stu-ramentum
2822 5054 3169 5118 accipiebant,
3219 5060 3287 5106 ad
3323 5055 3496 5119 bapti-

251 5161 428 5197 smum
461 5143 763 5201 accessisse,
796 5142 936 5207 quod
966 5153 1106 5193 certe
1141 5146 1305 5192 multo
1348 5144 1593 5194 vetustius
1626 5153 1724 5205 est,
1754 5159 1912 5209 quam
1945 5154 1996 5192 ut
2036 5143 2086 5191 in
2125 5141 2328 5193 Cra-cia
2370 5150 2469 5191 a'ta
2496 5155 2572 5190 em
2606 5140 2830 5191 senioris
2857 5140 3166 5202 Andronici,
3205 5142 3258 5191 id
3285 5151 3358 5191 est
3392 5151 3498 5192 tre-

251 5245 533 5284 centorum
567 5227 682 5291 plus
719 5229 948 5279 minusve
981 5244 1239 5278 annorum
1275 5228 1410 5294 ferre
1481 5232 1664 5296 possit.
1719 5232 1796 5282 Ad
1839 5230 1967 5288 hac,
2007 5229 2148 5279 haud
2198 5229 2323 5279 mihi
2372 5229 2719 5293 persuadebo,
2789 5228 2879 5277 illa
2926 5237 3081 5278 trtate
3131 5226 3493 5294 Theophanem

254 5321 470 5379 uixisse,
499 5332 619 5367 cum
653 5315 764 5380 ejus
797 5314 992 5365 mentio
1023 5315 1086 5366 ab
1125 5313 1269 5365 illius
1309 5317 1402 5367 tvvi
1435 5316 1670 5381 diligenti
1697 5319 1967 5382 scriptore,
2018 5315 2322 5373 imperatori
2357 5329 2499 5374 caro,
2537 5312 2833 5365 litterarum
2867 5327 2913 5364 et
2944 5313 3294 5366 litteratorum
3326 5317 3496 5366 homi-

253 5423 379 5458 num
415 5412 661 5456 amatore
691 5414 736 5453 et
777 5401 1096 5454 eucomiaste
1151 5400 1442 5477 i‘v'icephoro
1492 5402 1720 5470 Gregora
1769 5407 1972 5470 penitus
2023 5407 2179 5473 (quod
2229 5402 2575 5460 meminerim)
2627 5404 2942 5466 negligatur.
2993 5401 3235 5470 Legimus
3285 5406 3492 5472 quidem

251 5495 458 5558 integro
487 5491 685 5542 sarculo
717 5500 837 5538 ante
869 5489 1224 5540 Andronicum
1277 5487 1558 5540 Nicolaum
1606 5494 1877 5555 quemdam
1929 5492 2226 5549 Nicanoris.
2281 5491 2364 5554 qui
2405 5488 2699 5538 Andronico
2728 5486 2988 5538 Comneao
3031 5499 3273 5554 tyranno,
3321 5490 3490 5539 Alexii

255 5581 516 5633 Comueui
548 5577 834 5632 avunculo,
871 5573 1132 5625 Mauuelis
1165 5574 1415 5627 Comueui
1443 5576 1629 5640 fratre,
1669 5578 1902 5631 Nicaeam
1931 5573 2175 5644 pra/lida.
2226 5573 2549 5642 Theophanis
2584 5589 2699 5624 vero
2744 5588 2834 5637 per
2883 5590 2940 5623 ea
2973 5574 3163 5624 sa'cula
3195 5575 3342 5625 nulla
3379 5590 3490 5625 om-

257 5671 379 5719 nino
414 5671 473 5729 fit
515 5672 732 5714 mentio.
775 5659 900 5712 llazc
935 5671 1071 5712 certe
1107 5662 1178 5712 ita
1212 5663 1350 5712 dicta
1399 5665 1570 5725 velim,
1611 5676 1662 5714 ut
1698 5667 1915 5716 liberum
1970 5665 2244 5726 unicuique
2296 5677 2385 5726 per
2421 5677 2496 5711 me
2537 5660 2652 5724 ﬁat,
2702 5661 2764 5710 de
2802 5659 3125 5726 TheOpitanis
3173 5661 3364 5714 sa'culo
3393 5677 3490 5727 pro

255 5756 403 5806 tbito
431 5753 652 5804 sentire.
695 5746 893 5799 Habuit
930 5759 1064 5799 certe
1095 5748 1238 5798 omni
1290 5764 1417 5808 a‘vo,
1467 5750 1798 5802 ornatissime
1843 5751 2054 5816 prirsul,
2101 5761 2358 5799 terrarum
2421 5747 2507 5798 ille
2556 5746 2739 5802 oculus
2769 5759 2811 5796 et
2844 5747 2962 5812 ﬂos.
3000 5748 3134 5797 virus
3169 5749 3406 5800 decuma
3437 5760 3486 5800 et

257 5845 268 5892 ί
308 5843 466 5906 ganeo
500 5852 616 5900 prce
647 5835 997 5901 laetissimos,
1035 5852 1061 5890 ¢
1091 5851 1315 5902 quorum
1360 5833 1589 5903 fontibus
1621 5838 1672 5887 in
1708 5840 1850 5890 omni
1883 5840 1991 5892 fere
2019 5837 2415 5902 disciplinarum
2466 5849 2648 5902 genere
2680 5833 2869 5885 rivulos
2907 5845 3111 5888 nostros
3146 5835 3316 5887 adhuc
3343 5835 3482 5889 deri-
