4270 6488
707 423 808 487 281
1625 410 2134 475 THEUPIIANES
2171 407 2586 471 EPISCOPUS
2619 403 2866 467 NlC/EN
2877 402 2989 463 US.
3857 384 3964 450 288

709 550 915 587 ramus.
963 529 1031 585 Ut
1061 546 1166 584 non
1202 529 1335 583 satis
1367 526 1552 582 mirari
1584 526 1792 595 quidem
1824 526 2085 594 possimus
2110 520 2443 577 incredibiles
2474 522 2829 574 humanorum
2863 527 3036 570 rerum
3073 510 3484 574 vicissitudines,
3536 508 3656 563 sive
3690 508 3771 576 (ut
3801 505 3966 562 Chri-

706 622 941 674 stianum
977 617 1234 670 hominem
1271 616 1414 684 loqui
1447 594 1615 683 decet)
1640 615 1835 666 divina:
1863 613 2134 681 sapientite
2176 608 2719 675 incomprehensibilia
2764 611 2993 658 decreta.
3029 599 3187 653 Jacet
3224 599 3359 652 enim
3394 613 3530 650 nunc
3568 595 3798 657 Graecia,
3856 594 3970 660 pri-

712 708 865 761 stina:
894 705 1181 758 venustatis
1224 702 1500 770 putridum
1540 702 1785 761 cadaver,
1818 701 2182 753 miserandum
2229 698 2498 760 exuvium,
2541 695 2641 749 vile
2696 690 2942 754 temporis
2996 686 3310 747 ludibrium,
3362 684 3670 737 tenuissima
3720 681 3976 746 prwteriti

710 796 945 858 corporis
980 792 1189 854 umbra,
1222 800 1272 844 et
1306 790 1408 843 nisi
1441 789 1564 842 libri
1598 799 1947 851 superessent,
1997 803 2253 854 nusquam
2306 786 2361 837 in
2408 800 2503 837 suo
2549 783 2665 837 solo
2715 777 3098 849 cognOscenda.
3136 774 3260 828 Non
3307 774 3545 826 omittam
3581 773 3662 842 (ut
3689 772 3859 824 omnis
3899 773 3962 821 de

715 881 1030 943 Theophane
1057 882 1197 946 apud
1231 890 1476 932 auctores
1510 879 1701 930 mentio
1735 876 2013 942 prodatur)
2048 875 2240 928 vixisse
2293 871 2510 935 imperio
2557 866 2746 919 Leonis
2782 865 2995 917 Armeni
3032 858 3404 924 Theophanem
3437 857 3626 913 alium.
3660 857 3968 908 motmslicw

716 977 836 1027 vitre
871 982 1206 1031 sectatorem,
1232 971 1322 1038 qui
1350 971 1405 1022 in
1436 968 1859 1024 Samothraciam
1894 968 2151 1033 relegatus
2180 966 2243 1018 ob
2275 972 2551 1017 sacrarum
2597 955 2723 1005 item
2768 950 3059 1018 imaginum
3092 947 3317 1009 cultum,
3360 946 3561 997 clarus-
3584 945 3654 996 ibi
3690 943 3965 996 miraculis

716 1062 869 1115 obiit.
909 1059 1036 1111 Fuit
1066 1070 1114 1112 et
1146 1033 1487 1123 Theophanes
1525 1056 1769 1121 lsaurus,
1801 1056 1891 1124 qui
1924 1074 1954 1106 a
1993 1052 2289 1106 Maximino
2323 1049 2391 1102 ad
2428 1044 2782 1112 Nicephorum
2819 1039 3157 1108 Logotltetem
3205 1037 3484 1089 historiam
3529 1036 3819 1088 contexuit.
3857 1033 3970 1086 Nos

719 1149 876 1217 hujus
908 1148 1150 1216 quaedam
1184 1146 1431 1198 habemus
1482 1145 1712 1195 nondunt
1762 1144 1928 1206 edita,
1977 1157 2094 1211 qua:
2150 1140 2296 1193 nobis
2341 1131 2750 1189 communicavit
2812 1126 3134 1180 Franciscus
3185 1123 3482 1176 Turrianus
3528 1124 3801 1176 societatis
3851 1122 3983 1173 Jesu

722 1240 1012 1303 presbyter,
1045 1236 1122 1287 vir
1154 1235 1296 1285 ontni
1326 1232 1581 1285 memoria
1618 1232 1962 1292 venerandus,
1990 1210 2117 1280 cum
2149 1242 2248 1294 quo
2283 1240 2411 1291 pene
2442 1220 2759 1290 quotidiana
2791 1217 2937 1269 nobis
2969 1214 3072 1281 fuit
3100 1214 3448 1282 familiaritas
3486 1221 3593 1263 toto
3623 1210 3714 1262 illo
3745 1210 3982 1267 biennio.

724 1299 1003 1392 antequam
1040 1324 1108 1373 ad
1139 1321 1408 1373 meliorem
1436 1321 1600 1371 vitam
1634 1320 1929 1371 translatus
1959 1326 2113 1370 esset.
2146 1314 2213 1367 Et
2245 1316 2326 1367 hic
2358 1312 2568 1379 quidem
2607 1307 2790 1359 tertius
2825 1301 3187 1370 Theophanes,
3218 1310 3274 1353 ut
3308 1310 3355 1352 et
3388 1301 3589 1362 priores
3625 1300 3751 1354 duo.
3791 1299 3988 1365 apolo-

724 1415 896 1476 γήτης
932 1410 996 1461 ab
1030 1408 1332 1460 auctoribus
1366 1408 1563 1464 dictus,
1602 1406 1652 1457 id
1686 1417 1785 1469 est,
1835 1408 1897 1458 ob
1946 1420 2077 1458 verae
2110 1403 2381 1470 religionis
2417 1395 2798 1462 confessionem
2834 1393 2896 1444 ab
2936 1390 3203 1444 haereticis
3257 1389 3501 1457 afflictus.
3541 1386 3660 1439 Non
3691 1384 3827 1439 enim
3855 1402 3987 1437 con-

724 1475 890 1565 fessor
920 1496 1288 1559 appellabatur
1333 1493 1498 1547 beatis
1529 1492 1637 1545 illis
1688 1492 2037 1559 temporibus.
2076 1492 2178 1543 nisi
2215 1490 2281 1549 is,
2320 1490 2412 1558 qni
2462 1488 2588 1555 ﬁdei
2629 1499 2791 1537 causa
2851 1489 3113 1534 tormenta
3158 1477 3412 1532 subierat.
3472 1476 3538 1529 Et
3576 1477 3699 1529 hinc
3750 1475 3827 1544 (ut
3859 1476 3993 1527 alibi

727 1583 1114 1636 observavimus
1157 1597 1222 1633 ετ
1272 1582 1530 1633 Antiocho
1562 1579 1843 1647 monacho)
1904 1595 2008 1631 non
2053 1593 2206 1630 rarus
2241 1576 2330 1629 ille
2377 1574 2518 1637 apud
2568 1581 2758 1626 veteres
2804 1567 3067 1623 scribendi
3106 1566 3317 1626 modus,
3368 1581 3489 1619 cum
3536 1565 3599 1618 de
3647 1565 3890 1632 tyrannis
3945 1575 4037 1653 et?

729 1669 980 1723 Ecclesia:
1012 1668 1431 1733 persecutoribus
1480 1667 1785 1735 loquuntur,
1815 1664 2085 1733 πεποίηκε
2114 1664 2386 1733 μάρτυρα.

2307 1680 2386 1727 βα.
2428 1661 2698 1730 πεποίηκε.
2740 1658 3108 1728 ὀμολογήτην,
3137 1658 3191 1710 id
3224 1666 3324 1722 est,
3356 1656 3484 1710 fecit
3519 1665 3836 1724 martyrem,
3866 1654 3993 1706 fecit

731 1756 1131 1820 confessorem,
1164 1770 1368 1820 nempe,
1395 1754 1548 1807 illum
1573 1764 1759 1815 morte,
1793 1754 1929 1806 hunc
1963 1752 2280 1806 cruciatibus
2316 1750 2515 1819 afficit.

802 1842 1105 1896 Orationem
1156 1852 1313 1911 atque
1344 1857 1426 1905 ea,
1477 1857 1595 1908 qua:
1630 1843 1759 1911 περὶ
1810 1838 1908 1891 τοῦ
1959 1840 2120 1907 λόγου
2160 1839 2215 1893 in
2253 1837 2561 1903 Theophane
2613 1850 2843 1899 censere,
2880 1834 3083 1902 frustra
3128 1833 3312 1901 fuerit,
3362 1848 3480 1886 cum
3514 1831 3997 1885 ecclesiasticarum

734 1944 1013 1986 auctorum
1045 1929 1165 1983 libri
1193 1931 1573 1983 sententiarum
1604 1946 1665 1981 ac
1688 1946 1865 1982 rerum
1890 1944 2049 1981 causa
2078 1928 2282 1995 legendi
2320 1923 2487 1993 magis
2517 1923 2621 1975 sint
2649 1937 2808 1990 quam
2840 1922 3143 1977 verborum.
3183 1919 3511 1975 Churactere
3540 1928 3616 1971 est
3651 1933 3755 1969 non
3783 1916 3997 1976 Ituiitiii,

733 2031 828 2072 aut
853 2019 1116 2086 depresso,
1160 2015 1251 2070 sed
1292 2018 1463 2085 gravi,
1496 2025 1545 2069 et
1581 2016 1670 2082 qui
1722 2016 2103 2069 sublimitatem
2132 2014 2535 2084 rhythmuntque
2583 2014 2820 2082 affectat,
2858 2024 2914 2067 at
2948 2015 3003 2067 in
3034 2029 3138 2083 quo
3184 2012 3564 2081 syntomicum,
3603 2024 3830 2077 aereque
3866 2009 4001 2059 illud

743 2104 1073 2160 Nazianzeni
1099 2106 1309 2170 ,τηεν-ξω
1359 2104 1645 2157 desideres.
1681 2100 1782 2155 Est
1826 2104 1964 2156 enim
1992 2103 2168 2167 laxus,
2202 2112 2251 2155 et
2295 2105 2607 2167 stepiuscule
2635 2106 2751 2170 plus
2804 2106 2966 2160 nimio
2999 2120 3315 2165 excurrens,
3366 2103 3543 2173 qualis
3592 2102 3788 2154 alicubi
3827 2100 4004 2168 Chry-

740 2204 1021 2245 sostomus.
1069 2189 1185 2255 Quo
1232 2190 1291 2256 ﬁt
1322 2199 1379 2242 ut
1412 2206 1446 2242 a
1482 2190 1820 2255 periodorum
1850 2190 2222 2252 distractione,
2277 2198 2328 2244 et
2362 2189 2418 2242 in
2451 2193 2620 2245 verbis
2670 2192 2813 2246 haud
2856 2203 2998 2246 recta
3050 2191 3379 2261 ἀκολθυθείᾳ
3414 2192 3704 2259 implicitus
3735 2190 3828 2250 sit,
3864 2197 3915 2241 et
3947 2198 4003 2240 ut

740 2278 915 2332 (ira-ci
943 2278 1115 2330 critici
1144 2278 1198 2329 in
1226 2277 1322 2330 hoc
1357 2292 1541 2346 genere
1570 2278 1878 2345 loquuntur,
1928 2278 2138 2329 omnino
2170 2278 2406 2348 ἀσαφής.
2470 2280 2639 2335 Verba
2686 2296 2791 2334 non
2835 2280 3081 2343 sordida,
3131 2281 3238 2334 imo
3272 2297 3364 2335 nec
3401 2282 3651 2340 obscura,
3704 2278 4006 2347 frequenter

744 2379 920 2421 tamen
946 2368 1062 2420 ideo
1095 2368 1406 2435 impropria,
1441 2367 1581 2433 quod
1613 2368 1897 2421 translata.
1929 2366 2455 2436 Schematatprteter
2481 2372 2617 2424 hanc
2645 2385 2809 2423 unam
2849 2370 3235 2439 metaphoram,
3267 2370 3377 2437 fere
3413 2369 3582 2423 nulla.
3639 2366 3821 2423 Sacra:
3854 2365 4007 2422 Scri-

741 2468 911 2526 ptura:
936 2458 1204 2511 sententiis
1244 2457 1468 2524 refertus
1501 2466 1600 2520 est,
1638 2458 1743 2509 imo
1770 2458 1879 2525 fere
1906 2465 2048 2509 totus
2093 2472 2158 2509 ea:
2202 2455 2333 2518 illis,
2365 2459 2593 2511 maxime
2625 2459 2711 2519 iis.
2736 2473 2853 2525 quin
2880 2459 2935 2511 in
2983 2456 3238 2525 Epistolis
3271 2455 3451 2523 Pauli,
3498 2464 3798 2518 contextus,
3832 2464 3891 2508 ut
3922 2455 4002 2508 vel

743 2547 799 2599 in
849 2545 943 2597 hoc
990 2543 1371 2614 Chrysostomi,
1411 2560 1566 2613 quem
1607 2547 1843 2599 studiose
1889 2545 2153 2606 imitatur,
2203 2544 2521 2613 discipulum
2572 2547 2743 2614 possis
2775 2560 3080 2614 agnoscere.
3139 2544 3241 2611 Tu,
3286 2544 3724 2614 praestantissime
3773 2556 4010 2611 episcoue

748 2634 912 2700 (apud
940 2648 1088 2701 quem
1134 2631 1457 2700 jamdudum
1491 2634 1597 2687 scio
1645 2632 1901 2686 bonorunt
1928 2634 2247 2702 scriptorum
2283 2644 2620 2686 monumenta
2650 2649 2855 2686 summo
2892 2648 3003 2687 esse
3060 2632 3201 2695 loco,
3238 2642 3481 2697 nostras,
3525 2646 3868 2699 qucecumque
3898 2630 4012 2684 illc

749 2718 971 2789 fuerint,
1002 2720 1399 2774 lucubrationes
1429 2737 1533 2773 non
1564 2721 1796 2788 ultimo),
1838 2721 2143 2774 humaniter
2177 2722 2373 2784 accipe,
2420 2736 2538 2789 qua:
2567 2721 2752 2773 studia
2784 2737 2901 2774 mea
2948 2721 3090 2775 hisce
3116 2721 3304 2774 diebus
3334 2720 3697 2789 pronatalitiis
3728 2719 3824 2770 tibi
3855 2718 4013 2768 desu-

750 2811 973 2863 darunt.
1013 2811 1145 2873 Quae
1178 2811 1389 2862 tandem
1420 2812 1465 2863 si
1494 2810 1592 2863 tibi
1641 2811 1859 2877 probari
1907 2824 2215 2878 cognovero,
2266 2806 2557 2860 maximum
2604 2824 2687 2861 me
2739 2808 2922 2875 opella:
2967 2808 3127 2877 hujus
3179 2809 3404 2877 pretium
3455 2806 3640 2874 fecisse
3686 2804 4009 2857 arbitrabor.

752 2896 1187 2966 Fulgentissimus
1222 2897 1415 2962 lucifer
1441 2915 1571 2967 puer
1598 2897 1727 2953 Jesu
1763 2898 2217 2967 (reverendissime
2260 2895 2457 2963 Pater)
2502 2895 2653 2964 cujus
2684 2895 2988 2963 felicissimo
3024 2906 3213 2949 exortu
3239 2893 3545 2964 caliginosa:
3571 2893 3827 2946 scelerum
3862 2899 4012 2943 tene-

755 2988 863 3038 brte
892 2985 1124 3050 depulsa:
1151 2993 1294 3050 sunt,
1325 2998 1547 3039 mentem
1573 2997 1718 3039 tuam
1745 2987 1935 3055 iugiter
1966 2986 2218 3039 illustret.
2257 2984 2354 3039 Ille
2391 2987 2484 3040 tibi
2516 2987 2570 3038 in
2606 2987 2733 3048 ista,
2777 3001 2884 3055 qua
2929 2985 2998 3038 ad
3031 2985 3238 3039 clavum
3273 2994 3409 3049 stas,
3452 2985 3685 3036 muneris
3721 2982 3797 3034 tui
3826 2980 4014 3049 puppi,

757 3082 902 3125 certa
944 3076 1013 3124 sit
1046 3072 1250 3135 llelice,
1284 3088 1377 3132 per
1397 3090 1558 3141 quam
1583 3075 1794 3127 tandem
1822 3074 2071 3142 populum
2100 3088 2249 3141 quem
2277 3073 2469 3127 caelesti
2502 3084 2757 3139 potestate
2806 3074 2968 3142 regis,
3003 3074 3072 3124 ad
3099 3083 3313 3127 eterna:
3360 3070 3552 3124 salutis
3588 3080 3798 3138 portum
3846 3083 4017 3133 possis

758 3160 1060 3245 perducere.
1119 3159 1300 3213 Roma:
1324 3162 1380 3215 in
1411 3162 1737 3217 monasterio
1768 3161 2183 3218 Prtedicatorum
2214 3170 2416 3216 sanctte
2442 3159 2634 3217 Maria:
2666 3178 2822 3227 super
2847 3162 3155 3224 Minervam,
3186 3162 3257 3214 20
3298 3158 3619 3214 Decembris.
3647 3158 3798 3210 Anno
3828 3155 4021 3209 huma«-

762 3264 844 3303 na:
870 3248 1060 3303 salutis
1088 3249 1250 3305 {589.

776 3470 1613 3499 ﬂm——_——‘

1630 3472 3998 3498 Ἥ

1799 3576 1801 3579 ’
1879 3626 2918 3766 ΘΕΟΦΑΝΟΥΣ

1395 3866 2654 3994 ΜΗΤΡΟΠΟΛΙΤΟΥ
2748 3871 3391 3990 ΝΙΚΑΙΑΣ

2094 4091 2727 4186 ΕΠιΣΤΟΑΑΙ.

1794 4479 3034 4639 THEOPHANIS

1580 4772 2645 4892 METROPOLITZE
2725 4768 3269 4887 NICfENI

2095 5015 2765 5106 EPISTOL/E.

2387 5234 2461 5250 —

1569 5376 1609 5429 l.
2384 5332 2449 5429 Ἀ
3230 5358 3309 5411 Λ’.

814 5469 1144 5538 Theophanis
1188 5466 1565 5533 archiepiscopi
1595 5461 2059 5530 NictcniEpistola
2104 5460 2172 5512 ad
2211 5457 2389 5512 Nicte-
2494 5469 2500 5487 ‘

2377 5486 2389 5496 -
2494 5454 2831 5524 Θεοφάνους
2886 5453 3338 5521 μητροπολιτου
3409 5453 3699 5517 Νικαίας,
3756 5447 4063 5513 ἐπίστω.ιή

877 5577 991 5624 nos,
1021 5558 1213 5612 docens
1244 5556 1452 5625 qualem
1481 5571 1593 5609 esse
1625 5562 1861 5623 oporteat
1907 5567 2085 5605 verum
2131 5548 2392 5603 Christia-
2561 5588 2563 5597 η

2383 5572 2392 5588 ι
2561 5547 2709 5613 πρὸς
2740 5544 2880 5609 τοὺς
2906 5544 3182 5609 Νικαίας,
3210 5543 3591 5598 διδάσκουσα
3620 5540 3746 5608 πῶς
3774 5541 3871 5595 δεῖ
3907 5538 4069 5592 εἶναι

884 5666 1010 5705 num
1067 5658 1475 5714 contemptorem
1519 5662 1695 5700 rerum
1746 5646 1980 5698 omnium
2030 5657 2232 5711 prtesen
2260 5642 2392 5701 ium,
2561 5658 2570 5691 ε

2386 5678 2392 5698 .
2561 5639 2668 5692 τὸν
2717 5635 2917 5704 ἀληθῆ
2976 5637 3342 5703 Χριστιανὸν
3404 5638 3758 5702 ὺπερόπτην
3823 5632 4072 5687 πάντων·

894 5744 999 5795 sive
1035 5742 1266 5795 tristiuat
1297 5740 1818 5808 sivejucundaram;
1868 5753 2026 5803 prope
2086 5736 2242 5802 finem
2273 5749 2393 5786 vero
2564 5749 2580 5783 ι

2385 5749 2393 5780 ι
2564 5732 2682 5783 τῶν
2707 5731 3021 5797 παρόντων
3051 5728 3151 5781 καὶ
3190 5728 3387 5797 ἡδέων
3421 5730 3517 5782 καὶ
3562 5728 3873 5795 λυπηρῶν,
3914 5732 4071 5793 πρὸς

886 5836 1193 5905 pra'cipiens
1227 5851 1377 5887 ontue
1415 5848 1630 5887 ororsus
1664 5832 1990 5885 consortium
2024 5828 2089 5879 hu
2110 5830 2393 5879 rcticorum
2568 5844 2572 5871 1

2382 5841 2393 5876 t
2568 5824 2631 5873 τι)
2672 5822 2841 5885 reice
2887 5819 3287 5888 εἰσηγουμένη
3337 5819 3613 5882 καθάπαξ
3667 5817 4068 5883 ἐκτρέπεσθαι
