4270 6488
257 396 369 457 289

1662 389 2021 447 EPISTULA
2075 388 2117 446 Ι.

3413 388 3517 454 290

330 513 541 565 πᾶσαν
584 513 925 573 worn-trior,
967 512 1080 563 τῶι·
1130 508 1457 577 «ιίγετιχιῖιν.
1497 510 1847 577 ῙῙιεμφθεῖί-(τ
1874 513 1917 566 Α
2012 545 2016 576 ι

1832 513 1917 566 ιΑ
2012 508 2315 576 fugiendum
2366 524 2495 561 esse.
2556 506 2724 561 Missa
2789 509 2927 575 fuit,
2979 524 3094 560 cum
3149 524 3373 572 primum
3432 522 3518 561 (ιε-

330 611 475 671 παρ’
506 607 691 658 αὑτοῦ
730 605 816 656 ἔτι
866 606 1037 669 ὄντες
1082 606 1433 673 {vacuum/tu
1469 605 1689 668 ταύτης
1738 601 1844 667 τῆς

331 700 593 758 πόλεως.

332 792 395 841 Οἱ
426 790 521 857 τὴν
553 790 720 843 παλαι
761 790 859 855 μὲν
893 791 1188 855 εὐδαίμονα
1223 793 1315 842 καὶ
1365 793 1845 859 περιφανεστάτην

256 882 371 932 τῶν
404 884 639 944 πόλεων,
676 884 795 934 νυνὶ
817 883 872 934 δὲ
903 883 1261 951 δυρυὰλωτον,
1281 884 1325 934 ὦ
1355 884 1491 936 Θεοῦ
1523 885 1840 953 κριμάτωνί

256 976 357 1025 καὶ
378 973 793 1042 δεδουλωμένην
811 973 1091 1036 οἰκοῦντες
1116 976 1147 1043 ἢ
1174 975 1565 1044 παροικοῦντες
1583 977 1843 1038 Νίκαιαν,

258 1067 473 1132 μᾶλλον
506 1068 563 1119 δὲ
595 1066 659 1119 τὸ
702 1066 925 1118 εἴδωλον
953 1069 1121 1137 αὐτῆς
1151 1068 1412 1136 ἀτεχνῶς,
1445 1070 1506 1120 ὲκ
1541 1070 1705 1137 μόνου
1748 1067 1845 1119 τοῦ

255 1162 534 1229 ὀνόματος
579 1161 674 1211 καὶ
713 1162 813 1224 τῆς
854 1161 1165 1227 ἐπιγραφῆς
1196 1161 1335 1212 κατά
1367 1161 1492 1223 τοὺς
1524 1162 1846 1230 ἀνδριάντας

253 1254 320 1303 τὸ
355 1251 639 1321 γνώριμον
665 1252 922 1320 ἔχουσαν.
954 1253 1076 1303 ὅσον
1105 1270 1163 1303 τε
1209 1256 1265 1305 ὲν
1305 1254 1575 1319 διαφόροις
1618 1254 1847 1322 βαθμοῖς

250 1345 357 1396 τοῦ
409 1343 694 1413 ἱερατικοῦ
748 1344 1087 1411 καταλόγου’
1140 1346 1235 1397 καὶ
1289 1346 1337 1396 οῖ
1391 1345 1565 1397 λοιποὶ
1608 1348 1847 1408 ἅπαντες

252 1438 382 1489 ὅσοι
435 1438 695 1488 καλεῖσοε
752 1438 860 1488 ἀπὸ
902 1438 1163 1506 Χριστοῦ.
1201 1441 1358 1506 χάρις
1400 1440 1528 1507 ὑμῖν
1562 1442 1665 1509 εἴη,
1702 1442 1847 1505 ἕλεος

252 1530 357 1580 καὶ
408 1529 603 1595 εἰρήνη
645 1528 754 1580 ἀπὸ
786 1528 927 1580 Θεοῦ
980 1531 1190 1599 Ιίατρὸς
1243 1533 1336 1583 καὶ
1386 1532 1623 1601 Χριστοῦ
1671 1534 1846 1603 Ἰησοῦ

250 1617 358 1669 τοῦ
397 1619 608 1688 Κυρίου
640 1620 817 1687 ἡμῶν.

330 1803 403 1848 α’.
438 1796 745 1849 Γινώσκειν
802 1799 948 1866 ὑμᾶς
992 1800 1132 1865 δέον,
1170 1802 1444 1872 ἀγαπητοὶ
1492 1806 1729 1873 ἀδελφοὶ,
1764 1808 1845 1860 ὅτι

252 1889 485 1959 εὐδοκία
517 1891 614 1942 καὶ
649 1892 835 1959 χάριτι
865 1892 959 1943 τοῦ
992 1894 1404 1962 παντοδυνάμου
1439 1896 1597 1961 Θεοῦ,
1629 1898 1725 1951 τοῦ
1753 1918 1848 1952 κα-

2018 601 2253 651 cluratus
2311 608 2385 651 est
2424 599 2578 667 Imjus
2612 599 2756 651 urbis
2788 608 2993 667 pastor.

2020 780 2122 843 Qui
2156 780 2364 831 felicem
2422 781 2544 832 alim
2602 789 2654 833 et
2700 779 3061 833 clarissimam
3097 781 3337 841 urbium,
3377 796 3520 835 nunc

1948 887 2074 924 vero
2104 872 2392 938 captivam,
2414 886 2445 923 ο
2477 871 2566 925 Dei
2596 870 2797 937 judicia
2823 871 2836 923 ί
2870 883 2921 924 et
2956 872 3005 923 in
3032 872 3347 925 servitutem
3370 873 3525 925 reda—

1946 968 2086 1011 ctam
2122 958 2376 1010 habitatis
2406 956 2662 1020 Nicaeam,
2698 960 2895 1026 quique
2943 959 3108 1027 ipsius
3144 960 3333 1012 incolae
3351 959 3517 1020 e5tis,

1951 1050 2058 1101 imo
2104 1060 2159 1100 ιιι
2210 1052 2395 1103 verius
2443 1052 2642 1109 dicam.
2695 1051 2787 1117 qui
2825 1052 3059 1104 civitatis
3106 1053 3250 1104 illius
3299 1051 3520 1105 simula-

1949 1158 2099 1193 crum
2159 1157 2345 1195 revera
2400 1143 2682 1203 habitatis,
2720 1144 2834 1193 solo
2867 1158 2930 1195 ex
2975 1143 3192 1195 nomine
3233 1152 3283 1197 et
3329 1144 3525 1196 inscri-

1952 1235 2156 1302 ptione,
2194 1244 2250 1287 ut
2286 1236 2335 1288 in
2367 1235 2566 1288 statuis
2601 1236 2715 1288 ﬁeri
2758 1236 2917 1298 solet,
2962 1238 3210 1289 notitiam
3246 1235 3330 1291 sui
3367 1235 3524 1290 eahi-

1950 1327 2159 1391 bentis;
2188 1338 2451 1396 quotquot
2480 1331 2616 1382 estis
2668 1329 2720 1381 in
2756 1330 2918 1381 variis
2964 1330 3219 1397 gradibus
3260 1330 3521 1383 sacerdo-

1950 1421 2071 1472 talis
2126 1420 2333 1473 ordinis
2402 1422 2718 1485 constituti,
2788 1425 3078 1487 canorique
3139 1434 3366 1483 omnes,
3428 1423 3520 1488 qui

1952 1527 2141 1563 nomen
2177 1529 2204 1563 a
2234 1512 2456 1565 Christo
2485 1514 2815 1578 sumpsistis,
2836 1515 3008 1579 graIia
3048 1512 3199 1564 vobis
3230 1512 3322 1573 sit,
3356 1512 3523 1564 mise-

1951 1600 2179 1653 ricordia
2218 1611 2269 1654 et
2297 1618 2395 1670 pax
2425 1617 2453 1653 τι
2479 1604 2583 1655 Deo
2612 1602 2793 1663 Patre,
2820 1601 3109 1656 etChristo
3139 1600 3265 1656 Jesu
3295 1600 3523 1655 Domino

1952 1702 2160 1744 IIOSII'O.

2022 1802 2073 1856 l.
2113 1801 2280 1857 Nosse
2300 1817 2395 1856 vos
2417 1813 2651 1872 oportet,
2683 1804 2863 1859 dilecti
2887 1806 3103 1869 fratres,
3124 1820 3209 1859 me
3239 1806 3521 1860 minimum

1954 1894 2139 1947 divina
2174 1893 2452 1947 voluntate
2501 1905 2553 1947 et
2602 1896 2776 1963 gratia
2825 1896 3218 1963 omnipotentis
3271 1893 3383 1957 Dei,
3419 1897 3514 1964 qui

250 1980 485 2043 λοῦντος
538 1984 607 2034 τά
642 1982 717 2050 μὴ
762 1982 891 2035 ὄντα
926 1983 1003 2045 ὡς
1047 1984 1176 2036 ὄντα
1208 1988 1327 2038 κατ’
1378 1988 1517 2040 ίδίαν
1572 1991 1850 2059 πρόθεσιν,

251 2075 421 2141 κοινῇ
453 2072 654 2143 γνώμῃ
686 2074 780 2126 τοῦ
822 2078 1238 2141 παναγιωτάτου
1272 2078 1435 2147 ἡμῶν
1463 2080 1725 2135 δεσπότου
1754 2084 1850 2137 τοῦ

253 2166 657 2231 οίκουμενικοῦ
697 2168 1043 2238 πατριάρχου
1077 2171 1175 2225 καὶ
1207 2174 1306 2240 τῆς
1340 2172 1469 2241 περὶ
1511 2174 1671 2227 αὑτὸν
1700 2176 1851 2240 Θείας

255 2256 357 2309 καὶ
414 2258 569 2325 ἱερᾶς
605 2259 826 2312 συνόδου
882 2262 1169 2331 προήχθην
1217 2261 1328 2329 ἐγὼ
1358 2266 1386 2317 ό
1433 2265 1713 2336 ἐλάχιστος
1763 2271 1851 2323 διὰ

260 2351 599 2417 μηνύματος
622 2351 705 2412 εἰς
735 2352 1067 2421 ὑποψὴφιον,
1092 2355 1189 2407 καὶ
1218 2352 1329 2408 οἷον
1358 2358 1531 2411 εἰπεῖν
1560 2361 1852 2430 μνηστῆρα

259 2442 364 2507 τῆς
398 2443 456 2491 ὲν
487 2441 622 2509 ὑμῖν
649 2442 814 2509 ἁγίας
838 2443 931 2495 τοῦ
954 2444 1091 2497 Θεοῦ
1132 2446 1480 2519 Ἐκκλησίας.
1514 2453 1604 2502 Διὸ
1635 2453 1853 2520 πρῶτον

258 2532 462 2600 δίδωμι
500 2534 631 2601 ὑμῖν
661 2534 763 2604 τὴν
798 2538 857 2587 ὲν
891 2537 1113 2607 Χριστῷ
1148 2540 1374 2609 εἰρήνην
1406 2559 1462 2592 τε
1489 2543 1581 2594 καὶ
1607 2545 1851 2615 ἀγάπην,

257 2629 330 2696 ἦν
366 2625 564 2695 ὥσπερ
593 2627 717 2679 τινὰ
743 2628 949 2697 κλῆρον
986 2630 1241 2699 πατρῷον
1275 2633 1407 2702 παρ’
1432 2636 1597 2687 αὑτοῦ
1626 2638 1856 2707 εἰλήφα-

264 2736 371 2785 μεν
416 2719 511 2769 τοῦ
558 2720 818 2787 Σωτῆρος
866 2722 1024 2789 ἡμῶν
1055 2723 1191 2775 Θεοῦ
1220 2743 1231 2754 ·
1262 2720 1326 2794 ἧς
1377 2727 1471 2779 καὶ
1534 2730 1855 2799 μετάσχοιτέ

264 2828 360 2875 μοι
405 2810 652 2875 δαψιλῶς
686 2816 766 2872 είς
813 2814 1032 2879 ἐφόδιον
1063 2815 1343 2885 ὑπομονῆς
1392 2820 1487 2871 καὶ
1547 2822 1857 2890 μεγαλοψυ-

258 2902 417 2969 χίας,
448 2900 595 2953 ὣστε
643 2902 905 2956 δύνασθαι
936 2907 1032 2955 καὶ
1075 2905 1338 2973 ἀλλήλους
1367 2912 1724 2978 παρακαλεῖν,
1768 2914 1856 2965 διὰ

256 2994 397 3053 τοὺς
432 2993 820 3059 ἐπικειμένους
855 2995 984 3061 ὑμῖν
1015 2997 1101 3047 ἀεὶ
1133 3000 1505 3066 πειρασμούς.
1540 3001 1854 3070 Παρακαλῶ

1837 3002 1854 3053 ',
1960 2986 2218 3040 pentibus
2256 2989 2645 3042 tentatiouibus
2698 2989 2929 3043 invicem
2966 2988 3232 3043 consolari
3279 2988 3523 3057 possitis.

255 3084 318 3136 δὲ
387 3084 559 3152 ὑμᾶς.
618 3086 866 3151 ἀδελφοὶ,
914 3088 1002 3140 διὰ
1031 3088 1125 3141 τοῦ
1188 3091 1452 3158 ὀνόματος
1504 3093 1597 3145 τοῦ
1647 3096 1853 3165 Κυρίου

1842 3116 1853 3149 ,
1963 3076 2232 3146 Deprecor
2258 3088 2437 3132 autem
2472 3095 2590 3145 vos,
2626 3097 2658 3135 ο
2691 3080 2908 3145 fratres,
2934 3091 3154 3149 propter
3186 3095 3380 3134 nomen
3421 3079 3528 3131 Do-

257 3178 426 3245 ἡμῶν
480 3178 658 3247 Ἰησοῦ
704 3180 975 3248 Χριστοῦ,
1014 3182 1109 3235 τοῦ
1138 3184 1325 3247 δόντος
1354 3186 1549 3236 ἑαυτὸν
1578 3186 1719 3255 ὑπὲρ
1748 3187 1855 3240 τῶν
1880 3178 1926 3240 C

1840 3178 1926 3240 ,ο
1960 3170 2090 3223 mini
2140 3172 2311 3224 nostri
2365 3171 2489 3225 Jesu
2547 3172 2773 3237 Christi,
2830 3174 2920 3241 qui
2972 3172 3328 3241 semetipsum
3382 3172 3526 3225 dedit

253 3272 556 3339 ἁμαρτιῶν
580 3272 761 3341 ἡμῶν,
795 3274 946 3336 ὅπως
992 3274 1238 3344 ἐξέληται
1274 3278 1420 3345 ἡμᾶς
1454 3279 1516 3331 ὲκ
1541 3278 1635 3331 τοῦ
1679 3297 1852 3351 πονησ-

1842 3312 1852 3325 _
1960 3272 2181 3329 propter
2226 3272 2409 3314 "05er
2459 3274 2703 3329 peccata,
2758 3272 2814 3316 ιιι
2876 3278 2976 3317 nos
3027 3278 3056 3315 a
3113 3263 3260 3316 malo
3310 3272 3528 3317 erueret

260 3361 400 3429 ροῦο
462 3363 907 3431 προοιμιάσομαι
959 3364 1070 3434 γὰρ
1105 3365 1211 3417 ἀπὸ
1264 3370 1361 3435 τῆς
1414 3368 1707 3433 Θεσπεσίας
1755 3371 1851 3424 τοῦ

1841 3372 1851 3423 5
1964 3354 2243 3422 (incipiam
2289 3356 2433 3406 enim
2470 3369 2499 3407 a
2538 3355 2794 3423 praeclara
2837 3356 3129 3425 divinaque
3172 3355 3323 3409 Pauli
3375 3370 3527 3417 voce,

254 3452 487 3505 Παύλου
521 3457 740 3523 φωνῆς·
779 3455 903 3507 ἐπεὶ
944 3457 1199 3520 κάκεῖνος
1239 3460 1385 3526 ὑμᾶς
1414 3458 1481 3511 δι’
1513 3462 1646 3529 ὲμοῦ
1678 3462 1851 3516 ταῦτα

1843 3480 1851 3515 ι
1961 3461 2085 3499 nam
2117 3454 2171 3499 et
2198 3446 2284 3499 ille
2304 3462 2397 3501 vos
2428 3452 2492 3499 ait
2517 3448 2627 3500 ham
2660 3448 2836 3500 omnia
2860 3462 2952 3514 per
2983 3463 3065 3501 ine
3101 3447 3442 3512 adhortatur,
3469 3458 3529 3499 ut

252 3544 445 3595 πάντα
479 3544 813 3613 παρακαλεῖ,
854 3547 941 3598 ἵνα
980 3547 1148 3612 ἀξίως
1172 3550 1265 3605 καὶ
1314 3551 1454 3603 κατὰ
1488 3553 1617 3615 τοὺς
1656 3556 1853 3623 νόμους

1838 3574 1853 3619 ς
1958 3542 2120 3609 digne
2160 3540 2379 3611 etjuxta
2404 3543 2571 3610 legem
2599 3539 3524 3609 EvangeliiCbristiconversetnini.

248 3637 355 3687 τοῦ
422 3636 764 3703 Εὑαγγελίου
818 3638 914 3690 τοῦ
966 3640 1204 3705 Χριστοῦ
1264 3642 1645 3712 πολιτεύησθε.
1690 3647 1851 3714 Ὑμῖν

1842 3665 1851 3695 ν
1962 3632 2128 3687 Vobis
2172 3635 2316 3686 enim
2374 3635 2427 3687 in
2488 3633 2698 3701 primis,
2737 3649 2769 3686 ο
2803 3633 3009 3697 dilecti,
3055 3630 3220 3683 multa
3265 3645 3399 3697 opus
3445 3637 3528 3681 est

249 3731 373 3797 γὰρ
420 3729 661 3797 μάλιστα
686 3731 767 3783 δεῖ
796 3732 1001 3800 πολλῆς
1025 3733 1239 3801 νήψεως
1271 3736 1365 3787 καὶ
1394 3738 1688 3807 προσοχῆς,
1715 3740 1851 3806 ἀγα-
1962 3727 2256 3780 sobrietate
2291 3735 2453 3793 atque
2502 3726 2827 3789 attentione,
2868 3725 3067 3793 quippe
3103 3724 3197 3792 qui
3230 3737 3353 3774 cunt
3404 3736 3528 3788 pra-

249 3822 453 3889 ττητοὶ,
490 3816 580 3872 οἷα
607 3823 670 3889 δὴ
707 3826 1321 3893 συναναστρεφομένοις
1350 3835 1609 3898 πονηροῖς
1643 3832 1853 3901 ἀνθρώ-

1842 3861 1853 3872 .
1962 3819 2041 3872 vis
2072 3818 2398 3881 hominibus,
2444 3818 2625 3885 impiis
2668 3828 2722 3870 et
2765 3818 3142 3884 peccatoribus
3187 3815 3415 3882 degatis,
3463 3824 3528 3863 ne

250 3930 406 3974 ποις,
441 3914 669 3966 ἀσεὸἐσι
698 3918 792 3967 καὶ
823 3917 1195 3985 ἁμαρτωλοῖς,
1230 3920 1317 3971 ἵνα
1348 3923 1424 3990 μή
1479 3939 1626 3985 τινες
1654 3928 1718 3977 ἐκ
1752 3926 1853 3994 τῆς

1839 3943 1853 3989 ἶ
1962 3906 2050 3973 qui
2084 3921 2150 3958 ex
2198 3904 2415 3958 assiduo
2444 3920 2564 3957 cum
2600 3906 2708 3958 illis
2761 3905 3030 3973 colloquio
3072 3904 3343 3970 multaque
3395 3915 3525 3952 con-

246 4006 403 4070 πρὸς
433 4006 682 4067 ἐκείνους
712 4007 996 4076 διηνεκοῦς
1031 4010 1272 4077 ὁμιλίας,
1326 4014 1424 4063 καὶ
1458 4014 1661 4083 πολλῆς
1692 4032 1852 4087 συνη-

1838 4048 1852 4057 ,
1960 3997 2246 4052 suetudine
2299 3996 2598 4065 depravati,
2641 3997 2721 4049 vel
2759 4000 2810 4049 in
2858 3997 2961 4050 ﬁde
3014 3995 3376 4061 decipiantur,
3441 3996 3524 4045 vel

250 4094 417 4154 Οείας
452 4098 940 4165 περιτρεπόμενοι.
972 4099 1005 4168 ἦ
1047 4100 1187 4151 κατὰ
1222 4100 1321 4171 τὴν
1351 4104 1535 4155 πίστιν
1562 4106 1853 4160 ὑποσκελί-

1841 4138 1853 4148 .
1963 4092 2117 4143 tnalis
2158 4104 2343 4143 eorum
2380 4092 2631 4158 operibus
2675 4090 3107 4143 communicent;
3148 4086 3320 4139 Pravo
3357 4090 3527 4148 cnim,

250 4187 468 4248 ζιιιντο.
505 4186 536 4255 ἦ
580 4192 891 4240 κοινωνοῖεν
930 4194 1041 4253 τοῖς
1077 4192 1259 4260 ἔργοις
1287 4196 1511 4247 ἐκείνων
1548 4201 1657 4261 τοῖς
1687 4215 1852 4269 πονη,
1966 4184 2159 4249 inquit,
2215 4182 2476 4250 colloquia
2531 4182 2691 4236 bonos
2752 4198 2919 4233 mores
2973 4190 3312 4243 corrumpunt
3352 4179 3408 4240 ','
3473 4188 3527 4228 et

255 4280 377 4343 ροῖς
403 4293 417 4305 ·
457 4280 687 4343 ὁμιλίαι
731 4280 861 4349 γάρ,
919 4285 1073 4350 φησι,
1111 4287 1288 4338 κακαὶ
1335 4290 1687 4356 φθείρουσιν
1734 4292 1850 4362 ῆοη

1833 4312 1850 4362 τ
1965 4276 2174 4329 facilius
2208 4290 2326 4329 esse
2364 4276 2679 4344 pravitatem
2716 4273 3061 4336 contrahere,
3086 4288 3244 4337 quam
3275 4271 3519 4320 νὶτιιιινιιι

250 4370 507 4435 χρηστά
529 4384 545 4397 ’
579 4370 674 4419 καὶ
701 4371 833 4439 ῥᾷον
864 4372 1193 4439 μεταλαϐεῖν
1215 4377 1438 4442 κακίας,
1469 4379 1499 4447 ἢ
1532 4381 1734 4449 ἀρετῆς
1762 4400 1853 4450 με·

1840 4411 1853 4423 .
1966 4368 2254 4437 impertiri,
2291 4382 2428 4420 sacrt
2464 4366 2649 4420 Patres
2690 4366 2981 4419 allirtnattt.
3022 4362 3126 4416 Sed
3163 4372 3214 4415 et
3263 4362 3363 4414 alia
3401 4374 3526 4412 sant

255 4459 551 4519 ταόυῦναε,
590 4459 723 4511 θεῖοί
780 4478 915 4528 φασι
971 4464 1241 4533 Πατέρες.
1278 4468 1354 4520 Οὐ
1418 4470 1525 4540 μὴν
1579 4472 1715 4523 ἀλλὰ
1762 4474 1858 4524 καὶ
1892 4519 1934 4540 ἢ

1840 4474 1934 4540 in
1965 4471 2157 4528 praeter
2194 4461 2303 4528 jam
2354 4461 2517 4524 dicta,
2570 4474 2688 4527 quae
2734 4460 2965 4511 invitare
3011 4464 3236 4525 possunt
3292 4465 3347 4508 et
3379 4456 3526 4507 exci-

251 4553 433 4618 ετιρά
471 4553 587 4600 ἐστι
623 4552 763 4618 πρὸς
795 4555 906 4613 τοῖς
937 4556 1276 4623 εἰρημένοις,
1314 4562 1381 4610 τά
1429 4563 1771 4628 παρακαλεῖν
1798 4581 1856 4615 τε
1890 4546 1934 4575 υ

1840 4582 1856 4615 ε
1890 4546 1934 4575 υ
1963 4562 2077 4605 tare
2109 4554 2174 4605 ad
2226 4554 2439 4605 illorum
2474 4551 2690 4605 fraudes
2732 4560 2786 4603 et
2836 4548 3119 4610 malitiam,
3152 4548 3225 4601 ita
3259 4557 3314 4597 ιιι
3348 4546 3386 4597 ii
3433 4546 3526 4613 qui

252 4660 357 4691 και
409 4641 709 4709 διεγείρειν
743 4642 1021 4711 δυνάμενα
1075 4647 1215 4713 πρὸς
1246 4650 1343 4715 τὴν
1374 4653 1594 4720 ἀπάτην
1634 4655 1857 4709 ἐκείνων

1838 4676 1857 4709 ν
1957 4646 2095 4699 bene
2135 4647 2238 4701 sibi
2275 4664 2379 4700 non
2434 4648 2741 4712 attendunt,
2778 4645 2933 4699 facile
2985 4654 3195 4697 nutent.
3245 4644 3312 4696 Et
3349 4642 3524 4711 ptimo

253 4735 354 4782 καὶ
407 4732 745 4799 μοχθηρίαν,
807 4734 949 4785 ὥστε
1001 4736 1309 4789 κλονεῖσθαι
1366 4741 1488 4801 τοὺς
1544 4744 1617 4810 μὴ
1678 4745 1856 4806 καλῶς

1836 4763 1856 4806 ;
1954 4738 2173 4806 quidem
2207 4739 2495 4804 voluptatis
2528 4738 2740 4804 lenitas,
2774 4737 3191 4805 omnimodaque
3241 4736 3522 4798 relaxatio,

254 4843 431 4894 προσ(
448 4842 579 4893 nov
593 4843 681 4887 τας
712 4827 951 4889 ἑαυτοῖς.
978 4828 1205 4896 Πρῶτον
1230 4832 1333 4898 μὲν
1361 4832 1422 4883 τὸ
1447 4834 1588 4885 λεῖον
1616 4839 1713 4904 τῆς
1738 4838 1858 4906 ήδοα

1829 4868 1858 4879 η.
1954 4831 2190 4899 vittaque
2226 4829 2404 4893 luxus,
2438 4840 2490 4884 et
2524 4831 2736 4885 licentia
2768 4830 2915 4883 nullo
2959 4831 3261 4883 reluctante
3303 4828 3367 4879 ad
3409 4841 3515 4879 om—

251 4921 383 4986 γῆς,
421 4922 519 4970 καὶ
568 4920 861 4987 ἀνειμένον
900 4923 1079 4991 πάντη
1109 4928 1204 4974 καὶ
1237 4924 1539 4978 ἀκόλαστον
1571 4928 1665 4979 τοῦ
1714 4930 1853 4997 βίου,

1838 4973 1853 4995 ν
1955 4937 2075 4974 nem
2109 4923 2456 4989 cupiditatem
2499 4924 2680 4977 carnis
2706 4922 3055 4990 explendam;
3083 4923 3150 4975 ad
3192 4920 3304 4973 haec
3346 4920 3521 4973 immi-

254 5016 352 5063 καί
380 5013 448 5062 τὸ
494 5012 699 5075 ἐξεῖναι
736 5014 922 5065 πᾶσαν
954 5014 1256 5084 ἐπιθυμίαν
1290 5017 1467 5069 τελεῖν
1512 5023 1610 5089 τῆς
1658 5024 1858 5088 σαρκὸς

1839 5042 1858 5085 ;
1960 5024 2051 5067 net
2094 5013 2388 5067 invisibilis
2440 5025 2624 5067 noster
2669 5015 2919 5068 inimicus
2966 5024 3130 5081 atque
3185 5014 3525 5066 adversarius

250 5106 567 5163 ἀκωλύτως
594 5120 607 5131 ·
672 5105 813 5168 πρὸς
858 5105 1075 5168 τούτοις
1111 5108 1386 5161 ἐπίκειται
1446 5112 1543 5162 καὶ
1572 5113 1599 5164 ὁ
1644 5113 1857 5184 ἀφανὴς

1842 5133 1857 5177 ς
1960 5106 2227 5170 diabolus,
2278 5122 2399 5161 cum
2455 5106 2708 5161 ittsidiOSu
2766 5122 2951 5168 carne,
2998 5107 3241 5161 visibiles
3280 5106 3528 5161 subditos

248 5197 455 5265 éxepb;
495 5197 590 5246 καὶ
632 5195 907 5259 ἀντίδικος
941 5197 1099 5265 ἡμῶν
1128 5198 1378 5262 διάὸολος
1418 5202 1560 5269 μετά
1602 5202 1700 5271 τῆς
1733 5207 1855 5256 ἐπι-

1839 5235 1855 5247 -
1960 5200 2166 5254 habens
2200 5210 2254 5254 et
2290 5199 2597 5262 ministros,
2632 5201 2814 5253 hostes
2849 5200 3063 5267 quidem
3111 5199 3267 5253 nobis
3296 5201 3525 5260 amicos,

251 5290 458 5341 δούλου
511 5288 742 5354 σαρκὸς,
774 5288 1051 5356 ὑπηκόους
1098 5292 1192 5341 καὶ
1241 5291 1523 5359 ὑπηρέτας
1562 5293 1701 5361 ἔχων
1730 5296 1855 5357 τοὺς

1838 5313 1855 5357 ς
1958 5304 2015 5345 ιιι
2049 5294 2127 5346 sic
2152 5308 2245 5347 eos
2272 5294 2626 5362 appellemus,
2663 5294 3039 5347 cohabitantes
3070 5292 3372 5353 nobiscum,
3409 5292 3524 5358 qui,

249 5376 579 5447 ίρωμενους
614 5381 872 5448 εὐμενεῖς
902 5380 1134 5450 ἐχθροὺς
1162 5382 1322 5451 ἡμῶν
1356 5384 1421 5436 ἄν
1442 5402 1528 5447 τις
1554 5382 1697 5449 εἷπε,
1730 5388 1853 5450 τοὺς

1837 5405 1853 5450 ς
1962 5398 2019 5440 ιιι
2052 5385 2403 5439 infructuosa:
2435 5385 2676 5453 quaedam
2712 5400 2860 5453 apes,
2905 5386 3105 5439 Christi
3141 5386 3345 5452 apiario
3372 5400 3523 5437 coui-

254 5471 656 5533 συνοικοῦντας
724 5474 861 5541 ἡμῖν
897 5476 987 5524 καὶ
1046 5474 1304 5545 καθάπερ
1357 5478 1511 5539 τινας
1562 5479 1850 5548 ἀκάρπους

1838 5497 1850 5542 ;
1963 5480 2277 5543 miscentur,
2354 5489 2407 5531 et
2464 5478 2566 5529 tncl
2624 5480 2840 5531 virtutis
2887 5494 3070 5531 eorum
3122 5478 3403 5546 subripi-re
3460 5490 3524 5530 ac

252 5567 530 5633 μελίσσας
555 5566 1017 5635 συμμιγνυμένας
1040 5567 1118 5635 τῷ
1149 5567 1243 5620 τοῦ
1268 5568 1505 5637 Χριστοῦ
1529 5572 1849 5638 μελισσὼνιο

1838 5588 1849 5603 ⁵
1960 5570 2257 5638 deprcedari
2319 5583 2617 5635 conantur;
2672 5571 2920 5623 simulata
2972 5572 3235 5633 amicitia,
3295 5575 3524 5637 iit'lmltlc

251 5661 344 5711 καὶ
381 5661 444 5711 τὺ
488 5659 615 5727 μέλι
664 5660 763 5727 τῆς
806 5660 1010 5729 ἀρετῆς
1056 5661 1285 5714 ἐκείνων
1319 5663 1592 5731 ὑποσυλᾷν
1644 5682 1818 5735 πειρω

1962 5676 2143 5717 amore
2176 5663 2335 5716 noxia
2368 5678 2592 5730 quicque
2628 5677 2841 5731 semper
2888 5663 2991 5716 illis
3026 5664 3312 5717 suadentes
3362 5676 3522 5731 atque

1950 1985 2105 2052 juua
2140 1986 2548 2053 dispositionem
2583 2002 2759 2051 suam,
2795 2002 2912 2055 qua:
2947 2002 3051 2041 non
3084 1995 3232 2051 sunt,
3265 1996 3521 2056 tanquam

1956 2092 2019 2131 ea
2046 2093 2167 2146 qum
2199 2088 2346 2142 sunt,
2378 2088 2559 2142 vecat,
2611 2094 2676 2133 ex
2724 2094 2990 2133 consensu
3045 2080 3375 2135 sanctissimi
3422 2082 3521 2134 do-

1956 2170 2085 2223 mini
2122 2175 2291 2223 nostri
2324 2171 2647 2225 aacumenici
2682 2173 3022 2240 patriarchas,
3064 2174 3314 2240 sacrique
3356 2172 3524 2239 ipsius

1957 2276 2019 2313 ac
2048 2262 2213 2315 divmi
2263 2262 2481 2316 concilii
2518 2273 2822 2332 promotum
2887 2279 3030 2329 esse,
3075 2264 3527 2333 declaratumque

1955 2359 2010 2407 in
2055 2355 2306 2419 electum,
2345 2368 2527 2423 atque,
2572 2366 2633 2409 ut
2682 2357 2751 2409 ita
2794 2359 2991 2420 dicam,
3027 2372 3286 2426 sponsum
3321 2370 3523 2412 sanctae

1958 2458 2145 2499 vestra:
2172 2443 2263 2498 Dei
2296 2446 2565 2500 Ecclesiae.
2598 2446 2935 2516 Quapropter
2964 2447 3031 2501 do
3063 2446 3215 2501 vobis
3251 2449 3302 2500 in
3330 2449 3524 2515 primis

1956 2551 2140 2603 pacem
2176 2544 2232 2589 et
2274 2537 2594 2590 charitatem
2639 2537 2692 2589 itt
2726 2534 2967 2599 Christo,
3012 2552 3175 2605 quain
3230 2536 3393 2589 veluti
3427 2554 3523 2604 pa-

1957 2638 2162 2679 ternam
2182 2631 2469 2694 quamdam
2494 2629 2864 2682 hmreditatem
2888 2629 2955 2682 ab
2972 2630 3090 2697 ipso
3116 2627 3222 2682 Deo
3245 2627 3525 2680 Salvatore

1956 2726 2140 2769 nostro
2191 2720 2530 2787 accepimus;
2564 2735 2725 2787 quam
2765 2729 2819 2773 et
2849 2735 2964 2783 vos,
2998 2734 3201 2787 quaeso,
3238 2719 3522 2786 amplecti-

1959 2807 2089 2858 mini
2115 2807 2349 2874 copiose,
2393 2810 2457 2861 ad
2493 2809 2766 2878 patientia:
2802 2808 3339 2877 longanitnitatisque
3371 2823 3525 2860 coni-

1958 2909 2192 2947 meatnm
2238 2897 2651 2965 acquirendum,
2681 2908 2736 2950 ut
2772 2907 2826 2951 et
2860 2914 2954 2953 vos
2998 2898 3052 2951 in
3101 2897 3315 2950 assidue
3350 2897 3528 2949 innui—

1890 4519 1934 4575 D

330 5842 343 5866 ²
381 5840 395 5890 Ι
438 5840 569 5889 (Ἴων.
604 5855 690 5899 xv,
728 5836 819 5889 '53.
