4270 6488
679 457 820 542 315'

1691 478 1795 535 ΤΗ
1811 471 2112 533 ΕΟΡΗᾹΝ
2129 469 2192 527 [S
2233 465 2574 526 EPISCOPI
2615 465 2903 527 NICENI

3828 451 3946 523 316³

681 593 949 645 ﬁrmatam
991 588 1042 641 in
1077 597 1225 656 petra
1265 588 1383 640 titlei
1417 597 1471 638 et
1517 586 1726 638 amoris
1776 598 1901 652 erga
1955 583 2144 641 Deum,
2184 585 2243 628 ut

2389 593 2439 627 αι
2495 577 2588 628 τὸν
2649 575 2860 646 πύργον
2911 574 3013 640 τῆς
3064 573 3276 626 ἐκείνου
3341 572 3522 642 ψυχῆς
3588 567 3959 641 ήδρασμένον,

681 696 1030 734 mut-mutans
1071 690 1125 733 ct
1172 680 1544 741 blasphemum
1597 677 1856 728 adversus
1905 672 2072 727 Deum
2127 684 2249 738 pro-

2354 669 2612 737 ἀσφαλῶς
2640 668 2770 721 ὄντα
2802 670 2860 720 ὲν
2888 670 2953 738 τῇ
2984 667 3158 736 πέτρᾳ
3189 668 3287 736 τῆς
3315 666 3552 726 πίστεως
3583 665 3677 715 καὶ
3699 662 3921 730 ἀγάπης

683 772 849 824 terret
877 773 1119 833 verbum,
1178 773 1286 823 imo
1322 769 1500 838 potius
1541 769 1752 821 beatam
1800 765 1947 818 illam
1991 762 2252 826 valdeque

2389 763 2452 831 ἧς
2483 765 2559 823 είς
2581 763 2732 827 Θεὸν,
2772 761 2912 813 ὥστε
2965 761 3114 830 ῥῆμα
3145 757 3508 826 γογγυστικδν
3557 755 3648 808 καὶ
3683 752 3927 823 βλάσφη-

687 864 1014 916 la‘udandam
1049 863 1232 916 emisit
1266 877 1453 915 vocem
1492 875 1503 909 :
1543 859 1731 912 Nudus
1773 872 2017 925 egressus
2047 869 2159 906 sum
2190 865 2252 902 ea:

682 962 834 1007 utero
871 955 1060 1007 matris
1090 969 1237 1018 mete,
1267 963 1312 1004 et
1349 952 1522 1004 nudus
1550 962 1782 1003 revertar
1814 948 1961 1002 illuc.
2001 945 2254 998 Dominus

679 1053 846 1115 dedit,
891 1049 1141 1101 Dominus
1170 1045 1426 1110 abstulit;
1458 1026 1593 1096 sicut
1646 1038 1870 1094 Domino
1909 1041 2131 1109 placuit,
2175 1039 2252 1092 ita

683 1145 881 1208 factum
911 1150 1024 1201 est;
1055 1139 1123 1191 sit
1169 1153 1356 1189 nomen
1407 1136 1616 1187 Domini
1667 1135 1995 1187 benedictum
2019 1131 2085 1192 “,
2124 1131 2254 1185 Ideo

687 1245 814 1290 ante
848 1233 1185 1288 tentationrs
1236 1239 1288 1281 et
1331 1243 1627 1288 aerumnas,
1661 1225 1912 1294 quamvis
1955 1225 2098 1276 Deus
2147 1225 2258 1292 ipse

686 1325 1053 1382 testimonium
1085 1323 1334 1375 redderet
1364 1319 1574 1372 diabolo
1618 1318 1940 1371 innocentia:
1976 1316 2140 1378 illius,
2173 1331 2259 1368 vo-

683 1429 941 1484 cat-etque
997 1415 1150 1468 illum
1197 1412 1462 1475 Optimum
1526 1410 1768 1462 omnium
1829 1406 2107 1460 hominum
2165 1406 2256 1471 qui

684 1526 847 1578 super
900 1518 1100 1562 terram
1174 1508 1416 1558 viverent
1452 1522 1465 1558 :
1500 1502 1783 1555 Attendiin
1847 1499 2012 1563 enim,
2061 1499 2256 1565 inquit,

683 1610 852 1652 mente
890 1610 979 1650 tua
1005 1612 1159 1663 super
1190 1595 1295 1648 Job
1343 1609 1546 1647 servum
1590 1607 1805 1657 meum,
1852 1590 1991 1659 quod
2038 1605 2143 1640 non
2181 1598 2257 1641 est

684 1693 878 1760 aliquis
921 1691 973 1741 in
1007 1700 1174 1751 terra,
1210 1690 1343 1740 sicut
1378 1688 1509 1753 ipse,
1554 1689 1633 1738 t'ir
1667 1683 1782 1736 sine
1807 1683 2050 1741 crimine,
2081 1694 2260 1739 verax,

692 1785 854 1836 Deum
898 1781 1098 1844 colens,
1131 1779 1402 1832 abstinens
1453 1779 1516 1830 ab
1571 1762 1711 1828 omni
1750 1773 1892 1826 mala
1937 1772 2070 1825 re".
2108 1771 2263 1824 Mali-

2359 876 2458 929 μον
2493 856 2799 922 ἐξενεγκεῖν
2829 855 2907 916 εἰς
2935 853 3091 904 Θεόψ
3115 851 3252 904 ἀλλά
3277 851 3378 919 τὴν
3414 848 3689 918 μακαρίαν
3711 844 3932 914 ἐκείνην

2360 950 2454 1003 καὶ
2485 946 2871 1015 πολυύμνητον
2905 943 3104 1013 μᾶλλον
3127 939 3415 1012 ἀνέπεμψε
3442 940 3628 1010 ιρωνήν
3649 955 3662 968 ·
3689 936 3934 1004 Γυμνὸς

2357 1041 2624 1108 ἐξῆλθον
2648 1039 2716 1091 ἐκ
2758 1037 2992 1100 κοιλίας
3014 1035 3249 1103 μητρός
3272 1051 3416 1102 μου,
3441 1031 3668 1108 γυμνὸς
3698 1029 3798 1082 καὶ
3826 1028 3938 1081 ὰπ-

2359 1104 2686 1198 ελεύσομαι
2707 1127 2865 1181 ἐκεῖ·
2893 1129 2925 1181 ό
2944 1127 3163 1193 Κύριος
3192 1125 3438 1186 ἔδωκεν,
3473 1127 3504 1175 ὀ
3525 1104 3738 1191 Κύριος
3773 1122 3937 1189 ἀφεί-

2357 1230 2500 1280 λετο
2529 1239 2542 1254 ·
2578 1224 2656 1286 ὡς
2685 1219 2766 1285 τῷ
2811 1221 3004 1286 Κυρίῳ
3033 1216 3266 1280 ἔδοξεν,
3321 1216 3476 1269 οὕτω
3523 1214 3621 1267 καὶ
3659 1213 3898 1282 ἐγένετο
3923 1227 3936 1241 ο

2363 1318 2456 1382 εἴη
2494 1316 2561 1369 τὸ
2599 1314 2790 1381 ὄνομα
2832 1310 3058 1378 Κυρίου
3089 1305 3521 1383 εὐλογημένον.
3567 1304 3660 1356 Διὸ
3693 1303 3800 1371 πρὸ
3841 1302 3939 1370 μὲν

2366 1406 2459 1461 τοῦ
2502 1401 2811 1473 πειρασμοῦ
2866 1401 2962 1453 καὶ
2994 1398 3100 1450 τῶν
3133 1395 3432 1466 συμφορῶν
3468 1395 3645 1446 καίτοι
3673 1392 3767 1445 τοῦ
3802 1392 3939 1445 Θεοῦ

2370 1495 2778 1570 μαρτυροῦντος
2833 1491 2972 1560 πρὸς
3024 1490 3116 1542 τὸν
3165 1489 3416 1543 διάϐολον
3455 1488 3748 1556 ἄμεμπτον
3779 1486 3942 1538 αὐτὸν

2368 1586 2509 1643 εἶναι
2544 1589 2640 1640 καὶ
2665 1585 2897 1656 κρείττω
2925 1581 3146 1633 πάντων
3188 1577 3499 1648 ἀνθρώπων
3528 1576 3637 1628 τῶν
3678 1575 3769 1627 ἐπὶ
3797 1574 3900 1642 γῆς
3925 1587 3940 1601 ο

2366 1682 2713 1751 ιιροσέσχες
2741 1681 2870 1747 γὰρ.
2904 1675 3060 1745 φησὶ,
3110 1672 3188 1739 τῇ
3219 1671 3455 1743 διανοίᾳ
3490 1686 3608 1722 σου
3642 1668 3792 1721 κατὰ
3837 1666 3944 1719 τοῦ

2364 1771 2728 1843 θεράποντος
2778 1784 2898 1836 μου
2944 1764 3097 1828 Ἰὼϐ,
3149 1763 3239 1816 ὅτι
3279 1764 3390 1814 οὐκ
3426 1760 3557 1813 ἐστι
3602 1760 3730 1812 κατ’
3757 1756 3946 1811 αὐτὸν

688 1885 820 1939 gutts
850 1880 1026 1922 tamen
1063 1868 1428 1934 impuicuter,
1471 1875 1526 1919 et
1553 1866 1814 1918 audacter
1849 1863 2098 1915 laudiDUs
2126 1861 2254 1928 justi

2400 1871 2484 1925 ὧν
2538 1865 2637 1919 ἐπὶ
2689 1862 2803 1932 γῆς
2856 1861 3163 1925 ἅνθρωπος
3232 1855 3573 1924 ἄμεμπτος,
3634 1853 3942 1918 ἀληθινὸς,

688 1963 1015 2020 obtrectare,
1051 1959 1477 2027 dignitatemque
1507 1957 1728 2008 virtutis
1775 1954 1942 2020 ipsius
1987 1962 2041 2006 et
2079 1952 2261 2020 gloria:

616 2039 622 2045 ’
689 2059 987 2103 extenuare
1023 2067 1126 2101 non
1156 2049 1441 2101 verebatur
1472 2063 1485 2099 :
1523 2046 1664 2098 Num
1696 2087 1709 2110 ,
1745 2045 1943 2112 inquit,
1965 2045 2135 2111 gratis
2161 2041 2261 2094 Job

691 2143 812 2194 colit
880 2142 1210 2195 Dominum?
1257 2156 1427 2192 nonne
1462 2151 1517 2191 tu
1559 2139 1776 2191 munisti
1820 2153 1903 2200 ea,
1957 2152 2073 2205 qua:
2115 2145 2263 2188 extra

691 2237 856 2298 ipsum
892 2245 937 2286 et
969 2234 1111 2285 intra
1138 2234 1351 2284 domum
1393 2231 1508 2298 ejus
1541 2230 1764 2283 sunt”?
1795 2234 1862 2282 At
1886 2238 2003 2295 post
2028 2229 2116 2294 illa
2150 2241 2268 2277 cer-

695 2327 896 2379 tamina
926 2328 1206 2380 doloribus
1238 2327 1414 2395 plena,
1453 2336 1506 2378 et
1559 2324 1875 2393 patientiam
1910 2337 2030 2375 cum
2066 2320 2266 2390 gratia-

698 2436 813 2472 rum
847 2421 1078 2483 actione,
1102 2422 1439 2473 obsmtetum
1465 2428 1547 2470 est
1570 2417 1795 2469 omnino
1819 2429 1878 2467 os
1910 2413 2265 2472 accusatoris,

697 2514 988 2582 injurtique
1025 2511 1284 2564 dzemonis
1321 2525 1419 2564 nec
1459 2510 1598 2561 ultra
1641 2508 1749 2561 ullo
1797 2507 1953 2559 modo
1995 2505 2271 2558 contradi-

695 2621 821 2660 cere
853 2605 1089 2666 valebat,
1120 2604 1212 2656 sed
1244 2604 1444 2671 pudore
1475 2600 1710 2655 suffusus
1735 2600 1783 2651 vi
1829 2600 2003 2650 victus
2035 2594 2268 2663 aufugit.

699 2699 899 2766 Sicque
929 2709 1051 2764 post
1085 2695 1426 2748 tolerantiam
1483 2691 1845 2745 tentationutn
1869 2691 2074 2755 dignus
2118 2688 2275 2741 babi-

700 2799 785 2842 tus
836 2799 922 2841 est
987 2787 1079 2854 qui
1134 2784 1300 2838 Deum
1383 2783 1610 2841 videret,
1666 2781 1985 2847 audiretque
2031 2777 2274 2829 divinum

699 2882 826 2935 illtid
863 2879 1190 2949 praeconium
1238 2875 1461 2943 (ctenim
1517 2883 1575 2926 tit
1615 2875 1875 2926 victorem
1967 2869 2279 2936 pronuntiat

699 2977 842 3027 bunc
891 2986 1212 3033 coronarum
1249 2967 1451 3039 dator),
1508 2968 1696 3019 dicens
1756 2964 1831 3017 illi
1873 2959 2142 3016 iPutasne
2199 2975 2279 3010 me

700 3069 866 3118 aliam
897 3066 957 3116 ob
991 3080 1210 3116 causam
1263 3063 1556 3116 allaturum
1588 3073 1634 3112 te
1677 3075 1809 3120 esse,
1853 3056 1953 3109 nisi
2003 3064 2060 3109 ut
2101 3055 2280 3123 justus

701 3177 958 3227 apparens
976 3161 1060 3212 ”?
1092 3159 1192 3214 hoc
1229 3168 1332 3222 est,
1367 3157 1539 3227 Quam
1586 3156 1746 3210 aliam
1781 3154 1850 3207 ob
1883 3167 1998 3206 rem
2033 3148 2279 3218 permisi,

2367 1963 2698 2028 θεοσεϐὴς,
2755 1959 3136 2023 ἀπεχόμενος
3198 1949 3320 2004 ἀπὸ
3383 1948 3611 2013 παντὸς
3667 1946 3950 2028 ,πονηροῦ

2374 2060 2738 2130 πράγματος.
2814 2049 3005 2114 Ὅμως
3051 2047 3079 2098 6
3137 2041 3380 2112 Πονηρὸς
3429 2027 3804 2106 ἀναισχύντως
3853 2037 3952 2090 καὶ

2372 2129 2578 2219 ίταμῶς
2641 2140 2970 2214 ἐπηρεάζειν
3025 2137 3086 2189 οὐ
3137 2136 3436 2206 παρῃτεῖτο
3483 2134 3596 2193 τοῖς
3649 2129 3952 2199 ἐγκωμίοις

2368 2243 2464 2297 τοῦ
2516 2237 2754 2300 δικαίου,
2790 2233 2889 2286 καί
2927 2231 2988 2283 τὸ
3017 2219 3246 2296 ἀξίωμα
3288 2225 3575 2293 καθαιρεῖν
3605 2221 3702 2289 τῆς
3749 2219 3952 2288 ἀρετῆς

2368 2334 2578 2408 ἐκείνου
2629 2328 2722 2380 καὶ
2778 2323 2964 2391 δόξης·
3020 2318 3114 2384 Μὴ
3167 2317 3298 2387 γάρ,
3346 2314 3501 2385 φησὶ,
3547 2311 3765 2378 δωρεὰν
3835 2308 3959 2363 ’1ὼό

2370 2402 2608 2480 σέϐεται
2646 2419 2754 2473 τὸν
2785 2418 3040 2483 Κύριον;
3074 2414 3146 2464 οὐ
3179 2409 3260 2462 σὺ
3296 2405 3696 2475 περιέφραξας
3731 2402 3803 2456 τὰ
3837 2402 3956 2467 ἔξω

2372 2513 2559 2569 αὑτοῦ
2592 2512 2688 2564 καί
2723 2507 2796 2561 τὰ
2819 2508 2941 2560 ἔσω
2968 2503 3075 2572 τῆς
3101 2502 3293 2565 οἰκίας
3320 2498 3541 2562 αὐτοῦ;
3564 2495 3721 2572 Μετὰ
3747 2493 3802 2546 δὲ
3828 2494 3957 2553 τοὺς

2376 2603 2759 2662 πολυωδύνους
2795 2598 2996 2660 ἄθλους
3036 2593 3278 2655 ἐκείνους
3311 2593 3406 2644 καὶ
3437 2590 3535 2662 τὴν
3567 2591 3686 2657 μετ’
3726 2588 3956 2656 εὐχαρι-

2379 2697 2534 2757 στίας
2569 2691 2872 2762 ὑπομονὴν,
2921 2687 3137 2757 ὲφράγη
3187 2684 3510 2736 παντάπασι
3541 2682 3603 2732 τὸ
3636 2681 3814 2748 στόμα
3861 2678 3958 2730 τοῦ

2381 2787 2693 2857 κατηγόρου
2728 2785 2821 2836 καὶ
2852 2780 3111 2851 ὑϐριστοῦ
3135 2778 3389 2846 δαίμονος
3414 2793 3428 2807 ·
3468 2777 3561 2828 καὶ
3591 2774 3780 2825 λοιπὸν
3812 2774 3963 2825 ἀντι-

2381 2876 2562 2942 λέγειν
2596 2873 2735 2935 ὅλως
2783 2871 2883 2923 οὑκ
2937 2864 3106 2937 εἶχεν,
3146 2866 3282 2920 ἀλλὰ
3331 2866 3427 2918 καὶ
3463 2863 3962 2932 συγκαλυψάμενος

2385 2967 2502 3036 μετ’
2565 2964 2850 3033 αἰσχύνης,
2911 2961 3160 3029 πέφυγεν
3214 2956 3471 3027 ἡττηθεὶς
3527 2955 3674 3009 κατά
3731 2956 3958 3026 κράτος.

2394 3056 2674 3118 Ὡσαύτως
2747 3055 2886 3124 μετά
2950 3052 3052 3121 τὴν
3110 3051 3411 3120 καρτερίαν
3469 3049 3576 3101 τῶν
3635 3047 3964 3116 πειρασμῶν

2385 3150 2594 3219 ἠξιώθη
2630 3147 2726 3200 καὶ
2774 3147 2874 3214 τῆς
2906 3144 3000 3197 τοῦ
3056 3142 3192 3196 Θεοῦ
3226 3143 3484 3212 θεωρίας,
3533 3141 3627 3194 καὶ
3665 3141 3763 3210 τῆς
3811 3139 3963 3201 θείας

704 3265 761 3307 ιιι
788 3254 1116 3307 Ientationes
1143 3261 1194 3306 te
1224 3253 1566 3314 invaderent,
1593 3249 1955 3317 dignatusque
1992 3260 2133 3296 nunc
2164 3258 2261 3295 sun

2389 3239 2603 3308 ἐκείνης
2627 3235 3042 3306 ἀναγορεύσεως
3064 3251 3078 3266 ·
3107 3235 3182 3296 ὼς
3209 3233 3318 3303 γὰρ
3347 3232 3573 3302 νικητῂν
3596 3230 3966 3302 ἀνακηρύττει

702 3345 999 3413 colloquio,
1035 3344 1136 3397 nisi
1181 3353 1238 3397 ut
1267 3343 1446 3411 justus
1488 3340 1788 3409 apparens?
1817 3349 1869 3392 et
1913 3337 2122 3404 iustitia
2161 3344 2283 3394 tua,-

705 3437 916 3489 vivendi
968 3437 1128 3497 ratio,
1181 3448 1444 3501 amorque
1504 3446 1630 3499 erga
1685 3429 1848 3482 Deum
1905 3427 2004 3494 ipsi
2036 3423 2276 3489 diabolo,

703 3529 1064 3596 omnibusque
1105 3528 1437 3588 hominibus,
1475 3523 1564 3591 qui
1599 3529 1760 3575 erunt
1816 3533 1984 3585 usque
2037 3516 2102 3569 ad
2144 3530 2277 3567 con-

707 3621 1126 3673 summationem
1157 3616 1363 3680 mundi,
1401 3607 2035 3666 manilesteturYOratio
2061 3607 2278 3676 quidem

708 3714 824 3767 haec
857 3709 1328 3765 immarcescibilis
1351 3705 1458 3760 fuit
1480 3719 1681 3760 corona
1707 3701 2067 3757 certaminum
2107 3697 2282 3751 atble-

709 3819 795 3870 ιω,
827 3806 1112 3866 decoratis,
1153 3799 1578 3870 gloriﬁcansque
1622 3797 1771 3851 illum
1806 3795 1857 3848 in
1899 3791 2280 3848 aeternitatem.

710 3897 822 3952 lloc
850 3896 1092 3950 bravium
1129 3893 1226 3947 fuit
1257 3894 1448 3962 agonis
1480 3889 1674 3962 ipsius,
1711 3888 1815 3941 hoc
1844 3885 2118 3955 patientia:
2147 3897 2288 3952 prai-

710 3991 904 4045 tnium.
937 3987 1128 4044 Oratio
1153 3986 1268 4040 btec
1300 3985 1551 4039 morbum
1582 3981 1732 4035 illum
1759 3977 2038 4034 doloribus
2068 3977 2285 4046 plenum

712 4085 862 4139 illit-o
893 4081 1168 4146 dissolvit,
1207 4088 1263 4134 et
1314 4077 1601 4132 facultates
1622 4088 1814 4130 omnes
1845 4070 2084 4127 reddidit
2120 4067 2288 4140 duplo

713 4177 953 4245 majores
1005 4175 1092 4236 iis,
1130 4186 1265 4240 quas
1308 4171 1589 4232 amiserat,
1637 4176 1691 4219 et
1747 4180 1814 4219 ex
1876 4171 2028 4217 tanta
2084 4162 2290 4230 inopia,

2377 3332 2568 3384 τοῦτον
2593 3332 2620 3381 6
2649 3327 3051 3396 στεφανοδότης
3075 3341 3089 3355 ·
3132 3325 3253 3377 Olet
3289 3340 3368 3394 με
3396 3323 3599 3389 ἄλλως
3626 3339 3724 3376 σοι
3749 3339 3966 3390 κεχρη-

2372 3421 2687 3489 ματικέναι
2726 3419 2901 3485 λέγων
2940 3417 2977 3483 ἢ
3014 3416 3116 3468 ἵνα
3152 3412 3475 3482 ἀναφανῇς
3507 3414 3777 3478 δι’καιος;
3812 3429 3968 3464 τουτ-

2378 3514 2496 3566 ἐστι
2531 3511 2608 3564 Δι’
2639 3510 2770 3564 ἄλλο
2795 3526 2846 3560 τι
2879 3506 3238 3577 συνεχώρησα
3265 3506 3392 3567 τοὺς
3418 3505 3762 3576 πειρασμοὺς
3803 3504 3970 3557 ἐπελ-

2379 3605 2494 3658 θεῖν
2529 3619 2634 3667 σοι,
2685 3602 2779 3654 καὶ
2825 3599 3045 3669 ὁμιλίας
3071 3599 3280 3669 ἠξίωσα
3311 3596 3430 3658 νῦν,
3478 3597 3511 3667 ἢ
3563 3599 3652 3649 ἵνα
3683 3598 3972 3666 ἀναφανῇς

2386 3697 2621 3758 δίκαιος,
2661 3693 2748 3746 ῐνα
2794 3689 3008 3760 φανερά
3038 3689 3267 3757 γένηται
3322 3689 3355 3756 ἠ
3413 3687 3479 3758 σὴ
3521 3686 3840 3757 δικαιοσύνη
3873 3689 3973 3739 καὶ

2387 3787 2641 3858 πολιτεία
2676 3785 2772 3840 καὶ
2821 3783 2959 3848 πρὸς
2988 3782 3124 3835 Θεὸν
3158 3781 3374 3850 ἀγάπη,
3411 3781 3505 3834 καὶ
3538 3781 3690 3851 αὐτῷ
3734 3779 3974 3850 διαϐόλῳ

2389 3881 2485 3934 καὶ
2538 3879 2708 3930 πᾶσιν
2757 3874 3068 3946 ἀνθρώποις
3114 3873 3227 3936 τοῖς
3281 3873 3448 3942 μέχρι
3498 3873 3598 3940 τῆς
3637 3871 3733 3924 τοῦ
3764 3872 3970 3934 παντὸς

2388 3968 2702 4031 συντελείας
2729 3982 2746 4032 ;
2788 3961 2958 4028 Οὗτος
2996 3964 3025 4016 6
3053 3963 3214 4032 λόγος
3244 3965 3271 4016 6
3298 3962 3668 4033 ἀμαράντινος
3696 3963 3792 4032 τῆς
3825 3962 3977 4029 ἀγω-

2390 4064 2515 4126 νίας
2549 4060 2642 4115 τοῦ
2675 4058 2912 4130 ἀθλητοῦ
2950 4056 3239 4125 στέφανος,
3284 4055 3647 4119 καλλωπίζων
3683 4053 3780 4106 καὶ
3816 4051 3978 4115 δοξά-

2394 4157 2506 4222 ζων
2534 4155 2701 4210 αὑτὸν
2749 4151 3007 4214 αἰωνίοις.
3043 4149 3216 4203 Τοῦτο
3249 4149 3310 4201 τὸ
3361 4147 3614 4218 βραϐεῖον
3667 4147 3766 4216 τῆς
3810 4145 3981 4215 ἀθλή-

714 4269 927 4328 morbo,
971 4274 1026 4319 ct
1057 4266 1342 4333 despectu,
1374 4269 1597 4329 repente
1626 4260 1691 4311 ad
1719 4257 2011 4310 maximam
2043 4254 2261 4324 gloriam

2395 4266 2532 4310 σεως
2566 4245 2759 4304 αὑτοῦ.
2794 4243 2967 4298 Τοῦτο
3000 4243 3060 4296 τὸ
3083 4241 3322 4296 ἔπαθλον
3346 4241 3443 4310 τῆς
3475 4240 3774 4309 ὑπομονῆς.
3806 4230 3978 4301 Οὗτος

712 4373 866 4428 opes,
909 4365 962 4412 et
1011 4358 1209 4410 bonam
1263 4354 1634 4408 valetudinem
1697 4349 1898 4410 evexit,
1950 4346 2261 4416 praclarum

2396 4345 2425 4397 6
2451 4342 2632 4411 λόγος,
2665 4340 2765 4409 τὴν
2791 4337 3133 4392 πολυὼδυνον
3168 4334 3322 4390 νόσον
3368 4332 3588 4404 ἐκείνην
3635 4331 3834 4384 αὐτίκα
3866 4331 3977 4385 διι-

712 4468 820 4520 qne
849 4449 1051 4512 elIecit,
1083 4459 1136 4503 et
1169 4449 1222 4502 iit
1257 4447 1510 4516 praesenti
1543 4446 1678 4506 vita,
1702 4453 1752 4495 et
1787 4442 1838 4495 in
1875 4441 2079 4493 futura.

2397 4437 2551 4499 λυσε,
2611 4433 2707 4486 καὶ
2768 4434 2952 4488 πᾶσαν
3003 4429 3106 4494 τὴν
3171 4425 3494 4496 περιουσίαν
3544 4423 3812 4476 διπλασίω
3864 4423 3981 4474 τῶν

711 4515 1090 4618 ἀφῃρημένων
1137 4515 1486 4603 ἀποδίδωσιν,
1535 4541 1598 4590 ἐκ
1641 4534 1912 4605 τοσαύτης
1945 4535 2136 4597 πενίας
2183 4533 2278 4585 xa‘t.
2317 4532 2474 4585 νόσου
2500 4527 2596 4580 καὶ
2617 4526 2856 4592 ἀδοξίας,
2889 4520 3089 4591 ἁθρόον
3121 4520 3204 4582 είς
3271 4517 3543 4588 μεγίστην
3575 4515 3819 4582 εὐδοξίαν
3878 4518 3981 4569 καὶ

632 4674 641 4695 .-
1009 4637 1104 4690 καὶ
1177 4632 1397 4700 εὐεξίαν
1470 4628 1765 4700 ἀναγαγὼν
1825 4628 1922 4686 καὶ
2001 4625 2280 4697 περιφανῆ
2355 4621 2710 4691 καταστήσας
2767 4617 2862 4671 καὶ
2925 4615 2984 4666 ἐν
3043 4610 3124 4685 τῷ
3199 4611 3434 4682 παρόντι
3492 4609 3713 4682 βίῳκαὶ
3767 4610 3825 4660 ὲν
3898 4607 3983 4680 τῷ

635 4761 643 4773 ι
719 4733 992 4807 μέλλοντι.

789 4825 841 4884 4.
901 4824 1054 4877 lluac
1108 4822 1274 4891 igitur
1329 4834 1543 4883 omnes,
1610 4833 1643 4872 o
1699 4814 2035 4879 cbatissimi,
2087 4813 2259 4866 imitat

2467 4802 2529 4858 δ’.
2579 4800 2780 4854 Τοῦτον
2833 4795 3033 4849 τοίνυν·
3071 4792 3316 4865 ζηλῶσαι
3368 4791 3596 4856 πάντες,
3652 4789 3983 4858 ἀγαπητοὶ,

718 4921 1058 4980 ιιΙιΙιΙιξίὶιιιιιε,
1114 4914 1307 4968 divites
1359 4923 1412 4965 et
1463 4925 1752 4980 pauperes,
1806 4908 1945 4962 servi
2012 4916 2066 4960 et
2111 4904 2261 4957 liberi

2396 4895 2819 4959 σπουδάσωμεν,
2873 4887 3122 4943 πλούσιοι
3157 4885 3268 4940 ,καὶ
3323 4883 3598 4954 πένητες,
3656 4881 3836 4934 δοῦλοι
3884 4882 3986 4931 καὶ

721 5013 862 5077 sani,
909 5022 964 5066 et
1024 5008 1253 5071 inlirmi,
1304 5021 1427 5061 cum
1487 5005 1616 5070 Iazti,
1656 5019 1782 5057 cum
1846 5001 2030 5055 tristes
2081 5012 2292 5053 sumus.

719 5109 908 5167 Justus
991 5105 1135 5159 enim
1213 5104 1326 5168 hate
1403 5100 1586 5154 omnia
1660 5097 1980 5164 superavit,
2056 5091 2258 5160 jucund

2394 5078 2754 5149 ἀθυμοῦντες,
2789 5073 2911 5126 ὲπεί
2921 5089 2980 5123 πε
2989 5087 3021 5141 ρ
3047 5072 3075 5124 6
3097 5070 3306 5154 δίκαιος
3327 5066 3692 5122 πάνταταῦτα
3715 5064 3983 5135 μετῆλθε,

721 5159 917 5264 itempe
981 5204 1034 5248 et
1089 5165 1413 5262 injucunda,
1475 5194 1529 5241 et
1585 5159 1802 5255 quidem
1854 5159 2067 5250 singula
2123 5176 2261 5250 peric

2398 5173 2488 5227 καὶ
2515 5170 2585 5222 τά
2619 5167 2750 5238 ἡδέι
2787 5167 2881 5218 καὶ
2909 5162 2979 5216 τὰ
3014 5162 3256 5232 λυπηρά·
3282 5165 3375 5214 καὶ
3402 5159 3640 5214 ἕκαστον
3661 5159 3780 5228 μεθ’
3812 5159 3989 5226 ὑπερ-

720 5288 962 5343 ctissima
1037 5284 1274 5353 quadam
1330 5291 1383 5335 et
1441 5276 1761 5333 admiranda
1823 5276 2056 5336 ratione,
2114 5285 2261 5324 verni

2403 5265 2588 5332 ϐολῆς,
2626 5263 2720 5315 καὶ
2739 5264 2794 5314 ὲν
2824 5260 2957 5312 πᾶσι
2978 5255 3200 5325 δόκιμος
3229 5253 3638 5324 ἀνεφάνη.οῦτε
3666 5253 3777 5322 γὰρ
3814 5251 3991 5303 πλοῦ,

725 5381 1058 5438 inomnibus
1093 5378 1294 5448 probus
1336 5374 1610 5443 apparuit.
1674 5367 1860 5436 Neque
1904 5365 2051 5418 enim
2105 5362 2254 5415 diviti

2398 5375 2491 5418 τος
2514 5396 2528 5419 ,
2551 5354 2678 5407 οὔτε
2729 5352 2915 5416 πενία,
2940 5349 3066 5403 οὕτε
3109 5350 3287 5412 νόσος,
3318 5346 3443 5400 οὔτε
3467 5345 3653 5415 ὑγεία,
3676 5343 3801 5397 οὔτε
3831 5343 3986 5407 δόξα,

724 5483 818 5535 aut
878 5481 1214 5541 paupertas,
1291 5466 1513 5520 morbus
1579 5471 1672 5515 aut
1776 5459 2034 5521 sanitas,
2129 5452 2261 5523 gloti

2403 5447 2528 5502 οὔτε
2554 5445 2741 5511 ἀδοξία
2773 5445 2864 5498 τὸν
2906 5442 3139 5498 πλοῦτον
3198 5441 3301 5510 τῆς
3335 5440 3540 5509 ἀρετῆς
3575 5437 3744 5490 αὐτοῦ
3776 5435 3991 5505 ἐλυμή-

725 5520 818 5535 ""'
878 5520 1214 5541 ινν-πι---η-ν
2023 5520 2026 5521 ν
2135 5520 2151 5523 -

725 5570 845 5628 sine
905 5564 1201 5633 ignominia
1276 5557 1492 5613 virtutis
1584 5555 1702 5623 ejus
1785 5551 2006 5605 divitias
2123 5548 2254 5616 perd

2405 5551 2570 5594 νατοο
2604 5536 2718 5588 ἀλλ’
2753 5536 2943 5604 ὥσπερ
2973 5535 3002 5587 6
3041 5533 3281 5603 καθαρὸς
3316 5530 3516 5601 χρυσὸς
3549 5529 3644 5581 καὶ
3663 5520 3988 5609 ἀκίδδηλος,

725 5660 1002 5713 diderunt.
1041 5655 1303 5722 Quinimo
1334 5651 1409 5705 uti
1457 5663 1672 5718 purum,
1703 5654 1757 5699 et
1791 5659 1895 5698 non
1946 5639 2261 5702 adulterium

2408 5631 2593 5684 οῦτ“ὲν
2621 5631 2782 5701 πυρὶ,
2833 5627 2947 5681 οὔτ’
2968 5631 3026 5680 ὲν
3049 5626 3268 5690 ὕδασιν,
3322 5623 3436 5678 oili-:7
3471 5623 3530 5677 ἐν
3580 5620 3728 5689 ἄλλῳ
3755 5619 3865 5671 τινὶ
3891 5621 3996 5689 τὴν

729 5763 945 5811 aurttm,
997 5745 1143 5815 quod
1195 5757 1368 5812 neque
1404 5741 1527 5808 igne
1579 5750 1755 5807 neque
1790 5749 1954 5802 aqua,
1990 5746 2162 5800 neque
2207 5729 2256 5781 al

2413 5723 2619 5776 ιδίανλα
2628 5741 2665 5792 μ
2677 5722 2916 5792 πρότητα
2940 5721 3032 5776 xci.
3054 5717 3424 5791 μαρμαρυγὴν
3446 5713 3834 5776 ἀποϐάλλεται,
3856 5712 3998 5768 ἀλλὰ

2239 5912 2281 5941 ³³
2315 5908 2415 5964 Job
2459 5925 2650 5970 xuttt,
2684 5909 2781 5961 52.

1290 5924 1332 5954 ³⁷
1367 5920 1495 5977 ibid.
1531 5920 1586 5972 8..

783 5927 987 5981 4610b
1024 5943 1058 5992 ι,
1092 5923 1180 5976 ⁸21.
1290 5924 1332 5954 ³⁷
1367 5920 1495 5977 ibid.
1531 5920 1586 5972 8,.
1674 5916 1718 5949 ³⁸
1755 5915 1828 5968 ibi
1854 5916 1886 5970 Ι,
1923 5930 1996 5979 tx,
2037 5913 2125 5968 10.

2389 4981 3036 5058 ὲλεύθεροι,ὐγιαίνοντες
3051 4978 3148 5033 καὶ
3171 4976 3474 5040 νοσοῦντες,
3496 4973 3864 5044 εὐθυμοῦντες
3883 4974 3986 5028 καί
4073 4975 4078 4978 ’
