4270 6488
310 420 413 487 391

1688 430 2058 489 EPISTULA
2093 430 2206 490 Ill.

3452 438 3558 502 322

308 530 371 581 ἐν
414 532 509 584 καὶ
543 532 640 599 τῆς
677 534 993 604 ζωερχικῆς
1021 537 1353 605 πληθυνθείη
1383 536 1629 606 Τμάδος,
1663 540 1741 601 εἰς
1776 556 1901 591 κατ·
1931 540 1971 596 Α

1871 556 1901 575 υ-
1931 540 1971 596 Α
2008 536 2288 593 fectioncm
2329 540 2542 610 quidem
2579 550 2836 605 vestram,
2868 554 2914 598 et
2950 546 3210 599 unitatem
3249 545 3406 611 ﬁdei,
3438 566 3557 618 qua:

319 622 594 690 αρτισμδν
628 626 730 692 μὲν
760 626 969 678 ἑαυτῶν
1004 628 1095 679 καὶ
1129 629 1225 693 τῆς
1254 631 1330 689 είς
1377 628 1509 681 Θεὸν
1531 630 1752 699 ἑνότητα
1803 631 1889 681 πί-

309 732 503 777 στεως,
540 720 634 770 καὶ
668 718 803 785 πρὸς
856 721 963 770 πᾶν
1008 720 1188 771 ὁτιοῦν
1227 721 1431 786 ἀγαθὸν
1472 722 1749 787 ὁμόνοιαν,
1795 722 1890 774 καὶ

305 804 697 874 ἀλληλουχίαν,
754 807 984 877 αὔξησιν
1032 809 1089 861 δὲ
1139 810 1234 861 καὶ
1286 810 1574 881 προκοπὴν
1626 811 1740 877 βίου
1794 813 1887 865 καὶ

306 897 547 959 πίστεως
566 898 674 949 τῶν
696 899 763 950 δι’
780 900 937 967 ἡμῶν
956 900 1075 967 Θεῷ
1100 903 1626 970 προσενηνεγμένων
1656 905 1746 955 καὶ
1775 904 1888 957 δια-

248 981 273 1006 ⁶
305 986 488 1052 φόρως
543 989 935 1057 φωτιζομένων
989 990 1081 1042 καὶ
1132 993 1509 1060 ἁγιαζομένων
1556 994 1885 1062 ἀνθρώπων,

305 1080 633 1149 προσθήκην
684 1098 744 1131 τε
790 1081 1015 1149 διηνεκῆ
1052 1082 1149 1134 καὶ
1192 1084 1433 1136 ἐπίδοσιν
1484 1085 1586 1154 τῆς
1632 1088 1724 1139 τοῦ
1749 1089 1885 1141 Θεοῦ

318 1166 653 1234 Ἐκκλησίας
689 1172 752 1221 ἐκ
801 1171 913 1222 τῶν
949 1173 1408 1241 προσερχομένων
1458 1177 1522 1243 τῇ
1573 1175 1696 1227 καθ’
1740 1179 1886 1245 ἡμᾶς

302 1256 598 1326 ἀμωμήτῳ
639 1261 844 1322 πίστει,
882 1261 942 1324 ἐξ
985 1264 1207 1331 ἀνιέρου
1249 1262 1394 1332 ζωῆς
1434 1266 1527 1316 καὶ
1559 1267 1884 1333 φθοροποιοῦ

304 1347 543 1416 πλανης,
578 1354 673 1402 καὶ
702 1352 1049 1420 δυσσεϐείας,
1083 1358 1204 1418 ταῖς
1237 1358 1536 1425 ἡμετέραις
1564 1361 1883 1430 είσηγήσεσι

305 1442 399 1492 καὶ
442 1441 839 1505 διδασκαλίαις.

373 1538 445 1585 α’.
511 1534 783 1605 ’Δνάγκην
839 1539 1223 1609 ἐπικειμένην,
1282 1542 1579 1613 ἀγαπητοὶ,
1637 1544 1729 1613 μοὶ
1789 1547 1883 1597 καὶ

300 1625 474 1677 πόθον
510 1628 712 1696 ἔχοντι,
744 1633 840 1685 καὶ
871 1636 1199 1702 σωματικῶς
1232 1637 1379 1705 ὑμῖν,
1413 1634 1489 1691 ὧν
1514 1640 1611 1707 τὴν
1648 1657 1883 1708 προστα-

300 1718 427 1768 σίαν
471 1720 749 1788 ἐδεξάμην
799 1726 952 1792 παρα
990 1726 1228 1796 Χριστοῦ
1281 1732 1519 1782 συνεῖναι
1545 1732 1632 1782 τὸν
1666 1732 1881 1787 ἅπαντα

293 1809 516 1876 χρόνον,
569 1814 617 1863 εί
653 1808 764 1865 οἷόν
802 1832 859 1867 τε
897 1818 991 1869 καὶ
1031 1818 1099 1870 τὸ
1152 1822 1400 1889 λογικὸν
1443 1822 1668 1876 ἄδολον
1708 1826 1877 1894 γάλα,

295 1902 445 1953 κατὰ
486 1903 580 1954 τὸν
634 1903 779 1957 θεῖον
833 1909 1012 1959 εἰπεῖν
1059 1911 1405 1975 ’Δπόστολον,
1439 1915 1680 1977 ποτίζειν
1728 1921 1878 1985 ἡμᾶς

293 1993 421 2043 καθ’
460 1996 703 2063 ἑκάστην
741 1998 829 2052 διὰ
865 2000 1138 2069 γλώσσης,
1172 2005 1425 2075 καθάπερ
1459 2008 1513 2059 εἴ
1536 2025 1680 2071 τινος
1711 2011 1879 2079 θηλῆς

288 2084 543 2153 δαψιλῶς
576 2089 943 2157 χορηγοῦντα,
982 2094 1186 2160 μᾶλλον
1224 2096 1280 2147 δὲ
1334 2101 1559 2167 στερεᾶς
1599 2102 1879 2166 μεταδιδό-

288 2192 383 2226 ναι
425 2181 657 2245 τροφῆς,
685 2181 745 2233 ὃν
772 2182 1022 2248 ἀγγέλων
1048 2186 1272 2255 οἴδαμεν
1304 2190 1467 2257 ἄρτον
1496 2198 1873 2263 γεγυμνασμέ·

288 2283 407 2328 νοις
439 2268 567 2336 ἤδη,
602 2272 743 2325 κατά
780 2274 1015 2339 Παῦλον,
1042 2276 1130 2328 διὰ
1160 2278 1256 2347 τὴν
1280 2279 1390 2342 ἕξιν
1423 2281 1491 2333 τὰ
1523 2283 1875 2354 αῖσθητήρια,

289 2357 371 2418 ὥς
401 2376 463 2409 τε
496 2361 572 2429 μὴ
606 2362 769 2429 μόνον
806 2365 954 2433 ὑμᾶς
1001 2368 1254 2423 ἐντεῦθεν
1284 2370 1467 2434 αὔξειν
1502 2374 1644 2426 κατὰ
1682 2379 1877 2445 μικρὸν

289 2451 378 2511 εἰς
417 2453 621 2521 μέτρον
651 2456 748 2524 τῆς
781 2458 996 2525 ἡλικίας
1039 2461 1131 2513 τοῦ
1181 2462 1549 2532 πληρώματος
1592 2467 1687 2518 τοῦ
1738 2470 1875 2537 Χρι-

291 2541 451 2603 στοῦ,
484 2545 620 2597 ἀλλὰ
655 2549 748 2598 καὶ
774 2552 887 2610 τοῖς
936 2552 1141 2611 latr-oi;
1173 2560 1448 2607 κοινωνεῖν
1476 2559 1876 2629 ἁγαθοπρεττῶς

289 2632 567 2687 δύνασθαι
617 2638 727 2689 τῶν
782 2642 1066 2703 τοιούτων,
1112 2645 1232 2713 ἧτις
1272 2646 1339 2698 ἂν
1395 2648 1478 2717 εἴη
1515 2651 1609 2701 καὶ
1652 2652 1876 2718 βελτίων

291 2724 481 2793 πολλῷ
511 2726 592 2795 τῷ
636 2731 822 2798 μέτρῳ
875 2734 972 2800 τῆς
1005 2734 1172 2803 ἄλλης
1216 2738 1463 2801 εὐποιίας
1518 2744 1610 2793 καὶ
1651 2745 1874 2809 μεταδό-

290 2830 461 2877 σεως,
490 2818 590 2869 ούκ
617 2823 698 2881 είς
724 2822 885 2888 ἔργον
919 2826 993 2891 μὴ
1020 2828 1445 2895 προεληλυθέναι
1466 2834 1531 2884 τὰ
1562 2834 1655 2885 τοῦ
1682 2837 1875 2905 χρέους

286 2907 491 2961 τούτου
539 2913 637 2961 καὶ
689 2914 789 2978 τῆς
841 2916 1080 2981 ἐφέσεως
1135 2919 1263 2986 ἄχρι
1298 2921 1389 2973 τοῦ
1433 2923 1525 2974 νῦν
1576 2924 1873 2991 ἐξεγένετο,

286 2999 631 3071 κωλυομένῳ
684 3005 966 3074 διαφόροις
1023 3011 1112 3061 καὶ
1166 3012 1293 3063 ἄλλο
1327 3031 1384 3065 τε
1430 3016 1618 3076 ἄλλαις
1666 3020 1874 3084 αἰτίαις

286 3090 350 3140 οὐ
382 3092 619 3157 φαύλαις
640 3099 752 3148 τισὶ
783 3099 877 3149 καὶ
899 3102 1239 3168 παρορᾶσθαι
1267 3104 1463 3167 ἀξίαις,
1496 3108 1569 3167 ὡς
1601 3111 1693 3161 καὶ
1723 3112 1874 3180 ὑμῶν

285 3182 544 3249 ἀκριϐῶς
604 3187 787 3237 ἴσασιν
836 3189 935 3240 οὐκ
978 3191 1168 3257 όλίγοι,
1205 3194 1289 3246 ἵνα
1327 3196 1400 3264 μὴ
1460 3197 1604 3265 λέγω
1651 3205 1867 3266 πάντες.
1902 3223 1945 3281 c

283 3273 391 3325 Διά
424 3290 507 3325 τοι
561 3275 724 3328 τοῦτο
762 3278 873 3330 δεῖν
925 3281 1100 3345 ἔγνων
1145 3284 1230 3335 διὰ
1291 3291 1633 3357 γραμμάτων
1677 3293 1873 3349 ὡσανεί

284 3384 459 3416 τινων
499 3368 819 3436 πορθμείων
853 3372 883 3439 ἢ
921 3374 1136 3441 κτηνῶν
1173 3376 1496 3446 ἀχθοφόρων
1529 3385 1621 3433 τὸν
1650 3387 1748 3452 τῆς
1791 3389 1872 3439 δι-

281 3457 595 3520 δασκαλίας
626 3462 883 3526 οὐράνιον
922 3463 1087 3532 ἄρτον
1130 3468 1263 3535 πρὸς
1303 3471 1448 3536 ὑμᾶς
1478 3478 1867 3545 παραπέμψαι,

282 3549 528 3616 καρδίαν
558 3550 782 3618 ἐκείνην
834 3552 1013 3605 εἰδότα
1049 3556 1187 3608 κατὰ
1231 3559 1320 3610 τὲν
1356 3561 1649 3631 Προφήτην
1684 3569 1871 3635 στηρί-

282 3638 431 3701 ζειν,
469 3642 593 3709 ἣτις
626 3642 720 3693 καὶ
748 3643 879 3694 Θεὸν
904 3645 1067 3696 αὐτὸν
1090 3649 1223 3715 όρᾷν
1256 3650 1462 3716 πέφυκε
1529 3658 1620 3705 καὶ
1651 3658 1867 3727 καθαρὰ

280 3733 552 3796 γεγονυῖα
578 3749 592 3761 ⁸
634 3733 775 3800 ὅπερ
808 3735 875 3785 ἂν
904 3737 989 3803 είη
1023 3740 1121 3806 τῆς
1166 3740 1287 3791 καθ’
1317 3743 1460 3808 ἡμᾶς
1495 3745 1715 3817 λογικῆς
1743 3754 1873 3803 ταύ-

278 3839 385 3889 της
416 3822 603 3889 ψυχῆς
640 3823 702 3873 τὸ
734 3828 983 3890 κρεῖττον
1016 3829 1108 3878 καὶ
1140 3829 1489 3902 ὑψηλότερον,
1524 3838 1580 3885 ὲν
1620 3832 1663 3903 ᾧ
1691 3856 1870 3909 παρα-

285 3913 485 3978 μένειν
514 3913 576 3963 τὸ
609 3913 868 3981 ζώπυρον
898 3916 993 3982 τῆς
1025 3917 1197 3969 ἀϊδίου
1223 3919 1369 3985 ζωῆς
1397 3921 1596 3987 πάντες
1624 3932 1872 3985 πιστεύο-

283 4019 414 4070 μεν⁹
448 4003 644 4071 ὥσπερ
693 4004 993 4075 ἀρραϐῶνά
1036 4025 1159 4061 τινα
1186 4010 1282 4077 τῆς
1334 4013 1634 4087 μελλούσης
1669 4020 1866 4074 οθανα-

282 4096 412 4157 σίας
445 4096 675 4148 δοθέντα
733 4098 822 4150 διὰ
875 4099 1271 4169 βαπτίσματος.
1309 4106 1400 4156 Διὸ
1452 4109 1575 4167 τοὺς
1616 4110 1715 4177 τῆς
1752 4113 1869 4164 δια-

279 4190 438 4247 νοίις
473 4187 713 4249 κόλπους
750 4189 1065 4252 ἀνοίξαντες
1100 4192 1351 4257 ἕκαστος,
1406 4197 1589 4259 καθὼς
1625 4198 1690 4250 ἂν
1720 4202 1870 4271 αὐτῷ

280 4274 545 4343 χωρητὸν
606 4277 719 4344 εῐη,
751 4277 859 4329 τῶν
890 4279 1146 4332 τοιούτων
1177 4282 1395 4348 ἀγαθῶν
1442 4286 1678 4353 δαψιλῶς
1704 4291 1871 4357 ἐμφο-

280 4367 515 4435 ρέθητε.
546 4367 765 4419 Γένοιτο
791 4368 848 4419 δὲ
877 4368 1049 4421 ταῦτα
1087 4373 1161 4438 μὴ
1191 4375 1353 4441 μόνον
1383 4379 1481 4445 τῆς
1510 4380 1652 4431 κατὰ
1682 4382 1869 4451 αίσθηο

282 4476 375 4511 σιν
412 4458 618 4527 ἡδονῆς
653 4460 749 4511 καὶ
790 4460 901 4511 τῶν
938 4463 1002 4513 ἐκ
1033 4462 1237 4529 ταύτης
1270 4466 1503 4518 ἐπαίνων
1534 4470 1629 4520 καὶ
1661 4474 1868 4537 κρότων

1994 626 2044 679 in
2086 626 2248 681 Deum
2290 641 2397 695 est,
2432 640 2485 685 ct
2517 633 2581 686 atl
2612 644 2853 688 mutuam
2899 634 2950 688 in
2984 638 3128 688 omni
3162 637 3301 691 bono
3329 653 3556 693 concor-

1993 720 2137 771 diam
2169 730 2221 773 et
2250 724 2660 787 connexionem,
2699 728 2764 779 ad
2800 729 3190 782 incrementum
3248 744 3377 783 vero
3410 730 3554 791 vita,

1989 818 2041 861 et
2078 810 2196 862 litlci
2232 827 2439 878 eorum,
2471 817 2560 883 qtti
2590 816 2698 870 Deo
2727 832 2821 884 per
2851 835 2947 872 vos
2975 819 3297 881 oﬂ‘eruntttr,
3328 821 3557 875 diversi-

1992 900 2256 967 ntodequt:
2288 904 2685 972 illuminantur,
2705 923 2765 962 ac
2791 911 3217 973 sanetilicantur,
3250 912 3555 965 assiduum-

1988 1006 2092 1060 que
2122 992 2379 1050 Ecclesia:
2408 990 2501 1053 [καί
2557 1010 2903 1070 augmentum
2932 1041 2946 1065 ,
2987 1013 3040 1056 et
3075 1003 3511 1071 propagationem
3536 1043 3552 1067 ,

1989 1095 2206 1152 pr0pter
2235 1102 2328 1141 eos
2358 1092 2447 1158 qui
2484 1092 2549 1145 ad
2584 1104 2825 1147 nostram
2860 1096 3338 1148 incontaminatam
3390 1094 3552 1147 [idem

1996 1190 2058 1227 ex
2098 1178 2304 1243 impura
2335 1183 2462 1239 vita,
2497 1195 2549 1236 et
2579 1186 2787 1251 perdito
2808 1199 3042 1248 errrore,
3067 1195 3227 1253 alque
3258 1186 3554 1254 impietate,

1987 1269 2467 1339 exhortationibus,
2504 1286 2556 1328 et
2598 1277 2933 1332 documentis
2960 1277 3156 1332 vestris
3184 1280 3464 1332 accedunt.

2040 1536 2088 1588 l.
2118 1535 2450 1594 Dcsidcranti
2472 1541 2620 1604 mihi,
2644 1560 2674 1597 ο
2690 1544 2891 1606 dilecti,
2909 1560 3006 1613 pro
3024 1547 3345 1601 necessitate
3365 1561 3552 1602 mune-

1986 1627 2059 1679 ris
2086 1628 2211 1680 tnihi
2235 1631 2492 1697 impositi,
2514 1632 2787 1688 vobiscum
2806 1637 3057 1706 (quorum
3085 1640 3320 1709 regimen
3345 1656 3373 1695 a
3395 1638 3557 1696 Chri-

1983 1727 2067 1771 sto
2096 1723 2332 1789 suscepi)
2361 1738 2591 1793 corpore
2625 1729 2785 1781 etiam
2821 1745 3034 1799 semper
3062 1748 3205 1795 esse,
3228 1735 3272 1787 si
3300 1735 3413 1788 ﬁeri
3438 1751 3555 1802 pos-

1986 1820 2088 1874 set,
2123 1824 2175 1864 et
2211 1815 2474 1869 rationale
2514 1818 2626 1871 sine
2649 1821 2767 1872 dolo
2813 1822 2897 1874 lac
2937 1825 3021 1893 (ut
3053 1839 3175 1879 cum
3204 1824 3264 1877 B.
3296 1827 3553 1893 Apostolo

1985 1902 2177 1969 loquar
2198 1904 2265 1971 ⁸⁵)
2296 1906 2445 1960 vobis
2496 1913 2738 1977 quotidie
2769 1914 2834 1965 ad
2871 1914 3164 1980 potandum
3200 1918 3436 1981 tradere,
3458 1934 3551 1985 per

1984 1992 2175 2060 lingua:
2202 2012 2396 2052 munus
2429 2011 2678 2067 tauquam
2708 2020 2802 2073 per
2839 2005 3002 2060 ubera
3033 2011 3300 2076 quaedam,
3331 2011 3552 2077 capiose

1983 2083 2303 2154 largiendo;
2353 2091 2461 2143 imo
2492 2108 2621 2147 vero
2670 2096 2900 2149 solidam
2950 2100 3153 2163 cibum,
3196 2115 3353 2169 quem
3384 2119 3549 2171 ange-

1982 2176 2154 2230 lorum
2211 2195 2402 2246 panem
2438 2200 2558 2239 esse
2610 2188 2882 2253 novimus,
2928 2191 3081 2245 vobis
3124 2191 3410 2260 impertiri,
3458 2194 3548 2262 qui

1978 2270 2150 2337 (juxta
2184 2271 2411 2328 Paulum
2441 2278 2504 2347 “)
2543 2294 2640 2347 pro
2672 2283 3063 2336 consuetudine
3089 2287 3417 2341 exercitatos
3452 2288 3549 2341 ha-

1980 2362 2115 2414 betis
2158 2377 2369 2427 sensus,
2411 2377 2461 2417 ttt
2501 2384 2606 2421 non
2642 2374 2803 2424 modo
2838 2388 2928 2425 vos
2962 2374 3083 2426 inde
3116 2376 3318 2429 sensim
3350 2391 3548 2445 augea-

1982 2455 2112 2505 mini
2145 2458 2210 2507 ad
2247 2473 2559 2512 mensuram
2606 2463 2780 2516 aetatis
2808 2463 3155 2532 plenitudinis
3189 2467 3419 2534 Christi,
3452 2474 3546 2526 sed

1979 2551 2032 2596 et
2071 2554 2293 2601 caeteros
2323 2550 2485 2617 (quod
2512 2551 2728 2617 quidem
2754 2554 2910 2621 longe
2937 2560 3287 2625 praestantius
3306 2571 3389 2615 est
3416 2578 3548 2630 qua-

1978 2633 2108 2689 libet
2138 2639 2239 2691 alia
2271 2641 2626 2697 beneﬁcentia
2666 2661 2728 2700 ac
2772 2649 3017 2717 munere)
3051 2650 3280 2721 benigne
3328 2654 3547 2719 possitis

1978 2733 2289 2785 eorumdem
2323 2736 2582 2790 bonorum
2607 2741 2895 2808 participes
2923 2742 3133 2808 facere;
3156 2745 3277 2810 hoc,
3304 2745 3541 2815 inquam,

1980 2822 2241 2888 debitum,
2304 2839 2357 2880 et
2414 2844 2587 2883 meum
2641 2833 2966 2886 desiderium
3028 2838 3092 2889 ad
3153 2852 3289 2905 opus
3347 2839 3549 2906 perdu-

1979 2930 2101 2969 cere
2135 2916 2269 2986 (26),
2306 2921 2433 2973 milii
2483 2922 2659 2977 adhuc
2686 2940 2788 2977 non
2822 2925 2989 2991 lit-uit,
3012 2943 3134 2980 cum
3166 2930 3415 2996 diversis,
3445 2948 3544 3001 pro

1982 3009 2247 3061 varietate
2288 3020 2614 3078 temporum,
2641 3016 2818 3067 causis
2861 3016 3164 3083 impedirer,
3203 3019 3377 3088 iisque
3399 3022 3541 3077 haud

1980 3097 2237 3157 minimis.
2268 3109 2360 3151 aut
2389 3116 2508 3169 quae
2536 3105 2726 3172 negligi
2757 3107 3037 3172 deberent,
3075 3121 3130 3163 ut
3164 3123 3401 3166 vestrum
3433 3132 3541 3170 non

1980 3187 2154 3252 pauci,
2188 3203 2252 3241 ne
2283 3190 2458 3243 dit-am
2483 3198 2909 3263 ontnes,optime
2933 3209 3152 3255 norunt.
3181 3200 3300 3256 Ideo
3321 3204 3538 3259 decrevi

1978 3290 2069 3341 per
2102 3277 2327 3340 litteras,
2367 3291 2621 3348 tanquam
2654 3300 2747 3351 per
2782 3288 3078 3341 naviculam
3113 3296 3420 3358 quamdam.
3449 3308 3542 3350 aut

1976 3371 2223 3421 oneraria
2256 3369 2518 3438 iumenta,
2542 3375 2814 3427 caelestem
2846 3377 3103 3433 doctrina:
3130 3398 3316 3449 panem
3354 3388 3419 3439 ad
3448 3404 3541 3442 vos

1978 3464 2363 3523 transmittere,
2402 3477 2617 3531 panem,
2660 3468 2904 3535 inquam,
2936 3472 3027 3536 qui
3056 3487 3151 3524 cor
3179 3474 3303 3528 illud
3348 3493 3541 3533 secuno

1975 3550 2101 3603 dum
2146 3552 2469 3619 l'rOphetaut
2512 3558 2836 3611 conﬁrmare
2879 3563 3027 3615 novit
3069 3564 3135 3626 ⁸⁷,
3174 3571 3313 3635 quod
3346 3587 3539 3639 purum

1973 3644 2243 3709 effectum,
2303 3648 2464 3701 Deum
2517 3652 2688 3719 ipsum
2743 3656 2925 3711 videre
2976 3670 3158 3725 aptum
3212 3674 3316 3728 est,
3379 3668 3541 3737 idque

1973 3744 2170 3789 nostra:
2199 3739 2477 3791 rationalis
2504 3743 2699 3795 animm
2726 3747 2986 3812 Optimum
3008 3760 3160 3806 estet
3182 3756 3536 3826 altissimum;

1975 3826 2025 3876 in
2078 3843 2185 3893 quo
2242 3841 2455 3884 aeterna:
2506 3835 2626 3886 vitze
2671 3836 2986 3906 igniculum,
3037 3851 3289 3914 tanquam
3345 3853 3540 3920 pignus

1972 3920 2242 3984 quoddam
2308 3923 2501 3977 lutura:
2560 3927 3003 3995 immortalitatis,
3064 3950 3158 4002 per
3214 3939 3538 4007 baptismum

1972 4009 2177 4069 datum.
2232 4026 2571 4079 permanere,
2616 4034 2803 4072 omnes
2847 4024 3139 4080 credimus.
3202 4030 3540 4105 Quapropter

1971 4103 2165 4169 singuli
2195 4109 2390 4158 mentis
2419 4107 2569 4160 sinus
2603 4109 2682 4179 (ut
2706 4112 2933 4180 quisque
2959 4119 3164 4186 potest)
3184 4103 3536 4191 explicantes,

1970 4208 2033 4247 ex
2096 4194 2395 4260 hujusn'odi
2459 4199 2611 4254 bonis
2662 4205 2874 4258 abunde
2919 4213 3261 4268 saturamini.
3316 4214 3534 4274 Utinam

1971 4300 2098 4338 vero
2130 4288 2279 4341 vobis
2321 4289 2457 4351 haec,
2515 4308 2619 4344 non
2673 4296 2843 4348 solum
2894 4300 3184 4367 voluptatis
3234 4310 3536 4374 sensibilis,

1973 4377 2294 4447 laudumque
2348 4391 2400 4435 et
2459 4385 2763 4451 plausuum,
2823 4405 2940 4457 quae
2982 4392 3049 4444 ab
3099 4411 3161 4449 ea
3213 4405 3532 4468 procedunt,

1973 4485 2135 4523 causa
2172 4475 2300 4533 sint,
2332 4476 2681 4545 auditumque
2715 4486 3084 4539 tantummodo
3114 4490 3407 4558 oblectent,
3440 4498 3533 4549 sed

276 4552 437 4603 αἴτια
476 4551 676 4619 μέχρις
706 4551 879 4619 ἀκοῆς
906 4551 1004 4621 τὴν
1039 4554 1229 4621 τέρψιν
1254 4558 1579 4626 παρέχοντα.
1615 4561 1749 4614 ἀλλὰ
1778 4567 1869 4616 καί
1898 4544 1949 4602 Ῑ)

1851 4567 1869 4615 ἰ
1898 4544 1949 4602 Ῑ)
1974 4573 2026 4615 et
2054 4564 2337 4629 spirituale
2367 4567 2675 4621 alimentum
2710 4571 3025 4635 conferant;
3057 4579 3250 4646 quippe
3276 4596 3393 4649 quat
3414 4599 3537 4649 pos-

278 4643 607 4709 ττνεύματικ
628 4642 731 4710 τῆς
754 4643 1129 4709 ἀπολαύσεως,
1156 4645 1231 4713 τῷ
1260 4647 1358 4716 τῆς
1384 4650 1562 4720 ψυχῆς
1593 4653 1746 4721 βάθει
1776 4660 1874 4725 τὴν

274 4733 559 4800 ὠφέλειαν
596 4734 801 4785 ἐνιέναι
860 4735 1159 4804 δυνάμενα,
1207 4739 1302 4790 καὶ
1345 4743 1421 4802 ὡς
1470 4747 1632 4812 πόρον
1667 4748 1869 4814 ἀγαθὸν

278 4828 611 4894 ἐνεργῆσαι,
677 4827 1107 4895 μυριοπλασίους
1158 4831 1526 4899 προϐάλλοντα
1561 4838 1687 4899 τοὺς
1734 4857 1869 4907 καρ-

279 4920 447 4978 πούς.
499 4919 767 4988 Ἀρκτέον
800 4920 845 4970 δ’
868 4919 1140 4976 ἐντεῦθεν.

352 5005 421 5075 β’.
452 5007 678 5073 Ταύτης
735 5009 1141 5077 θεοπροϐλήτου
1182 5015 1212 5082 ὴ
1253 5016 1351 5083 τῆς
1404 5016 1526 5067 καθ’
1580 5020 1725 5088 ἡμᾶς
1774 5027 1866 5076 καὶ

275 5099 543 5166 οὐρανίου
580 5097 886 5167 ἱερωσύνης
920 5101 1227 5170 θεοπρεπὴς
1250 5105 1417 5169 ὅντως
1453 5108 1576 5170 ἀξία
1612 5115 1642 5179 ἡ
1672 5116 1865 5165 quod),

276 5189 395 5249 ὄιος
422 5190 618 5257 χάρις,
653 5190 685 5255 ὴ
723 5186 979 5255 Θεόσοφος
1006 5193 1310 5261 ἐπιστήμη,
1335 5195 1475 5246 θεῖόν
1501 5216 1549 5248 τι
1573 5202 1665 5250 καὶ
1696 5204 1863 5271 ὑπερ-

278 5284 411 5347 φυὲς
447 5280 647 5349 χρῆμα
699 5279 1040 5349 καθέστηκεν
1079 5283 1142 5333 ἐκ
1186 5284 1284 5350 τῆς
1341 5286 1488 5346 θείας
1522 5290 1732 5354 φύσεως
1767 5295 1861 5361 τῆς

275 5376 451 5428 ὰῖδίου
490 5372 683 5442 πηγῆς
715 5376 935 5426 πάντων
964 5376 1074 5427 τῶν
1104 5375 1319 5446 ἀληθῶς
1346 5380 1565 5447 ἀγαθῶν
1600 5389 1861 5455 προερχό-

1972 4664 2117 4719 sunt,
2166 4658 2215 4708 in
2260 4659 2550 4711 secretiora
2589 4664 2781 4716 anima:
2827 4665 3109 4720 utilitatem
3152 4670 3427 4738 invehere,
3470 4691 3535 4729 ac

1978 4748 2136 4799 veluti
2170 4748 2385 4801 uberem
2419 4750 2561 4805 ferre
2595 4766 2937 4819 proventum,
2977 4761 3068 4828 qui
3104 4762 3362 4819 inﬁnities
3395 4770 3534 4820 mul-

1974 4838 2238 4906 tiplicatos
2269 4841 2444 4894 reddit
2472 4842 2690 4898 fructus.
2724 4846 2905 4900 Nostri
2932 4858 3109 4903 autem
3138 4856 3406 4909 sermonis
3432 4859 3535 4910 ini-

1973 4932 2103 4983 tium
2139 4931 2240 4983 tale
2274 4935 2359 4986 sit.

2040 5026 2094 5078 2.
2141 5025 2381 5093 Dignitas
2423 5042 2547 5081 vere
2589 5029 2768 5083 divina
2818 5034 3051 5089 caelestis
3080 5037 3237 5106 hujus
3274 5042 3444 5094 nostri
3479 5052 3534 5096 et

1968 5117 2037 5171 ab
2074 5119 2186 5184 ipso
2212 5118 2319 5175 Deo
2354 5121 2663 5187 proﬂuentis
2697 5128 2983 5181 sacerdotii
3010 5130 3315 5185 beatissima
3338 5138 3531 5200 gratia,

1968 5221 2017 5260 et
2048 5209 2136 5261 Dei
2162 5211 2443 5275 sapientia,
2470 5212 2712 5267 divinum
2736 5218 3026 5283 quoddam,
3056 5231 3109 5274 et
3145 5228 3531 5290 praestantissi-

1970 5315 2110 5349 mum
2153 5310 2235 5352 est
2267 5317 2478 5365 munus,
2521 5318 2547 5352 a
2577 5306 2753 5357 divina
2786 5316 2971 5359 natura
2999 5347 3014 5373 ,
3043 5321 3244 5365 artemo
3289 5316 3530 5369 omnium

1969 5404 2092 5443 vere
2162 5393 2424 5444 honorum
2501 5395 2648 5449 fonte
2710 5400 3050 5465 proveniens,
3104 5412 3157 5456 et
3203 5403 3356 5459 nobis
3418 5407 3531 5461 sola

367 5560 415 5591 “
438 5557 596 5613 Psal.
636 5572 735 5620 ott,
786 5556 868 5613 l0.
944 5558 991 5591 "
1025 5559 1043 5613 Ι
1072 5559 1215 5614 Petr.
1260 5563 1397 5625 ",2.
1472 5563 1517 5595 “
1542 5563 1705 5619 Hebr.
1738 5583 1786 5631 ν,
1820 5569 1869 5621 l.
1899 5586 2050 5641 seqq.
2130 5572 2173 5604 "
2202 5573 2347 5628 Psal.
2388 5591 2505 5641 om,
2545 5579 2631 5632 15.

341 5746 484 5828 (26].
525 5747 613 5799 Ad
647 5762 778 5814 opus
804 5746 1108 5851 perducere.1
1148 5748 1375 5851 'chitur
1405 5750 1455 5805 in
1491 5751 1750 5809 Vaticano
1773 5758 1968 5820 οὐκείς
2002 5759 2025 5810 ἔ

1848 5774 1870 5807 κ
1890 5759 1968 5820 εἰς
2002 5759 2168 5830 ἔργον
2197 5780 2309 5832 μοι,
2357 5767 2447 5820 sed
2476 5767 2630 5833 plane
2658 5769 2948 5841 depravalc
2982 5790 2996 5839 ;
3026 5774 3397 5834 substituimus
3422 5777 3534 5851 μὴ,

270 5820 342 5873 ita
373 5822 527 5873 enim
569 5831 770 5872 sensus
803 5817 901 5872 loci
937 5820 1187 5883 postulet.
