4270 6488
729 448 829 515 331

1745 449 2239 509 THEOPHANIS
2282 448 2401 508 EPI
2417 448 2628 508 rfCOl’I
2674 448 2963 509 NlCiiNl

3873 456 3981 519 332

730 566 962 635 primum
1003 576 1064 616 ac
1090 562 1384 615 secundum
1415 571 1654 615 ventrem
1687 578 1700 625 ;
1739 572 1888 616 tanto
1919 566 2061 617 enim
2112 579 2303 617 seetttt-
2332 592 2379 644 Α
2412 580 2416 628 ε

2295 593 2303 603 .
2332 592 2379 644 Α
2412 562 2548 629 μετᾶ
2583 563 2819 622 πίστεως
2853 564 2943 615 καὶ
2977 564 3123 625 υἱοὺς
3156 563 3257 632 μὲν
3290 564 3446 627 Θεοῦ,
3476 566 3736 640 ἀδελφοὺς
3763 566 3817 618 δὲ
3848 568 3981 635 xf'"

729 665 853 723 dus,
889 671 1079 723 nempe
1120 654 1242 708 fons
1271 656 1322 707 in
1364 668 1469 719 quo
1503 668 1907 721 regeneramur,
1946 669 2068 707 cum
2103 654 2300 719 primo,

730 752 818 817 qui
858 748 1064 800 scilicet
1096 758 1146 797 et
1172 746 1335 797 Deum
1373 744 1586 811 excepit
1634 755 1687 797 et
1748 747 2002 812 peperit,
2040 745 2303 810 dignitate

731 840 1178 909 incomparabilis
1208 846 1311 899 est,
1341 847 1541 903 quanto
1593 834 1849 890 Dominus
1890 837 1982 904 qui
2027 851 2089 888 ex
2128 837 2302 904 primo

730 944 890 987 natus
941 943 1044 996 est,
1093 930 1261 998 major
1286 938 1367 982 est
1399 930 1464 983 iis
1497 929 1586 998 qui
1623 944 1688 982 ex
1717 928 1888 982 altero
1923 939 2299 992 renascuntur,

730 1027 838 1079 into
881 1038 1009 1077 vero
1068 1032 1119 1073 et
1160 1020 1352 1088 magis.
1388 1018 1523 1072 Nam
1556 1021 1644 1085 qui
1698 1034 1759 1071 ex
1795 1021 2033 1072 secunth
2079 1032 2301 1082 regene-

732 1128 943 1179 rantnr,
978 1115 1175 1166 fratres
1203 1114 1370 1178 illitis,
1397 1113 1483 1180 qui
1510 1127 1571 1165 ex
1605 1111 1778 1180 primo
1807 1119 1962 1163 natus
1997 1121 2098 1169 est,
2128 1122 2181 1162 et
2210 1109 2300 1161 Dei

731 1208 823 1261 filii
889 1207 1187 1259 secundum
1251 1202 1480 1270 gratiam
1544 1199 1875 1264 cﬂieiuntur,
1928 1209 1981 1251 at
2032 1199 2302 1252 secundus

728 1303 916 1353 alveus
948 1314 1066 1352 cum
1093 1298 1265 1362 primo
1291 1293 1495 1345 nullam
1524 1291 1688 1345 talem
1714 1291 1879 1345 habet
1899 1291 2298 1360 cognationem.

727 1394 868 1459 Quin
904 1393 1012 1444 imo
1039 1391 1179 1441 inter
1207 1400 1324 1439 sese
1356 1387 1426 1438 ita
1457 1383 1730 1447 dilIerunt,
1761 1393 1817 1435 tit
1850 1382 2060 1449 signum
2097 1379 2306 1435 extrin-

739 1501 921 1537 secnm
961 1493 1151 1534 natura
1198 1477 1382 1531 (Μῖνι-ι
1411 1491 1436 1527 a
1467 1474 1715 1527 veritate.
1762 1473 1857 1527 Illa
1890 1474 2031 1525 enim
2060 1480 2143 1524 est
2178 1485 2303 1525 vera

734 1575 827 1627 Dei
858 1571 1047 1634 Mater,
1082 1569 1332 1637 quoniam
1371 1580 1494 1617 vere
1525 1580 1590 1617 cx
1617 1564 1755 1630 ipsa,
1785 1563 1875 1630 qui
1903 1577 2061 1626 supra
2089 1576 2301 1614 onmem

729 1666 1086 1719 substantiam
1134 1668 1237 1721 est,
1278 1657 1513 1723 suscepit
1554 1655 1935 1708 substantiam.
1976 1657 2125 1721 Aqua
2177 1666 2303 1705 vero

730 1762 873 1813 sacri
907 1755 1254 1825 baptismatis
1300 1752 1587 1818 accipitur,
1637 1759 1694 1800 ut
1750 1747 2009 1808 diximus,
2047 1757 2302 1812 tanquam

728 1855 939 1919 signum
992 1859 1047 1901 et
1098 1846 1267 1913 figura
1320 1842 1518 1895 vivifici
1573 1841 1715 1893 illius
1772 1853 1837 1890 ac
1910 1838 1998 1891 Ilei
2076 1838 2302 1905 hospitis

728 1945 953 1996 ventris.
999 1940 1099 1993 l’er
1138 1937 1282 1990 illam
1335 1949 1433 1988 nos
1482 1933 1600 1985 sine
1641 1930 1847 1983 carnali
1894 1930 2299 1999 conjunctione,

728 2053 792 2089 ac
834 2033 1045 2087 ueteris
1098 2038 1305 2083 natura:
1351 2025 1624 2092 Operibus,
1660 2024 1710 2076 in
1748 2021 1838 2076 Dei
1889 2021 2027 2075 filios
2076 2022 2303 2075 mirifice

731 2128 1074 2198 regenerati,
1133 2120 1552 2186 conformesque
1604 2115 1826 2185 imagini
1884 2112 2147 2167 naturalis
2180 2110 2303 2165 Filii

730 2223 843 2283 llei,
882 2221 969 2286 qui
1000 2232 1064 2269 ex
1096 2218 1210 2283 ipso
1241 2210 1491 2280 virginali
1560 2208 1874 2275 intactoque
1900 2216 2057 2259 utero
2083 2205 2305 2273 prodiit,

728 2316 1009 2373 ωηο-ξηαπ,
1056 2324 1118 2362 cx
1170 2320 1308 2377 aqtt't
1358 2317 1487 2357 vero
1532 2300 1664 2355 nihil
1696 2298 1995 2367 accipimus
2046 2302 2185 2366 quod
2240 2297 2307 2353 ad

729 2406 851 2458 novi
894 2402 1127 2456 hominis
1180 2408 1234 2453 et
1280 2398 1576 2452 secundum
1620 2393 1785 2447 Deum
1826 2391 1996 2446 creati
2052 2390 2309 2445 substan-

732 2497 1006 2551 tiationem
1034 2493 1321 2562 pertineat.
1351 2490 1484 2543 Nam
1510 2490 1561 2542 id
1598 2496 1768 2541 totum
1799 2486 1941 2555 quod
1965 2486 2033 2540 ab
2064 2485 2302 2541 secunda

732 2593 833 2645 hac
887 2588 1165 2640 creatione
1220 2592 1381 2651 atque
1429 2579 1839 2651 regeneratione
1896 2585 2225 2646 praestatur,
2271 2590 2301 2629 a

728 2680 1021 2751 praesentia
1052 2677 1227 2731 sancti
1260 2674 1495 2745 Spiritus
1526 2672 1607 2727 ﬁt.

2407 652 2533 703 στοῦ
2570 654 2710 706 κατὰ
2739 654 2898 721 χάριν
2925 655 3014 707 διὰ
3045 656 3107 706 τὸ
3131 656 3327 709 ταυτόν
3355 656 3585 720 πως,ὠς
3620 658 3859 728 εἴρηται,
3879 660 3984 729 τῆς

2405 744 2713 811 γεννήσεως
2739 744 3219 814 ἀπεργαζομένην.
3275 746 3337 799 Ei
3377 747 3473 800 καὶ
3498 747 3560 798 τδ
3594 746 3854 815 διάφορον
3881 746 3983 817 τῆς

2404 834 2627 903 πρώτη;
2652 834 2842 903 νηδύος
2872 836 3006 907 πρὸς
3039 836 3137 908 τήν
3164 836 3450 906 δευτέραν,
3468 836 3589 906 ἦτοι
3609 838 3707 907 τῆς
3733 837 3982 908 θεοδόχου

2405 927 2499 979 καὶ
2526 926 2780 978 θεοτόκου
2813 928 3052 997 γαστρὸς
3104 929 3239 997 πρὸς
3281 927 3380 997 τὴν
3409 929 3796 994 άναγεννῶσαν
3832 931 3983 996 ἡμᾶς

2402 1018 2810 1087 κολυμϐήθραν,
2856 1021 3191 1089 ἀσύγκριτον
3220 1022 3335 1073 ἐστι
3370 1022 3436 1090 τῇ
3471 1018 3619 1091 ἀξίᾳ,
3646 1020 3843 1073 ὁπόσον
3867 1023 3895 1073 ό
3920 1022 3985 1072 ἐκ

2402 1110 2501 1179 τῆς
2537 1109 2758 1179 πρώτης
2805 1111 3090 1181 γεννηθεὶς
3125 1110 3351 1177 Κύριος,
3404 1113 3542 1180 πρὸς
3572 1116 3701 1174 τοὺς
3753 1113 3988 1179 ἀναγεν-

2403 1201 2678 1268 νωμένου;
2712 1203 2776 1253 ἐκ
2807 1202 2905 1270 τῆς
2936 1203 3215 1271 δευτέρας.
3250 1202 3450 1272 μᾶλλον
3489 1203 3547 1255 δὲ
3579 1204 3670 1255 καὶ
3714 1203 3895 1255 πλέον.
3920 1204 3983 1255 OE

2403 1291 2513 1359 γὰρ
2543 1292 2609 1343 ὲκ
2633 1292 2734 1359 τῆς
2765 1292 3025 1362 δευτέρας
3052 1292 3512 1361 ἁναγεννώμενοι,
3540 1293 3762 1362 ἀδελφοὶ
3786 1293 3881 1346 τοῦ
3919 1296 3985 1347 ἐκ

2403 1382 2504 1451 τῆς
2534 1383 2758 1453 πρώτης
2784 1384 3135 1453 γεννηθέντος
3173 1383 3306 1437 Υἱοῦ
3331 1384 3423 1438 τοῦ
3444 1384 3580 1438 Θεοῦ
3610 1385 3986 1456 χρηματίζου-

2405 1492 2488 1528 σιν
2518 1476 2659 1528 κατὰ
2689 1477 2879 1545 χάριν·
2920 1480 2951 1544 ἡ
2983 1476 3037 1528 δὲ
3086 1478 3315 1547 δευτέρα
3348 1478 3511 1547 νηδὺς
3539 1480 3675 1545 πρὸς
3702 1478 3803 1546 τὴν
3825 1478 3982 1546 πρώ-

2402 1581 2503 1633 την
2548 1565 2805 1634 ούδεμίαν
2838 1565 3095 1634 τοιαύτην
3157 1569 3485 1632 συγγένειαν
3532 1568 3818 1636 κέκτηται,
3845 1566 3985 1620 ἀλλὰ

2403 1658 2658 1710 τοσοῦτόν
2688 1661 2837 1710 ἐστιν
2871 1658 3120 1728 ἀλλήλων
3164 1657 3368 1727 μεταξὺ
3422 1658 3485 1709 τὺ
3529 1658 3807 1725 διάφορον,
3856 1661 3982 1712 ὅσον

2407 1748 2678 1817 σύμὸολον
2722 1750 3047 1821 ὲξωτερικδν
3095 1751 3355 1819 διαφέρον
3387 1753 3453 1819 τῇ
3490 1748 3653 1816 φύσει
3703 1750 3840 1819 πρὸς
3880 1752 3982 1821 τὴν

2404 1840 2686 1909 ἀλήθειαν.
2720 1840 2783 1892 Ἢ
2810 1843 2910 1908 μὲν
2941 1843 3049 1911 γάρ
3076 1844 3223 1894 ἐστιν
3246 1842 3451 1912 ἀληθὴς
3475 1841 3569 1895 τοῦ
3595 1841 3730 1894 Θεοῦ
3755 1844 3978 1913 Μήτηρ,

2405 1931 2491 1985 διὰ
2526 1932 2584 1984 τὸ
2617 1932 2828 1994 ἀληθῶς
2864 1932 2921 1997 ἐξ
2946 1934 3117 1999 αὐτῆς
3143 1934 3481 2000 ούσιωθῆναι
3506 1933 3598 1986 τὸν
3628 1933 3980 2003 ύπερούσιον.

2404 2022 2477 2075 Τὸ
2505 2023 2561 2076 δὲ
2589 2024 2734 2093 ὕδωρ
2756 2024 2852 2077 τοῦ
2875 2025 3023 2076 θείου
3051 2025 3454 2094 βαπτίσματος,
3477 2026 3553 2087 ὡς
3584 2025 3858 2094 σύμϐολον
3885 2028 3983 2078 καὶ

2400 2117 2570 2181 τύπος
2604 2118 3102 2188 παραλαμϐάνεται
3155 2120 3255 2187 τῆς
3287 2118 3605 2189 ζωαρχικῆς
3660 2119 3754 2171 καὶ¹
3802 2119 3985 2171 θεοδό-

2402 2227 2498 2281 χου
2530 2211 2720 2280 νηδύος
2750 2212 2989 2279 ἐκείνης,
3022 2212 3097 2273 ὡς
3120 2211 3354 2281 εἴρηται.
3381 2212 3478 2263 Διά
3513 2210 3574 2263 τὸ
3606 2213 3702 2264 καὶ
3736 2212 3889 2281 ἡμᾶς
3910 2212 3979 2263 ὲκ

2400 2301 2591 2355 τούτου
2642 2304 2811 2372 χωρὶς
2857 2302 3126 2372 σαρκικῆς
3177 2302 3472 2371 συναφείας
3517 2302 3614 2357 καὶ
3657 2305 3768 2358 τῶν
3804 2303 3982 2358 ἄλλων

2400 2393 2498 2462 τῆς
2525 2394 2737 2459 φύσεως
2764 2392 2941 2463 ἔργων
2966 2393 3368 2463 άναγεννᾶσθαι
3392 2396 3691 2466 ὑπερφυῶς
3720 2397 3801 2459 εις
3826 2399 3982 2459 υἱοὺς

2408 2486 2567 2547 Θεοῦ,
2593 2488 2689 2538 καὶ
2722 2486 3083 2555 συμμόρφους
3129 2485 3231 2555 τῆς
3282 2487 3490 2550 είκόνος
3521 2488 3617 2541 τοῦ
3651 2489 3812 2559 φύσει
3842 2487 3979 2544 Υίοῦ

2406 2577 2501 2629 τ’,ῦ
2547 2578 2684 2631 Θεοῦ
2727 2578 3082 2649 γεννηθέντος
3122 2580 3187 2631 ὲκ
3221 2578 3322 2648 τῆς
3362 2580 3703 2650 παρθενικῆς
3756 2583 3977 2652 ἐκείνης

2398 2670 2492 2723 καὶ
2535 2670 2838 2741 ἀμωμήτου
2869 2672 3109 2741 γαστρός
3129 2685 3144 2699 ⁸
3174 2670 3240 2723 ὲκ
3273 2669 3382 2741 γὰρ
3432 2670 3526 2725 τοῦ
3572 2672 3764 2735 ὕδατος
3790 2674 3982 2743 ἡμεῖς,

727 2776 880 2830 οὐδέν
916 2792 969 2827 τι
1022 2772 1382 2842 λαμῦάνομεν
1432 2769 1512 2832 είς
1557 2766 1815 2821 ούσίωσιν
1862 2764 1958 2819 τοῦ
1995 2764 2184 2818 καινοῦ
2212 2765 2489 2818 καὶκατὰ
2542 2764 2679 2816 Θεὸν
2722 2762 3035 2827 κτισθέντος
3083 2763 3397 2834 ἀνθρώπου.
3425 2765 3498 2817 Τὸ
3566 2767 3677 2837 γὰρ
3723 2768 3829 2821 πᾶν
3882 2770 3983 2838 τῆς

726 2871 983 2940 τοιαύτης
1032 2867 1302 2929 Osos-.606;
1353 2863 1769 2935 ἀνα-γεννήσεως
1824 2880 1883 2915 τε
1938 2862 2031 2914 καὶ
2083 2860 2465 2926 ἀναπλάσεως,
2545 2861 2578 2929 ἡ
2645 2859 2924 2928 παρουσία
3002 2857 3100 2910 τοῦ
3139 2858 3302 2926 άγίου
3338 2858 3662 2929 Πνεύματος
3721 2861 3976 2931 ἀπεργά-

730 2968 902 3032 ζεται.

802 3062 854 3113 4.
888 3056 1230 3125 Quapropter
1259 3049 1349 3105 ille
1387 3061 1485 3119 per
1532 3059 1687 3101 suam
1723 3041 2154 3098 incarnationem
2189 3054 2312 3108 qua:

730 3156 964 3201 mentem
1002 3157 1066 3195 ac
1101 3140 1363 3193 rationem
1415 3148 1633 3189 omnem
1689 3140 1933 3199 superat,
1990 3130 2159 3183 nostri
2201 3127 2312 3182 fer-

731 3236 899 3293 menti
945 3232 1255 3301 primitias,
1305 3227 1371 3281 ad
1425 3239 1699 3281 sumntum
1751 3221 2047 3277 divinitatis
2093 3218 2308 3285 extulit,

727 3328 970 3384 elliciens
1020 3336 1233 3389 nempe,
1271 3320 1323 3373 id
1362 3319 1509 3388 quod
1556 3332 1584 3369 a
1634 3329 1692 3369 se
1726 3315 1904 3367 fuerat
1943 3317 2304 3377 assumptum,

730 3434 840 3473 sua:
904 3414 1205 3469 divinitatis
1255 3423 1511 3472 consors,
1569 3404 1724 3460 nobis
1792 3403 1986 3458 deinde
2039 3401 2301 3455 unitatem

729 3519 936 3566 natura:
971 3506 1222 3575 largitus,
1263 3510 1319 3555 et
1366 3514 1554 3562 carne,
1607 3506 1661 3553 et
1714 3496 1974 3565 sanguine
2022 3493 2304 3548 nobiscum

731 3598 1096 3669 participatis,
1148 3588 1638 3648 consubstantialis
1698 3586 1854 3639 nobis
1915 3582 2142 3639 ell'ectus
2196 3589 2303 3635 est.

732 3693 837 3745 Per
871 3687 1162 3744 secundam
1212 3699 1341 3739 vero
1380 3691 1621 3737 nostram
1674 3679 2007 3733 creationem
2040 3689 2159 3743 qua:
2210 3686 2308 3742 per

731 3785 1060 3853 baptismum
1088 3780 1166 3844 fit,
1197 3776 1405 3843 recepit
1431 3788 1529 3827 nos
1558 3773 1610 3826 in
1655 3770 1852 3823 fratres
1882 3784 1948 3823 ex
1979 3766 2143 3823 simili
2175 3779 2309 3834 quo-

733 3875 856 3927 dam
888 3868 1258 3941 generationis
1311 3864 1492 3928 modo,
1524 3860 1601 3915 uti
1635 3860 1910 3913 diximus:
1950 3856 2122 3911 solum
2162 3855 2307 3909 enim

734 3966 788 4019 in
840 3962 1031 4030 spiritu
1089 3967 1306 4012 renatos
1358 3956 1700 4008 fraternitate
1773 3951 1957 4014 donat,
2018 3947 2150 4002 deos
2194 3946 2307 4015 jam

732 4071 832 4125 per
862 4053 1093 4122 gratiam
1124 4050 1298 4103 factos
1340 4057 1395 4102 et
1437 4057 1693 4113 tanquam
1737 4046 1959 4097 indutos
2018 4041 2306 4108 imaginem

734 4144 972 4198 cmiestis
1023 4138 1237 4201 Adatni,
1292 4146 1352 4190 ut
1399 4135 1670 4204 quondam
1721 4132 1946 4186 terreni.
1994 4128 2132 4184 Ilinc
2161 4128 2308 4182 enim

734 4237 973 4291 divinam
1024 4232 1256 4284 formam
1298 4227 1594 4295 accipiunt,
1634 4234 1689 4279 et
1729 4224 1796 4276 ad
1838 4223 2005 4291 ipsius
2052 4221 2310 4276 humani-

736 4328 864 4382 tatis
899 4322 1227 4392 exemplum,
1261 4335 1378 4388 qum
1413 4322 1478 4371 ad
1519 4317 1840 4371 altissimum
1866 4312 2168 4368 divinitatis
2195 4327 2311 4382 gra-

733 4420 860 4471 dum
891 4424 1072 4469 erecta
1100 4422 1203 4475 est,
1239 4408 1585 4463 deificantur.
1620 4404 1962 4474 Quapropter
1991 4418 2098 4458 non
2121 4416 2311 4458 omnes

735 4506 986 4562 homines
1024 4511 1151 4556 sunt
1203 4500 1399 4553 fratres
1448 4498 1677 4562 Domini,
1727 4497 1822 4551 sed
1870 4497 1906 4550 ii
1959 4503 2169 4549 tantum
2217 4493 2310 4562 qui

737 4598 911 4652 renati
938 4606 1062 4650 sunt
1095 4608 1190 4663 per
1210 4601 1457 4645 sanctum
1495 4591 1845 4659 baptismum,
1877 4598 1931 4642 et
1960 4595 2313 4659 servaverunt

738 4691 1054 4745 ᾱρὶιοτηιοιιι
1093 4684 1549 4756 pulchritudinem
1584 4684 1650 4736 ad
1688 4684 1847 4736 ﬁnem
1897 4697 2067 4752 usque
2115 4684 2313 4735 imma-

2482 3041 2546 3095 δ’.
2586 3041 2751 3096 Ὅθεν
2783 3044 2872 3099 διὰ
2903 3046 3003 3115 μὲν
3027 3044 3127 3115 τῆς
3156 3045 3298 3116 ὑπὲρ
3354 3044 3484 3099 νοῦν
3516 3046 3608 3099 καὶ
3634 3046 3792 3115 λόγον
3824 3050 3984 3104 ἐναν-

2411 3129 2751 3202 θρωπήσεως
2816 3135 3004 3203 αὑτοῦ,
3049 3137 3147 3207 τὴν
3203 3136 3305 3205 μὲν
3362 3138 3619 3209 ἀπαρχήν
3676 3140 3757 3200 είς
3806 3138 3983 3209 ἄκρον

2408 3221 2613 3277 ὲθέωσε
2643 3222 2737 3276 τοῦ
2765 3226 3039 3296 ἡμετέρου
3069 3227 3390 3297 φυράματος
3408 3229 3527 3297 ἦτοι
3553 3227 3613 3280 τὸ
3636 3228 3768 3281 ίδιον
3805 3231 3983 3297 πρόσ-

2406 3313 2624 3383 λημμα,
2653 3315 2882 3383 ὀμόθεον
2910 3316 3373 3386 ἀπεργασάμενον
3409 3317 3594 3370 τοῦτο·
3627 3320 3761 3388 ἡμῖν
3810 3319 3869 3370 δὲ
3919 3320 3983 3373 τὺ

2404 3402 2651 3471 όμοφυὲς
2710 3403 3050 3473 ἐδωρήσατο,
3114 3409 3454 3475 κοινωνήσας
3500 3408 3631 3475 ήμῖν
3688 3408 3984 3480 παραπλη.

2410 3491 2541 3553 σίως
2573 3494 2775 3557 σαρκὸς
2796 3496 2891 3546 καὶ
2914 3494 3166 3563 αἵματος.
3189 3494 3506 3549 Κάντεῦθεν
3527 3498 3815 3566 ὀμοούσιος
3846 3501 3983 3568 ἡμῖν

2408 3584 2650 3652 γεγονὼς
2675 3584 2765 3638 διὰ
2793 3586 2852 3638 δὲ
2875 3588 2974 3656 τῆς
3005 3587 3364 3651 άναπλάσιως
3396 3588 3556 3658 ήμῶν
3604 3590 3702 3660 τῆς
3732 3592 3868 3644 κατά
3919 3593 3984 3645 τὸ

2411 3676 2720 3750 βάπτισμα,
2764 3679 2845 3739 είς
2878 3677 3223 3749 ἀδελφότητα
3260 3681 3583 3749 προσήκατο
3621 3684 3715 3734 καὶ
3734 3684 3983 3752 ἀνήγαγε

2407 3766 2496 3820 διὰ
2518 3768 2577 3819 τὸ
2595 3767 2959 3839 ὀμοιότροπόν
2986 3785 3127 3835 πως,
3146 3769 3222 3833 ὡς
3246 3770 3487 3840 εἴρηται,
3505 3772 3604 3840 τῆς
3632 3773 3943 3841 γεννήσεως
3967 3791 3983 3806 ⁵

2407 3859 2533 3921 τοὺς
2559 3860 2670 3929 γὰρ
2698 3862 3185 3929 άναγεννωμένους
3224 3863 3283 3914 ἰν
3330 3862 3607 3929 πνεύματι
3658 3867 3857 3933 μόνους
3880 3867 3989 3935 τῆς

2412 3950 2774 4021 ἀδελφότητος
2810 3951 2955 4015 ἁξιοί
3005 3952 3166 4015 θεοὺς
3209 3951 3351 4005 κατὰ
3409 3954 3570 4022 χάριν
3612 3952 3868 4007 ἐντεῦθεν
3895 3971 3990 4022 γε-

2413 4044 2804 4112 γεννημένους,
2835 4043 2910 4107 ὡς
2940 4045 3282 4113 φορέσαντας
3339 4046 3439 4115 τὴν
3478 4046 3667 4100 εἰκόνα
3695 4046 3786 4098 τοῦ
3818 4050 3988 4098 ἐπου-

2419 4137 2604 4206 ρανίου
2656 4137 2834 4207 ’Λδὰμ
2881 4137 3074 4209 ὥσπερ
3129 4140 3324 4210 πρώην
3363 4140 3457 4193 τοῦ
3501 4141 3706 4208 χοϊκοῦ.
3759 4142 3833 4194 Τὸ
3879 4145 3993 4214 γὰρ

2415 4227 2558 4282 θεῖον
2584 4227 2725 4293 εἶδος
2766 4231 3017 4286 ἐντεῦθεν
3058 4232 3437 4301 λαμϐάνουσι,,
3470 4232 3609 4285 καθὸ
3632 4234 3874 4302 γίνονται
3900 4251 3994 4287 τε-

2413 4323 2681 4395 θεωμένοι
2709 4324 2897 4396 ὥσπερ
2949 4329 3028 4390 εἰς
3079 4328 3253 4395 ἄκρον
3292 4324 3504 4397 ὲθεώθη
3537 4329 3632 4381 καὶ
3682 4328 3745 4381 τὸ
3778 4329 3992 4399 ἀνθρώ-

2412 4429 2567 4467 πινον
2610 4414 2826 4470 τούτου.
2854 4415 2958 4467 Διὰ
3003 4416 3113 4485 γὰρ
3142 4416 3302 4469 τοῦτο
3342 4416 3405 4468 οὐ
3456 4418 3661 4480 πάντες
3708 4417 3992 4488 ἄνθρωποί

2413 4503 2552 4555 εἰσιν
2580 4504 2805 4572 ἀδελφοὶ
2830 4504 2926 4557 τοῦ
2971 4505 3204 4574 Κυρίου,
3259 4506 3377 4559 ἀλλ’
3424 4509 3471 4561 οί
3519 4510 3991 4578 ἀναγεννηθέντες

2412 4592 2503 4647 διὰ
2548 4596 2647 4650 τοῦ
2712 4596 2861 4649 θείου
2911 4596 3316 4666 βαπτίσματος,
3377 4601 3473 4653 καὶ
3535 4601 3884 4671 τηρήσαντες
3927 4604 3989 4656 τὸ

2416 4681 2650 4748 θεοειδὲς
2690 4686 2889 4749 κάλλος
2939 4687 3275 4756 ἀκηλίδωτον
3327 4687 3490 4758 μέχρι
3528 4688 3735 4752 τέλους.
3770 4691 3988 4761 Ὠσπερ

740 4781 997 4833 culatam.
1038 4777 1107 4831 Ut
1155 4776 1302 4829 enitn
1338 4790 1434 4828 nos
1463 4788 1736 4841 nunquam
1786 4787 1977 4841 equos,
2014 4782 2109 4826 aut
2156 4786 2319 4826 canes
2349 4774 2426 4829 D'

2303 4787 2319 4826 ς
2349 4774 2396 4829 D
2424 4777 2535 4846 γὰρ
2564 4778 2745 4846 ἡμεῖς,
2771 4777 2833 4830 οὐ
2876 4778 2980 4831 κάν
3023 4796 3154 4831 ποτε
3198 4779 3530 4849 καλέσαιμεν
3571 4781 3834 4849 ἀδελφοὺς
3859 4785 3989 4844 τοὺς

740 4887 1064 4927 vocaremus
1097 4869 1319 4933 fratres,
1360 4882 1425 4921 eo
1460 4866 1602 4935 quod
1640 4875 1824 4919 nostra
1870 4880 2021 4931 caro,
2067 4866 2210 4920 sicut
2259 4870 2316 4918 et

740 4964 979 5026 illorum,
1024 4975 1090 5013 ex
1123 4969 1263 5011 terra
1298 4965 1535 5022 coriStet,
1582 4953 1929 5022 mortalisque
1961 4956 2033 5008 sit
2058 4961 2112 5007 et
2143 4954 2319 5023 passi-

742 5056 888 5115 bilis,
937 5052 1188 5105 sensibus
1238 5058 1292 5102 et
1343 5047 1655 5115 sanguineis
1686 5046 1837 5100 venis
1884 5054 2183 5113 compacta,
2237 5051 2319 5097 at-

742 5156 1025 5213 tractoque
1050 5157 1145 5211 per
1168 5141 1477 5210 pulmonem
1507 5153 1631 5193 acre
1654 5137 1810 5206 quasi
1842 5138 1893 5191 in
1920 5152 1977 5191 se
2010 5136 2122 5204 ipsa
2152 5135 2317 5189 vitam

742 5239 1049 5297 includens.
1083 5236 1174 5288 sed
1214 5233 1520 5300 adiectione
1562 5230 1789 5285 rationis
1840 5230 1907 5282 ab
1942 5229 2153 5281 illorum
2195 5226 2312 5279 affi-

744 5331 908 5381 nitate
939 5342 1001 5378 ac
1028 5325 1370 5378 fraternitate
1399 5322 1722 5386 differimus,
1754 5318 2084 5387 accipientes
2105 5326 2313 5370 tantum

742 5420 795 5471 in
836 5417 1029 5469 horum
1060 5416 1496 5466 communionem
1544 5425 1654 5471 eos,
1708 5409 1797 5477 qui
1850 5409 2059 5462 ratione
2104 5405 2315 5474 praediti

741 5520 906 5573 sunt;
942 5508 1021 5561 sic
1040 5516 1090 5560 et
1115 5504 1365 5558 Salvator
1399 5514 1582 5556 noster
1610 5511 1847 5554 nostram
1880 5516 1945 5552 ex
1980 5501 2156 5563 nobis,
2190 5513 2313 5552 cum

743 5600 1127 5663 assutupsisset
1156 5606 1429 5656 naturam,
1488 5610 1592 5646 non
1626 5593 1767 5646 hanc
1797 5591 2023 5654 nudam,
2056 5600 2146 5643 aut
2169 5590 2312 5643 divi-

743 5712 826 5748 na:
852 5696 1035 5763 gloriae
1075 5700 1349 5757 expertem
1400 5705 1519 5743 esse
1568 5690 1755 5754 voluit,
1794 5690 1885 5742 sed
1930 5704 2049 5742 eam
2100 5704 2162 5741 ex
2195 5688 2306 5757 ipsa

745 5787 985 5837 unitioue
1027 5784 1213 5836 ditavit
1239 5781 1434 5834 divina:
1458 5791 1663 5832 natura
1692 5781 2128 5849 proprietatibus.
2162 5780 2311 5831 hliu—

746 5894 849 5947 que
904 5894 1022 5931 cum
1078 5879 1211 5930 hanc
1273 5874 1379 5926 lteo
1443 5871 1656 5937 dignam
1713 5873 1941 5938 gratiam
2004 5870 2184 5923 ΙιοιιιίιΔ
2218 5886 2311 5923 nus

2413 4869 2617 4931 ῐππους
2668 4868 2763 4920 καὶ
2793 4868 2960 4932 κύνας
3034 4869 3124 4923 διὰ
3179 4871 3238 4921 τὸ
3272 4870 3370 4939 τὴν
3415 4872 3571 4940 ήμῶν
3614 4889 3672 4925 τε
3720 4873 3994 4927 κάκείνων

2419 4960 2602 5030 σάρκα
2632 4960 3034 5031 παραπλησίως
3062 4965 3125 5014 ὲκ
3156 4962 3259 5030 γῆς
3286 4965 3608 5031 ὑφεστάναι,
3643 4964 3741 5016 καὶ
3781 4964 3991 5035 θνητὴν

2416 5052 2662 5115 όσαύτως
2684 5046 2824 5105 εἶναι
2868 5053 2959 5105 καὶ
2989 5053 3263 5123 παθητὴν,
3299 5054 3549 5122 αἰσθήσει
3596 5055 3994 5124 συνδεδεμένην

2418 5140 2515 5192 καὶ
2540 5141 2744 5208 ὀχετοῖς
2772 5140 3022 5209 αἱμάτων
3052 5143 3147 5193 καὶ
3178 5146 3243 5211 τῇ
3275 5142 3362 5196 διὰ
3396 5143 3490 5195 τοῦ
3524 5144 3827 5212 πνεύμονος
3851 5145 3992 5215 ὁλκῇ

2417 5227 2515 5280 τοῦ
2549 5230 2735 5296 ἀέρος,
2765 5230 2863 5298 τὴν
2895 5230 3040 5298 ζωὴν
3086 5229 3273 5300 ὥσπερ
3306 5234 3363 5283 ὲν
3418 5235 3586 5303 ἑαυτῇ
3642 5236 3998 5303 περικλείου-

2416 5336 2539 5384 σαν,
2566 5321 2703 5372 ἀλλὰ
2733 5323 2798 5389 τῇ
2847 5321 3139 5392 προσθήκῃ
3199 5323 3290 5375 τοῦ
3348 5323 3566 5391 λογικοῦ
3622 5326 3992 5396 διεστήκαμεν

2414 5410 2513 5471 τῆς
2565 5411 2833 5477 ὁμοφυῖας
2884 5411 3109 5463 ἐκείνων
3156 5414 3248 5466 καὶ
3314 5413 3694 5483 ἀδελφότητος,
3748 5418 3878 5480 τοὺς
3929 5416 3993 5471 τὸ

2414 5500 2634 5567 λογικὸν
2667 5503 2825 5569 μόνον
2850 5502 3304 5573 πεπλουτηκότας
3335 5508 3413 5566 είς
3463 5510 3743 5558 κοινωνίαν
3782 5508 3995 5562 τούτων

2416 5590 2716 5658 δεχόμενοι,
2766 5591 2908 5643 οὖτω
2960 5594 3055 5645 καὶ
3107 5596 3133 5643 ὁ
3182 5595 3372 5663 Σωτὴρ
3413 5596 3569 5664 ήμῶν
3619 5597 3679 5658 ἐξ
3740 5598 3902 5666 ήμῶν
3933 5600 3995 5651 τὸ

2422 5682 2699 5750 ἡμέτερον
2728 5684 3194 5753 προσλαϐόμενος,
3232 5687 3483 5754 uocatu
3514 5689 3698 5755 ἐτήρει
3748 5690 3842 5741 καὶ
3886 5688 3992 5759 τῆς

2420 5775 2569 5835 θείας
2599 5775 2756 5841 δόξης
2787 5778 3075 5845 ἀμέτοχον,
3103 5780 3214 5831 ἀλλ’
3246 5780 3304 5843 ἐξ
3353 5781 3523 5848 αὐτῆς
3577 5783 3821 5842 turbanti;
3876 5782 3993 5846 τοῖς

2421 5866 2675 5933 ἰδιώμασι
2709 5868 2805 5936 τῆς
2853 5870 3004 5932 θείας
3040 5874 3446 5945 κατιπλοὺτηστ
3476 5874 3713 5947 φύσεως.
3752 5875 3860 5927 Καὶ
3898 5874 3990 5929 διὰ
