4270 6488
266 423 372 491 331

1607 443 1983 505 EPISTOLA
2028 448 2117 508 III
2130 492 2147 510 .

3432 458 3538 522 338

267 541 435 608 ρίσας
461 543 645 608 αὑτοῖς
679 546 953 616 ἐνεργεῖν,
991 552 1085 604 καὶ
1116 551 1205 606 διά
1250 554 1407 609 τοῦτο
1459 561 1851 630 χειροτονήσας
1882 563 1925 620 Δ

1882 563 1925 620 Δ
1957 561 2191 618 cilicium
2219 565 2286 620 ab
2316 566 2418 622 illis
2444 566 2783 625 emciendum
2817 570 2948 639 ipsis
2978 573 3246 639 attribuit,
3284 590 3347 631 ac
3378 592 3538 646 prop-

262 635 472 698 αὑτοὺς
507 637 699 706 ῶσπερ
729 641 925 704 ἀλλους
980 645 1137 707 θεοὺς
1194 648 1289 700 καὶ
1334 648 1725 721 δημιουργοὺς,
1784 656 1849 723 τῇ

261 726 525 799 ἐνεργείᾳ
589 730 685 783 τοῦ
750 738 1100 803 παντουργοῦ
1154 737 1474 807 Πνεύμα-τος
1517 743 1851 813 δυναμένους

263 820 453 906 ποιεῖν
512 821 581 874 τὰ
617 824 855 891 μεγίστα
877 827 974 895 τῆς
1006 830 1155 891 θείας
1206 833 1489 901 δυνάμεως
1513 838 1673 906 ἔργα.
1741 840 1851 892 Καὶ

261 910 323 975 ἐξ
352 905 433 965 ὧν
482 915 724 981 μάλιστα
755 920 818 970 τό
845 936 905 971 τε
940 923 1187 977 ποικίλον
1210 926 1310 994 τῆς
1342 905 1659 996 σοφίαςγκαὶ
1690 933 1852 985 δυνά·

262 1020 418 1071 μεως
443 1005 541 1058 τοῦ
578 1008 717 1062 Θεοῦ
762 1013 1008 1079 γνωστὸν
1038 1018 1271 1084 γίνεται,
1328 1021 1419 1073 καὶ
1451 1021 1480 1073 ὁ
1512 1023 1612 1091 τῆς
1642 1025 1850 1092 ἀγαθό-

257 1112 427 1164 τητος
456 1099 871 1169 ἀνεξιχνίαστος
906 1108 1073 1160 αὑτοῦ
1111 1110 1345 1174 πλοῦτος
1373 1113 1845 1183 ἀποκαλύπτεται,

257 1183 328 1235 δι’
359 1184 389 1237 ὃ
446 1189 542 1239 καὶ
583 1190 611 1240 ὀ
648 1191 792 1255 θεῖος
845 1196 1002 1265 ἔλεγε
1058 1200 1301 1264 Παῦλος·
1360 1207 1649 1275 Evr-apro!
1698 1211 1847 1264 Θεοῦ

257 1276 479 1344 ἐσμεν,
521 1283 636 1335 Καὶ
672 1286 785 1355 γάρ
816 1290 1040 1343 πάντων
1074 1292 1182 1346 τῶν
1219 1294 1400 1363 ἔργων
1452 1292 1530 1351 ὧν
1589 1302 1847 1375 ἐποίησεν

254 1369 282 1419 ὁ
325 1370 465 1433 Θεὸς
489 1377 585 1427 καὶ
622 1378 733 1429 τῶν
758 1382 971 1449 νοητῶν
1030 1387 1126 1437 καὶ
1169 1386 1279 1438 τῶν
1306 1388 1584 1459 αίσθητῶν
1610 1392 1670 1444 τὸ
1729 1369 1848 1463 μεῖ-

254 1461 350 1524 ζόν
379 1467 533 1518 ἐστιν
580 1471 947 1540 ἀσυγκρίτοις
998 1478 1317 1548 ὑπεροχαῖς,
1366 1485 1396 1552 ἡ
1454 1485 1575 1538 θεία
1609 1461 1755 1557 ψυχή
1785 1508 1844 1543 τε

254 1555 350 1606 καὶ
377 1557 518 1626 σάρξ
546 1563 642 1613 τοῦ
676 1566 986 1620 Δεσπότου.
1020 1571 1083 1622 Τί
1108 1572 1216 1641 γὰρ
1247 1575 1433 1641 μεῖζον
1458 1578 1553 1630 τοῦ
1598 1555 1841 1647 τὴν-καθ’

252 1649 408 1714 ἡμᾶς
451 1650 640 1717 φύσιν,
712 1657 806 1709 τοῦ
843 1660 982 1711 Θεοῦ
1008 1664 1183 1730 Λόγου
1218 1668 1384 1733 φύσιν
1424 1670 1685 1737 γενέσθαι
1719 1676 1842 1727 καθ’

252 1739 452 1795 ἕνωσιν
486 1746 870 1817 ὑποστατικήν
898 1769 911 1813 ;
947 1753 1111 1805 Ὅσον
1134 1754 1241 1823 ἀρα
1269 1757 1518 1829 διαφέρει
1546 1764 1605 1815 τὸ
1635 1765 1842 1833 ἀνθρώ-

254 1848 415 1885 πινον
445 1836 541 1888 τοῦ
574 1839 833 1907 Σωτῆρος
882 1844 993 1895 τῶν
1050 1846 1333 1918 Χερουϐὶμ
1392 1854 1483 1905 καὶ
1544 1856 1796 1927 Σεραφίμ
1826 1876 1839 1889 ’

1964 661 2109 709 terea
2140 658 2346 712 creavit
2383 674 2477 715 eos
2522 662 2689 715 veluti
2714 662 2846 718 deos
2874 672 2928 718 et
2959 674 3261 731 creatores,
3288 679 3535 736 potentes

1962 745 2163 801 virtute
2195 751 2586 816 omnipotentis
2616 752 2873 821 Spiritus,
2917 761 3154 810 maxima
3188 759 3380 813 divina:
3419 763 3534 813 vir-

1960 843 2093 895 tutis
2123 841 2336 897 eﬂicere
2364 860 2548 914 opera.
2585 846 2650 901 Et
2682 864 2808 904 vero
2837 867 2903 905 ex
2947 851 3016 906 iis
3042 852 3407 918 Emultiformis
3439 856 3531 909 Dei

1957 936 2222 1004 sapientia
2278 948 2331 991 et
2382 940 2555 995 virtus
2590 942 2861 1012 praecipue
2910 956 3151 1014 apparet,
3204 955 3258 1000 et
3309 948 3530 1000 investi-

1958 1028 2163 1096 gabiles
2195 1029 2456 1086 bonitatis
2492 1034 2659 1101 ipsius
2692 1033 3019 1103 deteguntur
3047 1038 3266 1092 divitias.
3296 1038 3532 1107 Ideoque

1958 1121 2147 1176 beatus
2192 1123 2403 1179 dicebat
2440 1124 2671 1180 Paulus:
2712 1126 2809 1181 Dei
2843 1138 3206 1196 cooperatores
3250 1148 3429 1185 sumus
3462 1133 3529 1185 ".

1960 1210 2167 1264 Etenim
2201 1216 2444 1268 omnium
2485 1231 2707 1283 operum
2764 1229 2869 1271 tam
2927 1219 3311 1287 spiritualium
3369 1238 3530 1289 quam

1955 1316 2359 1371 corporeorum,
2384 1320 2504 1373 quae
2540 1307 2680 1362 Deus
2706 1310 2853 1375 fecit,
2883 1309 3178 1365 maximum
3212 1323 3294 1367 est
3327 1313 3533 1367 incom-

1955 1397 2180 1463 parabili
2209 1398 2546 1461 excellentia,
2578 1416 2730 1455 sacra
2756 1403 2934 1455 anima
2994 1413 3049 1457 et
3069 1419 3198 1458 caro
3226 1404 3526 1461 Dominica.

1953 1486 2093 1552 Quid
2148 1490 2292 1543 enim
2352 1491 2524 1558 majus
2588 1505 2689 1556 est,
2756 1510 2915 1564 quam
2977 1507 3217 1550 nostram
3276 1506 3525 1551 naturam

1953 1584 2247 1636 secundum
2269 1584 2521 1639 unionem
2543 1588 2937 1656 hypostaticam
2960 1588 3071 1641 ﬁeri
3097 1598 3345 1644 naturam
3370 1588 3527 1645 Verbi

1953 1672 2092 1728 Dei?
2136 1675 2405 1741 Quantum
2429 1694 2558 1747 ergo
2584 1691 2801 1748 praestat
2834 1680 2944 1748 (4|)
2980 1681 3290 1736 humanitas
3338 1681 3527 1735 Salva-

1954 1769 2083 1820 toris
2120 1769 2250 1836 ipsis
2284 1770 2575 1825 Cherubim
2617 1782 2669 1823 et
2721 1772 3005 1839 Seraphiru
3053 1773 3295 1841 (priestat
3346 1784 3526 1828 autem

1952 1869 2213 1925 quantum
2273 1876 2432 1914 servo
2487 1862 2804 1930 Dominus),
2844 1872 3052 1917 tantum
3111 1866 3275 1919 etiam
3333 1866 3528 1919 divina:

251 1926 514 1997 διαφέρει
544 1931 603 1983 δὲ
634 1933 761 1987 ὅσον
800 1934 991 1988 δούλου
1015 1937 1286 2009 δεσπότης
1312 1957 1327 1971 ·
1364 1921 1629 1999 τοσοῦτον⁷
1665 1921 1845 2003 καὶ-τὸ
1878 1921 1917 1972 Β

1836 1921 2126 2003 ιθοιιτιιὶε
2186 1953 2465 2019 generatio
2524 1964 2747 2022 superat
2813 1955 3148 2009 creationem
3220 1957 3522 2010 cmlestiutu

253 2017 424 2086 ἔργον
449 2020 553 2089 τῆς
578 2024 732 2087 θείας
766 2028 1103 2096 σαρκώσεως
1134 2034 1411 2105 διενήνοχε
1449 2040 1550 2106 τῆς
1577 2042 1845 2112 δημιουρ-

251 2110 381 2173 γίας
417 2112 527 2163 τῶν
554 2115 948 2187 ὑπερκοσμίων
1004 2122 1315 2192 δυνάμεων.
1358 2128 1530 2182 Τοῦτο
1573 2132 1757 2186 τοίνυν
1784 2137 1844 2189 τὸ

249 2202 679 2275 ἀνυπέρϐλητον
734 2214 903 2282 ἔργον
974 2220 1069 2269 καὶ
1118 2222 1229 2280 τοῖς
1271 2222 1594 2288 ἀποστόλοις
1640 2230 1843 2293 ὁμοίως

250 2296 502 2365 ἐνεργεῖν
530 2301 756 2369 δέδυκε,
826 2308 923 2358 καὶ
962 2309 1028 2360 δι’
1098 2310 1326 2365 ἐκείνων
1376 2316 1503 2379 τοὺς
1561 2318 1843 2389 διαδόχους

252 2391 487 2443 ἐκείνων
526 2394 621 2447 καὶ
652 2397 893 2465 καθεξῆς
923 2403 1049 2455 τοὺς
1073 2402 1294 2467 λοιποὺς
1329 2408 1493 2477 μέχρι
1526 2410 1623 2478 τῆς
1656 2413 1843 2466 τελευ-

250 2482 352 2572 τῆς
394 2484 492 2536 τοῦ
542 2488 815 2554 παρόντος
853 2490 991 2560 βίου.
1030 2496 1236 2564 Ἀρτον
1269 2498 1377 2566 γάρ
1415 2500 1511 2552 καὶ
1539 2497 1682 2555 οἶνον
1704 2505 1841 2572 λαμ-

251 2571 520 2637 ϐάνοντες
546 2579 612 2644 τῇ
649 2579 907 2652 ἐνεργείᾳ
924 2582 1019 2635 τοῦ
1050 2583 1196 2637 θείου
1218 2588 1559 2656 Πνεῦματος,
1580 2595 1661 2656 εὶς
1681 2595 1839 2663 σῶμα

250 2668 344 2715 καὶ
381 2661 527 2734 αἷμα
562 2672 919 2735 Δεσποτικὸν,
980 2669 1024 2728 ὦ
1060 2679 1153 2730 τοῦ
1218 2679 1529 2749 θαύματοςί
1569 2688 1841 2753 μεταϐάλ-

248 2754 443 2809 λουσι·
500 2762 595 2812 καὶ
656 2762 806 2817 λύειν
854 2767 951 2819 καὶ
1003 2769 1226 2838 δεσμεῖν
1267 2773 1542 2844 ἁμαρτίας
1589 2779 1840 2843 ἐξουσίαν

248 2848 567 2939 είλῄφασιν,
612 2854 641 2906 ὃ
675 2856 838 2923 μόνου
894 2863 1031 2914 Θεοῦ
1080 2865 1244 2936 ἔργον
1295 2868 1550 2939 ὑπάρχει.
1589 2873 1697 2924 Καὶ
1748 2876 1843 2927 ἀνι

249 2936 515 3005 θρώπους
564 2941 962 3012 λαμϐάνοντες,
995 2953 1083 3004 διὰ
1140 2956 1234 3007 τοῦ
1274 2936 1425 3010 θείου
1460 2936 1838 3032 βαπτίσματος

244 3029 599 3097 ἀναγεννῶσι
625 3039 722 3089 καὶ
752 3042 1193 3099 ἀναπλάττουσιν
1230 3051 1308 3109 είς
1348 3052 1498 3115 υίοὺς
1546 3056 1681 3109 Θεοῦ
1748 3064 1839 3114 καὶ

245 3121 407 3185 θεοὺς
445 3128 591 3179 κατά
619 3130 800 3197 χάριν,
829 3133 1023 3204 ῶσπερ
1092 3138 1158 3190 ἀν
1219 3139 1272 3191 εἴ
1311 3160 1395 3205 τις
1449 3147 1614 3201 ἵππον
1651 3151 1838 3207 λαϐὼν

1946 2050 2297 2108 potestatum.
2327 2040 2438 2096 lloc
2465 2060 2592 2112 ergo
2628 2046 2885 2099 eximium
2928 2061 3065 2114 opus
3104 2048 3363 2115 apostolis
3395 2064 3527 2118 quo-

1945 2144 2049 2197 que
2094 2136 2455 2189 exercendum
2494 2137 2660 2201 dedit,
2700 2147 2752 2191 et
2798 2154 2893 2205 per
2940 2139 3057 2193 illos
3093 2154 3281 2193 eorum
3314 2155 3531 2196 succes-

1945 2224 2183 2289 soribus,
2221 2236 2277 2281 et
2310 2228 2569 2298 deinceps
2607 2231 2833 2296 reliquis
2874 2222 3045 2300 usque
3084 2234 3150 2286 ad
3182 2247 3530 2287 consumma-

1946 2321 2146 2374 tionem
2182 2321 2345 2389 hujus
2393 2323 2537 2377 vitae.
2592 2323 2790 2376 Panem
2839 2325 2983 2378 enim
3037 2334 3093 2379 et
3150 2326 3335 2379 vinum
3388 2327 3530 2380 acci-

1944 2416 2177 2481 pientes,
2213 2416 2410 2469 virtute
2460 2418 2697 2485 Spiritus
2758 2419 2929 2473 sancti
2984 2418 3036 2471 in
3089 2434 3284 2487 corpus
3314 2428 3367 2471 et
3402 2434 3528 2474 san-

1943 2508 2160 2577 guinem
2215 2508 2574 2574 Dominicum,
2607 2527 2640 2565 ο
2696 2526 2806 2564 rem
2866 2511 3285 2565 admirabilem!
3349 2523 3527 2566 trans-

1945 2609 2174 2665 mutant,
2216 2601 2456 2655 solvendi
2510 2602 2672 2655 etiam
2724 2610 2778 2655 et
2831 2604 3027 2670 ligandi
3086 2614 3332 2671 peccata,
3382 2606 3526 2673 quod

1944 2692 2162 2760 quidem
2196 2692 2367 2747 solius
2414 2693 2507 2747 Dei
2545 2705 2629 2749 est
2660 2710 2816 2759 opus,
2858 2696 2956 2764 ipsi
3010 2705 3333 2764 potestatem
3368 2712 3520 2751 acce-

1944 2796 2162 2851 perunt.
2217 2784 2322 2838 Sed
2371 2794 2425 2838 et
2472 2786 2718 2840 homines
2774 2801 2868 2853 per
2922 2802 3137 2840 sacrum
3194 2789 3521 2856 baptismum

1944 2885 2289 2943 regenerant,
2333 2888 2493 2946 atque
2529 2877 2579 2931 in
2624 2878 2712 2931 Dei
2752 2877 2889 2931 itlios
2932 2878 3174 2944 deosque
3224 2881 3520 2934 secundum

1942 2968 2169 3033 gratiam
2207 2968 2526 3034 refortnant,
2555 2986 2658 3022 non
2709 2970 2869 3023 aliter
2898 2985 3058 3038 quam
3091 2972 3135 3023 si
3171 2972 3292 3039 quis
3321 2987 3519 3041 equum

1943 3058 1995 3111 in
2024 3070 2271 3113 naturam
2306 3062 2540 3115 hominis
2574 3073 3000 3127 transmutaret;
3056 3065 3167 3118 imo
3196 3080 3319 3119 vero
3354 3066 3520 3119 multo

1945 3155 2149 3220 majora
2202 3155 2314 3206 haec
2376 3164 2498 3207 sunt
2554 3157 2805 3209 omnibus
2836 3156 2903 3209 iis
2934 3172 3052 3224 qua:
3081 3158 3343 3211 hactenus
3376 3160 3517 3211 dicta

245 3217 598 3281 μετέπλασεν
641 3222 722 3284 είς
773 3225 938 3290 φύσιν
1000 3229 1314 3298 ἀνθρώπου,
1355 3236 1561 3303 μᾶλλον
1637 3242 1695 3294 δὲ
1748 3246 1916 3309 καὶο

1832 3248 1916 3309 ic
1948 3252 2113 3309 sunt;
2153 3246 2329 3313 majus
2363 3247 2508 3299 enim
2540 3257 2625 3301 est
2666 3263 2858 3312 panem
2907 3258 2960 3301 et
2998 3250 3178 3301 vinum
3228 3250 3278 3302 in
3324 3266 3518 3318 corpus

242 3307 434 3379 πολλῷ
466 3311 647 3379 μείζω
673 3315 850 3371 ταῦτα
880 3317 988 3371 τῶν
1017 3322 1228 3377 πολλῶν
1256 3329 1589 3397 εἰρημένων.
1622 3334 1829 3399 Μεῖζον

239 3402 351 3471 γάρ
383 3406 509 3457 ἐστι
542 3406 604 3458 τὸ
636 3408 727 3460 τὸν
774 3410 944 3477 ἄρτον
996 3416 1090 3466 καὶ
1139 3411 1284 3471 οἶνον
1327 3422 1404 3481 εἰς
1476 3423 1639 3492 σῶμα
1686 3427 1832 3482 θεῖον

240 3496 584 3562 μεταϐαλεῖν
608 3500 703 3552 καὶ
726 3501 1019 3571 ἄνθρωπον
1059 3507 1184 3561 θεὸν
1226 3512 1369 3568 κατά
1396 3515 1557 3584 χάριν
1583 3521 1831 3591 ποιῆσαι,

237 3587 269 3656 ἢ
296 3591 541 3657 οὐρανὸν
580 3594 679 3645 καὶ
712 3596 985 3663 ἀγγέλους
1005 3600 1260 3672 ποιῆσαι.

307 3684 376 3746 ζ’.
416 3685 642 3755 Ταύτην
666 3686 785 3752 οὖν,
811 3689 1110 3759 ἀγαπητοὶ,
1159 3698 1260 3764 τὴν
1283 3699 1693 3776 δημιουργικὴν
1736 3712 1831 3761 καὶ

235 3776 495 3831 θεοποιὸν
545 3781 710 3849 χάριν
761 3784 854 3834 καὶ
882 3783 1115 3855 δύναμιν
1178 3790 1272 3842 τοῦ
1328 3794 1538 3860 ἀγαθοῦ
1582 3801 1830 3871 Πνεῦμα-

234 3888 324 3932 τος
369 3874 501 3941 ἥτις
552 3875 805 3943 ἐνεργεῖν
862 3877 932 3930 τά
1004 3881 1179 3947 μείζω
1235 3885 1457 3942 πάντων
1513 3896 1831 3963 κτισμάτων

233 3962 291 4013 ιν
322 3962 533 4031 ἀκαρεῖ
559 3963 809 4031 δύναται,
842 3968 871 4020 ι
912 3965 1197 4041 ἱερεὺς,Ιῶ
1224 3976 1323 4038 τῆς
1369 3981 1498 4048 περὶ
1538 3962 1686 4052 ἡμᾶς
1735 3989 1829 4042 τοῦ

232 4053 375 4105 Θεοῦ
414 4056 598 4118 Λόγου
632 4058 1046 4127 φιλανθρωπίας
1088 4065 1182 4117 καὶ
1232 4067 1480 4137 δωρεάςί
1523 4075 1832 4146 ἀναμφιϐό-

230 4144 338 4207 λως
392 4145 713 4214 κομίζεται,
742 4150 851 4202 Καὶ
877 4152 985 4222 γάρ
1042 4155 1139 4206 καὶ
1189 4152 1347 4221 οὗτος
1402 4162 1604 4229 ὁμοίως
1637 4144 1830 4237 νάρτον

231 4240 328 4289 καὶ
372 4233 524 4290 οἶνον
561 4239 883 4309 λαμϐάνων,
924 4246 989 4313 τῇ
1043 4248 1332 4323 ἐνοικούσῃ
1386 4254 1564 4325 τούτῳ
1608 4258 1697 4311 διά
1735 4262 1829 4314 τοῦ

228 4328 542 4421 χρίσματος
568 4330 667 4397 τῆς
702 4332 1005 4402 ἱερωσύνης
1052 4336 1173 4408 θείᾳ
1224 4341 1475 4412 δυνάμει,
1534 4350 1616 4411 είς
1672 4352 1830 4421 σῶμα

228 4420 323 4471 καὶ
374 4413 521 4485 αἷμα
550 4422 888 4489 μεταϐάλλει
916 4428 1254 4483 Δεσποτικόν
1288 4450 1300 4464 ·
1341 4437 1534 4503 μεῖζον
1574 4413 1830 4496 ἐντεῦθεν

228 4512 610 4579 ἐργαζόμενος
679 4514 966 4583 ἐργον,ὼς
1030 4521 1328 4588 δέδεικται,
1378 4526 1411 4596 ἦ
1451 4530 1613 4601 εἴπερ
1656 4534 1829 4602 ἀγγέ-

1936 3346 2305 3393 transmutare
2336 3340 2575 3393 divirmm
2603 3381 2615 3395 .
2652 3341 3037 3409 hominemque
3091 3341 3254 3396 deum
3304 3343 3518 3398 eﬂieere

1935 3432 2226 3487 secundum
2254 3435 2506 3504 gratiam,
2536 3450 2697 3504 quam
2724 3435 2919 3489 coelum
2943 3443 2996 3489 et
3020 3436 3237 3503 angelos
3260 3451 3469 3492 creare.

2005 3700 2055 3755 7.
2081 3701 2228 3754 Hanc
2273 3699 2454 3767 igitur,
2475 3714 2506 3753 ο
2527 3699 2857 3765 cltarissimi,
2879 3700 3126 3769 Opiﬁcem
3172 3716 3234 3753 ac
3258 3703 3517 3758 deiﬁcau-

1934 3798 2039 3844 tem
2075 3792 2247 3845 sancti
2277 3791 2511 3861 Spiritus
2551 3792 2779 3861 gratiam
2805 3800 2858 3845 et
2880 3792 3157 3858 virtutem,
3184 3808 3305 3862 qua:
3325 3795 3377 3847 in
3403 3795 3515 3851 ictu

1931 3886 2072 3941 oculi
2095 3901 2283 3940 creare
2314 3898 2490 3954 petest
2511 3926 2523 3949 ,
2554 3886 2785 3939 maxima
2808 3900 3036 3953 quaeque
3058 3896 3432 3943 creaturarum
3460 3891 3516 3961 (ο

1933 3993 2174 4034 amorem
2210 3989 2266 4035 et
2318 3980 2728 4035 beneﬁcentiam
2747 3994 2874 4049 erga
2907 3996 3005 4035 nos
3032 3981 3190 4037 Verbi
3212 3982 3303 4037 Dei
3327 3984 3366 4050 ί)
3395 3986 3517 4041 sine

1931 4069 2096 4124 dubio
2130 4071 2330 4135 accipit
2354 4070 2628 4123 sacerdos.
2662 4069 2795 4121 Nam
2830 4080 2883 4123 et
2914 4070 3005 4123 ille
3032 4071 3287 4125 similiter
3316 4088 3513 4141 panem

1931 4169 1984 4216 et
2012 4162 2190 4214 vinum
2224 4160 2496 4227 accipiens
2525 4176 2619 4228 per
2646 4161 3035 4215 inhabitantetn
3066 4162 3119 4216 in
3145 4165 3515 4226 se,mediante

1931 4254 2216 4309 sacerdotii
2255 4253 2528 4315 unctione,
2560 4268 2768 4305 sacram
2812 4262 3064 4307 virtutem
3099 4254 3149 4307 in
3190 4269 3409 4309 carnem
3457 4266 3513 4312 et

1932 4342 2249 4411 sanguinem
2270 4352 2567 4396 commutat
2595 4342 2930 4397 Dominicum
2963 4360 2976 4408 ;
3011 4343 3187 4412 majus
3219 4354 3509 4415 propterea

1931 4449 2195 4490 exercens
2245 4450 2401 4505 Opus,
2443 4451 2603 4503 quam
2654 4436 2700 4489 si
2752 4436 2975 4505 angelos
3018 4446 3073 4490 et
3104 4438 3284 4506 {caelos
3322 4453 3511 4494 creare

1934 4537 2138 4597 posset.
2190 4527 2395 4582 Deinde
2444 4527 2722 4581 mortalem
2778 4528 3055 4595 accipiens
3104 4529 3376 4584 hominem
3413 4544 3511 4597 per

228 4603 355 4666 λους
392 4605 496 4657 καὶ
519 4605 793 4673 οὐρανοὺς
853 4607 1094 4674 δυνατῶς
1151 4608 1266 4681 εἶχε
1311 4588 1833 4689 δημιουργιεῖν..1ξαὶ
1864 4588 1912 4647 D

1818 4624 1833 4674 t
1864 4588 1912 4647 ί)
1936 4588 2185 4675 sanctum
2207 4588 3192 4691 baptismum,DeiFiliuttt,-Deutnqtie
3207 4588 3504 4679 secundum

230 4698 399 4749 πάλιν
430 4696 732 4766 ἄνθρωπον
793 4701 1095 4769 λαμϐάνων
1146 4704 1363 4775 θνητὸν,
1398 4709 1487 4764 διά
1540 4712 1637 4766 τοῦ
1685 4716 1831 4769 θείου

233 4786 629 4855 βαπτίσματος
652 4788 791 4853 ιυίὸν
818 4792 955 4844 Θεοῦ
996 4797 1091 4848 καὶ
1129 4796 1250 4850 θεὸν
1279 4800 1422 4852 κατά
1456 4802 1620 4872 χάριν
1662 4807 1830 4875 ἐργά-

1932 4714 2159 4781 gratiam
2188 4710 2372 4776 eilicit,
2407 4712 2578 4779 majus
2607 4710 2847 4767 eﬂiciens
2878 4728 3034 4782 Opus,
3070 4730 3232 4784 quam
3265 4716 3308 4770 si
3354 4732 3505 4772 mor-

1933 4812 2053 4856 tuos
2078 4802 2387 4866 suscitaret,
2425 4811 2478 4856 et
2522 4802 2700 4857 luxata
2736 4819 2799 4858 ac
2840 4805 3027 4858 mutila
3054 4809 3299 4876 corporis
3334 4823 3506 4862 mem-

228 4877 384 4939 ζεται
413 4897 426 4908 ·
476 4879 668 4948 μεῖζον
703 4882 1076 4953 ἐργαζόμενος
1120 4887 1305 4956 ἔργον,
1358 4891 1391 4959 ἢ
1431 4892 1593 4961 εἰπερ
1619 4897 1831 4964 ἀνεγεί-

1814 4930 1831 4939 -
1929 4894 2025 4947 bra
2085 4894 2307 4947 sanitati
2359 4902 2413 4948 et
2456 4894 2757 4964 integritati
2805 4897 2923 4951 solo
2956 4898 3120 4951 verbo
3172 4902 3500 4956 restitueret.

229 4986 344 5039 ρειν
372 4972 614 5039 νεκροὺς
637 4972 888 5038 ἐδύνατο,
931 4978 1119 5030 καὶτὰ
1166 4979 1528 5053 λελωϐημένα
1578 4990 1672 5040 καὶ
1734 5006 1830 5041 πε-

1814 5019 1830 5029 -
1928 4986 1985 5042 Si
2017 4988 2177 5057 igitur
2209 4990 2348 5043 inter
2371 5004 2470 5043 nos
2500 4992 2661 5045 homo
2711 4999 2877 5057 esset,
2912 4994 3001 5061 qui
3034 4995 3257 5061 angelos
3306 4995 3500 5049 caelos.

226 5062 543 5147 πηρωμένα
591 5062 687 5116 τοῦ
715 5064 975 5135 σώματος
1008 5070 1146 5140 μέλη
1177 5072 1306 5140 ὑγιᾶ
1339 5076 1432 5127 καὶ
1476 5078 1641 5144 ἄρτια
1667 5080 1827 5133 καθι⁸

1818 5108 1827 5122 ι
1924 5098 2031 5148 que
2050 5085 2211 5138 verbo
2230 5100 2414 5139 creare
2433 5093 2635 5154 posset,
2655 5087 2918 5140 suscitare
2933 5096 3195 5151 mortuos,
3214 5096 3268 5141 et
3288 5088 3504 5141 incura-

228 5158 358 5225 στᾷν
406 5140 585 5224 λόγῳ.
617 5158 680 5209 Et
722 5157 819 5210 οῦν
853 5159 965 5212 ἔδει
997 5163 1238 5232 φανῆναί
1285 5183 1410 5220 τινα
1451 5140 1544 5220 ἐπλ
1587 5171 1686 5238 τῆς
1721 5176 1824 5240 γῆς

1816 5190 1824 5232 :
1924 5140 2124 5229 bilibus
2157 5175 2361 5229 morbis
2394 5140 2618 5242 niederi,
2652 5178 2863 5245 qualern
2900 5192 3022 5230 eum
3046 5194 3165 5234 esse
3180 5181 3502 5247 oporteret?

226 5253 547 5323 ἄνθρωπον,
578 5254 852 5321 ἀγγέλους
871 5255 967 5309 καὶ
995 5258 1262 5327 οὐρανοὺς
1301 5259 1654 5333 δημιουργεῖν
1678 5266 1820 5336 λόγῳ

1809 5285 1820 5318 ι
1918 5282 2080 5337 quam
2100 5284 2291 5337 purum
2307 5275 2358 5321 et
2380 5269 2499 5322 vita:
2518 5271 2783 5337 probitate
2800 5279 2925 5324 ante
2943 5285 3129 5324 omnes
3143 5271 3495 5325 excellentem

223 5344 557 5413 δυνάμενον,
583 5346 681 5397 καὶ
708 5349 939 5416 νεκροὺς
967 5350 1278 5419 ἀνεγείρειν
1324 5354 1417 5405 καὶ
1445 5357 1641 5409 ἀνίατα
1669 5358 1814 5429 πάθη

1916 5375 2107 5430 nempe
2136 5374 2193 5414 ut
2222 5362 2360 5415 hanc
2386 5364 2479 5416 Dei
2503 5364 2754 5416 virtutem
2807 5370 2974 5429 atque
3016 5362 3307 5430 potentiam
3330 5364 3501 5417 susci-

230 5435 443 5498 ἰᾶσθαι,
478 5437 674 5489 ὁποῖον
702 5438 875 5507 ἐχρῆν
912 5438 1005 5491 τὸν
1048 5442 1294 5495 τοιοῦτον
1350 5441 1491 5499 εἶναι
1519 5463 1533 5513 ;
1563 5449 1816 5518 Καθαρὸν

1813 5467 1816 5490 ι
1924 5463 2075 5521 peret
2114 5451 2373 5520 ﬁeretque
2402 5463 2525 5521 post
2558 5452 2723 5507 Deum
2768 5454 2905 5508 alter
2946 5453 3195 5507 creatori
3228 5452 3284 5506 Si
3308 5454 3499 5508 millies

224 5530 320 5578 καὶ
378 5530 483 5597 τὴν
534 5530 746 5599 ἀρετὴν
799 5532 1206 5605 ἀπαράμιλλον,
1242 5536 1386 5591 ὥστε
1432 5542 1687 5611 τοιαύτην
1720 5542 1815 5595 τοῦ

1807 5542 1815 5592 ἱ
1928 5544 2171 5613 proiecto
2206 5546 2277 5600 illi
2310 5549 2551 5614 quotidie
2576 5563 2672 5617 pro
2689 5548 2907 5603 Christo
2935 5549 3067 5603 meri
3093 5547 3493 5614 liceret,adhue

283 5708 325 5738 ”
349 5707 520 5763 iCor.
542 5708 598 5773 3,
632 5710 688 5775 9,

295 5872 405 5941 tit)
458 5869 712 5924 Piwstat.
776 5870 1071 5931 νειιίςειιιιιε
1124 5875 1287 5931 habet
1327 5878 1606 5950 διάφορον.
1646 5882 1981 5941 Messancusi

617 5882 712 5923 tat.
776 5870 1071 5931 νειιίςειιιιιξ
1124 5875 1287 5931 habet
1327 5878 1606 5950 διάφορον.
1646 5882 2015 5942 Μαιεείιιιοηδὶε
2050 5886 2295 5959 διαφέρει
