4270 6488
783 445 891 507 339

1819 453 2315 514 Tl'IEOl'HANlS.
2347 452 2689 514 EPISCOPI
2735 447 3021 511 NlC.l~J;\'I

3950 444 4055 509 340

786 574 966 618 tamen
1029 563 1247 618 minime
1305 564 1525 634 dignum
1584 581 1721 635 opus
1781 567 2031 633 faceret,
2065 585 2174 639 quo
2230 572 2364 624 tanti
2398 578 2472 631 Αη

2398 578 2439 631 Α
2471 568 2608 622 Θεοῦ
2648 567 2885 636 δύναμιν
2932 562 3194 629 δέξασθαι
3231 562 3324 614 καὶ
3366 558 3548 627 ἀξίαν,
3585 561 3680 616 καὶ
3721 560 4056 632 δημιουργὸν

784 656 1026 712 uulneris
1066 658 1294 723 gratiam
1328 670 1729 727 compensaret.
1765 662 1832 716 At
1864 664 2169 719 sacerdotis
2197 679 2357 731 opera

782 752 990 822 majora
1026 753 1093 808 iis
1140 754 1334 821 multo;
1367 769 1431 807 ac
1479 755 1599 809 sine
1637 756 1741 811 ulla
1774 760 2183 826 comparatione
2227 772 2363 825 prac—

782 847 1052 900 stantiora
1095 860 1236 910 esse,
1270 856 1547 901 ostensum
1600 859 1707 903 cst.
1758 849 1979 915 Qualem
2033 850 2197 919 igitur
2241 863 2363 902 esse

785 940 968 993 deceat
1000 954 1126 993 eum
1158 940 1249 1009 qui
1304 942 1597 997 sacerdotii
1635 944 1862 1012 gratiam
1913 945 2142 1011 accepit,
2196 956 2360 1011 quam

786 1031 1026 1085 divinum
1073 1048 1137 1088 ac
1167 1048 1303 1102 pene
1332 1034 1639 1099 etelestem,
1674 1037 1800 1091 hine
1830 1037 2164 1106 perpendere
2209 1036 2359 1091 licet.

783 1122 985 1177 Christi
1043 1135 1194 1179 certe
1241 1140 1360 1180 esse
1398 1128 1557 1180 debet
1609 1129 2042 1197 perfectissimus
2102 1130 2362 1192 imitator,

784 1215 1039 1284 illiusque
1074 1216 1127 1269 in
1180 1233 1345 1271 carne
1398 1220 1559 1287 primi
1625 1221 1895 1288 pontiﬁcis
1957 1231 2119 1289 atque
2171 1220 2363 1275 horum

784 1321 1068 1363 sacrorum
1122 1312 1422 1365 sacerdotis
1478 1320 1533 1366 et
1578 1314 1871 1369 initiatoris
1915 1315 2068 1383 sequi
2114 1313 2363 1381 vestigia.

791 1397 1060 1463 Quocirca
1105 1403 1248 1456 haud
1286 1414 1495 1457 erraret
1520 1406 1737 1473 aliquis,
1768 1422 1802 1460 o
1848 1407 2052 1469 dilecti,
2085 1408 2131 1461 si
2162 1408 2366 1460 diceret

786 1492 1147 1546 sacerdotium
1215 1509 1338 1549 esse
1401 1496 1492 1549 Dei
1547 1497 1878 1552 eﬁ‘ectricem
1942 1499 2221 1561 virtutem,
2283 1496 2365 1551 vel

786 1584 1028 1639 divinam
1059 1586 1344 1642 scientiam
1381 1604 1478 1658 pro
1510 1589 1613 1644 ﬁne
1645 1590 1955 1653 habentem,
2000 1602 2056 1644 ut
2087 1591 2363 1644 hominem

785 1674 982 1730 elliciat
1036 1677 1197 1732 deum
1242 1681 1539 1733 secundum
1584 1681 1832 1748 gratiam,
1868 1682 2205 1737 conformem
2239 1695 2365 1735 vero

787 1767 1008 1839 imagini
1063 1769 1183 1823 Filii
1241 1771 1329 1825 Dei
1367 1775 1663 1827 secundum
1724 1785 2002 1838 naturam,
2056 1774 2216 1841 idque
2270 1787 2366 1840 per

786 1859 939 1928 signa
1000 1864 1245 1927 quaedam
1285 1871 1539 1931 tanquam
1594 1880 1691 1933 per
1721 1867 2108 1929 instrumenta,
2169 1879 2363 1934 panem

784 1965 915 2005 vero
939 1961 993 2007 et
1020 1954 1200 2007 vinum
1231 1969 1371 2021 aqua
1427 1958 1773 2010 commistum
1816 1957 1867 2010 in
1905 1971 2103 2025 corpus
2153 1965 2208 2009 et
2234 1970 2361 2007 san-

784 2042 1001 2111 guinem
1050 2044 1393 2099 Dominicum
1431 2057 1773 2112 transmutat,
1825 2058 2153 2115 renatosque
2184 2047 2363 2099 homi-

785 2148 881 2189 nes
914 2151 1011 2204 per
1038 2137 1363 2204 baptismum
1402 2140 1566 2206 capiti
1604 2140 1825 2195 Christo
1858 2151 1917 2194 ut
1947 2141 2184 2194 metnbra
2232 2156 2358 2193 cou-

783 2227 1036 2293 glutinet.
1070 2228 1251 2292 Quare
1280 2212 1405 2282 cuni
1435 2246 1592 2285 nemo
1629 2234 1811 2288 carnis
1840 2235 2077 2287 vinculis
2112 2234 2364 2288 detentus

785 2332 912 2373 vere
959 2319 1154 2390 dignus
1183 2320 1596 2376 administrator
1628 2324 1820 2378 horum
1869 2326 2360 2393 supernatnralium

785 2413 1167 2481 mysteriorum
1223 2413 1457 2467 inveniri
1515 2416 1687 2482 possit
1745 2416 1989 2485 (etenim
2045 2428 2101 2471 et
2154 2418 2363 2483 angelis

786 2504 916 2573 ipsis
963 2514 1019 2558 et
1074 2505 1450 2559 desiderabilia
1526 2506 1640 2561 haec
1698 2518 1823 2562 sunt
1871 2519 1925 2563 ct
1976 2509 2359 2579 formidanda),

784 2596 1078 2667 puritatem
1106 2597 1321 2664 saltem,
1343 2612 1505 2667 quam
1532 2601 1817 2668 acquirere
1843 2602 2155 2658 hominibus
2178 2603 2360 2670 datur,

784 2699 1165 2753 contemnere,
1213 2701 1306 2745 aut
1354 2691 1606 2759 rejicere,
1654 2708 1754 2748 nec
1795 2709 1892 2763 pro
1920 2695 2125 2750 viribus
2177 2696 2362 2750 conari

786 2780 1090 2835 Salvatoris
1147 2782 1200 2835 in
1256 2781 1420 2836 terris
1486 2783 1610 2837 vita:
1666 2784 1976 2839 institutum
2040 2785 2361 2840 imitandum

784 2873 889 2927 sibi
924 2888 1249 2942 proponere,
1290 2874 1342 2929 id
1378 2883 1525 2931 certe
1572 2876 1770 2947 ingrati
1805 2879 1912 2932 erit
1948 2878 2116 2933 animi
2150 2878 2363 2932 divina-

784 2980 1018 3034 rumque
1078 2980 1261 3021 rerum
1303 2970 1725 3037 contemptoris,
1773 2970 2000 3039 ideoque
2029 2969 2365 3026 intolerabili

785 3057 1055 3127 supplicio
1088 3059 1335 3128 dignum.
1369 3060 1469 3115 Cui
1513 3076 1749 3132 namque
1776 3067 1959 3117 datum
1997 3074 2081 3118 est
2110 3064 2361 3129 multum,

784 3147 1013 3201 multmu
1062 3150 1226 3204 etiam
1269 3152 1517 3221 exigetur
1562 3153 1630 3207 ab
1660 3168 1744 3208 eo.
1790 3156 1868 3209 Ac
1897 3165 2051 3211 vetus
2105 3156 2361 3209 niinirum

2464 667 2656 733 ἕτερον
2694 661 2835 714 εἶναι
2890 660 3029 726 μετά
3056 658 3210 719 Θεὸν,
3261 657 3481 719 πάντως
3519 657 3567 709 εί
3630 657 3890 725 μυριάκις
3928 657 4056 725 ἐνῆν

2467 758 2620 825 αύτῷ
2675 754 2803 808 καθ’
2852 753 3095 820 ἑκάστην
3157 750 3302 811 ὑπὲρ
3359 748 3602 817 Χριστοῦ
3658 748 4053 817 ἀποθνήσκειν,

2467 855 2567 906 οὑκ
2608 852 2674 904 ἂν
2715 848 2938 910 ἐπάξιον
3022 843 3186 912 ἔργον
3249 845 3329 903 είς
3391 841 3749 895 ἀνταπόδοσιν
3813 843 3911 906 τῆς
3952 842 4059 894 δω-

2472 944 2601 1016 ρεᾶς
2650 943 2855 1008 ταύτης
2916 937 3233 1009 εἰργάσατο.
3302 935 3462 988 una
3502 936 3571 991 τὰ
3620 934 3769 1003 παρὰ
3831 933 3924 985 τοῦ
3976 934 4055 984 ξε.

2472 1036 2608 1106 ρέως
2641 1031 2946 1100 τελούμενα
3015 1024 3187 1098 μείζω
3210 1027 3319 1080 τῶν
3348 1027 3608 1080 τοιούτων
3629 1025 3811 1094 ἔργων
3870 1021 4055 1091 πολλῷ

2466 1129 2563 1182 καὶ
2620 1124 2943 1193 ἀσυγκρίτῳ
2979 1122 3056 1190 τῷ
3093 1122 3278 1191 μέτρῳ
3326 1118 3600 1173 δεδείκται
3630 1113 3790 1171 εἶναι.
3834 1116 4055 1168 Ὁποῖον

2466 1226 2561 1273 οὑν
2607 1218 2688 1271 δεῖ
2742 1218 2837 1270 τὸν
2886 1213 2986 1285 τὴν
3023 1216 3188 1285 χάριν
3231 1213 3333 1283 τῆς
3396 1211 3697 1281 ἱερωσύνης
3760 1208 4058 1276 δεξάμενον

2470 1311 2617 1363 θεῖόν
2645 1326 2771 1363 τινα
2804 1308 2901 1362 καὶ
2947 1306 3209 1376 ὑπερφυῆ
3254 1299 3419 1368 εἶναι,
3484 1304 3754 1373 πάρεστιν
3803 1299 4056 1353 ὲντευθεν

2468 1401 2808 1469 λογίζεσθαι,
2858 1400 3077 1461 πάντως
3111 1397 3209 1451 τοῦ
3234 1396 3475 1466 Χριστοῦ
3534 1393 3787 1465 μιμητὴν
3827 1393 4052 1459 ἀκριδέ-

2470 1511 2688 1558 στατον,
2717 1493 2813 1545 καὶ
2854 1493 2956 1561 τῆς
3006 1493 3062 1544 ὲν
3119 1491 3286 1561 σαρκὶ
3343 1489 3624 1552 πολιτείας
3667 1488 3882 1541 ἐκείνου
3931 1484 4057 1538 κατ’

2472 1588 2619 1657 ἴχνος
2663 1587 2961 1656 ἑπόμενον,
2996 1583 3092 1635 τοῦ
3118 1581 3338 1654 πρώτου
3360 1582 3670 1653 ἀρχιερέως
3706 1581 3802 1633 καὶ
3834 1582 4050 1647 ἱερουρ-

2468 1680 2586 1748 γοῦ,
2619 1678 2728 1731 τῶν
2781 1676 3040 1730 τοιούτων
3076 1677 3170 1728 καὶ
3213 1675 3570 1743 τελετάρχου.
3611 1672 3775 1726 Ὅθεν
3833 1673 3938 1724 οὑκ
3986 1670 4053 1723 ἄν

2467 1787 2552 1832 τις
2610 1768 2852 1836 ἁμάρτοι
2908 1766 3010 1834 τὴν
3055 1762 3383 1833 ἱερωσύνην,
3436 1759 3737 1831 ἀγαπητοὶ,
3793 1759 4059 1828 δημιουρ-

2469 1861 2633 1931 γικὴν
2663 1858 2834 1913 εἰπὼν
2863 1856 3096 1927 δύναμιν
3120 1855 3214 1909 τοῦ
3264 1853 3426 1917 Θεοῦ,
3461 1854 3493 1923 ἢ
3535 1854 3852 1921 ἐπιστήμην
3876 1852 4054 1914 θείαν,

2468 1952 2623 2014 τέλος
2640 1950 2874 2019 ἔχουσαν
2907 1948 2970 2001 τὸ
3003 1947 3089 2001 διά
3111 1963 3275 1999 τινων
3312 1945 3607 2013 συμϐόλων
3641 1943 3833 2012 ὥσπερ
3884 1944 4055 2014 ὁργά-

2478 2063 2608 2107 νων,
2641 2043 2767 2096 θεδν
2802 2044 2904 2112 μὲν
2936 2041 3082 2095 κατά
3114 2039 3278 2111 χάριν
3303 2040 3397 2092 τὸν
3447 2037 3737 2108 ἄνθρωπον
3799 2038 4055 2106 ἀπεργά-

2469 2134 2662 2199 ζεσθαι
2711 2133 2808 2186 καὶ
2838 2133 3169 2202 σύμμορφον
3221 2130 3320 2198 τῆς
3354 2129 3565 2192 είκόνος
3603 2129 3698 2180 τοῦ
3754 2128 3897 2181 κατὰ
3948 2126 4057 2194 φύ-

2470 2246 2556 2281 σιν
2590 2226 2719 2280 Υίοῦ
2771 2224 2868 2277 τοῦ
2901 2224 3061 2285 Θεοῦ,
3100 2224 3193 2275 τὸν
3229 2223 3274 2275 δ’
3327 2223 3494 2289 ἄρτον
3551 2220 3649 2273 καὶ
3696 2215 3842 2273 οἶνον
3898 2219 4055 2273 ὕδατι

2468 2319 2911 2388 κεκερασμένον,
2945 2317 3026 2378 είς
3052 2315 3212 2384 σῶμα
3246 2314 3339 2368 καὶ
3384 2307 3525 2381 αἷμα
3573 2311 3935 2383 μεταϐάλλειν
3952 2314 4053 2364 Δε-

2468 2412 2751 2476 σποτικὺν,
2776 2411 2873 2464 καὶ
2915 2410 3044 2471 τοὺς
3090 2406 3561 2475 ἀναγεννηθέντας
3609 2406 3936 2476 ἀνθρώπους
3965 2402 4055 2457 διὰ

2471 2504 2854 2576 βαπτίσματος
2888 2501 3280 2572 προσαρμόσαι
3323 2499 3398 2561 ὡς
3432 2498 3569 2568 μέλη
3628 2501 3695 2568 τῇ
3733 2497 3949 2568 κεφαλῇ
3975 2494 4055 2566 τῷ

2465 2597 2712 2669 Χριστῷ.
2754 2596 2918 2650 Ὅθεν
2946 2593 3183 2661 ἐπείπερ
3208 2592 3386 2655 οὐδεὶς
3413 2591 3525 2645 τῶν
3554 2591 3657 2660 τῆς
3692 2591 3900 2658 σαρκὸς
3964 2587 4055 2643 δε-

2466 2691 2644 2759 σμίων
2684 2689 2767 2753 ,ὼς
2813 2686 3032 2757 ἀληθῶς
3079 2686 3233 2750 ἀξιος
3286 2684 3572 2754 οἰκονόμος
3626 2683 3738 2737 τῶν
3790 2682 4057 2736 τοιούτων

2465 2782 2767 2853 ὑπερφυῶν
2826 2777 3145 2851 μυστηρίων
3192 2778 3261 2832 ἂν
3312 2776 3605 2848 εὑρεθείηο
3658 2777 3753 2830 καὶ
3800 2777 3912 2844 γὰρ
3954 2777 4054 2829 καὶ

2464 2878 2579 2940 τοῖς
2632 2872 2889 2942 ἀγγέλοις
2940 2872 3128 2935 αὑτοῖς
3182 2870 3498 2940 ἐπιθυμητά
3554 2869 3625 2922 τὰ
3673 2868 3899 2922 τοιαῦτα
3952 2868 4052 2921 καὶ

2468 2967 2674 3038 φρικτὰ
2709 2966 3066 3034 καθεστήκει,
3096 2963 3199 3033 τῆς
3228 2962 3362 3031 γοῦν
3409 2962 3772 3032 ἐνδεχομένης
3809 2960 4053 3028 καθαρό-

2463 3076 2628 3129 τητος
2660 3059 2774 3119 τοῖς
2803 3054 3124 3124 ἀνθρώποις
3159 3054 3534 3122 καταφρονεῖν
3570 3069 3632 3105 τε
3673 3051 3773 3107 καὶ
3802 3050 4053 3105 ἀναϐάλ-

2466 3150 2682 3211 λεσθαι,
2708 3147 2805 3200 καὶ
2850 3146 2925 3217 μὴ
2958 3145 3213 3199 σπεύδειν
3239 3146 3339 3215 ὅση
3386 3143 3623 3214 δύναμις
3662 3143 3766 3212 τὴν
3804 3142 3898 3196 ἐπὶ
3946 3140 4055 3209 γῆς

785 3238 925 3293 illud
951 3238 1301 3296 Hebraeorum
1330 3245 1697 3299 sacerdotium
1752 3244 1924 3315 ﬁgura
1956 3255 2075 3300 erat
2102 3257 2158 3301 et
2187 3247 2364 3315 imago
2392 3272 2433 3331 ο

2392 3272 2433 3331 c
2471 3240 2565 3294 τοῦ
2593 3240 2846 3310 Σωτῆρος
2884 3238 3168 3299 πολιτείας
3196 3237 3512 3307 μιμεῖσθαι,
3556 3236 3758 3301 πολλῆς
3788 3237 4054 3331 ἀγνωμοῗ

783 3333 957 3387 nostri
994 3333 1161 3402 hujus
1205 3335 1455 3391 sublimis
1487 3347 1653 3411 atque
1682 3338 1960 3405 caelestis;
2009 3339 2366 3410 sanguinilms
2402 3326 2432 3331 θ

2402 3326 2432 3331 v
2469 3333 2636 3401 σύνης
2663 3330 2732 3385 ἂν
2758 3330 2844 3401 εἴη
2861 3329 2959 3384 καὶ⁸
2984 3329 3093 3382 τῶν
3120 3328 3285 3383 θείων
3306 3330 3801 3399 καταφρονήσεως,
3832 3328 3930 3379 καὶ
3960 3326 4052 3380 διὰ

785 3425 928 3478 enim
986 3435 1043 3480 et
1095 3428 1411 3482 animalium
1464 3440 1673 3485 tantum
1749 3431 2116 3487 occisionibus
2170 3432 2367 3487 licebat

785 3518 887 3581 illi,
920 3532 1024 3572 non
1070 3519 1286 3584 animae,
1336 3522 1429 3575 sed
1463 3525 1711 3593 corporis
1756 3527 1998 3581 maculas
2029 3538 2083 3581 et
2115 3529 2367 3596 inquina-

787 3620 963 3663 menta
993 3624 1242 3678 purgare.
1280 3610 1353 3667 Ut
1396 3615 1539 3669 enim
1573 3631 1681 3670 uno
1723 3619 1888 3672 verbo
1938 3618 2138 3686 dicam,
2183 3618 2364 3672 omnia

785 3715 908 3768 quae
937 3714 1032 3767 per
1061 3702 1195 3757 illud
1242 3703 1464 3770 ﬁebant,
1500 3705 1692 3761 umbra
1727 3717 1905 3775 erant,
1939 3718 2000 3764 ut
2045 3709 2264 3764 divinus
2291 3710 2367 3762 ait

784 3793 1081 3860 Apostolus
1119 3795 1189 3862 ⁵³,
1241 3794 1544 3851 futurorum
1595 3798 1885 3864 bonorum,
1947 3800 2149 3855 nostris
2203 3800 2365 3855 rebus

788 3893 941 3938 tanto
975 3884 1222 3951 inferior,
1254 3898 1515 3955 quantum
1567 3887 1725 3945 abest
1775 3906 1805 3943 a
1853 3892 1996 3946 caelo
2037 3899 2201 3946 terra.
2237 3890 2366 3945 Ideo

784 3989 884 4041 pro
941 3977 1114 4031 nostri
1173 3991 1472 4049 eorumque
1531 3981 1825 4037 sacerdotii
1860 3984 2200 4050 diversitate,
2238 3998 2364 4038 cum

786 4068 1102 4123 sacerdotes
1135 4068 1264 4123 item
1294 4070 1465 4124 nostri
1498 4078 1555 4124 et
1606 4072 1823 4127 illorum
1857 4087 1953 4141 pro
1975 4082 2089 4127 rata
2119 4075 2367 4142 portione

785 4159 1041 4215 diﬂ‘erant
1065 4160 1348 4232 (quantum
1370 4172 1518 4220 certe
1540 4164 1608 4219 ab
1626 4166 1835 4237 angelis
1852 4167 2103 4222 homines
2120 4168 2363 4233 absunt).

787 4262 968 4308 tamen
1000 4252 1189 4309 Nadab
1222 4255 1441 4324 quidam
1469 4264 1526 4311 et
1550 4258 1725 4312 Abiud
1758 4258 1876 4325 ﬁlii,
1900 4258 2158 4325 Aaronis,
2184 4275 2368 4316 sacer-

789 4343 1076 4413 dotesque,
1108 4359 1229 4401 cum
1253 4346 1524 4401 nefarium
1561 4348 1835 4418 quoddam
1868 4366 2007 4420 opus
2055 4360 2367 4422 perpetras-

788 4446 933 4502 sent,
965 4438 1089 4504 igne
1143 4437 1322 4492 alieno
1353 4438 1572 4496 adolere
1607 4442 1735 4495 thus
1800 4441 1909 4496 Deo
1964 4444 2227 4512 aggressi,
2251 4443 2369 4499 vio-

788 4527 912 4582 ialm
941 4529 1076 4605 legis
1104 4545 1293 4599 poenas
1323 4533 1530 4602 absque
1557 4547 1707 4587 mora
1743 4532 2049 4599 luerunt",
2083 4536 2150 4589 ab
2176 4537 2366 4592 eodem

2464 3426 2626 3479 τοῦτο
2651 3424 2933 3487 κολάσεως
2958 3422 3113 3486 ἀξιον
3134 3423 3440 3493 ἀφορήτου.
3475 3415 3546 3492 ᾯ
3574 3422 3683 3489 γὰρ
3704 3420 3863 3489 ἐδόθη
3887 3420 4053 3481 πολὺ,

2467 3518 2606 3572 πολὺ
2673 3518 2772 3570 καὶ
2814 3515 3284 3586 ἀπαιτηθήσεται.
3335 3514 3532 3569 Καίτοι
3560 3512 3734 3585 ήτῶν
3777 3510 4053 3579 Ἑϐραίων

2468 3610 2636 3665 πάλαι
2695 3608 2970 3680 ίιιρωσύνη
3026 3606 3197 3670 τύπος
3275 3606 3493 3678 ὑπῆρχε
3544 3606 3640 3661 καὶ
3675 3606 3912 3674 ίνδαλμα
3950 3604 4053 3673 τῆς

2466 3704 2590 3759 καθ’
2615 3706 2767 3775 ἡμᾶς
2797 3702 3007 3771 ταύτης
3028 3702 3241 3772 ὑψηλῆς
3262 3718 3323 3755 τε
3353 3702 3450 3756 καὶ
3480 3702 3775 3772 οὑρανίου’
3804 3701 3902 3756 καὶ
3938 3702 4053 3771 γάρ

2466 3799 2663 3867 αἵμασι
2719 3796 2816 3851 καὶ
2875 3796 3121 3864 σφαγαῖς
3184 3795 3349 3865 μόνον
3425 3795 3582 3859 ζώων
3658 3795 3875 3864 ἀλόγων
3919 3792 4053 3863 ἐξῆν

2464 3890 2639 3963 ταύτῃ
2668 3889 2956 3955 καθαίρειν
3001 3891 3062 3941 ού
3108 3887 3211 3957 τῆς
3237 3888 3442 3958 ψυχῆς,
3479 3888 3618 3941 ἀλλά
3650 3888 3746 3941 τοῦ
3792 3886 4055 3956 σώματος

2469 3984 2782 4056 μολυσμοὶις
2807 3984 2902 4037 καὶ
2941 3980 3188 4050 κηλῖδας.
3230 3982 3342 4034 Καὶ
3372 3980 3448 4043 ὡς
3479 3980 3611 4037 ἔπος
3646 3982 3841 4043 εἰπεῖν,
3866 3980 4055 4034 πάντα

2466 4076 2536 4130 τὰ
2557 4075 2859 4144 τελούμενα
2900 4073 2969 4126 δι’
2996 4073 3171 4141 αὑτῆς
3203 4073 3367 4126 σκιὰν
3415 4066 3555 4143 εἶχε,
3577 4071 3724 4127 κατὰ
3766 4071 3859 4125 τὸν
3905 4071 4055 4124 θεῖον

2480 4168 2829 4231 Ἀπόστολον,
2862 4168 2975 4220 τῶν
3019 4164 3325 4236 μελλόντων
3365 4164 3593 4233 ἀγαθῶν
3635 4163 3899 4217 τοσοῦτον
3940 4162 4056 4216 τῶν

2471 4257 2759 4328 ἡμετέρων
2790 4255 3104 4323 ινδέουσαν,
3138 4254 3341 4310 ὁπόσον
3371 4256 3440 4327 γῆ
3470 4255 3616 4326 πρὸς
3664 4256 3761 4309 τὸν
3792 4255 4052 4324 οὐρανόν.

2467 4351 2580 4407 Καὶ
2597 4350 2688 4406 διά
2698 4349 2869 4404 τοῦτο
2882 4348 3026 4421 πρὸς
3044 4349 3107 4404 τδ
3120 4349 3380 4419 διάφορον
3395 4350 3495 4418 τῆς
3516 4348 3677 4418 ήμῶν
3692 4365 3755 4403 τε
3775 4348 4057 4402 κάκείνων

2470 4443 2775 4514 ίερωσύνης
2812 4442 2922 4497 τῶν
2948 4442 3143 4513 ἱερέων
3169 4441 3328 4512 ήμῶν
3356 4457 3419 4494 τε
3455 4440 3527 4494 κά
3572 4442 3737 4493 είνων
3762 4439 4056 4507 ἀναλόγως

2468 4536 2841 4606 διαφερόντων
2882 4534 3054 4604 ῆγουν
3080 4534 3207 4586 ὅσον
3259 4531 3511 4600 ἀγγέλων
3556 4531 3857 4601 ἄνθρωποι,
3901 4531 4056 4599 ὅμως

787 4619 913 4687 igne
966 4620 1115 4675 illico
1150 4623 1456 4688 combusti;
1489 4624 1690 4693 quibus
1725 4639 1828 4680 nee
1866 4635 2022 4695 pater
2052 4627 2234 4682 Aaron
2265 4643 2363 4699 po-
2398 4620 2473 4683 D;

2398 4620 2443 4678 D
2471 4627 2660 4683 Ναδάϐ
2688 4644 2774 4691 τις
2800 4626 2896 4680 καὶ
2930 4625 3146 4680 Ἀδιοὺδ
3173 4626 3285 4678 υίοὶ
3327 4624 3543 4697 Ἀαρὼν
3565 4624 3719 4686 ὅντες
3739 4623 3836 4677 καὶ
3860 4624 4052 4693 ίερεῖς,

790 4712 893 4766 tnit
932 4713 1209 4780 opitulari.
1268 4713 1411 4780 Quid
1472 4730 1601 4771 vero
1657 4731 1795 4786 opus
1847 4727 1935 4773 est
1994 4717 2242 4788 pluribus
2283 4720 2366 4784 ⁵³,

788 4805 1007 4875 quando
1045 4816 1099 4862 et
1150 4807 1264 4877 ipse
1318 4809 1499 4864 Aaron
1537 4824 1567 4863 a
1625 4810 1735 4865 Deo
1790 4811 2016 4876 electus,
2050 4819 2106 4866 et
2158 4811 2367 4881 primus

790 4900 933 4966 apud
966 4899 1087 4954 illos
1124 4898 1390 4968 pontifex,
1416 4902 1558 4970 apud
1592 4900 1762 4957 Deum
1790 4917 1923 4962 vero
1948 4904 2223 4959 secundus
2247 4913 2369 4973 post

791 4990 1051 5060 Moysem,
1086 5006 1206 5046 eum
1240 4991 1431 5046 leviter
1468 4992 1632 5048 Deum
1665 4993 2013 5058 offendisset,
2040 4996 2365 5050 miserabili-

791 5093 873 5137 ter
934 5085 1039 5137 vita
1094 5084 1341 5153 privatus
1399 5096 1504 5149 est,
1558 5101 1661 5140 nee
1712 5086 1880 5141 fratre
1910 5087 2130 5154 quidem
2179 5086 2363 5158 Moyse

790 5173 938 5227 illum
989 5187 1021 5228 e
1071 5174 1337 5244 supplicio
1398 5177 1633 5233 liberare
1668 5178 1990 5233 valente“?
2041 5178 2179 5244 Quid
2233 5192 2364 5233 vero

789 5264 985 5319 deinde
1019 5264 1133 5320 lleli
1183 5269 1482 5324 sacerdos?
1516 5268 1667 5322 Licet
1709 5270 1797 5325 ille
1839 5270 2015 5326 bonus
2045 5274 2097 5325 in
2128 5285 2186 5326 se
2218 5281 2367 5327 esset

786 5363 842 5407 et
870 5355 1388 5424 irreprehensibilis,
1423 5368 1646 5429 propter
1674 5361 1845 5416 solam
1885 5377 2105 5417 suorum
2129 5362 2365 5418 ﬁliorum

788 5447 1129 5516 iniquitatem
1205 5449 1328 5505 diro
1417 5453 1608 5507 mortis
1674 5468 1873 5523 genere
1926 5454 2092 5509 vitam
2156 5455 2364 5521 ﬁnivit;

789 5547 951 5607 atque
985 5549 1137 5597 certe
1174 5542 1293 5597 illos
1321 5544 1502 5599 verbis
1553 5561 1697 5613 sape
1749 5547 2109 5617 corripuerat,
2144 5551 2363 5604 tametsi

789 5646 895 5685 non
950 5648 1137 5689 severe
1188 5646 1241 5690 et
1271 5636 1531 5706 graviter,
1572 5647 1629 5690 ut
1678 5646 2014 5707 oportuerat,
2045 5641 2361 5711 castigarat.

790 5720 846 5777 Si
908 5725 1068 5794 igitur
1120 5726 1502 5798 delinquentes
1548 5729 1622 5782 illi
1682 5731 1774 5799 qui
1836 5729 1936 5785 sub
1986 5732 2120 5802 legis
2172 5733 2362 5788 umbra

863 5909 907 5941 ⁸³
976 5907 1193 5966 Colosa.
1231 5928 1289 5974 ιι,
1330 5911 1411 5965 l7.
1518 5912 1559 5943 ⁸“·
1596 5912 1748 5969 chit
1799 5932 1851 5983 κ,
1887 5916 1901 5970 l
1932 5934 2085 5987 seqq.

2166 5915 2210 5949 ⁸⁵
2235 5914 2398 5972 Num.
2422 5932 2513 5985 xx,
2588 5918 2655 5974 Ἠ
2680 5934 2829 5990 seqq.

2466 4720 2710 4790 ἄθεσμόν
2731 4720 2787 4773 τί
2820 4736 2953 4774 ποτε
2987 4718 3432 4789 διαπεπρακότες
3466 4715 3763 4788 (ἀλλοτρίῳ
3787 4715 3898 4785 γὰρ
3916 4732 3991 4767 πυ
4001 4716 4059 4785 pl

2467 4812 2668 4882 θυμιᾷν
2692 4810 3015 4880 ἐπεχείρουν
3030 4810 3373 4879 παρανόμως
3393 4806 3539 4876 Θεῷ)
3552 4804 3877 4876 παραπόδας
3894 4805 4057 4868 δίκας

2467 4906 2572 4975 τῆς
2618 4904 2972 4976 παρανομίας
3030 4902 3479 4973 εἰσπράττονται,
3517 4901 3909 4973 παρανάλωμα
3954 4900 4053 4954 τοῦ

2468 4998 2641 5067 πυρὸς
2671 4997 2885 5051 ἐκείνου
2931 4994 3222 5065 γεγονότες
3271 4994 3491 5066 ἀθρόον,
3523 4996 3620 5049 καὶ
3662 4994 3775 5047 οὐδ’
3837 4993 4058 5065 Ἀαρὼν

2466 5091 2674 5161 ἤρκεσε
2704 5089 2843 5157 πρὸς
2900 5087 3182 5158 σωτηρίαν
3234 5087 3423 5150 αὐτοῖς
3474 5090 3504 5139 ό
3549 5086 3758 5160 πατήρ.
3805 5085 3973 5140 Ἀλλά
4004 5086 4059 5138 τί

2464 5182 2570 5254 χρὴ
2598 5184 2726 5254 περὶ¹
2751 5181 2960 5236 τούτων
2984 5181 3188 5249 λέγειν,
3214 5181 3351 5234 ὅπου
3376 5197 3440 5248 γε
3472 5180 3570 5234 καὶ
3602 5178 3819 5249 ’Λαρὼν
3866 5180 4059 5244 αὐτὸς.

2466 5274 2496 5327 ό
2531 5273 2814 5344 θεόκριτος
2855 5273 2952 5326 καὶ
2999 5273 3217 5341 πρῶτος
3239 5269 3371 5342 παρ’
3387 5270 3616 5333 ἐκείνοις
3646 5270 3978 5342 ἀρχιερεύς·
4027 5271 4060 5324 ό

2467 5366 2577 5435 γὰρ
2612 5364 2889 5427 Μωῦσέως
2926 5364 3077 5435 παρὰ
3120 5360 3242 5434 Θεῷ
3262 5361 3553 5430 δεύτεροςο
3590 5361 3793 5433 μικρόν
3827 5378 3882 5415 τι
3919 5379 4058 5433 προ-

2476 5456 2828 5530 σκεκρουκὼς
2851 5458 2932 5527 τῷ
2965 5455 3084 5528 Θεῷ
3112 5458 3211 5527 τῆς
3233 5456 3380 5524 ζωῆς
3415 5454 3667 5518 ἐλεεινῶς
3696 5456 4059 5528 ἀπορρήγνυ-

2473 5566 2588 5612 ται,
2640 5549 2779 5620 μηδὲ
2839 5549 3087 5612 Μωσέως
3148 5547 3249 5600 τοῦ
3302 5546 3538 5615 ἀδελφοῦ
3587 5546 3916 5614 δυνηθέντος
3974 5548 4059 5613 ἐξ·

2475 5642 2697 5695 ελέσθαι
2755 5641 2946 5695 τοῦτον
3012 5642 3111 5710 τῆς
3146 5640 3417 5709 τιμωρίας
3458 5658 3473 5703 ;
3511 5640 3576 5692 Τί
3612 5638 3669 5692 δὲ
3708 5639 3860 5692 Ἠλεὶ
3917 5640 4057 5703 μετὰ

2471 5736 2645 5788 ταύτα
2664 5735 2693 5787 ὁ
2728 5733 2945 5804 ίερεύς;
2978 5732 3156 5787 καίτοι
3196 5731 3319 5786 καθ’
3345 5732 3538 5787 ἑαυτὸν
3560 5732 3768 5799 ἀγαθὸς
3787 5733 4057 5807 ὑπάρχων

2912 5919 2955 5951 ⁸⁸
2992 5917 3011 5972 l
3050 5914 3180 5986 Reg.
3215 5932 3401 5984 χχχιιι,
3440 5916 3458 5970 l
3493 5928 3646 5985 seqq.
