4270 6488
226 425 327 489 341

1592 424 1959 486 EPISTOLA
1996 427 2112 487 III.

3401 426 3507 490 342

227 543 321 595 καὶ
345 542 665 612 ἄμεμπτος,
708 540 797 593 διὰ
840 540 937 610 τὴν
983 541 1091 593 τῶν
1126 539 1336 593 παίδων
1382 540 1544 610 μόνον
1585 559 1827 610 παρανο-
1858 549 1898 605 Α

1816 572 1827 581 -
1858 549 1898 605 Α
1931 552 2104 606 erant,
2133 555 2185 598 et
2214 543 2492 597 hominum
2521 542 2698 597 adhuc
2730 544 2959 612 spiritali
3020 552 3176 598 aelate
3216 543 3502 597 infantium

229 632 363 701 μίαν
397 632 563 700 δεινῷ
594 632 814 701 θανάτῳ
846 633 1220 702 καταστρέφει
1253 632 1343 685 τὸν
1377 632 1490 700 βίον
1516 649 1531 663 ·
1579 634 1818 701 καίτοιγε

227 721 500 782 πολλάκις
530 722 718 789 λόγοις
746 721 1032 789 ἐπιτιμίας
1058 721 1167 773 τῶν
1198 721 1403 773 παίδων
1442 721 1748 789 ἁπτόμενος
1775 724 1822 773 εί

227 813 325 862 καὶ
372 812 449 880 μὴ
481 812 733 881 σφοδρῶς
766 812 857 863 καὶ
898 813 973 874 ὡς
1012 812 1180 881 ἐχρῆν
1214 814 1584 881 ἐπιπλήττων.
1622 813 1683 863 Ei
1730 807 1823 864 οῦν

233 904 476 968 ἐκείνοις
503 908 571 975 τῇ
630 906 760 976 σκιᾷ
806 905 1305 977 παρακαθημένοις
1361 906 1455 959 τοῦ
1497 907 1688 976 νόμου,
1732 907 1825 957 καὶ

229 996 449 1062 νηπίων
478 996 577 1065 τὴν
605 997 993 1066 πνευματικὴν
1024 998 1245 1066 ἡλικίαν
1279 997 1622 1058 διδασκάλοις
1652 996 1827 1066 ὑπάρ-

230 1103 393 1153 χουσι
424 1089 523 1140 καὶ
550 1093 961 1159 μυσταείωγοῖς,
990 1091 1218 1143 τοιαῦτα
1252 1090 1465 1158 φοϐερᾶ
1496 1092 1591 1143 καὶ
1622 1090 1828 1142 ἀναπό-

230 1180 445 1247 δραστα
480 1182 869 1252 παρανομοῦσι
919 1184 988 1234 τὰ
1035 1184 1316 1251 ἐπιτίμια.
1372 1185 1534 1235 ὁποῖα
1574 1182 1638 1235 ἂν
1694 1178 1825 1244 εἷεν,

234 1272 539 1337 ἀγαπητοὶ,
565 1276 678 1333 τοῖς
715 1274 1125 1342 τελεσιουργοῖς
1160 1274 1267 1324 τῶν
1296 1274 1595 1342 ὑπερφυῶν
1625 1291 1831 1341 μυστη-

237 1362 395 1429 ρίων,
436 1366 532 1416 καὶ
569 1368 682 1428 τοῖς
731 1367 983 1433 ἀγγέλων
1046 1367 1515 1436 συλλειτουργοῖς,
1555 1370 1650 1418 καὶ
1690 1367 1827 1417 Θεοῦ

236 1457 551 1521 συνεργοῖς,
585 1459 679 1509 καὶ
709 1457 787 1526 τῷ
826 1458 925 1526 τῆς
957 1458 1237 1521 υἱοθεσίας
1284 1458 1558 1526 πνεύματι
1593 1458 1831 1520 τελείους

230 1545 332 1614 τὴν
394 1550 541 1599 κατὰ
576 1550 818 1618 Χριστὸν
879 1551 1098 1619 ἡλικίαν
1162 1551 1516 1605 ἀναδείκνυσι
1564 1552 1691 1613 τοὺς
1742 1550 1831 1603 ὑπ’

232 1635 420 1687 αὑτῶν
456 1638 851 1707 τελουμένους,
887 1643 960 1712 μὴ
994 1644 1054 1694 τὸ
1089 1644 1351 1713 θεουργὸν
1383 1642 1485 1710 τῆς
1529 1643 1831 1712 ἱερωσύνης

228 1726 447 1795 χρίσμα
488 1733 721 1800 τηροῦσι
769 1734 1011 1803 καθαρὸν
1059 1738 1152 1789 καὶ
1199 1735 1494 1804 ἀκίϐδηλον
1523 1736 1597 1798 ὡς
1654 1737 1785 1803 ὲνῆν
1816 1780 1829 1800 ,

230 1817 404 1871 ’Ὁσον
466 1824 574 1894 γὰρ
629 1827 691 1877 τὸ
749 1826 1015 1896 διάφορον
1071 1831 1191 1881 κατ’
1243 1830 1403 1894 ἀξίαν
1449 1829 1549 1897 τῆς
1601 1829 1832 1898 νομικῆς

1928 636 2174 705 magistri
2208 647 2260 689 et
2299 648 2685 703 prtcct-p‘ores,
2719 646 2827 689 tam
2861 636 3146 689 horrendis
3178 637 3505 689 inevitabili-

1926 730 2137 796 busque
2170 729 2342 796 pomis
2386 727 2590 780 multati
2628 739 2771 791 sunt,
2804 744 2925 796 qua:
2960 727 3198 789 tandem,
3225 745 3255 780 ο
3289 728 3499 791 dilecti,

1930 825 2152 869 manent
2193 816 2455 883 supplicia
2490 817 2988 881 supernaturalium
3035 827 3507 870 sacramentorum

1932 908 2235 972 ministros,
2263 910 2580 976 angelorum
2610 923 2930 971 conservos,
2965 907 3060 963 Dei
3097 918 3507 978 cooperatores,

1929 999 2131 1067 quique
2159 1014 2250 1052 eos
2279 1015 2416 1066 quos
2464 1000 2739 1064 mysteriis
2790 998 3031 1057 initiant.
3074 1014 3169 1066 per
3200 998 3509 1066 adoptionis

1931 1090 2179 1157 spiritum
2226 1088 2499 1157 perfectos
2536 1090 2837 1143 secundum
2891 1089 3093 1142 Christi
3140 1099 3350 1143 aetatem
3401 1089 3511 1143 elli—

1932 1183 2104 1241 ciunt,
2159 1183 2261 1235 nisi
2322 1182 2569 1234 deiiicam
2624 1183 2769 1235 illam
2822 1182 3114 1236 sacerdotii
3170 1183 3509 1245 unctionem,

1934 1285 2196 1343 quantum
2233 1275 2346 1328 fieri
2380 1283 2557 1343 potest
2592 1291 2779 1342 puram
2824 1284 2877 1329 et
2912 1275 3285 1342 incorruptam
3332 1289 3509 1327 serva-

1942 1368 2157 1420 \el‘llll?
2189 1366 2400 1432 Quanta
2431 1376 2516 1421 cst
2545 1368 2688 1420 enim
2723 1368 2906 1435 legalis
2929 1378 2981 1421 et
3012 1368 3305 1421 Christiani
3336 1382 3510 1421 sacer-

1936 1459 2065 1512 dotii
2102 1458 2432 1519 differentia.
2480 1469 2627 1513 tanta
2679 1460 2731 1512 in
2772 1469 2999 1525 utroque
3038 1460 3161 1511 vitm
3212 1457 3417 1525 puritas
3463 1465 3511 1510 et

1935 1549 2263 1603 excellentia
2303 1552 2653 1617 praportione
2690 1552 3026 1618 respondens
3070 1550 3335 1617 exigetur.
3386 1549 3513 1601 Ideo

1937 1651 1990 1696 et
2022 1642 2270 1696 Salvator
2304 1652 2485 1695 noster
2516 1642 2729 1697 dicebat
2764 1662 2775 1695 :
2820 1644 2935 1697 Nisi
2974 1642 3318 1695 abundaverit
3349 1641 3513 1709 justi-

1939 1738 2012 1789 tia
2066 1746 2233 1789 vestra
2279 1736 2559 1805 plusquam
2614 1735 2921 1790 Scribarum
2975 1748 3023 1789 et
3095 1734 3512 1801 Pltarisa'orum,

1940 1847 2041 1883 non
2068 1830 2335 1882 intrabitis
2365 1832 2419 1884 in
2467 1847 2683 1899 regnum
2706 1831 2950 1883 ccelorum
2986 1831 3051 1882 ⁸⁷.

228 1914 541 1986 ἱερωσύνης
569 1920 705 1988 πρὸς
731 1922 828 1991 τὴν
853 1925 995 1975 κατὰ
1015 1925 1275 1991 Χριστὸν,
1307 1926 1621 1994 τοσοῦτονή
1648 1926 1962 1995 καθαρότης
1992 1942 2049 1977 τε
2100 1927 2193 1977 καὶ
2229 1926 2488 1995 ἁκρίὸεια
2558 1926 2651 1979 τοῦ
2722 1926 2837 1993 βίον
2912 1928 2973 1977 ὲν
3020 1927 3303 1993 ἑκατέροις
3377 1924 3514 1977 ἅνα-

227 2008 407 2075 λὸγως
430 2011 899 2081 ἁπαιτηθήσεται.
926 2017 1018 2068 Διὸ
1040 2018 1135 2069 καὶ
1164 2020 1191 2065 β.
1218 2018 1409 2088 Σωτὴρ
1431 2019 1591 2088 ἡμῶν
1610 2020 1796 2085 ἔλεγεν
1814 2034 1825 2047 ·
1877 2016 2022 2070 Ἐὰν
2062 2018 2149 2085 μὴ
2226 2018 2613 2084 περισσεύσῃ
2687 2016 3048 2083 δικαιοσύνη
3104 2015 3271 2085 ὑμῶν
3326 2015 3515 2069 πλέον

225 2103 349 2155 ’τῶν
381 2107 798 2175 Γριιμματέων
819 2113 914 2165 καὶ
934 2116 1300 2181 Φαρισαίων,
1346 2117 1418 2168 οὐ
1436 2116 1522 2185 μὴ
1541 2115 1856 2180 εἰσέλθητε
1894 2116 1982 2180 εὶς
2004 2114 2120 2180 τὴν
2147 2115 2475 2179 βασιλείαν
2514 2111 2633 2166 τῶν
2662 2110 2959 2179 οὐρανῶν.

298 2194 373 2259 η’.
402 2198 505 2249 Διὰ
543 2200 704 2251 τοῦτο
741 2206 1098 2271 προσεκτέον,
1127 2206 1420 2273 ἀγαπητοὶ,
1447 2208 1542 2259 καὶ
1572 2206 1838 2276 τηρητέον
1872 2211 1914 2267 Β

226 2288 467 2342 ἕκαστον
500 2294 559 2345 τὸ
584 2294 782 2347 ἑαυτοῦ
810 2298 1026 2364 σκεῦος,
1055 2298 1128 2361 ὡς
1156 2302 1183 2351 ό
1211 2298 1352 2361 θεῖος
1386 2299 1597 2362 nam;
1634 2317 1829 2369 φησιν,

228 2384 287 2435 ὲν
322 2384 610 2455 ἁγιασμῷ,
646 2390 851 2458 μᾶλλον
884 2390 939 2442 δὲ
967 2390 1029 2443 τδ
1054 2392 1147 2443 τοῦ
1180 2390 1317 2445 Θεοῦ
1348 2393 1563 2457 σκεῦος.
1600 2393 1693 2462 Μὴ
1722 2393 1831 2464 γὰρ

228 2477 334 2527 οὐκ
377 2477 532 2529 ἔστιν
568 2481 599 2550 ἡ
641 2481 735 2533 τοῦ
773 2483 967 2552 ἱερέως
1009 2484 1133 2553 χεὶρ
1186 2484 1309 2538 θεία
1341 2484 1497 2548 λαϐἱς
1546 2487 1829 2556 ἁπτομένη

227 2567 325 2619 τοῦ
361 2570 713 2624 Δεσποτικοῦ
740 2573 1031 2642 σώματος;
1061 2576 1130 2627 Ἦ
1172 2575 1246 2645 μὴ
1281 2576 1341 2629 τὸ
1377 2577 1552 2645 στόμα
1584 2578 1676 2629 καὶ
1710 2576 1833 2630 ὂλον

230 2661 293 2717 τὸ
329 2662 491 2732 σῶμα
526 2664 789 2735 ποτῆριον
841 2666 988 2737 ἱερὸν
1037 2669 1331 2739 δεχόμενον
1374 2671 1435 2723 τὸ
1463 2670 1559 2723 τοῦ
1593 2671 1832 2740 Χριστοῦ

234 2755 402 2823 σῶμα
432 2759 525 2809 καὶ
553 2752 717 2827 αἷμα,
750 2760 931 2829 πολλῷ
960 2762 1286 2832 τιμιώτερον
1316 2763 1423 2817 τῶν
1452 2763 1675 2831 ἀψύχων
1707 2764 1833 2815 τού-

230 2862 347 2897 των
399 2847 639 2900 λαϐίδων
686 2853 781 2903 καὶ
817 2854 1131 2922 ποτηρίων;
1158 2854 1268 2923 ὅσῳ
1290 2856 1350 2907 τὸ
1371 2856 1503 2909 αὐτὸ
1521 2856 1611 2907 καὶ
1644 2855 1837 2917 σκεῦος

233 2939 329 2990 καὶ
366 2938 531 3005 μέλος
577 2942 640 2993 ἐκ
698 2944 901 3012 μέρους
933 2946 1028 2998 τοῦ
1061 2946 1468 3015 ὑποδεχομένου
1504 2948 1597 2999 καὶ
1633 2950 1837 2999 Δεσποο

230 3030 396 3083 τικοῦ
457 3032 714 3101 σώματος
750 3035 999 3103 γίνεται;
1039 3038 1177 3090 Εἰπέ
1225 3056 1319 3107 μοι
1358 3035 1454 3091 οῦν
1488 3038 1624 3110 πρὸς
1662 3040 1832 3091 ﬁco-3°

231 3122 302 3175 El
329 3141 415 3186 τις
442 3128 510 3177 τά
543 3126 666 3195 ἱερὰ
688 3127 860 3181 ταῦτα
891 3129 985 3182 καὶ
1016 3129 1148 3195 ἅγια
1174 3129 1369 3197 σκεύη,
1394 3130 1491 3199 τὴν
1518 3130 1669 3183 θείαν
1691 3130 1838 3198 λέγω

231 3212 432 3268 λαϐίδα
469 3218 566 3270 καὶ
595 3218 656 3271 τὸ
680 3220 945 3289 ποτήριον
972 3220 1225 3291 τολμηρᾷ
1257 3222 1453 3294 γνώμῃ
1487 3222 1717 3290 μολῦναι
1741 3224 1839 3275 καὶ

230 3305 446 3359 όπσοῦν
480 3309 892 3378 ἐπιχειρήσειεν
922 3310 1237 3381 ἁκάθαρτόν
1253 3330 1302 3364 τι
1323 3313 1417 3365 καὶ
1444 3312 1840 3382 μιαροναύτοῖς

230 3399 523 3467 ἐμϐαλὼν,
555 3402 659 3453 οὐκ
688 3402 757 3455 ἂν
795 3403 1053 3466 ἀσεϐείας
1082 3405 1179 3455 καὶ
1212 3405 1311 3470 τῆς
1334 3404 1573 3474 ἐσχάτης
1604 3422 1839 3472 παρανο-

234 3492 371 3561 μίας
396 3492 566 3545 αὑτὸν
601 3495 993 3565 ὲγραψάμεθα,
1030 3496 1126 3547 καὶ
1157 3496 1369 3562 μυρίων
1399 3497 1648 3549 θανάτων
1685 3497 1837 3566 ἐκρί-

234 3602 413 3653 ναμεν
488 3584 666 3649 ἄξιον,
701 3586 992 3654 τολμηρῶς
1052 3587 1148 3639 καὶ
1208 3586 1388 3647 ἀθέως
1445 3587 1513 3639 τά
1571 3585 1842 3655 ἱερώτατα

233 3676 704 3746 καθυϐρίσαντα;
750 3678 809 3731 '0
845 3679 903 3731 τὸ
935 3678 1218 3731 θειότατον
1258 3678 1366 3743 ἄρα
1402 3680 1505 3749 τὴς
1540 3678 1843 3749 ἱερωσύνης

236 3768 466 3832 σκεῦος,
524 3769 588 3822 τὸ
641 3770 722 3841 τῷ
774 3770 903 3840 θείῳ
966 3772 1391 3843 κεχρυσωμένον
1451 3772 1843 3841 Πνεῦματι,τὸ

234 3861 423 3926 πολλῷ
454 3862 567 3913 τῶν
598 3863 823 3931 ἀψύχων
843 3863 1011 3929 ἱερῶν
1049 3864 1126 3926 ὡς
1156 3865 1375 3934 εἴρηται
1404 3863 1728 3934 τιμιώτερον
1765 3864 1843 3927 ὼς

235 3954 331 4005 καὶ
372 3954 623 4023 Χριστοῦ
686 3958 872 4022 μέλος,
906 3958 1288 4024 καταμιαίνων
1321 3957 1617 4026 μολυσμοῖς
1649 3956 1841 4009 ἄλλοτε

236 4046 447 4111 ἄλλοις,
489 4048 666 4116 πόσης
702 4046 769 4100 ἂν
799 4048 886 4115 εἴη
917 4049 1199 4112 κολάσεως
1230 4048 1412 4113 ἄξιοςς
1459 4048 1568 4101 Καί
1601 4064 1684 4100 τοι
1718 4065 1781 4114 γε
1813 4050 1842 4099 ό

240 4138 387 4200 θεῖος
417 4139 731 4203 ἀπόστολος
761 4140 977 4203 Παῦλος
1001 4141 1062 4193 οὐ
1102 4140 1264 4209 μόνον
1306 4140 1439 4211 περὶ
1468 4139 1577 4191 τῶν
1623 4139 1837 4208 ἱερέων,

238 4232 378 4284 ἀλλὰ
408 4234 541 4299 περὶ
569 4232 795 4286 πάντων
825 4232 1016 4296 ἁπλῶς
1051 4233 1269 4286 πιστῶν
1312 4232 1551 4286 τοιαῦτα
1588 4232 1841 4302 φοϐερῶς

241 4325 501 4375 ἀπειλεῖ·
552 4325 678 4377 Οὐκ
733 4323 940 4378 οιδατε
972 4326 1105 4393 γὰρ,
1153 4324 1345 4393 φησὶν,
1404 4323 1495 4376 ὅτι
1544 4324 1689 4387 ναὸς
1734 4322 1841 4376 τοῦ

244 4414 394 4469 Θεοῦ
446 4416 622 4480 ἐστε,
681 4417 784 4468 καί
826 4416 893 4468 τὸ
929 4418 1175 4485 Πνεῦμα
1221 4414 1327 4468 τοῦ
1377 4413 1527 4468 Θεοῦ
1573 4412 1731 4466 οἰκεῖ
1774 4414 1844 4465 ἐν

242 4506 429 4573 ὐμῖν;
472 4507 547 4561 El
579 4524 672 4573 τις
694 4507 805 4561 τὸν
831 4507 984 4564 ναὸν
1017 4507 1127 4563 τοῦ
1163 4508 1313 4562 Θεοῦ
1345 4508 1595 4576 φθείρει,
1642 4506 1851 4574 φθερεῖ

240 4603 467 4655 τοῦτον
502 4603 536 4655 ὀ
563 4603 732 4666 Θεός.

312 4694 368 4745 θ.
386 4694 493 4745 Διά
507 4692 669 4745 τοῦτο
681 4693 783 4755 τὰς
801 4692 902 4760 μὲν
919 4693 1203 4764 ἱερατικὰς
1222 4696 1431 4763 χεῖρας,
1453 4694 1604 4756 θείας
1623 4693 1843 4755 λαϐίδας

245 4785 433 4849 οὔσας,
453 4786 535 4846 ὼς
558 4784 801 4853 εῐρηται,
826 4785 930 4854 χρὴ
950 4785 1278 4855 καθαρεύειν
1300 4786 1481 4855 πάσης
1501 4786 1600 4853 μὲν
1612 4784 1840 4853 κλοπῆς,

2020 2206 2072 2259 8.
2092 2206 2435 2275 Quapropter
2462 2216 2514 2257 et
2548 2207 2945 2267 incumbamus,
2978 2220 3009 2255 ο
3040 2205 3242 2268 dilecti,
3277 2216 3329 2259 et
3360 2222 3515 2261 suum

1932 2301 2162 2370 quisque
2189 2314 2305 2362 vas,
2337 2308 2393 2351 ut
2421 2299 2496 2351 ait
2528 2298 2722 2353 beatus
2755 2296 2975 2362 Paulus,
3003 2298 3053 2351 in
3088 2299 3517 2354 sanctificatione

1933 2394 2150 2451 studeat
2186 2407 2531 2456 conservare,
2563 2392 2671 2445 imo
2707 2394 2883 2461 potius
2923 2391 3012 2444 Dei
3052 2407 3146 2446 vas
3176 2392 3243 2444 ⁸⁸.
3281 2393 3361 2445 Αιι
3390 2408 3517 2446 vero

1934 2487 2236 2545 sacerdotis
2262 2501 2456 2541 manus
2484 2501 2587 2538 non
2616 2496 2870 2540 estsarer
2903 2485 3120 2553 quidam
3166 2485 3378 2554 forceps
3410 2485 3517 2540 Do-

1934 2582 2193 2636 minicum
2214 2595 2412 2648 corpus
2431 2579 2782 2648 pertingens?
2808 2578 2994 2632 Nonne
3024 2595 3085 2633 os
3123 2589 3178 2634 et
3204 2588 3376 2633 totum
3402 2594 3517 2634 cor-

1936 2689 2040 2744 pus
2067 2684 2148 2729 est
2169 2674 2389 2742 quidam
2415 2687 2568 2727 sacer
2590 2672 2753 2736 calix,
2782 2672 3069 2726 continens
3096 2670 3294 2727 Christi
3322 2687 3519 2741 corpus

1935 2774 1990 2818 et
2012 2765 2353 2834 sanguinem,
2384 2764 2556 2817 multo
2581 2762 2953 2817 honorabilius
2976 2762 3107 2830 ipsis
3132 2763 3383 2817 inanimis
3408 2762 3519 2816 for-

1937 2857 2151 2925 cipibus
2184 2865 2238 2909 et
2273 2855 2506 2925 poculis,
2537 2870 2656 2907 cum
2700 2854 2839 2907 idem
2879 2860 2933 2908 et
2961 2869 3080 2919 vas,
3117 2863 3173 2909 et
3216 2854 3516 2907 membrum

1939 2949 2116 3017 aliqua
2147 2964 2213 3002 ex
2244 2960 2394 3017 parte
2422 2948 2657 3015 suscepti
2700 2947 2964 3000 Dominici
2995 2947 3239 3015 corporis
3268 2946 3396 3000 ﬁat?
3428 2944 3521 3002 Dic

1939 3055 2069 3111 ergo
2100 3040 2228 3093 mihi
2268 3055 2360 3108 per
2382 3038 2548 3093 Deum
2572 3080 2585 3102 ,
2616 3038 2659 3092 sl
2691 3038 2813 3106 quis
2843 3048 3193 3091 sacrosancta
3227 3038 3341 3093 htec
3366 3052 3517 3099 vasa,

1940 3133 2204 3196 divinum,
2236 3133 2483 3201 inquam,
2519 3130 2781 3199 forcipem
2818 3129 2933 3199 (ιε)
2999 3139 3052 3185 et
3081 3130 3305 3184 calicem
3330 3130 3519 3185 audaci

1942 3228 2124 3279 animo
2178 3224 2607 3293 coinquinasset,
2654 3231 2707 3277 et
2760 3222 3029 3289 impuram
3066 3237 3178 3275 rem
3205 3224 3521 3289 quampiam

1943 3326 2108 3385 atque
2162 3316 2493 3367 immundam
2531 3328 2696 3376 apsus
2732 3311 2927 3366 fuisset
2972 3312 3025 3365 in
3067 3311 3153 3365 illa
3209 3311 3517 3376 infundere,

1942 3422 2120 3460 nonne
2154 3405 2297 3459 hunc
2326 3405 2620 3471 impietatis
2659 3404 2997 3472 extremique
3039 3402 3261 3458 sceleris
3295 3416 3521 3455 accusa-

1947 3514 2163 3563 remus,
2214 3498 2548 3567 dignumque
2578 3496 2970 3566 judicaremus,
3003 3497 3091 3565 qui
3134 3495 3278 3549 mille
3326 3494 3521 3548 morti-

1946 3593 2048 3646 bus
2080 3591 2251 3645 lueret
2301 3605 2489 3659 pmnas
2514 3590 2657 3658 quod
2690 3589 2990 3643 insolenter
3021 3599 3073 3643 et
3115 3589 3282 3658 impie
3321 3602 3407 3641 res
3433 3600 3521 3639 sa-

1947 3682 2282 3737 cratissimas
2315 3680 2607 3736 violasset?
2658 3681 2759 3746 Qui
2797 3696 2926 3750 ergo
2979 3681 3389 3735 sanctissimum
3435 3693 3520 3733 sa-

1946 3773 2171 3829 cerdotii
2214 3787 2326 3837 vas,
2370 3772 2511 3840 quod
2544 3780 2627 3826 est
2686 3784 2878 3825 saneto
2913 3772 3120 3839 Spiritu
3175 3772 3520 3829 deauratum,

1946 3865 2201 3933 quodque
2246 3864 2415 3916 multo
2446 3871 2529 3917 est
2562 3862 2958 3925 honorabilius,
2993 3861 3071 3915 uti
3120 3861 3378 3923 diximus,
3406 3863 3522 3913 ina-

1946 3956 2110 4010 nimis
2151 3954 2344 4017 sacris,
2376 3955 2577 4023 quippe
2616 3954 2759 4023 quod
2811 3964 2896 4007 est
2953 3952 3156 4007 Christi
3195 3953 3521 4013 membrum,

1945 4048 2109 4102 variis
2149 4048 2372 4101 maculis
2413 4047 2775 4100 diversimode
2809 4046 3080 4114 inquinat,
3112 4060 3219 4113 quo
3256 4045 3524 4113 supplicio

1945 4139 2139 4208 dignus
2183 4137 2323 4190 erit?
2367 4137 2533 4205 Atqui
2579 4147 2730 4189 certe
2780 4137 2968 4189 beatus
3003 4135 3279 4203 apostolus
3326 4133 3523 4186 Paulus

1945 4245 2053 4283 non
2082 4229 2255 4283 solum
2288 4230 2685 4293 sacertlmibus,
2723 4229 2814 4281 sed
2848 4228 2901 4280 in
2934 4227 3241 4280 universum
3271 4227 3525 4278 omnibus

1946 4321 2221 4385 fidelibus,
2256 4322 2368 4374 haec
2415 4322 2602 4374 eadem
2636 4319 3056 4373 formidabiliter
3093 4320 3521 4373 iuterminatur:

1950 4412 2179 4466 Nescitis
2212 4414 2373 4473 enim,
2408 4412 2506 4475 ait,
2535 4412 2673 4479 quod
2718 4411 2814 4464 Dei
2856 4411 3106 4477 templum
3154 4412 3302 4473 estis,
3331 4421 3376 4461 et
3408 4409 3527 4476 Spi-

1947 4506 2081 4558 ritus
2119 4503 2214 4557 Dei
2243 4504 2446 4557 habitat
2474 4503 2529 4555 in
2562 4503 2739 4555 vobis?
2766 4501 2827 4556 Si
2852 4504 2970 4571 quis
3002 4503 3253 4569 templum
3276 4500 3372 4553 Dei
3402 4517 3524 4554 cor-

1948 4599 2159 4662 rumpit,
2187 4602 2477 4664 corrumpet
2503 4596 2638 4647 Iumc
2662 4594 2799 4647 Deus
2825 4595 2890 4647 ⁸³.

2020 4690 2075 4744 9.
2121 4686 2246 4741 Ideo
2296 4688 2661 4741 sacerdotales
2706 4702 2917 4750 manus,
2950 4699 3068 4750 quae
3113 4686 3253 4738 sacri
3293 4684 3527 4751 forcipes

1949 4775 2101 4842 sunt,
2136 4790 2192 4832 ut
2224 4780 2427 4832 dictum
2462 4789 2565 4843 est,
2600 4786 2815 4846 oportet
2870 4792 3032 4843 puras
3087 4791 3207 4829 esse
3259 4778 3326 4828 ab
3377 4777 3523 4827 omni

249 4880 427 4949 πάσης
460 4878 507 4931 δ’
543 4878 808 4948 ἁρπαγῆς
850 4878 946 4930 καὶ
994 4877 1315 4943 πλεονεξίας
1342 4892 1355 4905 ⁸
1399 4877 1534 4947 μηδὲ
1585 4878 1664 4946 τῷ
1690 4876 1844 4945 θυμῷ
1877 4890 1922 4948 ι)

1840 4900 1844 4921 .
1877 4890 1922 4948 ι)
1951 4872 2115 4935 furto,
2148 4871 2215 4925 ab
2254 4872 2400 4923 omni
2454 4870 2640 4938 rapina
2708 4870 3061 4936 improhaque
3109 4868 3399 4932 cupiditate
3431 4866 3526 4918 bo-

253 4973 277 5039 ἦ
308 4974 374 5042 τῇ
408 4970 700 5040 ἐπιθυμίᾳ.
750 4969 1295 5039 ἑξυπηρετουμένας,
1349 4968 1538 5030 κακῶς
1576 4968 1845 5021 ἅπτεσθαι

347 5180 366 5211 ⁷
396 5178 600 5233 Matth.
636 5194 689 5240 ν,
736 5175 830 5231 ‘20.
908 5174 999 5228 “l
1035 5173 1235 5229 Thess.
1266 5191 1339 5237 ιν,
1366 5175 1419 5229 4.

340 5389 430 5459 42)
468 5385 805 5459 Forcipem,
831 5383 1068 5459 Utuntur
1109 5384 1281 5459 Graeci
1328 5383 1688 5459 instrumento
1715 5394 1849 5459 quo-

254 5462 367 5513 dam
396 5451 513 5515 tum
540 5460 608 5510 ad
631 5451 1002 5511 extrahenda:
1027 5470 1056 5507 e
1073 5456 1241 5507 calice
1272 5453 1517 5519 corporis
1534 5451 1848 5517 particulas,

260 5543 362 5583 tum
392 5531 463 5585 ad
498 5526 1027 5581 subministrandam
1049 5524 1452 5579 Eucharistiam
1488 5520 1706 5589 p0pulo,
1743 5523 1847 5573 sub

256 5610 479 5665 utraque
498 5597 690 5666 specie
721 5595 1177 5659 communicanti;
1215 5594 1360 5647 illius
1384 5592 1552 5666 forma
1577 5598 1659 5643 est
1691 5592 1754 5641 ad
1779 5591 1845 5642 li-

260 5661 849 5735 gula-similitudinem,
883 5666 954 5719 ita
980 5675 1038 5719 ut
1060 5666 1345 5719 intinclum
1365 5661 1846 5735 sanguinecorpus

262 5729 438 5807 {apere
460 5748 521 5793 et
556 5737 797 5807 retinere
823 5737 1011 5807 possit,
1033 5732 1435 5807 vocantqucilli
1464 5729 1605 5786 nunc
1631 5729 1841 5807 λαϐίδα,

261 5801 375 5863 utet
394 5816 609 5864 noster.
642 5805 775 5872 Quae
798 5801 1015 5873 quidem
1041 5820 1141 5859 vox
1163 5801 1295 5857 nova
1314 5804 1542 5864 videtur,
1570 5816 1675 5854 non
1699 5801 1841 5853 enim

266 5879 309 5932 tu
325 5880 563 5951 antiquis
578 5876 837 5932 Patribus
857 5891 974 5933 eam
989 5876 1215 5945 reperiri
1233 5873 1577 5930 crediderim.
1604 5873 1838 5939 Chryso-

1956 4980 2146 5017 norum
2176 4963 2499 5027 alienorum,
2536 4977 2711 5031 neque
2754 4962 3114 5015 inservientes
3148 4961 3264 5025 irm,
3301 4966 3392 5011 aut
3434 4958 3527 5012 de-

1505 5171 1551 5203 ”
1577 5172 1595 5224 Ι
1619 5169 1748 5225 Cor.
1776 5185 1853 5234 Ill,
1888 5168 1973 5223 16.

1946 5389 2154 5433 stamus
2188 5379 2385 5449 λογχὴν
2419 5380 2713 5433 lanceolam
2744 5395 2940 5434 vocare
2986 5379 3223 5441 videtur,
3272 5376 3525 5449 simodo

1950 5452 2017 5503 de
2056 5452 2165 5519 hoc
2184 5446 2460 5516 intelligit,
2488 5460 2541 5502 et
2570 5465 2673 5503 non
2701 5451 2767 5504 de
2794 5451 2903 5510 illa,
2924 5465 3029 5519 qua
3056 5459 3180 5503 ante
3200 5446 3525 5503 sacrificium

1954 5522 2111 5588 panis
2146 5517 2504 5573 fermentatus
2539 5522 2587 5573 in
2620 5521 2917 5586 particulas
2944 5517 3147 5587 postea
3198 5530 3526 5588 consecran-

1944 5585 2040 5644 dus
2076 5591 2359 5654 Scinditur,
2407 5605 2526 5657 qua:
2567 5585 2707 5643 nunc
2754 5585 2981 5643 formam
3013 5591 3172 5643 habet
3197 5585 3398 5657 ;cultri,
3438 5586 3527 5638 fit-

1948 5676 2053 5729 que
2108 5662 2208 5714 hnc
2240 5660 2290 5713 in
2318 5656 2536 5728 parVula
2567 5660 2797 5729 quadam
2834 5676 3040 5723 mensa,
3078 5674 3241 5727 quam
3277 5656 3375 5729 ipsi
3406 5670 3527 5729 pro-

1946 5725 2121 5785 tln-sin
2173 5725 2384 5784 vocant.
2461 5725 2630 5782 Verba
2694 5725 3108 5797 Chrysostomi,_
3136 5730 3188 5782 in
3265 5725 3529 5797 principio

1942 5800 2197 5868 Liturgia:
2218 5809 2364 5862 sunt,
2390 5798 2457 5851 Et
2482 5800 2718 5871 incidens
2750 5794 2988 5853 lniweola
3014 5794 3344 5871 signaculum
3367 5794 3524 5863 panis

1960 5874 2011 5929 in
2030 5882 2257 5936 quatuor
2274 5880 2448 5936 partes
2475 5873 2527 5925 in
2548 5870 2769 5933 liquram
2795 5872 2986 5925 crucis.
3040 5922 3049 5938 ,
