4270 6488
251 444 361 507 349

1662 459 2029 520 EPISTULA
2073 465 2187 525 Ili.

3414 476 3517 546 350

251 557 345 607 καὶ
389 557 683 625 μαντειῶν,
716 553 796 623 οἷς
828 560 949 614 οὐδὲ
986 566 1110 625 τοὺς
1173 569 1466 634 λογισμοὺς
1508 567 1643 631 ὅλως
1707 573 1831 622 ἐπι»
1863 572 1906 628 Α

1827 572 2228 644 Ἀηἰειρθειιυε
2286 580 2681 635 incantationes
2775 596 2836 636 ac
2910 582 3308 653 divinationes,
3384 606 3513 656 quas

253 644 483 699 ϐάλλειν
511 652 784 720 προσήκει
834 653 930 705 καὶ
974 653 1072 720 τὴν
1106 656 1337 725 καρδίαν
1367 660 1433 725 τῇ
1498 660 1686 729 μνήμῃ
1735 678 1834 713 κα-

251 738 683 805 ταρρυπαίνειν·
732 743 1069 807 Ὀβλέπων
1130 748 1259 818 γὰρ,
1325 750 1508 816 φησὶν,
1576 752 1836 817 γυναῖκα

252 832 408 897 πρὸς
439 834 511 885 τό
544 834 919 903 ἐπιθυμῆσαι
941 838 1158 905 αὐτὴν,
1186 840 1303 906 ἤδη
1339 841 1701 910 ἐμοίχευσεν
1729 846 1837 897 αὺ-

253 917 369 984 τὴν
404 928 476 971 ἐν
498 918 571 986 τῇ
597 923 813 990 καρδίᾳ
842 928 1057 982 αὑτοῦ.
1108 929 1250 998 Πρὸς
1277 930 1506 984 θάνατον
1526 932 1582 984 δὲ
1642 935 1835 1004 ἁμαρ-

253 1008 368 1060 τίαι
392 1010 611 1078 εἴρηται
640 1012 708 1063 τὰ
738 1014 985 1080 τοιαῦτα,
1024 1018 1105 1069 ὅτι
1131 1019 1225 1070 τὸν
1257 1018 1459 1073 ἁλόντα
1484 1024 1715 1091 τοιούτῳ
1732 1026 1837 1076 τινὶ

254 1099 424 1151 πάθει
454 1103 545 1153 καὶ
580 1104 1021 1175 πλημμελήματι
1074 1110 1226 1178 ἱερέα
1276 1111 1539 1165 ἀδύνατόν
1594 1118 1712 1167 ἔστι
1742 1118 1838 1185 τὴν

256 1190 570 1260 ἱερωσύνην
598 1194 770 1259 ἀξίως
796 1198 1125 1267 κεκτῆσθαί,
1157 1200 1261 1253 κᾶν
1322 1204 1552 1273 νεκροὺς
1602 1205 1839 1275 ἀναστή-

258 1298 393 1335 σειεΓ
450 1285 562 1339 Καὶ
598 1288 775 1341 ταῦτα
807 1290 909 1359 μὲν
937 1295 1051 1354 τοῖς
1089 1293 1329 1361 ἱερεῦσιν
1361 1296 1549 1358 ἁπλῶς
1586 1298 1721 1351 πᾶσι
1745 1298 1840 1351 καὶ

253 1376 371 1435 τοῖς
411 1375 623 1438 λοιποῖς
656 1379 844 1443 ἄλλοις
874 1384 989 1443 τοῖς
1015 1384 1108 1436 τοῦ
1163 1386 1311 1441 θείου
1363 1387 1694 1458 ἠξιωμένοις
1747 1390 1841 1459 βή-

259 1483 455 1532 ματος.
504 1468 663 1521 Ἐπεὶ
694 1473 788 1524 καὶ
840 1475 1052 1535 τούτοις
1092 1478 1302 1537 σκοπὸς
1327 1481 1463 1547 πρὸς
1496 1482 1588 1533 τὸν
1635 1481 1840 1535 τέλειον

259 1555 475 1624 βαθμὸν
504 1559 603 1625 τῆς
637 1560 945 1631 ἱερωσύνης
991 1566 1347 1635 ἀναδραμεῖν.
1376 1570 1485 1621 Καὶ
1545 1571 1633 1624 διὰ
1680 1570 1841 1626 τοῦτο

249 1648 358 1718 χρὴ
407 1651 520 1711 τοῖς
553 1652 869 1721 εἰρημένοις
932 1656 1121 1725 ἱδρῶσι
1165 1660 1258 1713 καὶ
1318 1661 1504 1722 πόνοις
1556 1663 1842 1733 παραπλη-

256 1734 391 1795 σίως
444 1738 560 1797 τοῖς
606 1739 1009 1810 πρεσϐυτέροις
1060 1746 1443 1817 ἐγκαρτερεῖν,
1501 1750 1596 1803 καὶ
1630 1752 1840 1815 τούτοις

249 1825 488 1888 εὐτόνως
538 1832 1036 1897 συναγωνίζεσθαι·
1088 1842 1155 1891 Οἱ
1238 1840 1351 1909 γὰρ
1409 1843 1634 1910 καλῶς,
1682 1846 1836 1913 φησὶ,

1936 669 2151 734 quidem
2182 684 2280 723 nec
2313 671 2643 739 cogitatione
2665 674 2946 742 complecti
2981 676 3156 739 decet,
3192 687 3285 731 aut
3328 694 3514 733 earum

1937 760 2194 813 memoria
2212 775 2306 813 cor
2324 764 2611 829 coinquina
2622 779 2698 828 re,
2715 766 2915 819 dictum
2941 777 3024 821 est
3044 769 3190 822 enim
3212 788 3224 821 :
3248 770 3352 834 Qui
3375 774 3513 826 ride-

1937 846 2005 897 rit
2038 846 2304 900 mulierem
2327 848 2396 901 ad
2418 852 2892 916 concupiscendum
2926 871 3062 918 eam,
3081 856 3199 923 jam
3225 860 3511 911 mare/tatus

1935 946 2011 988 est
2055 954 2169 990 eam
2203 938 2256 990 in
2287 940 2443 992 corde
2488 957 2584 994 suo
2628 943 2694 996 ".
2736 942 2800 996 Et
2858 947 2971 1000 hac
3017 949 3235 1015 quidem
3285 962 3505 1017 peccata

1939 1027 2214 1081 mortifera
2280 1031 2486 1095 dicunt,
2539 1047 2605 1086 eo
2652 1034 2799 1102 quod
2853 1040 3193 1093 sacerdotem
3265 1043 3509 1110 ejusmo-

1938 1121 1988 1171 di
2027 1121 2210 1190 aliquo
2259 1124 2447 1176 moﬂio
2477 1125 2746 1179 deliclove
2788 1138 3128 1197 corruptum,
3179 1132 3514 1200 impossibile

1939 1212 2009 1263 sit
2057 1213 2420 1265 sacerdotium
2476 1214 2636 1280 digne
2668 1218 2966 1283 possidere,
3024 1221 3241 1272 etiamsi
3274 1234 3514 1275 mortuos

1937 1304 2243 1358 suscitaret.
2269 1303 2393 1357 llaec
2411 1320 2537 1357 vero
2568 1307 2819 1360 omnibus
2842 1310 3243 1375 sacerdotibus,
3272 1327 3515 1366 commn—

1940 1392 2081 1443 niter
2119 1392 2257 1444 dicta
2290 1392 2425 1455 sint,
2486 1395 2809 1460 caeterisquc
2851 1396 2992 1460 aliis,
3026 1398 3116 1466 qui
3151 1400 3290 1452 sacri
3323 1400 3512 1455 altaris

1939 1484 2161 1551 gradum
2189 1485 2461 1537 consecuti
2497 1486 2791 1540 sunt.Nam
2824 1497 2880 1540 et
2926 1488 3043 1543 istis
3094 1504 3288 1555 scapus
3327 1499 3410 1543 est
3444 1493 3509 1543 ad

1940 1576 2240 1643 perfectum
2267 1579 2558 1630 sacerdotii
2584 1580 2811 1646 gradum
2840 1584 3140 1646 pervenire.
3165 1582 3227 1633 Et
3254 1585 3370 1636 ideo
3396 1583 3516 1636 illos

1940 1672 2152 1728 oportet
2188 1663 2473 1716 sudoribus
2520 1675 2680 1731 atque
2705 1666 2983 1721 laboribus
3012 1682 3163 1735 atque
3194 1683 3255 1720 ac
3279 1670 3510 1738 presby-

1943 1765 2087 1808 teros
2138 1769 2258 1809 sese
2293 1756 2441 1817 dare,
2469 1766 2521 1808 et
2556 1772 2658 1809 una
2684 1773 2804 1809 cum
2844 1759 2981 1826 ipsis
3016 1769 3238 1813 strenue
3260 1771 3469 1813 certare
3498 1778 3513 1812 :

1943 1847 2046 1911 Qui
2072 1848 2211 1899 enim
2242 1847 2364 1899 bene
2408 1848 2828 1901 ministraverint
2884 1849 3019 1916 (49),
3060 1851 3255 1916 inquit,
3292 1852 3516 1918 gradum

259 1914 768 1988 διακονήσαντες,
819 1925 1065 1991 βαθμὸν
1121 1931 1363 1999 ἑαυτοῖς
1421 1938 1613 1990 καλὸν
1682 1952 1840 2005 περι·
1874 1916 1945 1983 Bt

1826 1969 1840 1979 -
1874 1916 1911 1968 Β
1942 1934 2133 1987 bonum
2176 1936 2275 1988 sibi
2326 1938 2616 2003 nequirent,
2650 1948 2697 1987 et
2749 1914 2987 1989 multum'
3018 1914 3358 2003 ﬁduciamvin
3390 1939 3512 2005 ﬁde,

254 2010 593 2075 ποιοῦνται,
630 2014 729 2066 καὶ
765 2019 1013 2085 πολλὴν
1039 2024 1389 2091 παρῤησΙαν
1418 2028 1487 2080 ἐν
1511 2028 1709 2082 πίστει
1763 2028 1838 2095 τῇ

250 2100 324 2152 ἐν
350 2103 591 2169 Χριστῷ
628 2105 859 2173 Ἰησοῦ.
889 2112 953 2163 Οἱ
981 2112 1036 2165 δὲ
1074 2114 1372 2186 λογισμοὺς
1399 2118 1710 2188 ἀνθρώπων
1744 2122 1837 2173 καὶ

254 2190 449 2260 ψυχῶν
481 2196 899 2267 ἀρρωστήματα
928 2204 1066 2268 πρὸς
1091 2205 1168 2274 τῷ
1199 2206 1298 2275 τῆς
1356 2210 1653 2278 ἱερωσύνης
1686 2216 1839 2283 χαρί-

249 2300 419 2353 σματι
456 2286 791 2357 θεραπεύειν
839 2292 1102 2364 λαχόντες
1159 2298 1312 2353 λύειν
1352 2319 1410 2354 τε
1465 2303 1560 2355 καὶ
1616 2303 1838 2374 δεσμεῖν

249 2375 533 2443 ἁμαρτίας
566 2379 826 2443 ἐξουσίαν
854 2385 1139 2455 εἰληφότες
1174 2392 1325 2460 παρὰ
1348 2394 1609 2463 Χριστοῦ,
1644 2396 1836 2451 ἔτικαὶ

252 2466 507 2532 πλείονος
541 2471 905 2543 δεηθήσονται
954 2479 1052 2547 τῆς
1113 2485 1376 2551 σπουδῆς,
1418 2489 1513 2541 καὶ
1554 2489 1660 2539 τῶν
1713 2488 1835 2541 κατ’

249 2558 457 2629 ἀρετὴν
515 2562 760 2632 ἱδρώτων
811 2570 907 2621 καὶ
968 2572 1168 2635 πόνων,
1246 2575 1356 2645 ὅσῳ
1430 2580 1527 2630 καὶ
1588 2578 1836 2648 μείζονος

250 2647 518 2717 ἠξίωνται
547 2655 760 2725 δωρεᾶς
814 2677 873 2713 τε
905 2667 999 2715 καὶ
1029 2665 1207 2733 δόξης.
1242 2666 1351 2722 Καὶ
1392 2669 1480 2723 διὰ
1514 2647 1675 2725 τοῦτο
1705 2674 1835 2725 πολ-

251 2744 351 2814 λὴν
395 2746 501 2815 μὲν
538 2748 791 2815 ἐξέτασιν
836 2756 932 2808 καὶ
985 2760 1219 2830 μελέτην
1264 2764 1543 2831 ὀφείλουσι
1571 2767 1835 2836 διηνεκῶς

248 2839 527 2892 ποιεῖσθαι
558 2842 669 2894 τῶν
723 2845 886 2913 ίερῶν
933 2851 1027 2901 καὶ
1063 2850 1225 2904 θείων
1256 2856 1515 2923 κανόνων,
1552 2858 1691 2911 ὥστε
1726 2878 1834 2929 μη-

253 2928 343 2981 δέν
361 2947 414 2982 τι
438 2930 649 2985 τούτων
673 2935 831 2999 ἐκτὸς
862 2939 1069 3009 τολμᾷν
1087 2941 1543 3015 διαπεπραχέναι,
1576 2950 1710 3003 ἀλλὰ
1730 2928 1834 3005 σια-

252 3018 363 3082 θὼς
392 3021 461 3073 ἂν
491 3023 695 3078 ἐκεῖνοι
724 3027 1097 3098 διαγορεύοιεν
1133 3033 1233 3097 τὰς
1261 3036 1367 3089 τῶν
1399 3038 1705 3108 ἀνθρώπων
1725 3042 1832 3111 ψυ-

252 3111 352 3178 χὰς
386 3112 725 3182 θεραπεύειν
766 3119 1171 3188 ἐπιμελεῖσθαι.
1203 3126 1316 3195 Πρὸ
1355 3128 1410 3180 δὲ
1434 3130 1640 3183 τούτων
1664 3133 1831 3201 ἐργά-

1941 2040 2055 2093 qua:
2088 2034 2160 2075 est
2194 2024 2247 2075 in
2287 2021 2498 2075 Christo
2527 2022 2655 2076 Jesu
2675 2024 2739 2075 ⁷³.
2770 2023 2978 2088 Quibus
3005 2040 3128 2079 vere
3159 2027 3517 2095 cogitatiOnes

1942 2116 2217 2169 hominum
2269 2114 2681 2181 animarumque
2707 2116 2923 2170 morbos
2957 2119 3239 2172 sacerdotii
3263 2120 3405 2174 dono
3434 2136 3518 2174 sa-

1940 2221 2073 2261 nare
2101 2206 2285 2259 datum
2319 2215 2423 2269 est,
2455 2215 2508 2258 et
2542 2206 2782 2261 solvendi
2820 2216 3062 2275 peccata,
3092 2219 3144 2263 et
3181 2211 3376 2277 ligandi
3413 2228 3512 2281 po-

1936 2307 2189 2353 testatem
2215 2296 2485 2351 aCbrisIo
2526 2308 2871 2367 acceperunt,
2912 2301 3101 2369 majori
3147 2302 3308 2355 etiam
3352 2318 3515 2356 cona-

1938 2402 1996 2446 tu
2053 2408 2117 2446 ac
2180 2393 2361 2447 studio
2440 2392 2775 2462 indigebunt,
2839 2393 3244 2463 majoribusque
3299 2396 3518 2451 virtutis

1938 2484 2229 2538 sudoribus
2260 2498 2323 2537 ac
2352 2483 2649 2548 laboribus,
2687 2496 2894 2554 quanto
2922 2486 3115 2555 majori
3144 2490 3287 2542 dono
3318 2499 3372 2542 et
3403 2490 3520 2558 glo-

1938 2574 2015 2629 ria
2058 2574 2205 2644 digni
2235 2575 2402 2629 habiti
2430 2584 2578 2629 sunt.
2613 2575 2790 2646 Atque
2826 2577 2946 2631 ideo
2984 2578 3211 2631 multum
3261 2594 3514 2648 perscru-

1940 2668 2197 2721 tationem
2228 2681 2289 2720 ac
2325 2666 2733 2721 meditationem
2783 2682 3068 2721 sacrorum
3102 2670 3518 2737 divinorumque

1936 2773 2201 2813 canonum
2241 2758 2500 2813 adbibere
2541 2759 2758 2813 assidue
2810 2760 3032 2826 debent,
3065 2771 3121 2814 ut
3150 2762 3283 2815 nihil
3323 2772 3518 2831 prmter

1936 2854 2055 2908 illos
2090 2852 2323 2907 audeant
2352 2851 2554 2915 facere,
2592 2854 2686 2906 sed
2713 2853 2866 2920 juxta
2915 2869 3101 2907 eorum
3144 2865 3349 2909 statuta
3396 2856 3516 2909 ani-

1935 2945 2038 2999 mis
2089 2944 2368 2999 hominum
2432 2944 2693 2999 curandis
2739 2945 3079 2999 incumbant.
3135 2948 3274 3001 Ante
3330 2948 3511 3001 omnia

1936 3053 2063 3091 vero
2092 3036 2397 3106 operarium
2427 3050 2549 3089 esse
2574 3045 2784 3104 oportet
2816 3037 3366 3105 irreprehensibilem,
3392 3054 3510 3093 sese

1934 3128 2052 3183 aliis
2066 3131 2261 3183 bonum
2277 3128 2553 3196 exemplar
2571 3129 2934 3189 exhibentem,
2958 3131 3021 3181 ad
3042 3131 3337 3184 docendum
3359 3146 3516 3200 para-

251 3221 359 3271 την
381 3205 824 3277 ἀνεπαίσχυντον
853 3207 1016 3279 εἶναι,
1048 3216 1219 3269 τύπον
1256 3218 1421 3273 καλὸν
1474 3222 1671 3274 ἑαυτὸν
1718 3226 1832 3287 τοῖς
1861 3251 1902 3306 c

1824 3242 1832 3285 ;
1861 3251 1902 3306 ο
1939 3234 2075 3283 tum,
2108 3221 2449 3291 hospitalem,
2477 3220 2729 3283 amicum,
2768 3221 3063 3276 dolentium
3093 3223 3510 3288 consolatorem,

253 3297 438 3360 ἄλλοις
476 3300 811 3368 παρέχοντα,
856 3303 1193 3369 διδακτικόν,
1259 3311 1563 3377 φιλόξενον,
1627 3314 1833 3367 λυπου-

254 3390 442 3455 μένοις
474 3392 935 3462 παραμυθητικόν
962 3410 973 3423 ·
1000 3398 1363 3468 ἀντεχόμενον
1386 3404 1473 3456 ἀεὶ
1525 3404 1618 3457 τοῦ
1673 3407 1833 3472 λόγου

248 3480 355 3549 τῆς
379 3483 813 3553 παρακλήσεως,
866 3491 1195 3557 πενομένοις
1251 3494 1640 3562 μεταδοτικὺν,
1674 3498 1836 3568 εὐθη-

246 3574 539 3640 νουμένοις
584 3575 991 3645 χαλιναγωγὸν,
1048 3581 1122 3649 μὴ
1208 3583 1489 3653 πάροινον,
1554 3587 1833 3661 τουτέστιν

248 3664 546 3735 ὑϐριστὴν,
585 3668 726 3721 κατὰ
772 3669 872 3738 τὴν
895 3671 990 3723 τοῦ
1042 3673 1188 3725 θείου
1235 3675 1450 3730 Παύλου
1484 3679 1830 3747 παραίνεσιν,

248 3754 327 3825 μὴ
360 3754 637 3824 πλήκτην,
673 3756 750 3825 μὴ
796 3759 1187 3833 αἰσχροκερδῆ,
1222 3765 1340 3818 ἀλλ’
1404 3768 1652 3837 ἐπιεικῆ,
1692 3770 1835 3839 ἅμα·

243 3863 363 3915 χον,
400 3848 461 3899 ὲν
520 3848 798 3917 πραότητι
844 3851 1170 3907 παιδεύοντα
1231 3856 1359 3922 τοὺς
1400 3859 1833 3931 ἀντιδιατιθεμέ-

244 3956 400 4004 νους,
448 3938 525 4009 μή
555 3956 695 3992 ποτε
722 3941 796 4009 δῷ
824 3944 1010 4007 αὐτοῖς
1064 3948 1092 3998 ό
1125 3946 1258 4011 Θεὸς
1291 3950 1588 4019 μετάνοιαν
1612 3954 1690 4014 είς
1721 3955 1837 4006 ἐπί-

242 4046 457 4095 γνωσιν
512 4030 800 4101 ἀληθείας,
836 4036 932 4088 καὶ
967 4037 1318 4107 ἀνανήψωσιν
1348 4042 1413 4093 ἐκ
1444 4042 1549 4109 τῆς
1599 4043 1695 4095 τοῦ
1721 4045 1837 4099 δια·

241 4118 409 4172 δόλου
434 4120 689 4188 παγίδος,
708 4122 1091 4193 ἐζωγρημένοι
1127 4127 1221 4178 ὑπ’
1245 4128 1413 4182 αὐτοῦ
1444 4131 1527 4193 είς
1545 4130 1605 4183 τὸ
1626 4132 1834 4185 ἐκείνου

241 4210 489 4279 θέλημα.
528 4212 718 4267 Ταῦτα
778 4214 961 4269 πάντα
1022 4217 1325 4283 ποιοῦντες,
1387 4221 1687 4291 ἀγαπητοὶ,
1739 4224 1836 4278 καὶ

239 4302 394 4373 ὑμᾶς
426 4303 632 4368 αὐτοὺς
666 4303 900 4370 σώσετε,
966 4307 1066 4361 καὶ
1115 4310 1241 4374 τοὺς
1284 4311 1586 4376 ἀκούοντας
1658 4316 1834 4385 ὑμῶν.

240 4394 632 4464 Προσεύχεσθε
661 4395 720 4448 δι
749 4397 844 4450 καὶ
870 4401 1000 4461 περὶ
1037 4399 1222 4468 ἡμῶν,
1290 4402 1383 4456 ἵνα
1414 4405 1483 4459 τὰ
1538 4407 1659 4459 καθ’
1689 4408 1836 4477 ἡμᾶς

238 4487 320 4548 είς
348 4484 653 4552 προκοπὴν
678 4484 777 4537 τοῦ
812 4485 1152 4555 Εὑαγγελίου
1176 4490 1271 4543 τοῦ
1290 4492 1531 4560 Χριστοῦ
1560 4498 1835 4565 προέρχηο

1944 3314 2107 3367 verba
2139 3312 2533 3367 exhortationis
2557 3327 2773 3383 semper
2803 3313 2908 3367 sibi
2940 3315 3282 3378 retinentem,
3319 3330 3517 3385 paupe-

1944 3404 2095 3457 ribus
2135 3404 2468 3472 largitorem,
2496 3403 2782 3471 opulentos
2824 3403 3164 3465 frenantem,
3212 3419 3315 3459 non
3365 3406 3516 3459 vino-

1944 3495 2172 3559 lentum,
2195 3496 2245 3549 id
2265 3504 2347 3549 est
2365 3494 2627 3564 injurium
2650 3492 2951 3565 (50),]uxta
2970 3496 3079 3549 divi
3097 3494 3248 3549 Pauli
3272 3497 3515 3550 adhorta-

1946 3592 2145 3642 tionem
2170 3588 2236 3652 ⁷⁸,
2272 3602 2377 3641 non
2411 3602 2813 3655 percussorem,
2852 3602 2957 3641 non
2993 3588 3166 3656 turpis
3198 3588 3332 3641 lucri
3361 3589 3516 3658 cupi-

1942 3683 2093 3743 dum,
2138 3680 2233 3734 sed
2266 3677 2474 3743 mitem,
2521 3680 2640 3733 sine
2667 3680 3025 3734 contentione
3079 3694 3202 3734 cum
3250 3680 3511 3734 modestia

1941 3772 2325 3840 corripientem
2376 3785 2470 3825 eos
2503 3771 2594 3839 qui
2640 3771 2902 3826 resistunt
2933 3774 3173 3837 veritati,
3204 3789 3272 3827 ne
3300 3775 3515 3842 quando

1942 3866 2087 3919 Deus
2113 3866 2202 3917 det.
2249 3863 2358 3917 illis
2383 3863 2760 3931 pmnitentiam
2795 3863 2908 3933 (5|)
2968 3865 3033 3917 ad
3079 3864 3511 3934 cognoscendam

1942 3957 2252 4021 veritatem,
2277 3965 2332 4010 et
2392 3955 2718 4023 resipiscam
2765 3970 2795 4010 a
2836 3956 3041 4011 diaboli
3076 3956 3307 4026 laqueis,
3346 3973 3374 4009 a
3405 3973 3513 4026 quo

1942 4050 2143 4116 captivi
2176 4058 2428 4103 tenentur
2474 4049 2541 4103 ad
2579 4048 2750 4117 ipsius
2776 4048 3133 4104 voluntatem.
3173 4049 3301 4104 Haec
3333 4052 3525 4104 omnia

1944 4142 2229 4206 facientes,
2263 4156 2294 4195 ο
2320 4140 2529 4205 dilecti,
2573 4149 2629 4194 et
2660 4154 2757 4194 vos
2790 4139 2937 4209 ipsos
2990 4142 3295 4204 salvahitis,
3338 4150 3391 4197 et
3422 4156 3529 4196 eos

1942 4234 2034 4302 qui
2071 4248 2167 4286 vos
2196 4232 2444 4285 audiunt.
2478 4231 2643 4287 Orate
2700 4243 2883 4287 autem
2916 4242 2971 4289 et
3021 4248 3119 4300 pro
3153 4232 3307 4287 nobis
3328 4233 3524 4296 etiam,

1941 4326 2081 4379 utin
2140 4325 2257 4380 dies
2322 4338 2409 4379 res
2456 4334 2655 4382 nostra
2682 4325 2750 4378 ad
2796 4325 3189 4381 incrementum
3238 4322 3514 4395 Evangelii

1940 4416 2142 4472 Christi
2198 4417 2335 4471 bene
2401 4416 2719 4485 procedant,
2771 4425 2939 4485 utque
2981 4418 3229 4486 expedite
3281 4432 3377 4487 per
3421 4432 3518 4486 pa—

1944 4508 2197 4561 tientiam
2230 4508 2566 4576 prepositum
2600 4508 2762 4561 nobis
2783 4521 3178 4576 percurramus
3212 4517 3513 4576 certamen,

238 4593 330 4631 ται
371 4575 502 4629 καθ’
530 4576 798 4647 ἑκάστην,
849 4583 947 4631 καὶ
998 4580 1150 4644 ὅπως
1182 4583 1467 4647 εὐσταλῶς
1527 4585 1597 4638 δι’
1629 4587 1834 4656 ὑπομο-
1865 4603 1910 4659 ι)

1824 4615 1834 4627 ·
1865 4603 1910 4659 ι)
1944 4603 2299 4671 iuspicientes
2336 4575 2387 4653 in
2428 4600 2548 4654 tidei
2582 4609 2860 4655 auctorem
2919 4610 2975 4655 et
3018 4608 3510 4657 eonsummatorem

237 4672 339 4740 γῆς
395 4670 693 4740 τρέχωμεν
715 4673 809 4724 τὸν
858 4673 1220 4743 προκείμενον
1246 4678 1381 4747 ἡμίν
1438 4678 1647 4746 ἀγῶνα,
1702 4681 1837 4749 ἀφο-

242 4765 460 4830 ρῶντες
491 4762 575 4824 είς
614 4761 707 4816 τὸν
730 4763 831 4831 τῆς
861 4766 1103 4823 πίστεως
1131 4766 1379 4837 ἀρχηγὸν
1428 4772 1521 4822 καὶ
1549 4772 1839 4843 τελειωτὴν
1864 4776 1876 4797 '

240 4852 463 4921 Ἰησοῦν
494 4852 763 4920 Χριστὸν,
799 4854 875 4917 ὡς
903 4854 971 4909 ἂν
1002 4856 1100 4910 καὶ
1130 4859 1389 4928 ποιμένες
1442 4862 1538 4915 καὶ
1584 4864 1836 4933 ποίμνιον

243 4943 343 5010 τῆς
379 4946 445 4995 ὲν
482 4942 815 5013 παραδείσῳ
876 4946 1123 5016 μάνδρας
1172 4949 1547 5021 ἀξιωθείημεν
1588 4955 1646 5007 ὲν
1684 4956 1833 5025 αὐτῷ

243 5034 470 5104 Χριστῷ
498 5033 579 5105 τῷ
610 5036 803 5107 Κυρίῳ
837 5038 1015 5107 ήμῶν,
1039 5032 1083 5106 ᾦ
1114 5042 1291 5109 ήδόξα
1324 5044 1419 5096 καὶ
1448 5046 1509 5097 τὸ
1533 5047 1731 5115 κράτος
1756 5050 1835 5109 είς

244 5130 364 5192 τοὺς
398 5129 615 5192 αἰῶνας
643 5130 753 5186 τῶν
780 5134 1017 5189 αἰώνων.
1075 5138 1267 5207 ’Δμήν.

1936 4694 2120 4749 Jesum
2172 4691 2472 4756 Christum,
2540 4700 2597 4745 ut
2644 4702 2699 4746 et
2758 4702 3010 4761 pastores
3053 4703 3109 4747 et
3156 4692 3294 4746 ovile
3353 4690 3513 4747 simul

1937 4786 2147 4841 caelesti
2176 4784 2461 4840 mansione
2491 4783 2635 4851 digni
2688 4782 2880 4846 simus,
2913 4785 2964 4838 in
3014 4784 3129 4853 ipso
3158 4782 3376 4837 Christo
3406 4781 3515 4835 Do-

1940 4878 2091 4931 mino
2133 4884 2345 4941 nostro,
2405 4876 2490 4930 cui
2536 4874 2703 4945 gloria
2747 4884 2800 4929 et
2835 4874 3150 4944 imperium,
3200 4875 3254 4928 in
3313 4873 3513 4927 sa'cula

1943 4969 2286 5023 saeculorum.
2320 4967 2515 5023 Amen.

311 5313 355 5343 "
390 5310 591 5365 Matth.
636 5324 692 5374 v,
723 5311 816 5365 28.
892 5313 945 5346 "
969 5314 989 5368 Ι
1016 5314 1159 5372 Tim.
1201 5320 1409 5385 "1,15.
1490 5321 1534 5352 ⁷⁸
1565 5320 1584 5374 l
1612 5320 1754 5375 Tim.
1788 5337 1869 5387 ιιι,
1892 5321 1946 5387 5,
1992 5351 1997 5364 ι

892 5313 945 5346 ’³
969 5314 989 5368 Ι
1016 5314 1159 5372 Tim.
1201 5320 1409 5385 H515.
1490 5321 1534 5352 "
1565 5320 1584 5374 l
1612 5320 1754 5375 Tim.
1788 5337 1869 5387 ιιι,
1892 5321 1946 5387 5,
1992 5320 2059 5386 ις
2085 5320 2125 5375 II
2154 5318 2299 5374 Tim.
2333 5334 2392 5385 ιι,
2420 5318 2511 5374 25.

314 5444 430 5513 (49)
465 5444 579 5509 Qui
624 5446 752 5500 bene
803 5450 1318 5511 administraverint.
1377 5455 1582 5513 Alludit
1622 5460 1687 5513 ad
1719 5460 1836 5514 dia-

238 5529 427 5577 conos,
464 5529 611 5584 quos
656 5517 793 5573 bene
828 5521 1139 5579 ministrare
1172 5528 1404 5581 nmuinis
1450 5530 1533 5583 sui
1570 5546 1835 5583 memores

238 5585 556 5669 (eramvidi,
606 5587 875 5669 ministro)
940 5606 1176 5669 oportet.
1213 5596 1415 5669 Eadem
1459 5600 1832 5669 ethymologiac

240 5656 452 5733 Latione
480 5658 804 5733 cauom}?
836 5656 1050 5733 concilii
1109 5680 1162 5718 ιν
1211 5656 1676 5733 Carthaginetisis,
1710 5656 1832 5723 εἶιν

239 5723 487 5805 Toletan:
523 5727 617 5805 σε),
636 5727 793 5805 jubet
821 5732 901 5805 eis
948 5733 1227 5805 ministros
1249 5752 1305 5790 se
1329 5723 1469 5800 esse,
1518 5723 1829 5805 agnoscere.

307 5796 423 5874 (5d)
460 5795 759 5874 Iniurium.
823 5799 943 5855 Non
977 5806 1045 5874 ita
1095 5804 1250 5859 facile
1298 5795 1624 5861 invenias'in
1668 5826 1832 5874 expo-

241 5869 503 5922 sitoribus
525 5867 680 5924 Pauli
713 5884 901 5927 vocem
934 5873 1212 5931 πάροινον.
1258 5877 1605 5935 iniuriosum.
1636 5867 1826 5936 coniu-

1932 5457 2241 5520 meliosum,
2263 5456 2375 5511 sive
2408 5455 2814 5509 convitiatorem
2854 5457 3024 5524 reddi;
3060 5467 3112 5511 at
3164 5474 3266 5513 non
3292 5459 3506 5524 quidem

1935 5526 2319 5595 Theophanes,
2359 5526 2433 5595 uti
2468 5527 2644 5579 sentio
2688 5528 2795 5579 ἀπὸ
2829 5526 2922 5579 τοῦ
2956 5529 3186 5590 σκόπου,
3243 5544 3363 5581 nam
3402 5528 3513 5582 vini

1934 5596 1978 5649 is
2008 5594 2126 5667 esse
2161 5599 2299 5651 solet
2337 5594 2582 5661 effectus,
2606 5606 2661 5650 ut
2699 5598 2763 5650 ad
2796 5596 2974 5667 jurgia
3003 5598 3085 5651 vel
3117 5600 3346 5653 inermes
3380 5614 3505 5667 pro-

1934 5666 2131 5805 migdi-
2156 5735 2548 5788 Pmnitentiam.
2582 5733 2803 5788 Mutilus
2826 5744 2879 5790 et
2912 5737 3238 5805 depravalus
3272 5738 3515 5791 habetur

1941 5808 2029 5859 hic
2055 5806 2201 5859 locus
2223 5808 2275 5859 in
2300 5817 2529 5873 utroque
2554 5806 2873 5873 exemplari.
2928 5807 3031 5860 Sed
3055 5823 3174 5860 cum
3206 5811 3369 5861 verba
3396 5810 3509 5864 sit»

1937 5875 2198 5939 Apostoli,
2235 5890 2298 5930 ex
2324 5890 2390 5931 eo
2434 5876 2798 5941 sllpplcvlmus
2838 5886 2889 5931 ct
2929 5879 3356 5932 cuteudavitnus.
