4270 6488
763 455 864 520 351

1749 462 2200 522 ΤΗΕΟΡΙΙΛΝΙ
2217 465 2255 521 S
2303 465 2638 523 Bl‘l:5(101’l
2686 467 2727 522 Ν
2742 464 2929 524 ICEN
2946 463 2968 522 Ι

3879 465 3985 528 352

3459 613 3614 622 -υ----
3647 613 3838 620 _.-~.__-
3877 614 3881 616 .

1452 769 1900 894 ΕΥΧΗ
1975 764 3308 896 ΕΥΧΑΡΙΣΤΗΡΙΟΣ

1172 1010 1344 1094 ΕΙΣ
1418 1012 1641 1095 ΤοΝ
1716 1009 2134 1094 ΚΥΡΙΟΝ
2213 1011 2538 1096 ΗΜΩΝ
2603 1009 2858 1093 ΙΗΣο

1893 1011 2134 1094 PION
2213 1011 2538 1096 ΗΜΩΝ
2603 1009 3021 1095 ΙΗΣΟΥΝ
3104 1005 3579 1092 ΧΡΙΣΤΟΝ

1590 1194 1864 1264 Ῥηθεῒσα
1899 1194 2053 1264 ὑπὲρ
2077 1190 2467 1263 ζὰπαλλαγῆς
2502 1190 2717 1262 λοιμοῦ
2752 1191 2850 1245 καὶ
2894 1187 3178 1244 θανάτου.

1379 1519 2008 1636 ORATIO
2147 1513 3400 1635 EUCHARISTICA

1047 1768 1196 1854 AD
1304 1759 1877 1853 DOMINUM
1957 1757 2526 1850 NOSTBUM
2622 1755 2999 1847 JESUM
3098 1755 3708 1846 CHRISTUM

1812 1961 1934 2018 Pro
1971 1959 2337 2020 liberatione
2370 1959 2565 2036 pestis
2608 1974 2678 2017 ae
2717 1957 2960 2016 mortis.

2334 2143 2404 2155 .—

783 2281 963 2333 Uralio
988 2295 1089 2348 qua
1130 2277 1346 2329 Domino
1369 2286 1544 2326 nostro
1571 2274 1694 2326 Jesu
1719 2273 1923 2325 Christo
1953 2273 2137 2339 gratia:
2159 2289 2329 2342 agun-
2359 2287 2404 2346 Α
2434 2276 2469 2328 Ε

2315 2299 2329 2311 ·
2359 2287 2404 2346 Α
2434 2274 2600 2342 Εὺχὴ
2617 2270 3071 2340 εὐχαριστήριος
3089 2271 3174 2333 εἰς
3193 2269 3299 2320 τόν
3322 2269 3538 2335 Κύριον
3560 2265 3722 2333 ἡμῶν
3757 2266 4001 2330 Ἰησοῦν

946 2383 1032 2422 tur
1060 2385 1149 2438 pro
1181 2369 1486 2420 liberatione
1520 2366 1677 2431 pestis
1715 2381 1774 2415 ac
1812 2363 1922 2431 (ii-2)
1965 2364 2169 2416 mortis.

854 2544 1076 2599 Domine.
1100 2543 1227 2597 Jesu
1253 2543 1465 2597 Christe
1496 2543 1632 2594 [)cns
1668 2549 1867 2603 uoster,
1901 2556 1987 2607 qm
2029 2555 2191 2606 super
2220 2555 2338 2591 om-

779 2654 900 2691 nem
937 2635 1289 2689 substantiam
1323 2650 1592 2701 superque
1627 2638 1785 2683 vitam
1819 2648 1894 2692 es,
1929 2632 2034 2684 imo
2068 2633 2178 2689 ipsa
2213 2646 2336 2684 vera

782 2732 910 2790 vita,
944 2731 1218 2794 ipsiusque
1252 2728 1370 2777 vita:
1413 2725 1661 2776 conditor
1704 2731 1861 2790 atque
1894 2724 2136 2786 largitor,
2177 2738 2337 2790 quam

781 2821 956 2872 omnis
1016 2817 1394 2871 intellectualis
1453 2816 1782 2882 rationisque
1837 2815 2101 2882 particeps
2152 2828 2336 2866 natura

784 2910 1161 2963 insatiabiliter
1181 2908 1466 2964 desiderat.
1488 2909 1745 2973 cujusque
1770 2905 1957 2956 divinm
1981 2905 2331 2970 sempiterna»

784 3018 885 3070 que
911 3002 1027 3053 vita:
1059 3000 1465 3067 participatione
1496 2997 1705 3050 fruitur.
1738 2998 1836 3062 Qui
1865 2997 2007 3049 solus
2045 2997 2210 3050 babes
2241 2997 2340 3048 iut-

786 3107 816 3141 n
841 3089 1161 3140 ortalitatcm
1190 3129 1202 3150 ,
1241 3088 1328 3154 qui
1365 3088 1534 3138 lucem
1574 3087 1778 3138 habitas
1818 3085 2144 3138 inaccessa-ii
2174 3127 2187 3148 ,
2219 3101 2325 3136 om-

785 3182 951 3244 nium,
987 3179 1180 3244 quibus
1215 3179 1292 3229 vol
1344 3179 1559 3230 minima
1596 3179 1714 3228 vita:
1760 3179 1894 3230 ratio
1935 3178 2092 3234 inest.
2129 3177 2338 3230 vivifica

785 3274 974 3333 virtus,
1007 3281 1332 3323 mortuorum
1365 3283 1492 3321 vero
1533 3270 1892 3331 resurrectio;
1930 3269 2083 3335 cujus
2125 3269 2195 3322 ob
2228 3285 2339 3321 me-

787 3371 898 3414 tmu
958 3372 1123 3425 portae
1157 3362 1369 3428 quidem
1423 3361 1609 3413 mortis
1659 3371 1856 3427 apertae
1907 3370 2052 3421 sunt,
2082 3361 2343 3428 jauitores

789 3463 964 3502 autem
1023 3451 1218 3502 inferni
1269 3459 1320 3503 te
1372 3451 1486 3504 viso
1515 3452 1924 3505 coborrucrunt.
1962 3451 2060 3517 Qui
2111 3453 2341 3520 primum

788 3555 1064 3610 parentem
1101 3543 1394 3612 ducemque
1439 3544 1650 3608 generis
1697 3544 1861 3596 nostri
1896 3554 2108 3611 propter
2157 3546 2341 3600 inobe-

2502 2365 2778 2432 Χριστὸν,
2823 2362 3079 2430 ῥηθεῖσα
3148 2360 3299 2427 ὑπὲρ
3378 2357 3743 2426 ἀπαλλαγῆς
3786 2358 4003 2424 λοιμοῦ

2509 2454 2610 2506 καὶ
2645 2453 2927 2507 θανάτου.

2507 2543 2752 2594 Δέσποτα
2801 2543 2972 2607 Κύριε
3034 2540 3208 2608 Ἰησοῦ
3259 2539 3462 2608 Χριοτὲ
3508 2538 3536 2590 ὁ
3591 2538 3722 2600 Θεὸς
3753 2538 3931 2604 ἡμῶν,
3967 2540 4000 2605 ἡ

2439 2634 2767 2703 ὑπερούσιος
2823 2634 2915 2684 καὶ
2952 2633 3230 2700 ὑπέρζωος
3282 2632 3448 2691 ὄντως
3483 2631 3728 2698 αὐτοζωὴ
3772 2631 3862 2682 καὶ
3903 2630 4006 2696 τῆς

2439 2721 2719 2791 αὑτοζωῆς
2750 2721 3060 2790 ὐποττάτης
3089 2723 3181 2772 καὶ
3216 2719 3449 2788 χορηγὸς
3471 2758 3484 2781 ,
3527 2734 3594 2788 ης
3633 2721 3843 2787 ὲφξεται
3875 2721 4007 2771 ἁκο-

2443 2815 2646 2884 ρὲστως
2675 2815 2767 2866 καὶ
2803 2817 2866 2880 τῇ
2903 2814 3162 2882 μετουσῖᾳ
3195 2812 3338 2878 ζωῆς
3371 2811 3634 2863 ἀποὶαύει
3667 2813 4007 2878 θεοπρεποῦς

2440 2923 2500 2958 τε
2550 2907 2642 2957 καὶ
2691 2905 2863 2957 ἁῖδέου
2915 2907 3061 2956 πᾶσα
3094 2906 3126 2973 ἡ
3183 2904 3399 2972 καθαρὰ
3434 2903 3541 2952 τῶν
3577 2901 3775 2969 νοερῶν
3814 2917 3872 2953 τε
3909 2903 4008 2954 καὶ

2441 2997 2671 3063 λογικῶν
2703 2996 2860 3064 φύσις
2893 3012 2905 3027 ο
2945 2999 2972 3048 ὁ
3028 2996 3186 3062 μόνος
3233 2994 3370 3063 ἔχων
3419 2993 3746 3056 ἀθανασίαν,
3784 2991 3900 3059 φῶς
3930 2993 4009 3043 οἶ-

2443 3088 2553 3140 κῶν
2587 3089 2902 3155 ἀπρόσιτον,
2938 3088 2969 3155 ἡ
3002 3086 3260 3148 ζωοποιὺς
3295 3085 3511 3137 πάντων
3537 3083 3645 3136 τῶν
3685 3084 3779 3134 καὶ
3815 3085 4001 3133 ὁπωσ-

2442 3177 2535 3229 οὓν
2584 3179 2725 3247 ζωῆς
2785 3177 3119 3248 μετεχόντων
3171 3177 3421 3244 δύναμις,
3473 3181 3563 3227 καὶ
3596 3175 3702 3226 τῶν
3733 3173 4006 3226 Θανόντων

2443 3269 2741 3331 ἀνάστασις
2766 3287 2780 3301 ’
2829 3262 2888 3320 οὗ
2927 3269 3003 3339 τῷ
3038 3268 3189 3336 φόϐῳ
3230 3268 3392 3320 πύλαι
3448 3266 3547 3335 μὲν
3577 3265 3881 3329 ἀνοίγονται
3922 3283 4008 3317 σοι

2445 3357 2698 3422 θανάτου,
2733 3360 2972 3429 πυλωροὶ
2998 3360 3055 3413 δὲ
3085 3359 3214 3429 ᾅδου
3246 3358 3442 3419 ἰδόντες
3487 3374 3546 3409 σε
3582 3357 3824 3427 ἔπτηξαν
3857 3357 4012 3425 ἔφρι-

2446 3451 2540 3515 ξαν
2570 3469 2584 3481 ·
2640 3453 2667 3504 ὀ
2702 3450 2794 3503 τὸν
2851 3451 3176 3522 προπάτορα
3234 3451 3327 3502 καὶ
3387 3449 3626 3518 ἀρχηγὸν
3676 3447 3770 3500 τοῦ
3819 3448 4012 3514 γένους

2444 3543 2600 3612 ἡμῶν
2623 3543 2709 3596 διὰ
2733 3543 2833 3611 τὴν
2864 3543 3172 3611 παρακοὴν,
3203 3543 3295 3593 καὶ
3323 3541 3413 3594 τὸν
3448 3543 3510 3592 ὲκ
3545 3539 3748 3609 ταύτης
3781 3539 4012 3592 ἀκολου-

788 3633 1064 3694 dieutiam,
1097 3634 1324 3702 indeque
1360 3645 1598 3688 secutam
1634 3637 1930 3689 animarum
1963 3645 2213 3701 mortem,
2250 3652 2338 3691 se-
2375 3657 2414 3713 Β
2443 3634 2470 3686 0

2325 3667 2338 3681 -
2375 3657 2414 3713 Β
2443 3634 2681 3703 (δήσαντα
2702 3635 2928 3704 ψυχικὸν
2969 3636 3219 3696 Θάνατον,
3259 3635 3377 3702 ἦτοι
3423 3632 3514 3685 τὸν
3559 3631 3664 3684 ἀπὸ
3714 3630 3806 3683 σοῦ
3841 3648 4011 3699 χωρι-

788 3726 1118 3794 pzu-aiiouem
1154 3726 1356 3778 scilicet
1389 3743 1414 3779 a
1453 3737 1523 3790 te,
1557 3743 1716 3793 quam
1745 3744 1806 3780 ex
1844 3743 1938 3781 suo
1967 3727 2169 3794 judicio
2227 3746 2339 3798 pas-

789 3831 880 3870 sus
914 3827 1015 3881 est,
1051 3832 1320 3887 corporeae
1353 3820 1536 3871 mortis
1566 3819 1673 3886 (53)
1701 3819 1916 3873 vulnere
1944 3835 2010 3873 ne
2043 3821 2342 3874 immortale

863 3975 976 4040 (5:2)
1011 3973 1338 4028 Liberatioue
1366 3975 1547 4043 pestis.
1574 3972 1850 4042 Frequens
1870 3973 1970 4046 fuit
1999 3975 2204 4046 sanctis
2220 3977 2336 4046 cpi-

791 4047 968 4111 Scopis
999 4046 1251 4108 pneteriti
1284 4048 1405 4104 aevi.
1435 4056 1509 4096 et-
1536 4056 1816 4112 grassante
1868 4045 2172 4097 calamitate
2208 4045 2340 4112 qua-

792 4116 956 4176 piam,
989 4129 1108 4181 quae
1134 4128 1318 4165 eorum
1344 4115 1524 4182 plebes
1551 4115 1877 4175 amictasset,
1912 4114 2241 4180 precatorias
2273 4116 2336 4168 ad

795 4184 961 4234 Di-um
997 4198 1091 4247 pro
1118 4183 1430 4236 liberatione
1464 4185 1794 4249 impetranda
1827 4184 2097 4237 orationes
2125 4183 2339 4246 habere,

794 4264 840 4305 et
881 4253 1182 4318 impetrata,
1224 4252 1393 4305 eidem
1433 4252 1542 4304 Deo
1576 4254 1834 4306 malorum
1883 4252 2150 4322 depulsori
2191 4255 2342 4322 bym-

795 4322 944 4373 niras
995 4332 1047 4372 et
1075 4321 1460 4374 eucharisticas
1503 4337 1800 4390 panegyres
1829 4322 2032 4374 dicere.
2075 4319 2345 4375 Habemus

795 4392 987 4455 prioris
1007 4392 1302 4458 argumenti
1328 4391 1576 4458 Cypriani
1603 4392 1900 4444 orationem
1923 4393 1985 4443 de
2005 4391 2342 4452 mortalitate,

795 4459 1038 4525 Gregorii
1076 4457 1330 4526 Tlteologi
1371 4457 1436 4511 de
1464 4461 1615 4525 plaga
1647 4460 1915 4526 grandinis
1936 4499 1950 4518 .
1981 4459 2344 4527 Cbrysostomi

797 4529 966 4588 illam,
989 4528 1072 4580 cui
1101 4529 1306 4592 titulus,
1333 4530 1394 4580 de
1421 4529 1720 4582 calamitate
1742 4529 1967 4581 civitatis
1991 4529 2344 4582 Antiocheam.

798 4597 1120 4650 Posterioris
1141 4613 1292 4660 vero,
1318 4600 1456 4665 apud
1487 4600 1734 4651 eumdem
1769 4598 1935 4660 illam,
1968 4612 2085 4664 quae
2113 4600 2300 4663 incipit
2329 4616 2342 4651 :

801 4665 931 4719 Cum
973 4667 1290 4732 prwteritam
1345 4677 1718 4732 tempestatem,
1750 4669 1800 4720 in
1837 4682 1940 4735 qua
1975 4677 2203 4733 aguntur
2241 4667 2345 4720 Deo

803 4736 1007 4800 gratim,
1034 4738 1096 4788 de
1126 4737 1460 4790 absolutione
1482 4737 1737 4789 malorum
1767 4751 1830 4788 ex
1866 4736 2126 4804 seditione
2155 4751 2340 4804 exspe-

801 4813 1098 4866 ctatorum,
1135 4815 1188 4856 et
1233 4806 1374 4857 illam
1405 4845 1418 4867 .
1460 4806 1613 4872 cujus
1677 4807 1884 4858 initium
1939 4823 1951 4858 :
1990 4802 2110 4856 Non
2151 4802 2362 4872 parum

800 4873 1063 4944 ciuitatem
1101 4874 1244 4927 nobis
1276 4876 1386 4926 heri
1409 4875 1649 4928 diabolus
1679 4875 2020 4942 perturbavit.
2059 4874 2339 4944 Dionysius

801 4943 964 5033 etiam
1009 4943 1402 5025 .Alexatidrinus
1429 4946 1847 5033 cpiscgpiisipvir
1883 4943 2257 5033 sanctissimus
2287 4952 2340 4997 et
2373 4979 2415 5033 ο

801 5011 1166 5073 dot-tissimus,
1200 5013 1354 5079 cujus
1399 5011 1537 5080 apud
1568 5014 1851 5066 Eusebium
1883 5013 2133 5080 frequens
2163 5023 2218 5066 et
2244 5015 2342 5065 bo-

801 5081 1020 5133 uorilica
1063 5082 1282 5145 mentio,
1323 5098 1445 5134 eum
1481 5083 1629 5136 exsul
1664 5083 1764 5136 sub
1800 5082 2081 5136 Valeriano
2132 5082 2342 5149 plebem

806 5162 956 5200 suam
1011 5151 1174 5216 pestis
1211 5161 1447 5218 tempore
1489 5151 1663 5205 verbis
1701 5166 1917 5204 monere
1968 5166 2206 5219 przesens
2239 5168 2344 5204 non

807 5228 1005 5282 posset,
1042 5233 1136 5284 per
1176 5219 1450 5283 epistolam
1488 5220 1679 5272 absens
1712 5223 1979 5272 monuisse
2008 5222 2255 5274 traditur.

879 5287 990 5353 (53)
1027 5288 1300 5355 Corporeaz
1333 5291 1534 5342 mortis.
1567 5289 1806 5341 Humana
1831 5289 2012 5356 argilla
2035 5290 2151 5357 ejus
2169 5289 2268 5343 fuit
2295 5290 2345 5341 in

805 5358 1010 5409 Atla-no
1046 5359 1392 5419 conditionis,
1430 5369 1484 5410 ut
1517 5374 1630 5411 eam
1675 5357 1886 5410 tandem
1917 5359 2130 5411 dissolvi
2162 5373 2348 5411 neces-

805 5440 922 5478 sum
957 5425 1112 5490 foret,
1161 5437 1374 5494 propter
1413 5435 1593 5480 muttto
1643 5426 1990 5494 digladiantes
2042 5427 2180 5481 inter
2230 5441 2347 5481 sese

805 5494 1189 5546 elementorum
1227 5497 1532 5563 particulas,
1566 5511 1627 5549 ex
1663 5495 1858 5563 quibus
1890 5506 2165 5562 compacta
2187 5507 2342 5550 erat:

807 5563 919 5616 sive
946 5575 1002 5614 ut
1032 5563 1401 5618 Nazianzenus
1429 5574 1567 5618 orat.
1616 5565 1683 5617 42
1706 5605 1719 5628 ,
1756 5579 1871 5631 quae
1907 5566 1955 5617 in
1994 5563 2195 5618 Pascha
2229 5575 2342 5629 est,

806 5632 1065 5699 loquitur,
1093 5633 1328 5701 quodex
1372 5636 1562 5688 visibili
1613 5645 1658 5688 et
1705 5637 2078 5699 auteprodurta
2117 5635 2343 5688 materia

807 5712 1098 5765 constaret,
1128 5713 1184 5755 ut
1217 5713 1401 5756 contra
1446 5707 1662 5757 materia
1697 5705 1810 5766 ipsa
1838 5703 2065 5770 ἀόρατος
2089 5706 2182 5756 καὶ
2208 5706 2342 5756 ἀκα-

809 5775 1198 5843 τασκεύαστος,
1225 5783 1282 5825 ιιι
1318 5773 1390 5824 ait
1431 5773 1654 5843 Moyses.
1688 5773 1869 5843 Itaque
1898 5774 2208 5826 interiturus
2228 5775 2346 5841 qui-

808 5839 932 5894 dem
985 5851 1186 5898 natura:
1223 5839 1532 5899 conditione
1576 5846 1752 5898 homo.
1789 5842 1981 5897 Verum
2018 5858 2138 5899 cum
2189 5839 2347 5898 cccle-

2450 3727 2606 3796 σμὸν,
2641 3727 2699 3779 ὃν
2729 3727 3058 3792 αὑτεξουσῐῳ
3093 3726 3325 3779 πέπονθε
3360 3725 3578 3795 γνώμῃ.
3625 3723 3860 3776 Θανάτου
3903 3739 4011 3774 ow-

2452 3821 2681 3892 ματικοῧ
2742 3821 3138 3891 φιλανθρώπως
3190 3819 3487 3883 παιδεύσας
3540 3819 3742 3888 πληγῇ,
3783 3816 3872 3869 ἵνα
3930 3815 4008 3886 μὴ

2439 3981 2538 4033 stis
2601 3981 2800 4044 plastes
2848 3980 3097 4047 ﬁgmento
3136 3979 3260 4031 huic
3307 3993 3407 4031 suo
3461 3978 3710 4047 comitem
3769 3978 4008 4031 dedisset

2440 4049 2858 4103 intellectualem
2891 4046 3146 4104 animam.
3185 4049 3542 4100 vivificantem
3571 4046 3828 4106 amatum,
3865 4047 4008 4099 divi-

2441 4137 2568 4191 num
2602 4119 2972 4191 simulacrum,
3001 4119 3271 4191 actn_m_in
3309 4132 3369 4168 se
3402 4117 3518 4185 ipso
3549 4117 3837 4191 viventem,
3868 4117 4008 4191 sim-

2442 4190 2658 4256 plicem.
2684 4203 2897 4253 purum,
2923 4185 2981 4239 ae
3019 4187 3242 4253 proinde
3259 4197 3518 4238 aeternum
3545 4195 3597 4256 et
3623 4185 4004 4256 immortalem,

2444 4253 2682 4313 eamdem
2727 4258 2891 4311 etiam
2948 4257 3338 4323 perennitatem
3383 4253 3596 4323 corpori
3630 4253 3863 4323 gratuito
3913 4256 4011 4306 de-

2447 4329 2615 4380 navit.
2653 4326 2883 4378 Donavit
2915 4321 3127 4393 quidem
3170 4324 3424 4395 gratuito,
3470 4321 3561 4395 sed
3605 4321 4004 4395 revocabiliter,

2444 4397 2496 4451 id
2525 4407 2605 4450 est
2633 4397 2674 4448 si
2712 4399 2867 4447 inodo
2906 4392 3064 4448 homo
3100 4396 3150 4446 iu
3192 4393 3367 4447 ollicio
3399 4392 3453 4447 et
3499 4392 3799 4446 obedientia
3833 4393 4008 4460 Opili-

2443 4467 2523 4517 cis
2556 4466 2636 4517 sui
2672 4472 2957 4532 perstaret.
2989 4462 3121 4517 Cum
3149 4478 3275 4532 vero
3303 4463 3443 4532 illico
3467 4462 3729 4532 adversus
3751 4464 4004 4516 eumdem

2445 4531 2784 4592 debellas’set.
2828 4546 2856 4584 a
2892 4531 3260 4585 benevolentia
3301 4531 3443 4584 illius
3475 4531 3667 4584 cecidit
3702 4567 3718 4590 ,
3749 4539 3801 4582 et
3833 4541 4009 4582 auer-

2443 4604 2628 4657 nitatis
2675 4601 2953 4671 privilegio
2993 4611 3184 4653 exutus
3221 4609 3338 4671 Aest,
3390 4601 3606 4671 ipseque
3653 4599 3754 4671 sibi
3798 4598 4009 4653 funeris

2443 4675 2527 4726 sui
2562 4668 2724 4726 causa
2757 4668 2890 4732 fuit;
2935 4680 2994 4723 ut
3045 4682 3190 4723 recte
3220 4668 3516 4722 Paccianus
3553 4668 4010 4721 Barrliinonensis

2445 4743 2752 4808 episcopus.
2791 4741 3083 4804 Septimius
3111 4740 3273 4792 etiam
3311 4738 3531 4790 Florens
3581 4739 3633 4789 in
3668 4738 3765 4808 lib.
3799 4735 4004 4808 Coatra

2443 4805 2686 4871 Judwos,
2726 4809 3060 4861 homicidium
3091 4809 3145 4859 iu
3177 4823 3231 4859 se
3257 4808 3574 4859 commisisse
3605 4805 3740 4859 scite
3771 4808 3869 4859 ait.
3903 4805 4012 4857 Rc-

2446 4881 2619 4946 spexit
2664 4881 2769 4932 bue
2800 4877 2912 4932 Rex
2948 4879 3162 4943 sapiens
3194 4894 3208 4929 :
3240 4875 3465 4928 Justitia
3496 4875 3714 4946 (inquiti
3755 4887 4008 4940 perpetua

2444 4944 2517 5001 est
2549 4959 2594 5000 et
2622 4948 2955 5010 immortalis,
2982 4946 3246 5014 iajustitia
3289 4955 3462 4996 autem
3496 4944 3676 4996 mortis
3712 4948 4008 5014 estracqui-

2443 5018 2586 5081 sitio,
2624 5017 2770 5084 impii
2809 5017 3047 5068 manibus
3079 5025 3128 5067 et
3172 5015 3339 5067 verbis
3371 5015 3722 5084 accersierunt
3754 5013 3932 5076 illum,
3973 5028 4002 5066 a

2485 5103 2549 5141 uo
2595 5083 2710 5140 loco
2756 5085 3007 5152 vulgatus
3053 5083 3142 5136 ille
3185 5083 3424 5150 Apostoli
3480 5085 3545 5135 ad
3595 5083 3867 5152 Romanos
3923 5098 4003 5137 Vl.

2485 5103 2549 5141 uo
2595 5102 2710 5140 loco
2756 5102 3007 5152 vulgatus
3053 5102 3142 5136 me
3185 5102 3424 5150 Aposwtt
3480 5102 3545 5135 au
3596 5102 3867 5135 uounanos
3924 5102 4003 5137 Vl.

2443 5102 2703 5223 guamvis
2741 5163 2918 5208 autem
2967 5153 3348 5223 obpeccatum
3373 5151 3586 5223 ._inque
3616 5151 4006 5223 illiuspmnam

2445 5221 2592 5281 mors
2630 5225 2681 5277 in
2722 5223 2976 5278 mundum
3041 5222 3357 5284 intraverit,
3408 5221 3594 5273 habuit
3647 5221 4008 5274 nihilominus

2447 5297 2550 5348 hoc
2589 5294 2762 5362 ipsum
2799 5291 3158 5362 supplicium,
3198 5299 3380 5362 utpote
3415 5305 3443 5362 a
3495 5289 3882 5362 benignissimo
3921 5289 4009 5355 ju-

2451 5365 2566 5418 dice
2595 5359 2824 5424 illatum,
2848 5359 3143 5415 clementiae
3170 5370 3222 5412 et
3245 5359 3628 5412 misericordiae
3650 5372 3753 5409 non
3785 5371 4004 5421 parum.

2451 5433 2660 5486 Etenim
2700 5431 2744 5484 si
2778 5429 3110 5484 immortales
3140 5443 3404 5490 essemus,
3432 5425 3561 5495 quid
3593 5426 3748 5479 nobis
3781 5425 4010 5481 misera-

2453 5501 2654 5556 bilius?
2713 5499 2977 5570 Urgemur
3031 5497 3406 5570 incommodis,
3442 5495 3754 5570 “obruimur
3806 5495 4006 5562 malis,

2451 5571 2594 5625 nulla
2619 5570 2740 5636 vita
2766 5564 2920 5633 ratio,
2953 5567 3096 5620 nulla
3129 5582 3272 5634 pars,
3302 5581 3408 5619 non
3423 5567 3556 5636 dies,
3582 5580 3686 5618 non
3715 5564 4007 5636 ιιοιςδηιιοῃ

2454 5631 2714 5704 temporis
2762 5631 2914 5691 ictus
2943 5631 3221 5690 laboribus
3259 5631 3424 5689 vacat
3447 5673 3462 5695 ,
3505 5635 3668 5704 hique
3699 5631 3768 5704 ab
3800 5632 4009 5690 infelici

2455 5701 2682 5763 scrutinio
2717 5707 2955 5761 infelices
2991 5706 3212 5769 fructus,
3244 5705 3370 5773 quid
3416 5701 3592 5770 igitur
3619 5701 3804 5773 si_illis
3845 5711 4012 5773 aeter-

2456 5793 2580 5832 num
2647 5776 2906 5830 obnoxii?
2954 5773 3214 5839 Quocirca
3262 5771 3358 5842 ‘pie
3399 5783 3452 5826 et
3499 5787 3622 5826 vere
3651 5771 4012 5842 TheOpbanes

2457 5848 2650 5903 divina:
2693 5846 3073 5902 misericordiae
3113 5840 3297 5900 tribuit
3335 5843 3545 5906 generis
3581 5840 3751 5897 nostri
3802 5850 4012 5896 morta.
