4270 6488
735 462 840 525 355

1974 455 2356 517 NICOLAUS
2384 454 2750 514 CABASILA

3898 459 4000 519 356

736 572 874 628 visci
912 572 1070 637 solet,
1109 569 1796 639 incomprehensibilesque
1832 577 1949 623 tuas
2000 569 2306 623 miseratio-
2339 577 2384 632 Α
2415 586 2422 636 ι

2339 577 2384 632 Α
2415 568 2755 638 μνησίκακον
2789 564 3108 634 ἀγαθὸτητά
3148 581 3266 629 σου,
3308 565 3403 619 καὶ
3433 565 3558 630 τοὺς
3606 568 4003 639 ἁπερινοήτους

743 681 860 730 nes,
904 661 1356 732 superlaudabilis
1405 667 1458 714 et
1506 659 1902 729 supergloriose
1949 658 2194 723 Domine,
2226 657 2317 727 qui

736 769 1044 811 creaturam
1073 764 1214 806 tuam
1245 751 1570 820 corripiens,
1595 751 1787 805 deinde
1818 767 1979 804 sanas
2008 769 2022 804 :
2049 750 2319 816 Quoniam

739 865 843 902 non
867 845 1152 900 secundum
1184 851 1400 910 peccata
1444 853 1626 896 nostra
1660 842 1836 910 fecisti
1875 842 2044 902 nobis,
2077 841 2316 905 Domine,

739 957 900 1003 neque
939 939 1222 993 secundum
1257 937 1563 1001 iniquitates
1618 948 1824 989 nostra:
1871 936 2167 987 retribuisti
2229 950 2321 986 no-

740 1035 820 1086 bis
846 1035 886 1095 ι,
937 1031 1030 1084 sed
1068 1043 1311 1082 amorem
1347 1043 1473 1096 erga
1512 1027 1757 1080 homines
1803 1026 1947 1092 justo
1991 1025 2197 1094 judicio
2227 1033 2321 1078 tuo

738 1136 1065 1189 temperans,
1097 1121 1188 1173 iraa
1222 1130 1325 1173 tum
1348 1119 1486 1174 falce
1510 1128 1808 1182 contracta,
1839 1134 1938 1171 nos
1967 1133 2158 1171 rursus
2176 1117 2322 1170 velo-

741 1220 878 1270 citer
907 1214 1172 1281 propitius
1204 1225 1366 1280 atque
1394 1211 1658 1278 benignus
1693 1209 1980 1277 respexisti
2005 1249 2019 1272 ,
2044 1219 2097 1262 et
2132 1209 2324 1263 intole—

743 1305 989 1359 rabiliter
1022 1319 1121 1358 nos
1155 1305 1534 1370 depascentem
1571 1302 1829 1368 impetum
1875 1301 2170 1367 mortisque
2205 1300 2320 1368 pla-

744 1414 866 1467 gam
923 1396 1235 1457 cohibuisti,
1290 1395 1578 1461 increpans
1624 1409 1742 1444 eam
1778 1400 1833 1444 ut
1868 1406 2015 1443 mare
2046 1394 2320 1459 quondam

745 1499 800 1538 et
833 1495 1042 1539 ventos.
1075 1483 1199 1538 Ideo
1222 1497 1506 1551 precamur
1527 1492 1595 1546 te,
1622 1495 1654 1533 ο
1681 1480 1992 1534 misericors
2017 1489 2071 1532 et
2095 1480 2325 1548 benigne

749 1577 994 1640 Domine,
1031 1585 1089 1629 ut
1123 1590 1216 1628 eos
1244 1575 1336 1643 qui
1371 1572 1676 1640 θυι-περιιιί
1711 1572 1816 1625 vita
1881 1572 2153 1639 rebusque
2185 1581 2323 1624 tem-

751 1667 1006 1736 poram:is
1035 1666 1393 1734 emigrarunt,
1429 1665 1479 1717 in
1513 1663 1777 1717 relucenti
1814 1661 1935 1716 loco
1973 1663 2321 1731 requiescere

754 1761 957 1823 facias;
990 1757 1106 1811 loco
1138 1759 1356 1824 inquam
1394 1770 1632 1820 amoeno,
1667 1756 1785 1809 loco
1814 1769 2050 1824 pascua},
2090 1755 2205 1808 loco
2243 1768 2328 1807 re'

755 1850 1030 1915 leetionis,
1082 1864 1109 1900 a
1145 1864 1251 1916 quo
1284 1849 1435 1902 dolor
1469 1850 1642 1902 onmis
1668 1889 1682 1911 ,
1717 1849 1936 1902 tristitia
1985 1846 2329 1918 gemitusque

2424 679 2516 714 σου
2548 659 2868 729 οἰκτιρμοὺς
2896 658 3254 728 ὑπερύμνητε
3278 661 3372 711 καὶ
3403 659 3726 729 ὕπερένδοξε
3771 662 3948 730 Κύριε
3978 664 4007 712 ὁ

2424 752 2696 806 παιδεύων
2741 753 2801 804 τὸ
2862 749 3091 819 πλάσμα
3143 767 3237 802 σου
3277 750 3373 803 καὶ
3425 751 3588 803 πάλιν
3640 751 3893 820 ἰώμενος,
3923 753 4007 804 ὅτι

2426 848 2506 900 Οὐ
2532 847 2680 898 κατὰ
2712 844 2973 912 ἀνομίας
2998 842 3169 911 ἡμῶν
3192 844 3490 908 ἐποίησας
3517 843 3681 911 ἡμῖν,
3708 843 4004 904 Δέσποτα,

2424 939 2566 993 οὐδὲ
2629 936 2780 990 κατὰ
2837 937 2945 1000 τὰς
3001 938 3292 1004 ἁμαρτίας
3346 936 3516 1003 ἡμῶν
3573 936 4008 1001 ἀνταπέδωκας

2425 1030 2590 1097 ἡμῖν,
2649 1029 2782 1081 ἀλλὰ
2815 1030 2881 1096 τῇ
2909 1028 3282 1096 δικαιοκρισίᾳ
3316 1043 3409 1080 σου
3453 1027 3553 1095 τὴν
3592 1026 4009 1096 φιλανθρωπίαν

2427 1137 2520 1171 σου
2582 1119 3091 1188 συγκερασάμενος,
3128 1119 3221 1170 καὶ
3255 1116 3315 1168 τὸ
3365 1117 3635 1187 δρέπανον
3689 1117 3790 1184 τῆς
3836 1117 4011 1184 ὀργῆς

2425 1213 2775 1274 ἀναστείλας,
2815 1211 2973 1272 ἵλεως
3015 1211 3151 1277 ἡμῖν
3196 1208 3360 1260 πὰ-λιν
3411 1209 3619 1276 ταχέως
3661 1207 3879 1268 ἐπεῖδες
3913 1207 4013 1258 καὶ

2427 1305 2685 1374 εὐμενὴς,
2717 1307 2810 1356 καὶ
2862 1303 2961 1371 τὴν
2988 1303 3234 1372 ἀσχέτως
3276 1304 3586 1372 νεμομένην
3633 1303 3781 1372 ἡμᾶς
3829 1302 4013 1371 ὁρμὴν

2427 1400 2521 1450 καὶ
2554 1396 2782 1466 Θραῦσιν
2815 1395 3049 1464 ἔστησας
3088 1393 3182 1447 τοῦ
3225 1396 3479 1459 Θανάτου,
3508 1394 3846 1462 ἐπιτιμήσας
3871 1394 4010 1462 αὐτῇ

2429 1490 2612 1551 καθώς
2645 1507 2773 1542 ποτε
2802 1492 2867 1558 τῇ
2897 1489 3141 1559 θαλάσσῃ
3175 1491 3268 1542 καὶ
3298 1491 3409 1550 τοῖς
3444 1489 3689 1558 ἀνέμοις.
3720 1489 3812 1541 At?)
3842 1489 4017 1542 δυσω-

2430 1582 2642 1650 ποῦμέν
2674 1599 2754 1646 σε,
2785 1579 3130 1649 εῡσπὶαγχνε
3157 1582 3252 1634 καὶ
3281 1579 3634 1649 φιλάνθρωπε
3660 1581 3856 1650 Κύριε,
3887 1583 4016 1643 τοὺς

2433 1673 2531 1742 μὲν
2565 1673 2942 1742 μεταστάντας
2971 1668 3070 1722 τοῦ
3100 1671 3370 1738 παρόντος
3407 1669 3522 1739 βίου
3567 1670 3664 1722 καὶ
3693 1671 3802 1724 τῶν
3842 1688 4016 1742 προσ-

2432 1763 2647 1833 καίρων
2697 1762 3019 1814 ἀνάπαυσον
3068 1761 3124 1812 ὲν
3190 1760 3342 1826 τόπῳ
3396 1758 3686 1829 φωτεινῷ,
3739 1761 3797 1811 ὲν
3863 1761 4016 1831 τόπῳ

2431 1854 2660 1926 χλοερῷ,
2711 1855 2770 1906 ὲν
2821 1855 2973 1923 τόπῳ
3008 1853 3323 1921 ἀναψύξεως
3353 1891 3367 1915 ,
3419 1851 3548 1906 ἔνθα
3597 1852 3810 1922 ἀπέδρα
3864 1855 4017 1906 πᾶσα

747 1942 1048 2010 anlugiunt.
1081 1939 1240 1994 Ellice
1271 1941 1391 1994 illos
1427 1942 1696 2009 voluptate
1721 1956 1881 2008 quam
1910 1941 1962 1992 iu
1996 1917 2048 1994 te
2072 1940 2328 2007 capiant,
2363 1917 2402 1969 Β
2432 1979 2433 1986 η

2323 1982 2328 2001 .
2363 1917 2402 1969 Β
2432 1917 2621 2014 bonan,-
2648 1917 2804 2014 ’λύπη
2836 1917 3286 2012 καὶ-στεναγμός.
3325 1944 3432 1997 Καὶ
3453 1944 3552 2012 τῆς
3579 1946 3635 1996 ὲν
3671 1917 3754 1996 σοί
3785 1945 4009 2014 τρυφῆς

761 2045 817 2088 et
858 2035 1194 2088 beatitudine
1236 2035 1459 2102 dignos;
1505 2049 1602 2086 nos
1635 2049 1762 2085 vero
1795 2035 1886 2099 qui
1922 2034 2098 2086 adhuc
2139 2046 2327 2098 super-

752 2141 964 2188 sumus,
997 2126 1088 2193 qui
1129 2125 1358 2178 Stadium
1394 2124 1515 2177 vita:
1551 2125 1710 2192 hujus
1745 2125 2025 2178 doloribus
2065 2124 2328 2178 sententis

759 2217 1127 2286 percurrimus
1153 2258 1166 2280 ,
1201 2217 1445 2270 cottfnrtn
1487 2219 1685 2271 virtute
1723 2227 1824 2270 tum
1864 2218 2240 2281 fortitudinis,
2275 2226 2332 2269 ut

753 2310 966 2364 insidiis
994 2309 1190 2361 diaboli
1226 2309 1632 2375 ittsurgenlique
1686 2318 1869 2362 contra
1898 2324 1993 2363 nos
2016 2311 2329 2378 passionum

758 2401 1202 2466 exteriorumque
1245 2407 1600 2453 Ientationum
1641 2402 1916 2471 tyrannidi
1967 2416 2088 2454 cum
2119 2404 2330 2471 pallen-

761 2496 832 2548 tia
889 2505 940 2547 et
991 2493 1403 2559 lenganimitate
1453 2509 1715 2562 generose
1752 2494 2090 2559 resistamus,
2133 2502 2190 2546 ut
2237 2509 2333 2562 per

762 2586 1016 2638 invictam
1045 2596 1210 2652 atque
1239 2584 1636 2637 auxiliatricem
1669 2585 1950 2638 dexteram
1973 2592 2123 2637 tuam
2156 2585 2330 2637 victo-

765 2691 849 2729 res
873 2677 1063 2729 horum
1099 2675 1249 2738 facti,
1284 2676 1581 2728 elliciamur
1602 2677 1750 2745 digni
1778 2677 1932 2731 bonis
1964 2678 2331 2746 sempiternis,

765 2785 884 2836 qua:
925 2770 1239 2837 praaparasti
1265 2778 1389 2823 ante
1422 2770 1606 2823 mundi
1641 2771 2085 2826 consututionem
2113 2769 2337 2839 diligen-

768 2860 909 2912 libus
941 2868 1012 2922 te,
1055 2861 1308 2927 precibus
1338 2871 1500 2929 atque
1557 2862 1898 2917 orationibus
1947 2862 2336 2933 superbcnedi-

762 2961 863 3006 etze
895 2960 996 3003 tuae
1030 2950 1212 3004 Matris
1249 2951 1486 3004 Dominve
1514 2962 1713 3007 nostra
1744 2952 1983 3020 Deipara:
2009 2967 2333 3022 semperque

771 3040 1009 3108 Virginis
1047 3040 1229 3094 Mariae
1253 3083 1265 3107 ,
1305 3044 1656 3112 omniumque
1711 3056 1925 3099 tuorum
1978 3053 2333 3107 sanctorum,

763 3135 888 3201 quin
940 3134 1250 3187 benedictus
1320 3144 1373 3188 et
1419 3135 1684 3203 gloriosus
1737 3149 1796 3189 es
1850 3151 1973 3189 cum
2048 3135 2207 3189 Patre
2243 3146 2335 3190 tuo

2433 2039 2527 2091 καὶ
2570 2038 2980 2107 μακαριότητος
3028 2035 3370 2100 καταξίωσον
3396 2049 3410 2064 ⁸
3443 2035 3593 2104 ἡμᾶς
3643 2035 3700 2087 δὲ
3742 2036 3871 2097 τοὺς
3933 2035 4017 2088 ἔτι

2434 2130 2725 2201 περιόντας
2776 2128 2854 2197 τῷ
2909 2127 3008 2196 βίῳ
3038 2125 3235 2195 τούτῳ,
3275 2129 3371 2180 καὶ
3402 2126 3464 2178 τὸ
3513 2127 3730 2180 στάδιον
3784 2126 3885 2196 τῆς
3921 2144 4018 2179 πο-

2432 2222 2687 2274 λυςδύνου
2720 2219 2924 2288 ταύτης
2971 2217 3114 2287 ζωῆς
3151 2219 3463 2288 τρέχοντας,
3517 2218 3906 2286 ὲνδυνάμωσον
3937 2218 4018 2286 τῷ

2435 2315 2624 2381 κράτει
2657 2313 2754 2381 τῆς
2810 2313 2908 2380 σῆς
2963 2312 3172 2379 ίσχύος,
3211 2310 3400 2377 στῆναι
3438 2310 3701 2377 γενναίως
3734 2309 3869 2378 πρὸς
3917 2311 4019 2373 τὰς

2437 2405 2719 2476 μεθοδεέας
2739 2403 2835 2457 τοῦ
2867 2404 3139 2466 διαϐόλου,
3172 2402 3268 2455 καὶ
3289 2402 3388 2472 τὴν
3416 2402 3851 2472 ὲπεγειρομένην
3881 2403 4018 2471 ἡμῖν

2433 2501 2543 2551 τῶν
2576 2498 2762 2552 παθῶν
2801 2497 2897 2552 καὶ
2927 2498 3036 2551 τῶν
3079 2496 3278 2560 ἔξωθεν
3332 2496 3656 2563 πειρασμῶν
3699 2496 4017 2564 τυραννίδα,

2439 2591 2558 2660 μεθ’
2581 2591 2859 2660 ὑπομονῆς
2893 2591 2985 2643 καὶ
3028 2588 3436 2658 μακροθυμίας,
3460 2587 3609 2648 ὅπως
3644 2587 3866 2654 νικηταὶ
3886 2585 4018 2639 τού-

2433 2700 2542 2736 των
2575 2683 2854 2753 γενόμενοι
2885 2684 2949 2751 τῇ
3003 2682 3203 2751 ἀμάχῳ
3248 2681 3339 2733 καὶ
3381 2679 3651 2750 προμάχῳ
3702 2696 3796 2730 σου
3831 2678 4014 2750 δεξιᾷ,

2437 2774 2866 2842 καταξιωθῶμεν
2889 2773 2999 2826 τῶν
3027 2771 3260 2826 αἰωνίων
3287 2789 3379 2824 σου
3405 2770 3649 2838 ἀγαθῶν,
3686 2763 3760 2822 ὧν
3785 2770 3902 2839 ipso!
3911 2788 4021 2839 μα-

2439 2883 2536 2927 σας
2563 2864 2668 2934 πρὸ
2696 2863 3003 2932 καταῦολῆς
3032 2863 3237 2931 κόσμου
3267 2863 3379 2922 τοῖς
3404 2860 3663 2928 ἀγαπῶσί
3697 2877 3777 2924 σε,
3827 2860 4019 2926 εὐχαῖς

2437 2973 2497 3009 τε
2558 2956 2652 3008 καὶ
2685 2955 2917 3016 ἱκεσίαις
2954 2953 3054 3021 τῆς
3087 2952 3609 3022 ὑπερευλογημένης
3640 2968 3735 3003 σου
3788 2948 4015 3018 Μητρὸς

2438 3048 2738 3116 Δεσποίνης
2775 3045 2930 3115 ἡμῶν
2953 3045 3216 3097 Θεοτόκου
3239 3046 3332 3097 καὶ
3365 3043 3732 3112 ἁειπαρθένου
3771 3039 4018 3110 Μαρίας,

2440 3141 2533 3193 καὶ
2569 3138 2785 3191 πάντων
2820 3152 2913 3187 σου
2947 3135 3056 3188 τῶν
3085 3134 3280 3200 ἁγίων,
3308 3135 3391 3186 ὅτι
3422 3132 3712 3199 εὐλογητὸς
3745 3132 3840 3184 καὶ
3870 3129 4018 3182 δεδο-

776 3226 1020 3293 principii
1052 3236 1294 3295 experte,
1334 3228 1786 3298 sanctissimoque
1825 3231 1968 3283 bono
2014 3244 2076 3282 ac
2121 3229 2338 3282 viviﬁeo
2365 3267 2411 3329 Ο
2444 3231 2462 3294 ξ

2335 3253 2411 3329 ιο
2444 3229 2706 3298 ξασμένος
2747 3227 3014 3295 ὑπάρχεις
3055 3226 3154 3277 σὺν
3199 3225 3276 3294 τῷ
3300 3225 3523 3295 ἀνάρχῳ
3565 3242 3656 3277 σου
3698 3225 3889 3293 Πατρὶ,
3922 3221 4021 3274 καὶ

772 3327 864 3370 tuo
902 3317 1128 3386 Spiritu,
1162 3334 1304 3374 nunc
1341 3330 1396 3374 et
1438 3320 1491 3374 in
1523 3320 1718 3376 saecula
1763 3320 2108 3377 saeculorum.
2140 3321 2332 3376 Amen.

849 3546 869 3580 ¹
899 3549 1041 3604 Psal.
1075 3565 1170 3619 cu,
1206 3552 1290 3606 10.

771 3723 905 3777 ιιιὶπί
940 3721 1107 3792 divini
1152 3721 1362 3775 timoris
1394 3722 1588 3792 elogio,
1619 3726 1761 3791 quod
1793 3739 1860 3778 ex
1889 3723 2089 3776 Basilio
2127 3723 2344 3775 desum-

775 3796 884 3862 psit
913 3791 1183 3844 Maximus
1219 3791 1514 3863 monachus
1547 3810 1559 3843 :
1600 3793 1665 3847 Ut
1707 3796 1795 3863 qui
1827 3796 2014 3861 inﬁxos
2051 3793 2201 3844 habet
2231 3808 2347 3863 cor-

773 3865 886 3931 pori
910 3864 1102 3921 clavos,
1132 3864 1197 3912 ad
1224 3861 1423 3912 nullum
1453 3879 1578 3927 opus
1612 3875 1685 3916 est
1718 3861 1893 3931 aptus,
1923 3864 2058 3932 quod
2077 3862 2344 3915 doloribus

775 3945 917 3985 tutus
949 3941 1260 3998 occupetur;
1296 3934 1373 3984 sic
1399 3935 1488 4001 qui
1523 3944 1659 3986 metu
1691 3933 1900 3986 Domini
1925 3941 2210 3996 coercetur,
2242 3947 2344 3983 non

2442 3322 2521 3391 τῷ
2551 3321 2800 3388 παναγίῳ
2835 3319 2931 3371 καὶ
2960 3317 3148 3386 ἀγαθῷ
3174 3318 3267 3370 καὶ
3303 3316 3552 3386 ζωοποιῷ
3583 3333 3677 3368 σου
3712 3314 4019 3382 Πνεὺματι,

2439 3407 2535 3462 νῦν
2566 3407 2659 3461 καὶ
2679 3405 2766 3459 ἀεὶ
2797 3404 2894 3459 καὶ
2921 3406 3004 3466 είς
3027 3405 3150 3467 τοὺς
3175 3404 3379 3469 αίῶνας
3404 3405 3514 3458 τῶν
3542 3404 3778 3459 αἰώνων.
3819 3401 4023 3471 Ἀμήν.

2453 3726 2602 3778 oculo
2645 3733 2820 3777 utetur
2865 3724 2933 3774 ad
2986 3739 3047 3775 ea
3088 3737 3204 3790 qme
3245 3736 3345 3772 non
3400 3721 3610 3790 decent,
3667 3735 3771 3770 non
3830 3732 4025 3790 manus

2454 3796 2747 3848 admovebit
2797 3786 3109 3846 actionibus
3129 3791 3320 3855 t-ctitis,
3359 3789 3486 3841 nihil
3522 3790 3743 3857 denique
3782 3786 3864 3840 vel
3921 3787 4025 3838 tui-

2455 3867 2650 3918 nimum
2688 3865 2765 3918 vel
2791 3866 3080 3915 maximum
3116 3871 3300 3912 contra
3332 3860 3550 3927 officium
3580 3859 3845 3925 suscipiet.

785 4105 4024 4149 Μ

2042 4285 2215 4328 ANNO
2249 4282 2479 4329 ΒοΜιΝι
2519 4283 2742 4328 MCCCL.

1232 4469 2316 4654 NICOLAUS

2473 4457 3610 4649 CABASILA.

2126 4941 2670 5032 NOTITIA.

1704 5132 1922 5194 (FABRIG.
1943 5131 2100 5182 ΗΑῐιι.
2127 5130 2419 5182 Bibliotheca
2441 5135 2629 5196 erea,
2663 5139 2696 5181 ῐ.
2725 5136 2784 5194 Χ,
2815 5147 2862 5195 p.
2891 5133 2980 5182 159

862 5440 1118 5494 Nicotaus
1172 5437 1444 5496 Cabasila,
1477 5437 1577 5490 Nili
1615 5438 1882 5492 Cabasilm
1914 5437 2423 5498 Thessalonicensis
2458 5460 2522 5497 ex
2559 5445 2729 5498 fratre
2754 5459 2942 5515 nepos,
2965 5443 3336 5517 ejusdemque,
3373 5446 3613 5504 defuncti
3646 5449 3779 5514 vita,
3818 5451 3872 5506 in
3924 5470 4052 5509 tnu-

795 5542 924 5581 nere
982 5540 1267 5579 successor
1326 5524 1450 5578 fuit.
1507 5524 1639 5578 Cum
1692 5537 1882 5593 patruo
1932 5544 2072 5595 saepe
2128 5530 2386 5584 confundi
2444 5534 2601 5586 solet.
2655 5535 2864 5586 (llaruit
2918 5535 3065 5587 circa
3102 5549 3155 5588 a.
3194 5534 3354 5588 1550.
3402 5535 3644 5590 Primum
3677 5539 3898 5605 quidem
3947 5544 4050 5596 fuit

795 5614 977 5667 sacelli
1044 5615 1339 5681 imperi-alis
1393 5623 1635 5677 curator,
1697 5629 1804 5676 quo
1858 5630 2083 5668 munere
2142 5618 2492 5685 perfringens,
2533 5621 2730 5674 missus
2781 5630 2922 5674 esta
2977 5619 3208 5682 Joanne,
3255 5623 3567 5689 patriarcha
3618 5623 3936 5687 CPolitano,
3991 5645 4044 5682 a.

799 5704 928 5756 circ.
966 5702 1122 5767 1546,
1166 5703 1230 5755 ad
1267 5703 1705 5756 Cantacuzenum
1760 5704 1890 5770 imp.
1945 5713 2003 5756 ut
2036 5719 2159 5757 eum
2195 5706 2260 5757 ad
2309 5707 2598 5775 imperium
2641 5707 3018 5775 deponendum
3073 5708 3403 5774 adduceret;
3440 5725 3583 5765 anno
3616 5721 3795 5766 autem
3846 5715 3983 5769 1547
4019 5735 4047 5771 a

859 5856 930 5911 (tl
960 5857 1200 5926 Praeterea
1225 5855 1478 5926 Fabricius
1499 5857 1673 5926 eodem
1700 5863 1830 5906 torno
1856 5859 1912 5916 Χ,
1936 5874 2013 5920 pp.
2043 5860 2282 5926 2I0,__2ll,
2309 5864 2415 5921 231,
2449 5865 2555 5925 τῖε,
2581 5867 2669 5913 280
2693 5872 2744 5914 et
2771 5866 2860 5912 339.
2884 5867 3066 5914 indicat
3099 5867 3329 5917 bomilias
3360 5869 3422 5918 de
3463 5870 3606 5920 festis
3634 5871 3828 5922 Domini
3853 5879 3907 5922 et
3933 5889 4051 5925 san-

796 5927 981 5966 t'lorutn
1004 5932 1111 5977 quae
1144 5921 1192 5967 in
1215 5918 1464 5968 codicibus
1486 5932 1600 5968 mss.
1628 5920 1864 5971 hactenus
1900 5918 2052 5970 lutcnt
2071 5931 2120 5972 ct
2148 5918 2348 5975 Nicone
2369 5918 2602 5978 Cabasii-x
2623 5929 2814 5977 auctori
2850 5928 3179 5977 ascribuntur.
