4270 6488
798 431 903 495 363
1986 440 2252 499 NlCOLA
2268 438 2359 501 US
2400 439 2654 502 CABASI
2675 441 2822 503 LAS.
3936 452 4040 515 364

2533 595 2773 603 _—_—.__

2528 610 2876 621 —_O~—a
2888 613 3314 625 -—.-.-~---~
3334 620 3337 623 ν
3367 604 3482 627 -.-"
3494 605 3653 629 :‘-_V
3540 606 3577 611 .H
3606 608 3617 611 _
3669 609 3763 631 ..ο-ν
3741 609 3746 613 .
3770 620 3855 631 σαι-
3866 622 3975 632 *-
3993 608 4027 635 ἆ

1480 775 2253 930 NICOLAI
2352 745 3322 933 CABASlL/E

1219 1063 1398 1175 DE
1488 1066 1991 1180 DlVlNO
2057 1069 2657 1181 ALTARIS
2739 1068 3587 1186 SACBlFlClO.

1854 1297 2116 1356 (Gentiano
2147 1296 2364 1345 Herveto
2395 1296 2600 1345 Aurelio
2633 1298 2948 1360 interprete.)

2210 608 2501 619 ——-—_——.

1575 1612 1720 1696 AD
1799 1611 2434 1699 LECTOREM
2511 1611 3243 1704 ADMONITIO.

860 1972 937 2025 Ex
980 1974 1225 2039 plurimis
1274 1975 1336 2026 de
1379 1973 1639 2039 religione
1688 1984 1869 2026 nostra
1922 1974 2329 2034 controversiis,
2369 1988 2487 2037 qua:
2535 1986 2560 2020 τι
2610 1974 2988 2026 (⁷·ίιριὶιῗὲηιιιυιιο
3064 1976 3278 2043 capitali
3332 1977 3549 2029 humani
3610 1978 3824 2045 generis
3871 1979 3955 2030 lm-
3974 1988 4025 2031 te

793 2064 997 2111 nostris
1047 2062 1382 2124 temporibus
1410 2061 1659 2114 excitatae
1693 2068 1840 2119 sunt,
1879 2058 2019 2111 nulla
2070 2058 2259 2125 major,
2310 2060 2451 2111 nulla
2478 2060 2808 2116 Christiana:
2844 2063 3147 2129 reipublicre
3178 2065 3534 2132 perniciosior
3563 2081 3685 2119 esse
3718 2067 3927 2119 videtur
3958 2085 4020 2117 ea

791 2164 907 2213 qua}
941 2150 992 2201 in
1026 2149 1091 2203 iis
1121 2164 1241 2217 qua:
1272 2148 1337 2202 ad
1372 2149 1705 2202 sanctissimi
1744 2149 1950 2200 Domini
1983 2147 2151 2201 nostri
2187 2148 2430 2213 corporis
2456 2158 2507 2199 et
2537 2147 2810 2214 sanguinis
2855 2149 3166 2219 mysterium
3218 2152 3507 2217 pertinent,
3562 2167 3590 2205 a
3650 2155 4018 2220 receptissima

790 2236 1029 2289 numium
1068 2236 1299 2289 ﬁdelium
1334 2237 1685 2303 persuasione
1709 2236 1883 2289 aliena
1921 2234 2146 2287 invehit.
2173 2234 2305 2287 Cum
2337 2236 2477 2289 enim
2506 2236 2773 2304 pratcipua
2800 2245 2960 2303 atque
2989 2237 3122 2292 adeo
3154 2248 3263 2291 tota
3295 2240 3483 2293 salutis
3513 2252 3709 2293 nostra!
3732 2256 3876 2304 spes,
3901 2257 4021 2305 tum:

787 2334 847 2376 ut
876 2334 957 2377 est
980 2323 1316 2387 certissima,
1350 2322 1423 2375 ita
1461 2322 1729 2375 neminem
1763 2321 2065 2383 confundit,
2091 2336 2156 2374 ex
2186 2321 2288 2375 hoc
2324 2321 2573 2389 pendeat,
2607 2321 2651 2374 si
2681 2332 2729 2375 et
2762 2323 2965 2377 Christi
2999 2325 3239 2391 corpori,
3273 2335 3527 2397 tauquam
3561 2327 3799 2381 membra
3831 2328 4016 2396 capiti,

786 2413 1040 2464 uniantttr
1069 2420 1120 2463 et
1178 2412 1510 2464 uberrimum
1570 2411 1656 2478 qui
1692 2426 1754 2464 es
1792 2410 1907 2478 cjus
1951 2411 2202 2476 passione
2245 2410 2555 2478 percipitur,
2593 2408 2824 2463 fructum
2864 2410 3239 2479 decerpamus;
3270 2413 3361 2480 qui
3404 2413 3646 2466 alterutri
3677 2414 3879 2479 aliquid
3924 2416 4021 2468 de-

787 2500 971 2562 trahit,
1006 2507 1098 2551 aut
1122 2499 1185 2552 de
1211 2514 1274 2552 eo
1307 2500 1445 2551 male
1479 2498 1663 2552 sentit.
1699 2510 1749 2549 ιιι
1786 2513 1995 2553 summo
2046 2498 2257 2550 crimini
2300 2506 2383 2549 est
2439 2497 2611 2550 aﬂinis
2636 2536 2652 2559 ,
2703 2497 2773 2551 ila
2823 2497 2989 2550 etiam
3025 2498 3190 2551 exitio
3228 2499 3297 2551 sit
3332 2502 3634 2567 proximus,
3669 2501 3768 2553 nisi
3816 2502 4017 2569 resipi-

784 2596 921 2649 scat,
969 2599 1194 2638 necesse
1221 2596 1324 2639 est.
1360 2588 1536 2653 Atque
1575 2599 1761 2638 eorum
1794 2585 2011 2652 quidem
2049 2586 2139 2654 qui
2175 2586 2448 2639 hodicruis
2500 2584 2831 2652 temporibus
2878 2602 2905 2638 a
2960 2596 3219 2652 perpetuo
3262 2598 3316 2641 et
3370 2590 3529 2642 uu'uo
3580 2587 3833 2642 Ecclesia:
3878 2605 4013 2644 con-

782 2689 941 2726 SHIIS‘I
991 2687 1048 2726 se
1092 2673 1468 2740 sejunxeruut,
1518 2675 1582 2726 de
1619 2672 1720 2726 hac
1762 2688 1818 2727 re
1847 2675 2129 2726 sententiae
2161 2674 2211 2725 in
2263 2673 2395 2727 duas
2438 2690 2497 2729 sc
2548 2685 2728 2742 partes
2804 2676 3126 2729 diviserunt.
3176 2674 3651 2745 OEcolampadiani
3691 2679 3861 2742 enim,
3919 2695 4014 2733 seu

782 2760 1113 2831 Z'uiugliani,
1142 2771 1255 2825 aut,
1281 2769 1340 2814 ut
1365 2766 1522 2829 vulgo
1547 2776 1641 2830 per
1688 2761 2021 2828 antiphrasin
2047 2763 2319 2824 dicuntur,
2347 2761 2791 2824 Sacramentarii,
2815 2765 2955 2830 quod
2991 2776 3449 2818 sacramentorum
3474 2766 3720 2833 dignitati
3748 2776 4013 2834 quantum

787 2860 1008 2911 possunt
1041 2849 1351 2911 detrahunt,
1391 2850 1553 2916 idque
1597 2850 1698 2901 sibi
1735 2849 1878 2901 laudi
1931 2864 2053 2903 esse
2086 2850 2307 2913 ducunt,
2351 2850 2410 2912 ii,
2456 2854 2697 2920 inquam,
2730 2851 3199 2921 ()L'erdampadiani
3238 2866 3475 2908 veterem
3512 2854 3818 2921 Berengarii
3862 2871 4014 2906 erro-

784 2952 896 2991 rem
934 2949 1274 3000 revocantes,
1302 2938 1353 2990 in
1379 2938 1737 2991 Eucharisliae
1773 2950 2115 2991 sacramento
2144 2952 2263 2991 esse
2295 2948 2500 2991 tantum
2535 2945 2779 3007 corporis
2816 2951 2867 2992 et
2896 2940 3175 3007 sanguinis
3208 2942 3441 3005 signum,
3477 2957 3579 2993 non
3614 2953 3790 2994 autem
3826 2957 4011 2993 verum

781 3040 980 3095 corpus
1009 3036 1065 3079 et
1094 3027 1409 3095 sanguinem
1442 3035 1691 3079 asserunt
1732 3039 1745 3075 :
1793 3025 1939 3093 quod
1977 3035 2153 3079 autem
2188 3026 2277 3077 ﬁat
2310 3026 2472 3079 ullum
2508 3027 2558 3079 in
2598 3027 2755 3079 altari
2801 3028 3146 3092 sacriﬁcium,
3188 3027 3337 3079 nullo
3378 3044 3463 3077 mo
3489 3034 3534 3079 ὀ
3565 3028 3871 3080 admittunt.
3909 3026 4015 3080 Lu-

786 3114 997 3167 therani
1032 3125 1237 3177 autem,
1275 3132 1397 3169 cum
1434 3117 1484 3168 in
1522 3115 1627 3167 hoc
1660 3129 1782 3166 cum
1818 3113 2135 3166 orthodoxis
2163 3113 2421 3174 sentiant,
2458 3115 2597 3182 quod
2633 3114 2682 3167 in
2717 3116 2820 3168 hoc
2851 3126 3192 3169 sacramento
3234 3116 3305 3168 sit
3353 3130 3539 3168 verum
3589 3132 3784 3182 corpus
3814 3126 4016 3168 ctuo-

780 3206 898 3274 guis
930 3204 1160 3265 Christi,
1207 3213 1259 3256 et
1302 3206 1445 3270 quod
1493 3202 1545 3254 in
1594 3201 1752 3254 altari
1807 3211 2093 3268 peragatur
2125 3201 2472 3262 sacriﬁcium,
2506 3202 2555 3254 iu
2588 3217 2653 3255 eo
2684 3216 2871 3255 rursus
2902 3211 3033 3267 toto,
3076 3211 3131 3255 ut
3158 3204 3329 3267 aiunt,
3370 3203 3506 3257 cwlo
3536 3205 3812 3268 aberrant,
3848 3206 3993 3272 quod

783 3310 976 3361 panem
1014 3304 1068 3346 et
1103 3295 1281 3346 viuum
1316 3294 1474 3347 simul
1517 3309 1635 3344 cum
1672 3292 1871 3344 Christi
1906 3304 2133 3356 corpore
2174 3303 2455 3341 remanere
2488 3287 2833 3353 existimant;
2873 3302 2992 3341 cum
3028 3298 3239 3342 constet
3265 3329 3278 3351 ,
3318 3301 3447 3357 post
3502 3299 3977 3344 ('tlllSl'tl'DllOﬂQ‘I

780 3394 899 3447 quae
933 3396 1120 3446 panem
1154 3389 1206 3432 ct
1239 3380 1423 3431 vinum
1459 3380 1508 3430 iu
1540 3394 1737 3444 corpus
1774 3388 1828 3429 et
1881 3377 2195 3444 sanguinem
2236 3374 2520 3432 convertit,
2569 3372 2929 3441 symbolorum
2962 3389 3055 3427 seu
3087 3375 3366 3443 signorum
3394 3376 3539 3429 solas
3574 3391 3855 3430 nuntiauere
3887 3392 4013 3446 spe-

786 3470 914 3528 cies,
950 3481 1211 3519 conversa
1245 3466 1359 3533 jam
1392 3477 1443 3518 et
1476 3478 1676 3520 mutata
1711 3481 1898 3518 eorum
1928 3464 2251 3517 substantia.
2289 3460 2486 3514 Deinde
2522 3462 2665 3528 quod
2703 3462 2876 3513 solum
2912 3460 3085 3514 laudis
3113 3473 3166 3514 et
3195 3463 3489 3527 gratiarum
3524 3464 3751 3515 artiouis
3798 3467 4011 3518 sacriﬁ-

781 3555 925 3606 cium
964 3566 1082 3606 csso
1117 3562 1332 3618 putant,
1369 3569 1489 3604 cum
1526 3563 1717 3615 praeter
1747 3551 1957 3604 laudem
1993 3559 2043 3604 et
2084 3548 2381 3616 gratiarum
2417 3550 2708 3609 actionem,
2744 3550 2815 3601 sit
2847 3552 3008 3601 etiam
3046 3565 3228 3603 verum
3258 3561 3313 3602 et
3347 3552 3711 3616 expiatorium
3748 3567 3845 3618 pro
3877 3569 4011 3620 per-

782 3644 920 3696 catis
955 3641 1304 3694 sacriﬁcium.
1334 3642 1555 3695 Accedit
1583 3640 1671 3703 iis,
1704 3641 1842 3708 quod
1880 3654 1977 3690 nec
2012 3646 2323 3690 sanctorum
2358 3636 2410 3687 in
2442 3649 2506 3686 ro
2542 3637 2854 3699 memoriam
2881 3637 3014 3699 ﬁeri,
3047 3651 3143 3688 nec
3182 3652 3277 3700 pro
3294 3638 3557 3689 delum-tis
3585 3642 3749 3701 orari,
3784 3655 3882 3690 nec
3913 3656 4011 3706 pro

782 3727 893 3782 ullo
929 3728 1147 3781 homine
1196 3728 1449 3796 privatim
1480 3741 1671 3793 preces
1701 3728 1752 3777 in
1784 3740 1849 3779 eo
1884 3724 2030 3777 l'undi
2065 3724 2224 3775 velint
2258 3740 2271 3775 :
2304 3730 2353 3774 et
2402 3722 2521 3775 ideo
2566 3725 2965 3776 sanctissimum
3038 3723 3214 3777 Missa:
3278 3740 3563 3789 canonum,
3603 3737 3858 3792 tanquam
3895 3744 4008 3779 rem

781 3814 997 3880 impiam
1031 3825 1082 3867 et
1120 3814 1512 3867 cxsecrandam
1546 3813 1915 3869 detestantur,
1948 3811 2088 3876 quod
2118 3808 2378 3863 oll‘erendi
2427 3811 2688 3864 vocabulo
2718 3821 2920 3876 utatur,
2953 3824 3266 3865 sam-torum
3314 3814 3365 3865 iu
3403 3828 3465 3864 co
3499 3817 3757 3869 memoria
3793 3826 4007 3882 agatur,

782 3916 880 3969 pro
912 3903 1185 3963 defunctis
1222 3912 1272 3955 et
1310 3900 1600 3967 separatim
1639 3913 1735 3964 pro
1768 3896 1906 3950 vivis
1940 3897 2231 3962 aliquibus,
2263 3906 2318 3948 et
2351 3896 2417 3949 iis
2453 3899 2687 3950 maxime
2727 3914 2822 3965 pro
2854 3900 3049 3965 quibus
3076 3901 3221 3953 orati
3253 3899 3401 3967 jubet
3435 3899 3652 3962 Paulus,
3686 3909 3891 3954 orﬂur.
3925 3904 4006 3957 Ad

779 4004 966 4042 eorum
1000 3999 1183 4042 autem
1208 3986 1565 4041 conlutandos
1603 3998 1816 4038 errores
1878 3983 1969 4036 alii
2001 3984 2103 4036 alia
2134 4022 2150 4046 ,
2187 3991 2240 4035 ut
2274 3984 2564 4052 unicuique
2610 4000 2795 4038 eorum
2831 3989 3000 4055 magis
3028 3986 3286 4054 expedire
3314 3990 3483 4039 visum
3518 3998 3617 4047 cst,
3646 3989 3727 4040 via
3777 3990 4005 4057 ingreSsi

780 4084 907 4130 sunt
937 4089 950 4125 :
988 4074 1076 4125 alii
1112 4074 1256 4125 enim
1291 4072 1571 4138 productis
1601 4086 1769 4125 sacrae
1804 4069 2100 4138 Scriptura}
2144 4070 2487 4134 testimoniis,
2518 4072 2605 4123 alii
2636 4071 2941 4126 cllicacibus
2984 4076 3318 4140 argumentis
3350 4074 3644 4140 solidisque
3683 4076 4003 4138 rationibus,

781 4163 872 4216 alii
906 4160 1412 4229 antiquissimorum
1449 4174 1665 4227 quoque
1698 4167 1754 4214 et
1789 4157 2295 4226 probatissituorum
2329 4160 2609 4213 doctorum
2639 4163 3054 4214 auctoritatibus
3085 4166 3341 4213 adversus
3373 4177 3468 4214 eos
3490 4164 3858 4215 dt-tcttarttnt.
3896 4164 4007 4214 ilia-

781 4253 925 4303 xima
970 4258 1117 4301 certe
1147 4246 1307 4301 laude
1331 4262 1522 4301 omnes
1551 4248 1695 4313 digni
1738 4254 1883 4310 sunt,
1915 4246 2003 4311 qui
2038 4248 2240 4299 nostris
2267 4247 2595 4299 adversariis
2626 4246 2835 4315 (quidni
2876 4250 3020 4301 etaim
3068 4248 3407 4301 adversaries
3442 4264 3648 4312 vocem,
3684 4250 3775 4315 qui
3808 4248 4008 4315 cujus-

783 4337 1152 4400 modicuuque
1203 4334 1313 4388 sint
1340 4348 1525 4387 eorum
1560 4334 2000 4402 pr0lcstati0nes,
2036 4348 2131 4385 sua
2163 4344 2311 4385 certe
2343 4333 2529 4387 relicta
2561 4336 2792 4388 statione
2832 4337 3109 4389 nobiscum
3143 4337 3373 4403 amplius
3405 4351 3511 4388 non
3545 4340 3752 4402 stant?)
3785 4352 3876 4404 qui
3904 4349 4009 4392 oo-

780 4426 929 4481 stris.
958 4426 1196 4491 iuquam,
1225 4422 1549 4475 adversariis
1580 4422 1957 4484 ostenderunt,
1990 4435 2048 4473 se
2076 4436 2181 4473 non
2213 4420 2369 4473 modo
2398 4422 2479 4475 eis
2518 4422 2622 4474 ulla
2655 4438 2717 4476 ex
2750 4435 2899 4491 parte
2927 4425 3141 4484 cedere,
3178 4428 3271 4477 sed
3306 4426 3528 4478 veritate
3555 4436 3605 4476 ct
3646 4428 3853 4479 ratione
3881 4439 4011 4480 esse

780 4513 858 4563 eis
893 4511 1055 4563 etiam
1092 4510 1247 4577 longe
1280 4507 1611 4574 superiores.
1643 4507 1770 4560 Mihi
1801 4508 1865 4559 ad
1894 4522 2079 4560 eorum
2116 4506 2507 4573 reprimendum
2551 4520 2602 4560 et
2645 4509 2989 4578 frangendum
3020 4511 3327 4575 audaciam,
3356 4522 3732 4577 summamque
3762 4512 4006 4579 pervica-

781 4600 919 4651 ciam
951 4597 1170 4664 penitns
1200 4595 1605 4656 inﬁrmandam,
1640 4605 1694 4649 et
1728 4599 1791 4646 ad
1824 4596 2079 4664 p0pu|um
2112 4596 2164 4647 in
2202 4594 2305 4647 ﬁde
2333 4606 2387 4647 et
2414 4594 2595 4647 ofﬁcio
2626 4598 3037 4660 contiuendmn,
3087 4596 3219 4648 nihil
3269 4597 3463 4649 melius
3510 4606 3564 4649 et
3611 4598 3838 4650 validius
3880 4613 4007 4657 esse

787 4686 1025 4747 videtur,
1058 4698 1217 4750 quam
1257 4685 1299 4735 si
1332 4684 1544 4736 unicum
1585 4691 1637 4736 et
1670 4691 1990 4751 perpetuum
2028 4682 2266 4734 omnium
2303 4684 2565 4750 gentium,
2599 4700 2716 4752 qua?
2756 4684 2972 4737 Christo
3003 4697 3197 4739 nomen
3231 4684 3527 4746 dederunt,
3560 4683 3657 4735 hac
3689 4684 3739 4734 in
3777 4699 3835 4734 re
3869 4702 4003 4743 con-

782 4786 1004 4826 scnsmu
1043 4770 1322 4823 nobiseum
1358 4768 1540 4822 facere
1574 4770 1913 4822 ostemlatur.
1943 4766 2201 4830 Ouamtis
2231 4768 2374 4821 enim
2400 4769 2463 4822 ad
2497 4770 2827 4836 probandqu
2859 4770 2984 4838 quid
3020 4769 3072 4822 in
3117 4769 3182 4822 iis
3231 4783 3350 4837 quas
3390 4770 3456 4822 de
3489 4768 3592 4821 ﬁde
3639 4779 3694 4821 et
3740 4770 4003 4837 religione

779 4858 1099 4911 exoriuntur
1137 4856 1550 4916 controversiis,
1589 4854 1921 4922 sequendum
1963 4855 2055 4916 sit,
2079 4854 2201 4919 jure
2231 4855 2422 4911 debeat
2460 4859 2701 4912 suﬁicere
2731 4871 2931 4912 sancta:
2969 4859 3223 4912 Romana:
3255 4858 3508 4910 Ecclesia:
3534 4860 3846 4921 auctoritas,
3877 4874 4005 4927 ηυξ

783 4947 924 5013 quod
954 4960 981 4996 a
1010 4944 1136 4997 divo
1180 4940 1340 4994 Petro
1375 4944 1745 5009 apostolorum
1781 4942 2029 5009 principe
2060 4939 2372 5009 Christique
2402 4947 2608 4999 vicario
2641 4955 2725 4998 est
2776 4947 3052 5006 traditum,
3090 4955 3343 5013 perprttla
3393 4952 3470 4998 tot
3511 4944 3819 5012 pontiﬁcum
3860 4946 4007 4999 serie

782 5048 890 5085 uno
925 5043 972 5083 et
1011 5032 1196 5084 eodem
1231 5040 1415 5081 tenore
1446 5043 1662 5093 semper
1696 5029 1952 5092 servavit,
1977 5037 2032 5081 et
2058 5042 2087 5080 a
2118 5042 2246 5095 qua,
2281 5038 2533 5100 tanquam
2577 5050 2603 5084 a
2636 5035 2979 5086 sanctis~imo
3007 5044 3176 5086 totius
3202 5032 3352 5087 orbis
3376 5033 3620 5097 oraculo,
3652 5035 3719 5088 de
3751 5033 3909 5086 rebus
3935 5036 4002 5085 ad

781 5121 938 5172 ﬁdem
984 5117 1379 5185 pertinentibus
1408 5116 1449 5167 si
1480 5115 1586 5168 ulla
1623 5126 1809 5168 exorta
1853 5124 1996 5170 esset
2031 5114 2317 5180 dubitatio,
2346 5135 2600 5189 respousa
2649 5120 2701 5171 iu
2752 5118 3067 5172 hodiernum
3102 5133 3270 5185 usque
3296 5119 3436 5171 diem
3465 5120 3585 5171 data
3627 5130 3785 5181 sunt;
3817 5128 4003 5173 tamen

774 5211 1030 5278 quoniam
1069 5210 1258 5263 harum
1291 5221 1564 5260 sectarum
1599 5217 1871 5269 auctores,
1910 5222 2002 5259 sua
2043 5217 2151 5260 tum
2183 5209 2395 5261 demum
2429 5211 2643 5260 decreta
2689 5205 2842 5257 ﬁrma
2885 5216 2939 5259 ct
2983 5204 3194 5257 stabilia
3237 5206 3350 5257 lore
3380 5204 3775 5265 existimantes,
3818 5207 3860 5257 si
3912 5222 4006 5274 pe-

777 5294 913 5354 tram
943 5314 1042 5353 suo
1074 5300 1191 5352 loco
1225 5300 1539 5359 movissent,
1571 5311 1686 5348 eam
1724 5294 1923 5348 frustra
1954 5298 2191 5365 quidem,
2230 5302 2323 5348 sed
2357 5309 2550 5359 magno
2585 5302 2761 5345 tamen
2793 5301 2987 5343 eouatu
3027 5291 3354 5344 labefactare
3383 5294 3560 5343 conati
3586 5302 3733 5351 sunt,
3775 5303 4003 5344 externa

773 5389 935 5441 etiam
970 5401 1197 5441 evocare
1229 5384 1424 5437 auxilia
1472 5400 1577 5437 non
1617 5382 1779 5435 fuerit
1825 5384 2082 5445 alienum,
2132 5399 2234 5435 non
2270 5385 2409 5449 quod
2456 5399 2558 5434 non
2604 5382 2735 5435 Satis
2783 5395 2878 5448 per
2926 5394 2982 5430 se
3030 5379 3201 5446 possit
3230 5387 3377 5446 petra
3421 5392 3580 5445 super
3626 5387 3851 5446 petram,
3897 5378 4005 5432 hoc

773 5485 877 5539 est,
925 5487 1089 5541 supra
1130 5472 1401 5524 Christum
1441 5468 1686 5527 fundata,
1715 5464 1955 5519 omnium
1988 5470 2366 5523 haereticorum
2407 5470 2839 5536 quantiscunque
2869 5465 3056 5531 cupiis,
3091 5464 3224 5515 ducc
3249 5463 3490 5523 Christo,
3524 5465 3611 5530 qui
3646 5478 3766 5516 eam
3797 5463 3997 5520 funda-

772 5570 872 5625 vrt,
904 5561 1193 5619 resistere;
1229 5558 1320 5609 sed
1360 5566 1419 5609 ut
1450 5570 1570 5608 cum
1609 5558 1859 5605 universo
1908 5557 2109 5607 mundo
2149 5557 2365 5623 planum
2402 5556 2601 5608 lat-tum
2648 5555 2829 5616 luerit,
2866 5567 3053 5603 tutiues
3099 5552 3187 5616 qui
3232 5549 3430 5603 Christi
3464 5550 3621 5603 ﬁdem
3666 5552 3861 5619 ubique
3894 5560 4004 5605 ter-

776 5662 959 5701 rarum
992 5654 1369 5711 susceperunt,
1402 5652 1547 5696 recte
1577 5641 1852 5695 nobiscum
1885 5644 2121 5702 sentire;
2149 5653 2197 5695 et
2232 5643 2468 5697 itaet-criti
2500 5656 2613 5696 sate
2638 5640 2900 5693 vecordiae
2935 5632 3178 5689 morbum
3212 5646 3586 5703 agnoscentes,
3619 5638 3790 5690 donec
3818 5637 4006 5691 adhuc

769 5746 855 5790 est
886 5733 1163 5788 medicina:
1195 5732 1367 5791 locus,
1414 5730 1479 5781 ad
1529 5728 1788 5795 optimum
1825 5728 2122 5801 medicum,
2167 5743 2271 5780 nec
2301 5745 2364 5797 pe
2388 5728 2689 5788 Christum,
2728 5731 3088 5784 revertantur;
3118 5731 3171 5774 et
3199 5723 3286 5788 qui
3318 5723 3493 5790 primo
3519 5723 3733 5791 quidem
3777 5739 4004 5791 aspectu

768 5822 1156 5893 probalnhbus,
1195 5818 1288 5872 sei
1325 5831 1427 5869 non
1461 5816 1635 5867 minus
1686 5813 1966 5865 venenatis
1995 5824 2161 5882 Quam
2192 5816 2458 5879 futilibus,
2490 5816 2532 5867 si
2568 5823 2710 5867 recte
2742 5811 3133 5878 ponderentur,
3167 5821 3357 5861 eorum
3402 5809 3734 5877 argumentis
3757 5809 4007 5874 adducti,
