4270 6488
803 359 903 421 367
2016 356 2240 416 NiCOL
2263 356 2333 413 Ai
2382 354 2489 413 (Al

2382 353 2771 413 (ΛΒᾹΞΙΙΛΞ
3930 349 4035 412 368

808 476 955 524 lierct
992 469 1289 529 conversio,
1326 484 1428 521 non
1476 469 1624 522 ﬁeret
1654 471 1940 521 conversio
1970 471 2128 537 panis
2159 478 2282 521 ante
2316 470 2731 523 conversionem
2768 468 2898 522 vini.
2933 466 3065 521 Nam
3117 475 3237 536 post
3275 466 3555 533 utrins1ne
3603 466 4036 521 benedictionem

801 571 853 609 et
883 560 1207 617 orationem,
1238 557 1453 609 tandem
1491 557 1620 608 dicit
1671 557 1962 608 sacerdos:
2001 556 2215 609 Mutum
2253 556 2455 622 Spiritu
2489 566 2579 609 tuo
2617 566 2842 619 sancta;
2887 565 2943 608 ct
2976 565 3151 607 tamen
3208 556 3251 609 si
3296 570 3419 607 vrra
3452 564 3576 607 sunt
3605 569 3724 621 qua:
3758 555 3909 615 dicit,
3947 569 4038 618 pur

800 647 1105 697 orationem
1144 644 1442 695 sacerdotis
1476 642 1625 695 (ιρι-ει
1657 642 1883 695 muta'io
1916 652 2022 695 tam
2060 645 2214 710 panis
2245 658 2404 710 quam
2436 644 2544 696 vini
2575 646 2624 697 in
2656 659 2757 696 suo
2784 642 2995 697 ordine.
3034 642 3162 711 Ejus
3196 643 3379 709 itaque
3410 642 3680 708 expositio
3714 654 3812 695 nec
3848 656 4033 695 serum

804 735 934 785 satis
967 742 1263 793 constaret,
1295 745 1469 798 neque
1498 730 1702 783 Christi
1737 730 1858 783 ritui
1890 740 1945 783 et
1991 730 2165 783 ordini
2204 732 2548 785 consecratio
2596 731 2932 791 Graecorum,
2968 730 3012 784 si
3061 746 3121 784 ea
3156 741 3304 783 esset
3337 730 3627 797 eiusmodi,
3660 732 4035 797 responderet,

800 821 890 885 qui
928 822 1079 886 prius
1113 835 1263 871 suum
1289 832 1486 886 corpus
1518 832 1640 871 vere
1666 817 1920 878 confecit,
1944 816 2140 871 deinde
2164 819 2504 883 sanguinem,
2530 835 2635 872 non
2660 830 2889 887 utraque
2917 818 3101 871 simul.
3129 817 3419 871 Dicendum
3444 828 3522 869 est
3554 831 3682 884 ergo
3712 815 4029 869 Latinorum

800 919 853 959 et
903 907 1211 959 GI':I't‘ttI‘tlllt
1259 919 1378 957 esse
1424 913 1681 963 mentem.
1742 914 1799 955 ιιι
1846 905 2036 957 eodem
2078 906 2361 958 veritatem
2414 906 2844 960 Consecutionis
2889 903 3147 971 referant,
3188 903 3390 971 alioqui
3440 920 3622 958 sermo
3669 903 3873 957 Christi
3920 921 4026 960 non

799 1006 936 1047 esset
974 994 1175 1061 opifex,
1212 1002 1265 1043 ut
1298 997 1365 1043 ait
1397 992 1841 1058 Chrysnstomus,
1870 1008 2030 1059 quem
2059 994 2274 1059 quidem
2311 994 2525 1045 adducit
2559 992 2809 1047 Cabasila
2856 1002 3109 1061 tanquam
3143 1007 3254 1045 suae
3280 992 3519 1059 opiuiOni
3548 991 3905 1051 contrarium,
3938 1007 4037 1044 nec

800 1087 914 1150 ejus
970 1094 1147 1133 tantm
1208 1085 1513 1133 auctoritati
1554 1085 1603 1132 in
1644 1081 1895 1134 diluendo
1941 1083 2070 1135 satis
2105 1080 2253 1135 facit.
2293 1080 2423 1133 Nam
2465 1081 2606 1147 quod
2643 1081 2836 1133 attinet
2873 1082 2938 1132 ad
2989 1081 3092 1132 vim
3128 1080 3418 1132 verborum
3450 1095 3462 1131 :
3499 1077 3726 1129 Crescite
3753 1086 3801 1129 et
3837 1078 4037 1127 unim-

798 1170 1094 1230 plicmnini,
1124 1170 1319 1237 quibus
1357 1179 1411 1220 ιιι
1439 1169 1541 1221 alia
1575 1168 1842 1221 addantur
1902 1168 2217 1234 requiritur,
2270 1183 2462 1232 nempe
2508 1165 2933 1228 matrimonium,
2968 1165 3283 1218 alimentum
3337 1173 3390 1217 et
3417 1172 3656 1228 cretera;
3694 1164 3743 1215 id
3780 1166 3833 1216 ιιι
3872 1176 4035 1215 causa

799 1268 899 1317 ρςι,
936 1258 1078 1324 quod
1110 1271 1169 1308 ea
1199 1256 1261 1308 ad
1298 1256 1535 1309 futurum
1577 1253 1906 1313 referantur.
1936 1266 1987 1308 et
2015 1272 2132 1321 qua:
2167 1255 2607 1325 requirebantur,
2638 1253 2989 1307 includerent.
3026 1250 3122 1305 Hic
3150 1263 3357 1323 autem,
3386 1250 3631 1303 Christus
3659 1266 3839 1303 veram
3871 1259 3925 1300 et
3957 1264 4040 1300 re-

800 1348 910 1409 ipsa
946 1345 1328 1397 subsistentem
1377 1341 1459 1394 sui
1489 1340 1753 1409 {corporis
1803 1342 2147 1409 prtesentiam
2198 1341 2545 1410 significavit,
2578 1353 2632 1416 et
2664 1344 2735 1397 ita
2793 1355 2849 1396 ut
2886 1345 2999 1413 ipse
3027 1342 3174 1405 fecit,
3207 1342 3321 1396 ﬁeri
3361 1342 3547 1410 jussit,
3602 1351 3658 1392 ut
3707 1355 3887 1393 sermo
3920 1340 4040 1405 ejus

798 1430 1145 1483 esseteﬂicax
1180 1439 1235 1483 et
1253 1444 1487 1497 operans
1504 1443 1568 1481 eo
1592 1430 1707 1496 ipso
1725 1440 1997 1482 momento
2029 1430 2372 1496 quodicitur,
2400 1444 2506 1483 non
2539 1431 2753 1498 quando
2781 1429 2893 1499 jam
2933 1430 3173 1494 transiit,
3208 1441 3265 1483 ut
3297 1429 3508 1482 videtur
3534 1428 3737 1482 sentire
3763 1425 4035 1479 Calmsvln.

801 1516 906 1570 Nec
936 1519 1115 1570 obstat
1145 1516 1286 1583 quod
1318 1518 1371 1569 in
1403 1518 1562 1569 missa
1594 1517 1971 1585 Chrysnstomi
2020 1527 2073 1569 et
2115 1517 2319 1581 Basilii,
2365 1526 2485 1586 post
2518 1518 2874 1585 prolationem
2922 1520 3207 1573 verborum
3282 1516 3511 1581 Christi,
3556 1517 3685 1578 dicit
3735 1516 3993 1569 sacerdos
4025 1533 4037 1566 :

804 1603 923 1656 l-‘iat
958 1621 1171 1670 corpus,
1205 1605 1299 1671 ﬁat
1364 1605 1600 1672 sanguis,
1663 1614 1767 1655 etc.
1807 1602 1922 1657 Non
1958 1615 2040 1657 est
2085 1605 2226 1657 enim
2265 1604 2668 1674 intelligendum
2705 1616 2831 1660 tunc
2866 1606 3097 1673 primum
3149 1605 3261 1659 ﬁeri
3297 1604 3736 1665 conversionem,
3772 1618 3888 1669 qius
3914 1602 4031 1670 jam

798 1691 953 1755 paulo
984 1701 1109 1744 ante
1145 1693 1287 1743 laeta
1318 1703 1417 1756 est,
1449 1691 1545 1744 sed
1580 1700 1636 1744 ut
1671 1693 1992 1745 ostendatur
2032 1693 2174 1760 quod
2212 1694 2334 1746 licet
2369 1707 2549 1746 sermo
2575 1694 2772 1748 Christi
2825 1696 2877 1749 itt
2912 1710 3041 1749 voce
3088 1695 3384 1756 transierit,
3443 1704 3620 1747 tamen
3659 1701 3903 1746 remanet
3956 1692 4039 1742 cf-

797 1780 971 1831 fectus
999 1780 1252 1847 potentia:
1281 1778 1397 1845 ejus
1443 1778 1543 1831 sub
1574 1779 1834 1848 symbolis
1868 1795 1964 1831 seu
2003 1781 2287 1845 speciebus
2325 1780 2477 1848 panis
2506 1789 2559 1833 et
2594 1781 2727 1834 vini.
2781 1778 2989 1835 Similis
3034 1783 3226 1835 modus
3272 1781 3526 1850 loquendi
3560 1781 3840 1834 invenitur
3870 1778 4039 1833 Maeci

796 1866 1003 1933 quinto,
1036 1866 1098 1917 de
1134 1865 1359 1917 muliere
1415 1865 1676 1931 proﬂuvio
1707 1866 1985 1931 sanguinis
2022 1865 2316 1929 laborante,
2354 1881 2471 1935 quae
2500 1876 2847 1937 posteaquam
2900 1884 2928 1921 a
2953 1868 3171 1923 Christo
3198 1880 3384 1923 sanata
3415 1878 3497 1923 est
3525 1870 3648 1931 ﬁde,
3693 1876 3748 1922 et
3777 1869 3893 1935 ejus
3923 1870 4042 1919 lim-

798 1955 927 2005 [ιιὶςυ
980 1953 1281 2005 vesdmenli
1335 1963 1609 2014 contactu,
1649 1967 1677 2005 a
1729 1952 1945 2006 Christo
2008 1952 2353 2017 nihilominus
2406 1956 2575 2008 audiit
2632 1973 2646 2009 :
2705 1955 2833 2009 Esto
2881 1973 3011 2010 sana
3055 1974 3086 2010 a
3132 1956 3289 2026 plaga
3341 1967 3477 2019 tua;
3532 1971 3651 2024 qua:
3698 1964 3875 2009 tamen
3927 1957 4040 2020 jam

797 2050 985 2092 sanata
1018 2038 1213 2093 fuerat.
1252 2043 1356 2093 Sed
1398 2041 1497 2093 hoc
1525 2039 1705 2091 dicere
1742 2038 1914 2091 voluit
1952 2037 2223 2102 Christus,
2278 2050 2339 2094 ut
2382 2040 2504 2095 licet
2560 2052 2732 2098 tactus
2782 2044 3006 2098 ﬁmbriis
3037 2046 3357 2105 transiisset,
3410 2044 3636 2097 ell'ectus
3691 2054 3867 2096 tamen
3912 2044 4041 2098 inde

797 2139 1120 2181 consecutus
1152 2137 1545 2194 perseveraret.
1599 2126 1734 2179 Cum
1775 2128 1955 2191 itaque
2006 2126 2252 2181 Cabasila
2293 2127 2678 2197 interpretatur
2716 2134 2890 2185 locum
2941 2132 3087 2185 illum
3131 2135 3356 2187 canonis
3418 2132 3676 2185 Ecclesia:
3707 2131 3931 2192 Latin-y,
3969 2144 4039 2181 tta

798 2229 856 2269 ιιι
886 2235 984 2271 suo
1021 2220 1203 2271 sensui
1240 2227 1525 2287 congruat.
1558 2218 1608 2269 id
1641 2217 1867 2270 dissidet
1900 2217 1965 2269 ab
1996 2216 2352 2285 intelligentia
2383 2216 2693 2272 Latinorum
2732 2221 2820 2287 qui
2856 2220 2907 2272 id
2940 2220 3102 2275 aliter
3144 2222 3444 2290 accipiunt.
3483 2219 3613 2272 Nam
3646 2219 3890 2287 perferri.
3925 2221 4040 2267 sive

794 2322 1007 2359 sursum
1056 2307 1205 2373 feni,
1242 2306 1653 2373 interpretatur,
1689 2307 1908 2357 mutari.
1949 2304 2124 2359 Latini
2178 2314 2355 2359 autem
2403 2306 2709 2376 intelligunt
2758 2308 2941 2362 olierri
2990 2324 3086 2377 per
3138 2324 3331 2363 manus
3374 2307 3549 2362 sancti
3592 2308 3795 2375 Angeli,
3832 2306 4038 2359 ChriSti

795 2394 1027 2455 scilicet,
1060 2394 1151 2462 qui
1184 2404 1266 2446 est
1299 2393 1477 2460 magni
1517 2392 1728 2445 consilii
1762 2392 1999 2460 Angelus
2028 2409 2041 2457 ;
2085 2392 2165 2445 vel
2196 2394 2358 2446 etiam
2394 2395 2591 2461 angeli,
2632 2410 2723 2448 seu
2778 2394 3117 2465 angelorum.
3152 2397 3244 2465 qui
3300 2398 3583 2451 orationes
3609 2404 3662 2448 et
3691 2404 3811 2447 vota
3846 2406 4033 2447 nostra

799 2482 905 2533 lien
941 2480 1194 2543 offerunt,
1231 2492 1286 2533 ut
1322 2481 1515 2549 legitur
1560 2484 1610 2533 in
1643 2481 1777 2533 libro
1812 2480 2014 2543 'l‘obim,
2062 2491 2113 2534 et
2156 2482 2275 2535 Aet.
2316 2497 2369 2534 ιι.
2411 2479 2707 2545 Postremo,
2741 2484 2884 2550 quod
2927 2482 3058 2537 dicit
3102 2493 3225 2553 post
3268 2498 3574 2538 sermonem
3623 2482 3846 2545 Christi,
3900 2482 4039 2535 dona

797 2569 1005 2632 altaris,
1040 2584 1230 2635 panem
1259 2576 1314 2622 et
1348 2568 1533 2621 vinum
1571 2569 1749 2622 adhuc
1787 2570 1999 2627 vorari.
2032 2569 2082 2620 id
2115 2570 2330 2637 quidem
2367 2583 2551 2622 verum
2593 2578 2698 2633 est,
2732 2570 2797 2624 de
2847 2570 2974 2623 vino
3022 2580 3202 2625 autem
3242 2585 3346 2624 non
3380 2570 3565 2623 itidem
3604 2569 3857 2624 invenio:
3894 2568 4038 2621 calix

795 2657 937 2707 etiim
975 2666 1199 2708 vocatur
1234 2656 1286 2707 in
1319 2656 1479 2707 missa
1511 2654 1885 2723 Chrysostomi
1946 2666 1998 2709 et
2024 2655 2228 2708 Basilii.
2255 2656 2511 2721 Quamvis
2534 2668 2713 2711 autem
2747 2658 2797 2711 id
2827 2673 3013 2712 verum
3045 2666 3209 2723 esset,
3240 2657 3369 2712 nihil
3406 2667 3584 2711 tamen
3617 2658 3878 2719 obstaret,
3908 2671 4034 2708 cum

796 2759 882 2795 res
916 2745 964 2794 in
996 2757 1131 2810 quas
1162 2743 1279 2795 alia:
1311 2754 1730 2808 convertuntur,
1781 2746 1995 2799 soleant
2039 2743 2271 2797 retinere
2304 2746 2520 2798 nomina
2571 2760 2758 2798 earum
2818 2760 2935 2813 qua:
2968 2760 3241 2800 conversze
3274 2755 3402 2798 sunt
3430 2764 3444 2811 ;
3499 2756 3552 2799 ιιι
3584 2753 3730 2812 patet
3780 2744 3832 2796 in
3880 2746 4033 2811 virga

794 2830 981 2892 Musis.
1018 2841 1067 2885 et
1098 2846 1235 2900 aqua
1270 2833 1321 2884 in
1362 2832 1541 2885 viuum
1576 2848 1872 2896 conversa,
1912 2832 2068 2886 Joan.
2121 2847 2180 2885 ιι.
2216 2831 2330 2885 lmo
2364 2848 2490 2886 vero
2521 2835 2681 2888 edam
2716 2832 2891 2887 Latini
2932 2834 3198 2888 interdum
3243 2844 3440 2887 vocant
3488 2833 3671 2886 vinum
3713 2830 4039 2899 sanguinem

795 2920 1022 2971 Christi.
1056 2920 1146 2972 Ait
1173 2921 1315 2973 enim
1349 2930 1571 2974 sanctus
1611 2921 1935 2991 Cyprianus,
1973 2921 2065 2973 lib.
2112 2935 2172 2981 ll,
2226 2918 2425 2984 Ephes.
2463 2936 2561 2973 tu:
2603 2939 2620 2970 ι
2654 2920 2938 2985 Quomodo
2966 2930 3146 2974 autem
3198 2929 3464 2973 creatura:
3511 2921 3577 2971 de
3612 2928 3883 2981 creatura,
3915 2919 4043 2970 vitis

800 3025 997 3063 novum
1026 3014 1205 3064 vinum
1240 3028 1362 3065 cum
1402 3012 1623 3066 Christo
1674 3014 1723 3065 in
1759 3028 1924 3081 regno
1958 3010 2131 3064 Patris
2174 3004 2440 3071 bibemus,
2469 3009 2511 3061 si
2543 3009 2594 3060 in
2624 3007 2892 3061 sacriﬁcio
2924 3007 3016 3062 Dei
3066 3007 3243 3060 Patris
3289 3006 3473 3059 vinum
3510 3019 3614 3058 non
3645 3003 3924 3059 offerimus
3953 3005 3976 3055 ?
4017 3025 4033 3054 ι

800 3099 861 3151 Et
894 3100 1273 3169 Hieronymus,
1311 3116 1366 3169 q.
1401 3099 1456 3163 9.,
1488 3101 1554 3152 ad
1590 3099 1870 3153 lledibiam
1901 3118 1911 3151 :
1953 3118 1970 3150 ι
2008 3098 2167 3152 Panis
2199 3098 2295 3166 qui
2326 3099 2392 3151 de
2421 3100 2560 3155 casio
2594 3099 2881 3154 descendit
2930 3114 3128 3168 corpus
3163 3109 3247 3153 est
3304 3096 3539 3161 Domini,
3584 3104 3637 3151 et
3671 3096 3856 3149 vinum
3887 3096 4036 3163 quod

796 3192 1079 3260 discipulis
1104 3193 1273 3257 dedit,
1306 3193 1530 3260 sanguis
1559 3191 1704 3245 illius
1745 3201 1828 3243 est
1857 3191 1979 3244 novi
2008 3190 2365 3244 Testamenti.
2404 3207 2421 3239 ι
2464 3188 2586 3243 Haec
2617 3196 2798 3242 autem
2830 3203 2950 3255 quae
2984 3203 3013 3239 a
3042 3186 3200 3240 nobis
3230 3187 3370 3239 dicta
3403 3193 3551 3247 sunt,
3584 3187 3873 3238 conﬁrmat
3898 3201 4032 3236 con-

795 3283 981 3336 cilium
1021 3281 1416 3343 Flurentinum,
1448 3282 1591 3348 quod
1626 3280 1903 3334 Armeniis
1933 3278 2080 3337 dedit
2111 3277 2341 3332 formam
2377 3286 2432 3330 et
2458 3276 2616 3330 ritum
2651 3274 3007 3330 consecrandi
3042 3273 3299 3327 Ecclesiae
3332 3270 3539 3324 Latinae
3569 3289 3583 3323 :
3618 3285 3780 3339 quem
3816 3271 4036 3336 quidem

799 3378 1138 3439 receperunt,
1171 3369 1305 3439 ipsis
1338 3368 1543 3423 Graecis
1577 3382 1915 3435 nequaquam
1948 3363 2392 3420 reclamantibus.
2429 3363 2551 3417 ΙΙωο
2582 3365 2751 3416 visum
2780 3373 2863 3417 est
2897 3361 3209 3423 admonere,
3260 3374 3326 3413 ne
3354 3359 3477 3428 quis
3506 3358 3848 3412 existimaret
3872 3355 4027 3409 Grill-

796 3478 983 3515 corum
1014 3477 1254 3527 sensum,
1287 3462 1430 3531 quod
1465 3461 1531 3513 ad
1563 3461 1807 3527 corporis
1839 3468 1892 3512 et
1924 3456 2211 3525 sanguinis
2246 3452 2458 3509 Domini
2508 3451 2904 3505 coniectionem
2942 3449 3158 3509 attinet,
3189 3463 3219 3501 a
3250 3446 3564 3500 Latinorum
3599 3444 3891 3504 sententia,
3926 3445 4030 3497 hoc

795 3560 879 3604 est
912 3552 980 3603 ab
1004 3549 1258 3604 Ecclesiae
1289 3550 1538 3609 veritate.
1589 3549 1853 3601 dissidere
1883 3565 1894 3599 :
1928 3547 2072 3615 quod
2109 3553 2316 3610 posset
2365 3543 2595 3596 fortasse
2646 3538 2919 3606 quispiam
2967 3551 3031 3588 ex
3084 3534 3165 3588 his
3212 3534 3424 3588 duobus
3455 3533 3723 3601 capitibus
3756 3531 4041 3599 colligere.

801 3640 1006 3693 Czetera
1039 3649 1218 3693 autem
1253 3653 1374 3706 qua:
1400 3647 1523 3690 sunt
1555 3638 1608 3689 in
1640 3637 1738 3689 hoc
1767 3635 1972 3697 libello,
2008 3641 2138 3686 sunt
2166 3631 2455 3698 ejusmodi.
2501 3635 2559 3679 ut
2597 3626 2729 3679 nihil
2764 3624 2935 3692 magis
2984 3622 3129 3691 pium
3175 3636 3272 3675 nec
3309 3621 3481 3690 magis
3512 3619 3873 3706 christianum
3928 3619 4042 3672 dici

800 3736 888 3777 aut
921 3726 1045 3794 tingi
1080 3705 1283 3793 possit.
1303 3724 1371 3776 Ea
1405 3727 1609 3791 itaque,
1639 3722 1881 3775 studiose
1910 3721 2101 3784 lector,
2130 3719 2214 3772 fac
2244 3718 2413 3786 legas,
2439 3726 2493 3770 et
2515 3714 2651 3782 aequi
2680 3710 2915 3780 bonique
2965 3707 3218 3762 consulas
3244 3726 3258 3773 ;
3290 3718 3341 3762 et
3373 3708 3416 3762 si
3448 3708 3573 3777 quid
3603 3705 3864 3776 spiritalis
3890 3722 4045 3759 com-

798 3815 939 3866 modi
973 3829 1035 3865 ex
1072 3814 1150 3866 eis
1182 3812 1468 3880 percipias,
1508 3811 1612 3863 lien
1641 3808 1817 3863 omnis
1849 3809 1971 3861 boni
2005 3804 2212 3860 auctori
2245 3814 2299 3859 et
2332 3802 2507 3858 datori
2540 3816 2641 3870 age
2666 3800 2891 3868 gratias.
2920 3796 3048 3849 Vale
3078 3808 3133 3852 et
3172 3796 3372 3850 fruere.

949 3972 3879 4256 ΝΙΚΟΑλιίὂῖΤδῗΚΑΒΑΣΙΛΑ

2123 4313 2692 4403 ΕΡΜΗΝΕΙΑ

1344 4473 1682 4597 ΤΗΣ
1762 4466 2265 4603 ΘΕΙΑΣ
2328 4458 3483 4598 ΛΕΙΤΟΥΡΓΙΑΣ.

1507 4803 1627 4952 Ν
1641 4797 2272 4953 lCOLAl
2362 4789 3335 4948 CABASILXE

1754 5052 2247 5162 ΞΜ]ΙῖᾹὲ
2359 5043 3092 5162 LITURGIAE

1923 5241 2956 5336 IN'I‘ERPHETATIO.

2336 3946 4042 3981 βψ

834 3948 3638 3990 W

1473 5491 1622 5547 CAP.
1658 5492 1697 5546 I.
3084 5485 3159 5537 Kl

3084 5485 3335 5537 ΚΕΦᾹΛ.
3372 5480 3447 5537 Α’.

858 5586 996 5653 Quid
1016 5588 1116 5641 sibi
1154 5587 1262 5640 ruit
1305 5587 1361 5638 in
1389 5601 1594 5639 summa
1634 5584 1933 5636 universum
1968 5582 2308 5650 sacriﬁcium.

2128 5582 2308 5634 icium.
2717 5582 2774 5633 Τί
2798 5580 3090 5644 ,βούλεται
3125 5579 3391 5631 καθόλου
3418 5577 3814 5629 ὁλόχιιυστον.

872 5681 1083 5733 Sanctae
1158 5692 1437 5732 sacrorum
1518 5674 1897 5746 mysteriorum
1981 5672 2363 5725 celebrationis
2546 5670 2558 5684 '

2546 5668 2659 5736 Τῆς
2684 5669 2841 5734 ἁγίας
2872 5668 3095 5736 τελετῆς
3141 5666 3251 5718 τῶν
3307 5667 3466 5733 ιερῶν
3506 5664 3820 5734 μυστηρίων
3888 5664 4062 5730 ῑργον

802 5787 935 5842 opus
980 5785 1030 5827 et
1060 5772 1285 5827 cili-ctus
1328 5770 1547 5840 quidem
1583 5776 1664 5822 est
1712 5768 1974 5820 donorum
2014 5764 2066 5817 in
2117 5765 2353 5817 divinum
2474 5780 2488 5830 ε

2474 5760 2570 5830 μὲν
2610 5762 2640 5830 ἡ
2668 5760 2771 5813 τῶν
2804 5760 2992 5829 δώρων
3026 5761 3105 5822 εἰς
3136 5759 3194 5811 τὸ
3223 5757 3365 5810 θεῖςν
3390 5757 3544 5828 σῶμα
3575 5757 3667 5809 καὶ
3711 5750 3848 5822 αἷμα
3883 5773 4063 5824 μετα-
