4272 6446
266 420 387 488 393

1474 434 1872 493 Li'l‘URGl/E
1916 437 2341 497 EXPOSITIO.

3413 452 3512 507 3M

267 529 546 597 ευξὸμεθα
578 528 701 582 καθ’
734 530 761 581 ὃ
783 531 879 595 δεῖ,
908 532 1005 585 οὐκ
1034 532 1275 603 οἴδαμεν·
1311 554 1329 589 ι
1372 540 1465 589 καὶ
1498 541 1586 591 ἵνα
1616 542 1689 609 μὴ
1721 542 1846 611 βατ-

1964 550 2004 598 ω
2044 564 2174 615 pace
2210 564 2371 604 orare
2410 560 2642 619 oportet.
2688 552 2825 617 Quid
2857 568 2983 623 ergo
3018 565 3134 622 post
3176 557 3529 625 glorilicatin-

267 621 615 689 τολογῶμεν,
646 622 889 675 διδάσκει
911 625 1063 693 ἡμᾶς
1086 626 1121 679 ἃ
1144 626 1223 678 δεῖ
1252 632 1382 697 περὶ
1406 630 1504 695 τῆς
1559 632 1743 701 εὐχῆς
1769 636 1861 687 καὶ

270 710 495 778 πρῶτον
522 713 613 763 τὸν
646 715 845 782 τρόπον
876 716 955 768 ὅτι
990 718 1048 767 ὲν
1102 718 1295 787 εἰρήνῃ
1346 719 1624 789 εὔχεσθαι.
1680 724 1743 775 Τί
1770 720 1860 776 οὖν

270 802 420 869 μετά
452 803 553 870 τὴν
575 804 891 873 δοξολογίαν
915 806 1076 869 εὐθὺς
1102 809 1372 861 αἰτεῖσθαι
1394 810 1699 876 ἐκέλευσεν,
1733 816 1856 869 οὗτε

266 891 852 962 ἐξομολογησάμενους
897 898 1180 969 πρότερον,
1217 900 1339 953 οὔτε
1369 903 1862 975 εὐχαριστήσαντας

262 983 348 1053 τῷ
377 986 500 1056 Θεῷ
531 1005 545 1051 ;
583 987 707 1039 Ὀτι
738 989 793 1040 ὲν
854 990 933 1060 τῷ
961 993 1135 1042 εἰπεῖν
1164 994 1261 1060 τὴν
1324 994 1569 1064 εἰρήνην,
1638 999 1864 1052 κάκεῖνα

264 1076 626 1145 περιέλαϐεν,
691 1078 745 1129 εῐ
781 1096 865 1141 τις
918 1081 1134 1149 ἀληθῶς
1176 1083 1355 1136 ἐθέλει
1411 1089 1657 1141 σκοπεῖν.
1728 1088 1863 1140 Οὔτε

262 1168 381 1234 γὰρ
436 1170 463 1219 ὀ
498 1170 949 1239 ἀπαρεσκόμενος
987 1175 1100 1235 τοῖς
1137 1174 1524 1244 συμϐαίνουσιν
1556 1178 1699 1248 αῦτῷ
1727 1180 1864 1232 κατά

264 1255 364 1305 τὸν
400 1256 538 1324 βίον,
588 1259 824 1312 δύναται
870 1262 1100 1333 εἰρήνην
1128 1266 1184 1317 ἐν
1233 1266 1411 1335 ἐαυτῷ
1456 1267 1623 1335 ἔχειν,
1671 1269 1784 1321 ἀλλ’
1837 1272 1864 1322 ὁ

264 1347 576 1416 εὐγνώμων
617 1353 715 1403 καὶ
747 1354 805 1403 ὲν
832 1356 997 1406 παντὶ
1058 1356 1400 1426 εὐχαριστῶν
1433 1361 1573 1415 κατὰ
1623 1361 1718 1413 τὸν
1766 1360 1863 1413 τοῦ

263 1441 549 1507 μακαρίου
613 1441 824 1495 Παύλου
874 1445 1059 1514 νόμον
1095 1446 1217 1500 οὔτε
1250 1449 1278 1500 δ
1317 1450 1391 1518 μὴ
1436 1451 1674 1513 συνειδὸς
1727 1452 1865 1523 ἔχων

265 1527 537 1595 καθαρόν·
571 1534 813 1595 συνειδὸς
841 1534 897 1586 δὲ
923 1536 1163 1606 καθαρὸν
1207 1540 1377 1609 χωρὶς
1427 1541 1865 1614 ἑξομολογήσεως

262 1618 557 1687 ἀμήχανον
601 1616 767 1678 εἶναι.
810 1623 975 1678 Ὥστε
1006 1629 1154 1697 μετά
1196 1631 1417 1701 εἰρήνης
1441 1634 1753 1705 εὐχόμενος,
1778 1640 1865 1689 εύ-

264 1711 648 1778 χαριστοῦσαν
680 1716 774 1767 καὶ
806 1717 1317 1791 ὲξομολογουμένην
1349 1724 1612 1795 πρότερον
1630 1727 1750 1797 ἔσχε
1767 1730 1865 1800 τήν

262 1801 479 1870 ψυχήν.
515 1804 639 1857 Ἐτι
668 1806 726 1858 δὲ
774 1808 869 1860 καὶ
893 1811 1110 1879 αἴτησις
1164 1812 1233 1881 ήν
1268 1814 1567 1882 αἰτοῦνται,
1612 1819 1864 1889 εὐχαρισ-

1964 655 2087 693 ιιιιῐιι
2120 642 2303 694 statim
2346 641 2509 708 jussit
2548 654 2727 711 petere
2755 661 2849 700 eos
2892 647 2983 715 qui
3016 664 3188 715 neque
3218 652 3362 716 prius
3394 666 3526 705 cou-
3582 637 3591 647 ’

1964 728 2091 783 fessi
2133 738 2277 795 sunt,
2319 746 2495 798 neque
2528 732 2634 786 Deo
2663 737 2864 802 gratias
2916 739 3185 806 egerunt?
3216 740 3352 805 Quia
3404 744 3528 796 dunt

1970 835 2155 887 pacem
2188 822 2347 887 dixit,
2378 823 2464 876 illa
2496 824 2659 877 etiam
2701 828 3125 895 comprehendit,
3162 832 3202 883 si
3254 831 3373 899 quis
3410 835 3485 885 vel
3515 843 3534 886 t

1966 924 2154 965 exacte
2186 915 2528 968 considerare
2590 916 2771 983 Neque
2805 919 2947 971 enim
2993 920 3082 987 qui
3130 936 3233 973 non
3278 933 3357 975 cst
3399 938 3529 975 ροη-

1966 1010 2144 1055 tentus
2178 1003 2241 1055 iis
2290 1019 2407 1069 quae
2437 1006 2538 1058 sibi
2584 1007 2634 1057 in
2685 1006 2789 1059 vita
2847 1008 3120 1065 eveniunt.
3158 1018 3335 1076 potest
3376 1009 3426 1060 in
3473 1024 3532 1061 se

1968 1106 2150 1160 pacem
2200 1093 2418 1157 habere,
2466 1098 2554 1148 sed
2602 1098 2690 1164 qui
2726 1108 2807 1150 est
2852 1109 3035 1165 gratus
3069 1108 3120 1152 et
3181 1100 3232 1150 in
3280 1099 3529 1151 omnibus

1966 1186 2075 1255 agit
2108 1188 2335 1252 gratias,
2376 1198 2434 1241 ut
2476 1191 2773 1257 praescribit
2812 1192 2891 1244 l'ex
2928 1194 3067 1245 beati
3107 1192 3275 1255 Pauli,
3312 1208 3407 1245 nec
3436 1194 3526 1259 qui

1969 1293 2075 1330 non
2110 1278 2269 1331 habet
2314 1294 2502 1347 puram
2553 1280 2985 1345 conscientiam;
3036 1283 3145 1335 lieri
3204 1293 3381 1335 autem
3425 1297 3527 1333 non

1967 1377 2147 1435 potest
2182 1379 2236 1421 ut
2265 1372 2331 1423 sit
2362 1386 2495 1445 pura
2527 1371 2854 1424 conscientia
2891 1373 3007 1425 sine
3036 1372 3392 1426 c0nfessione.
3426 1370 3527 1436 Qui

1966 1472 2093 1526 ergo
2122 1469 2239 1511 orat
2267 1474 2387 1513 cum
2417 1475 2566 1528 pace,
2607 1463 2804 1529 gratias
2840 1474 3083 1532 agentem
3115 1472 3166 1515 et
3187 1462 3527 1517 confitentem

1968 1549 2112 1616 prius
2148 1549 2332 1603 habuit
2372 1552 2629 1606 animam.
2661 1554 2738 1606 Ad
2774 1556 2889 1607 haec
2926 1566 3108 1607 autem
3143 1557 3304 1608 etiam
3343 1554 3528 1620 petitio

1967 1656 2127 1709 quam
2168 1641 2395 1706 faciunt,
2445 1658 2537 1698 eos
2569 1655 2621 1698 et
2650 1648 2851 1714 gratias
2873 1656 3094 1715 agentes
3119 1656 3171 1700 et
3206 1646 3529 1707 conﬁtentes

1969 1735 2224 1788 ostendit.
2265 1732 2403 1799 Quid
2448 1736 2591 1791 enim
2651 1737 2881 1803 petunt?
2913 1738 3367 1791 misericordiam.
3407 1736 3527 1789 llaec

1968 1836 2145 1878 autem
2171 1836 2249 1880 est
2283 1828 2471 1896 petitio
2492 1843 2674 1881 eorum
2694 1830 2781 1897 qui
2818 1830 2892 1882 rei
2924 1839 3171 1897 aguntur,
3192 1830 3281 1895 qui
3315 1830 3528 1895 quando

259 1893 503 1958 τοῦντας
536 1898 629 1951 καί⁵
658 1898 1190 1969 ἑξομολογουμένους
1222 1906 1419 1969 αὐτοὺς
1445 1888 1765 1980 παρίστησι,
1793 1913 1846 1965 Tt

1964 1918 2107 1971 omni
2137 1917 2221 1971 sui
2262 1888 2577 1972 defendendi
2631 1888 2837 1973 ratione
2884 1888 3082 1983 ablata,
3135 1888 3265 1972 nihil
3306 1888 3527 1987 possunt

258 1987 378 2077 γὰρ
453 1986 772 2055 αἰτοῦνταις
828 1991 1143 2063 ἐλεηθῆναι.
1212 1995 1383 2049 Τοῦτο
1429 1998 1489 2052 δὲ
1550 2002 1846 2058 καταδίκων

1964 2010 2169 2063 discere
2207 2025 2313 2077 quo
2355 2024 2414 2064 se
2455 2010 2773 2077 justiﬁccnt,
2810 2021 2863 2064 et
2898 2026 3115 2065 causam
3151 2026 3305 2065 suam
3341 2020 3527 2062 tuean-

259 2076 678 2148 ἐστὶναῖτημα,
715 2081 765 2135 02
798 2085 927 2137 ὅταν
962 2086 1150 2139 πᾶσαν
1177 2088 1474 2157 ἀπολογίαν
1508 2098 1852 2165 περιῃρημέ-

259 2185 369 2231 νοι,
415 2171 696 2241 μηδεμίαν
735 2174 939 2244 ἔχωσιν
976 2177 1151 2229 εἰπεῖν
1199 2179 1591 2249 δικαιολογίαν,
1648 2186 1853 2256 ταύτην

255 2260 499 2329 ἔσχατον
528 2266 729 2333 ἀφιᾶσι
769 2268 869 2336 τὴν
908 2268 1091 2339 φωνὴν
1118 2270 1252 2340 πρὸς
1299 2272 1389 2325 τὸν
1441 2274 1720 2346 δικαστὴν,
1754 2281 1853 2333 οὐκ

260 2355 375 2407 ἀπὸ
404 2356 516 2443 τῶν
563 2359 814 2423 δικαίων,
839 2363 959 2415 ἀλλ’
992 2366 1101 2417 ἀπὸ
1150 2366 1249 2436 τῆς
1278 2369 1487 2421 ἐκείνου
1549 2372 1855 2443 φιλανθρω-

256 2448 420 2513 πίας,
470 2442 547 2502 ὦν
577 2451 789 2504 δέονται
836 2457 1020 2523 τυχεῖν
1078 2459 1507 2525 προσδοκῶντες.
1566 2462 1736 2517 Τοῦτο
1797 2464 1851 2517 δέ

256 2542 387 2591 ἐστι
444 2543 891 2611 μαρτυρούντων,
954 2548 1031 2615 τῷ
1074 2548 1174 2616 μὲν
1224 2549 1452 2621 δικαστῇ
1507 2556 1852 2625 χρηστότητα

263 2632 501 2703 πολλήνο
532 2636 753 2699 ἑαυτοῖς
769 2636 847 2703 δὲ,
868 2640 1157 2709 πονηρίαν·
1176 2634 1271 2707 ὧν,
1299 2645 1359 2712 τὸ
1389 2644 1486 2711 μὲν
1519 2644 1851 2717 ἐξομολογήο

267 2738 436 2785 σεως,
472 2724 616 2776 τὸδὲ
668 2728 1021 2798 εὐχαριστίας
1076 2732 1212 2783 ἐστί.
1256 2732 1630 2802 Προτρέπεται
1685 2736 1740 2788 δὲ
1794 2738 1851 2803 ἐξ

254 2816 440 2883 ἀρχῆς
473 2818 501 2868 ὁ
543 2818 721 2886 ἰερεῦς
768 2820 859 2873 τὸν
888 2820 1016 2873 λαὸν
1048 2825 1126 2884 είς
1179 2822 1275 2892 τὴν
1300 2824 1463 2895 εὐχὴν
1492 2832 1847 2895 τεταγμένος,

251 2910 353 2957 καὶ
390 2907 481 2959 διὰ
512 2910 672 2961 τοῦτο
699 2910 792 2963 τοῦ
829 2912 959 2965 λαοῦ
989 2915 1431 2986 προϐεϐλημένος
1460 2919 1642 2983 αὑτός·
1680 2921 1799 2974 ἀλλ’
1821 2924 1849 2973 ὁ

261 2998 392 3064 μὲν,
425 2998 502 3079 ῶς
536 3002 881 3073 πρεσίὴυτής
921 3004 1104 3057 αὐτῶν
1136 3006 1231 3059 καί⁵
1257 3006 1506 3077 μεσίτης,
1565 3010 1650 3063 ἵνα
1684 3012 1846 3065 αὑτοῦ

248 3090 446 3159 δέησις
484 3092 855 3164 ἐνεργουμένη
890 3096 1024 3149 πολὺ
1064 3098 1246 3169 ἰσχύῃ,
1280 3100 1581 3171 καθάπερό
1611 3105 1847 3157 ἀπόστο-

1961 2109 2067 2163 tur,
2114 2100 2252 2155 hanc
2277 2116 2457 2154 vocem
2484 2111 2759 2169 postremo
2779 2104 2843 2155 ad
2864 2101 3098 2171 judicetn
3126 2103 3396 2160 emittunt,
3420 2115 3523 2153 non

1952 2190 2104 2261 jure,
2144 2193 2239 2247 sed
2285 2208 2347 2247 ex
2391 2191 2509 2259 ejus
2569 2192 2854 2248 clementia
2901 2210 2964 2249 ca
3020 2193 3215 2261 quibus
3286 2194 3525 2262 indigent

1956 2286 2168 2353 assequi
2210 2296 2605 2354 exspectantes.
2657 2286 2771 2341 Hoc
2822 2297 3000 2342 autem
3051 2294 3134 2340 est
3185 2301 3371 2340 eorum
3430 2288 3521 2353 qui

1956 2374 2178 2428 multam
2222 2377 2439 2445 quidem
2483 2379 2679 2447 iudicis
2706 2394 2826 2433 esse
2860 2379 3247 2447 benignitatem
3307 2389 3360 2432 et
3414 2378 3523 2431 cle-

1956 2468 2254 2533 mentiam,
2313 2485 2560 2539 magnam
2614 2483 2797 2526 autem
2871 2487 2992 2526 esse
3063 2487 3213 2525 suum
3267 2471 3523 2540 improbi-

1957 2566 2120 2611 tatem
2199 2560 2498 2630 vitiumque
2553 2570 2838 2616 testantur.
2892 2562 3131 2628 Quorum
3211 2564 3312 2615 hoc
3387 2559 3523 2629 qui-

1952 2648 2072 2703 dem
2096 2659 2180 2704 est
2214 2635 2594 2714 εόιιῐοεείοιιὶε,
2618 2653 2742 2708 illud
2778 2668 2904 2707 vero
2933 2655 3228 2723 gratiarum
3266 2652 3519 2707 actionis.

1953 2738 2214 2796 llortatur
2242 2752 2422 2796 autem
2455 2744 2708 2800 sacerdos
2748 2746 2815 2799 ab
2841 2747 2991 2799 initio
3024 2746 3271 2814 populum
3305 2745 3370 2798 ad
3402 2759 3493 2798 ora

1954 2832 2175 2895 tionem,
2194 2842 2251 2886 ut
2270 2835 2358 2900 qui
2388 2834 2510 2888 talis
2538 2836 2609 2889 sit
2632 2836 2723 2904 qui
2744 2838 2806 2889 ad
2830 2837 3088 2891 orandum
3116 2847 3195 2890 est
3218 2838 3519 2896 ordinatus,

1951 2931 2005 2977 et
2044 2925 2162 2979 ideo
2201 2926 2271 2979 sit
2305 2926 2489 2995 populi
2540 2929 2846 2995 propositus
2888 2929 3217 2982 intercessor
3244 2940 3294 2980 et
3320 2928 3518 2980 media-

1953 3021 2055 3077 tor,
2099 3025 2155 3066 ut
2212 3016 2329 3084 ejus
2370 3030 2601 3085 operans
2654 3017 2827 3071 oratio
2884 3018 3108 3070 nmltum
3141 3018 3339 3079 valeat,
3377 3016 3521 3070 sicut

1949 3106 2086 3159 dixit
2114 3104 2347 3160 Iacobus
2370 3109 2666 3176 apostolus:
2698 3106 2970 3176 Operatur
2995 3109 3135 3161 enim
3159 3110 3333 3161 oratio
3371 3106 3517 3173 justi,

247 3181 347 3243 λος
406 3183 664 3247 Ἰάκωϐος
703 3183 878 3239 εἰπενο
934 3190 1243 3259 ἐνεργεῖται
1291 3193 1403 3261 γὰρ
1456 3195 1709 3266 ήδέησις
1753 3196 1846 3250 τοῦ

1964 3195 2166 3263 quando
2196 3196 2272 3248 illi
2325 3198 2486 3249 etiam
2540 3198 2765 3250 omnino
2788 3212 2885 3263 pro
2911 3198 3108 3264 quibus
3148 3210 3331 3264 preces
3363 3196 3516 3257 ﬁunt,

248 3275 493 3341 δικαίου,
519 3277 648 3329 ὅταν
689 3280 933 3333 κάκεῖνοι
963 3282 1167 3345 πάντες
1201 3283 1339 3355 ὑπὲρ
1365 3279 1438 3339 ὧν
1468 3287 1501 3357 ή
1540 3286 1745 3357 δέησις,
1778 3291 1849 3344 τὰ

248 3366 385 3434 παρ’
402 3367 628 3433 ⁵ἑαυτῶν
664 3370 998 3439 εἰσφέρωσιν
1047 3373 1284 3428 ἅπαντα·
1320 3378 1664 3447 χρηστότητα
1722 3381 1849 3448 τρό-

249 3473 395 3521 πων,
447 3458 639 3527 εὐχὰς,
676 3463 1001 3529 ἐπιείκειαν,
1059 3466 1155 3518 καὶ
1193 3467 1301 3536 ὅτῳ
1358 3467 1503 3537 ἄλλῳ
1546 3470 1693 3523 ἴσασι
1730 3473 1850 3540 χαί-

250 3566 423 3616 ροντα
456 3550 549 3603 τὸν
586 3552 743 3606 Θεὸν.
782 3554 846 3606 Τί
869 3556 928 3608 δὲ
963 3556 1026 3609 τὸ
1054 3559 1265 3628 αἴτημα
1309 3561 1370 3613 τὸ
1404 3562 1619 3631 πρῶτον
1648 3566 1797 3626 εὐθύ,
1830 3586 1845 3633 ;

255 3639 442 3711 Ὑπὲρ
495 3642 597 3711 τῆς
628 3644 837 3698 ἀνωθεν
871 3648 1118 3718 εἰρήνης,
1152 3652 1247 3705 καὶ
1282 3656 1383 3723 τῆς
1416 3656 1691 3728 σωτηρίας
1740 3660 1848 3713 τῶν

242 3730 443 3801 ψυχῶν
469 3734 648 3802 ήμῶνο
682 3735 898 3800 διδάξας
945 3739 1210 3811 πρότερον
1259 3743 1406 3806 ὅπως
1431 3745 1649 3815 ἔχοντας
1697 3747 1851 3819 εὔχεο

245 3826 377 3877 σθαι
418 3826 522 3889 δεῖ,
556 3827 650 3880 νῦν
675 3830 942 3899 διδάσκει,
979 3834 1072 3886 καὶ
1112 3834 1165 3886 τί
1197 3834 1280 3887 δεῖ
1310 3838 1525 3906 πρῶτον
1555 3842 1842 3896 αἰτεῖσθαι⁸

244 3918 473 3989 πρῶτον
500 3921 598 3987 τήν
653 3920 934 3989 βασιλείαν
982 3924 1077 3978 τοῦ
1108 3906 1266 3993 Θεοῦ,
1306 3930 1400 3983 καὶ
1440 3932 1539 4003 τὴν
1567 3934 1846 3987 δικαοσύ-

242 4019 347 4069 νην
390 4003 585 4054 αὑτοῦ·
620 4008 720 4075 τὴν
757 4008 854 4075 μὲν
885 4006 998 4077 γὰρ
1023 4009 1303 4078 βασιλείαν
1334 4014 1365 4082 ή
1392 4014 1500 4066 τῶν
1532 4015 1721 4085 ψυχῶν
1746 4036 1847 4071 σω-

242 4094 442 4163 τηρία,
481 4096 515 4165 ή
541 4094 599 4147 δὲ
627 4095 839 4150 ἀνωθεν
870 4098 1064 4171 εἰρήνη
1096 4102 1193 4171 τήν
1212 4102 1306 4156 τοῦ
1335 4103 1471 4158 Θεοῦ
1498 4107 1844 4179 δικαιοσύνην

243 4187 538 4255 σημαίνει·
571 4187 700 4256 περὶ
728 4182 794 4257 ἧς
825 4186 946 4241 εἰπε
977 4190 1211 4257 Παῦλος,
1250 4213 1269 4246 ι
1318 4195 1527 4266 Εἰρήνη
1557 4198 1650 4251 τοῦ
1677 4201 1837 4268 Θεοῦ,

238 4279 273 4346 ή
315 4277 673 4347 ὑπερέχουσα
728 4282 910 4336 πάντα
958 4281 1105 4347 νοῦν,
1140 4302 1160 4337 ι
1213 4287 1279 4356 ἦν
1306 4287 1333 4339 ὁ
1385 4288 1589 4359 Κύριος
1631 4293 1845 4362 ἀφῆκεν

238 4370 357 4429 τοῖς
386 4368 735 4434 ἀποστόλοις,
782 4372 1089 4426 ἀναϐαίνων
1140 4375 1276 4445 πρὸς
1310 4376 1398 4429 τὸν
1436 4380 1669 4450 Πατέρα.
1701 4403 1718 4434 ι
1755 4384 1843 4438 Εἰ-

239 4461 443 4529 ρήνην,
480 4460 674 4523 εἰπὼν,
694 4462 899 4533 ἀφίημι
934 4464 1084 4534 ὑμῖν,
1118 4469 1341 4539 εἰρήνην
1367 4470 1466 4539 τὴν
1496 4473 1633 4542 ἐμὴν
1649 4475 1840 4545 δίδωμι

1952 3302 2014 3341 ex
2088 3302 2145 3341 se
2177 3287 2356 3340 omnia
2408 3288 2758 3354 contulerint,
2804 3303 3011 3341 morum
3045 3288 3365 3348 bonitatem,
3400 3301 3521 3353 pre-

1953 3393 2043 3431 ccs
2080 3420 2093 3443 ,
2126 3378 2397 3432 lenitatem
2456 3389 2509 3431 et
2547 3380 2852 3447 :equitatem
2894 3420 2909 3440 ,
2946 3388 3001 3432 et
3038 3392 3361 3447 quocunque
3413 3378 3520 3430 alio

1951 3471 2129 3524 sciunt
2189 3470 2352 3523 Deum
2426 3468 2704 3524 delect'ari.
2778 3470 2907 3535 Quae
2969 3480 3050 3525 est
3089 3479 3266 3524 autem
3326 3484 3517 3524 eorum

1952 3562 2123 3630 prima
2164 3564 2410 3629 protinus
2462 3563 2685 3631 petitio?
2721 3561 2824 3616 Pro
2851 3578 3084 3630 superna
3112 3576 3262 3631 pace,
3320 3570 3375 3615 et
3433 3576 3521 3616 sa-

1951 3652 2061 3707 lute
2123 3654 2425 3706 animarum
2478 3662 2807 3709 nostrarum.
2856 3654 2991 3706 Cum
3051 3654 3199 3721 prius
3252 3653 3520 3706 docuisset

1950 3744 2219 3813 quomodo
2283 3757 2341 3797 se
2364 3734 2629 3797 habentes
2684 3757 2841 3797 orare
2909 3752 3142 3812 Oportet,
3187 3742 3518 3797 nuncetiam

1950 3835 2103 3887 docet
2156 3834 2285 3902 quid
2313 3834 2384 3889 sit
2436 3835 2671 3903 primum
2692 3834 3009 3903 petendum,
3045 3848 3277 3902 superna
3311 3833 3521 3887 scilicet

1950 3941 2075 3993 pax,
2118 3934 2178 3979 et
2231 3927 2535 3979 animarum
2600 3926 2767 3980 salus.
2806 3927 2877 3979 ita
2910 3926 3052 3979 enim
3082 3925 3247 3993 jussit
3265 3924 3517 3978 Christus

1948 4024 2132 4083 petere
2179 4015 2412 4083 primum
2464 4030 2685 4084 regnum
2742 4015 2832 4067 Dei
2882 4023 2935 4068 ct
2964 4014 3248 4083 justitiam.
3275 4012 3516 4084 Regnum

1947 4107 2092 4160 enim
2135 4106 2279 4161 salus
2325 4108 2672 4172 animarum;
2733 4121 2966 4175 superna
3028 4116 3207 4160 autem
3264 4120 3364 4174 pax
3423 4104 3517 4158 Dei

1942 4198 2205 4267 justitiam
2282 4198 2571 4266 signiﬁcat.
2606 4199 2681 4255 De
2731 4215 2837 4269 qua
2882 4200 3017 4253 dixit
3070 4198 3267 4253 Paulus
3302 4215 3314 4250 :
3354 4216 3372 4249 ι
3406 4195 3519 4252 Pax

1951 4290 2067 4355 Dei,
2099 4304 2219 4359 qua:
2248 4292 2615 4360 supereminet
2637 4307 2851 4345 onmem
2893 4299 3149 4353 mentem,
3178 4308 3196 4341 ι
3231 4304 3392 4358 quam
3415 4290 3520 4344 Do—

1946 4380 2126 4435 minus
2195 4381 2417 4449 reliquit
2466 4382 2773 4453 discipulis,
2824 4383 3124 4437 ascendens
3171 4384 3237 4436 ad
3268 4381 3514 4444 Patrem,

1951 4493 1971 4526 ί
2004 4473 2219 4538 Pacem,
2276 4476 2483 4538 dicens,
2514 4476 2757 4543 relinquo
2808 4476 2991 4540 vobis;
3018 4488 3205 4543 pacem
3233 4488 3408 4527 meam
3450 4488 3517 4525 σο

240 4552 434 4618 ὑμῖν.ο
474 4552 689 4621 Ὠσπερ
748 4555 854 4622 γὰρ
878 4554 940 4607 τὸ
971 4556 1144 4627 ὄνομα
1202 4563 1300 4629 τῆς
1344 4561 1691 4633 δικαιοσύνης
1722 4567 1841 4621 ἐκεῖ

1964 4566 2149 4619 vobis.»
2182 4564 2333 4620 Sicut
2384 4570 2527 4620 enim
2559 4568 2667 4621 illic
2710 4583 2905 4621 nomen
2934 4566 3181 4637 justitire,
3218 4580 3324 4619 non
3352 4566 3517 4636 signi-

237 4644 300 4694 οὐ
333 4645 436 4712 τὴν
472 4644 565 4695 τοῦ
591 4645 707 4696 ἴσου
737 4644 1000 4717 διανομήν
1028 4648 1282 4718 σημαίνει
1309 4652 1490 4719 μόνον,
1523 4654 1636 4706 ἀλλ’
1654 4656 1841 4720 ἁπλῶς

236 4736 447 4791 παντὸς
480 4733 682 4803 ἀρετῆς
720 4736 891 4799 εἴδους
930 4736 1227 4808 δηλωτικόν
1256 4744 1403 4795 ἐστιν
1434 4761 1447 4773 ·
1479 4746 1619 4798 οὕτω
1652 4747 1747 4803 καὶ
1783 4749 1842 4800 τὸ

130 4860 136 4864 .
234 4829 339 4895 τῆς
400 4828 627 4895 εἰρήνης
683 4828 942 4892 ἐνταῦθα,
1008 4831 1239 4884 καθόλου
1301 4834 1355 4886 τί
1408 4838 1542 4889 ἐστι·
1583 4838 1677 4890 καὶ
1732 4840 1839 4911 γάρ

239 4922 395 4971 ἐστιν
429 4919 662 4972 ἀπασῶν
712 4920 935 4987 ἀγαθῶν
970 4923 1103 4991 ὁμοῦ
1165 4924 1259 4978 καὶ
1293 4927 1468 4995 πάσης
1519 4928 1840 4999 φιλοσοφίας

237 5012 483 5078 καρπός·
520 5012 582 5061 οὐ
645 5013 757 5082 γὰρ
790 5013 938 5065 ἐστιν
969 5016 1195 5084 εἰρήνην
1262 5017 1475 5071 τελείαν
1534 5023 1839 5091 κτήσασθαι

234 5106 327 5156 τὸν
366 5105 567 5166 ἐνδεῶς
619 5103 813 5174 ἔχοντα
869 5107 996 5174 μιᾶς
1044 5123 1188 5169 τινος
1215 5108 1437 5178 ἀρετῆς·
1482 5112 1595 5164 ἀλλ’
1626 5113 1841 5185 ἀνάγκη

240 5198 335 5249 τὸν
368 5196 723 5266 εἰρηνεύσειν
755 5198 1027 5265 μέλλοντα
1061 5200 1152 5253 διὰ
1184 5203 1377 5255 πασῶν
1406 5205 1721 5272 ἀφικέσθαι.
1751 5211 1843 5265 Δεῖ

232 5292 418 5344 τοίνυν
440 5292 636 5343 ἀσκεῖν
663 5291 894 5353 ἑαυτοὺς
925 5293 1063 5356 ποὺς
1085 5295 1185 5363 τήν
1219 5297 1441 5365 εἰρήνην
1482 5298 1700 5367 πρῶτον
1729 5302 1842 5363 τοῖς

234 5384 554 5452 ἀνθρώποις
589 5384 843 5453 δυνατήν·
905 5382 1028 5438 εἶτα
1062 5387 1335 5439 αἰτεῖσθαι
1383 5388 1534 5458 παρά
1575 5390 1711 5443 Θεοῦ
1743 5391 1841 5462 τὴν

232 5475 404 5528 αὐτοῦ
458 5474 713 5544 εἰρήνην,
754 5476 1006 5547 καθάπερ
1061 5479 1157 5530 καὶ
1214 5480 1297 5547 ἐφ’
1332 5478 1577 5550 ἑκάστης
1639 5484 1840 5552 ἀρετῆς

231 5566 376 5634 ἔχει.
410 5564 576 5618 Ἐστι
617 5564 727 5635 γὰρ
754 5567 1079 5637 σωφροσύνη
1109 5568 1198 5622 διὰ
1226 5569 1513 5641 ἀσκήσεως
1553 5573 1836 5643 γινομένη,

232 5656 327 5707 καὶ
360 5653 483 5707 ἔστι
519 5654 849 5726 σωφροσύνη
880 5657 1034 5726 παρά
1062 5658 1198 5712 Θεοῦ
1242 5662 1309 5729 τῇ
1362 5659 1507 5730 ψυχῇ
1549 5661 1833 5733 διδομένη,

232 5750 326 5801 καὶ
348 5747 572 5815 ἀγάπη,
608 5751 704 5802 καὶ
727 5750 887 5819 εὐχὴ,
918 5752 1014 5804 καὶ
1036 5753 1219 5823 σοφία,
1257 5756 1352 5807 καὶ
1380 5757 1471 5808 ἐπὶ
1518 5757 1627 5808 τῶν
1657 5758 1836 5812 ἀλλων

230 5840 322 5893 τὸν
354 5840 524 5893 αύτὲν
548 5840 772 5909 τρόπον.
810 5844 905 5895 Διά
930 5843 1089 5897 τοῦτο
1118 5846 1211 5899 καὶ
1253 5846 1280 5899 ὁ
1331 5846 1508 5917 ἱερεὺς
1559 5850 1681 5920 περί
1733 5850 1834 5919 τῆς

492 5931 771 5998 Phaon.
810 5936 928 5996 Gn.
962 5937 1095 5996 CL.
1168 5930 1183 5945 ”

1949 4659 2076 4710 licat
2106 4658 2279 4711 solum
2340 4658 2459 4726 ejus
2499 4658 2641 4727 quod
2684 4672 2898 4727 aquum
2922 4666 3021 4721 est,
3046 4657 3510 4722 distributionem,

1949 4752 2041 4805 sed
2092 4752 2334 4806 absolute
2402 4766 2563 4805 omne
2619 4766 2791 4821 genus
2822 4752 3040 4805 virtutis
3075 4789 3091 4815 ,
3123 4750 3199 4803 ita
3224 4749 3309 4803 hic
3350 4751 3510 4803 etiam

1952 4860 2145 4897 nomen
2189 4845 2339 4915 pacis
2392 4854 2472 4899 est
2522 4845 2652 4912 quid
2703 4843 3052 4906 universale;
3108 4851 3193 4897 est
3224 4842 3369 4895 enim
3398 4856 3514 4894 om-

1950 4938 2097 4989 nium
2160 4937 2321 4991 simul
2385 4938 2643 4990 virtutum
2720 4945 2773 4989 et
2828 4936 3092 4989 universa:
3157 4933 3514 5002 philosophia:

1951 5022 2180 5078 fructus.
2232 5023 2415 5091 Neque
2458 5025 2600 5076 enim
2627 5022 2740 5076 ﬁeri
2772 5031 2944 5090 potest
2972 5034 3028 5075 ut
3053 5034 3238 5086 pacem
3276 5018 3511 5087 perfecte

1952 5114 2146 5167 habeat
2184 5154 2201 5179 ,
2229 5114 2312 5167 cui
2344 5116 2425 5167 vel
2482 5128 2585 5166 una
2643 5113 2818 5181 aliqua
2848 5112 3019 5164 virtus
3046 5109 3246 5174 deficit,
3278 5110 3371 5164 sed
3415 5124 3512 5163 ne-

1946 5216 2102 5255 cesse
2168 5211 2249 5256 est
2292 5242 2305 5262 .
2339 5211 2397 5254 ut
2424 5201 2512 5269 qui
2555 5207 2777 5269 pacatus
2826 5207 2911 5251 est
2939 5196 3171 5258 iuturus,
3204 5209 3297 5263 per
3326 5209 3515 5248 omnes

1949 5292 2125 5346 veniat
2155 5309 2171 5357 ;
2203 5300 2418 5360 oportet
2464 5305 2594 5356 ergo
2644 5290 2853 5356 seipsos
2882 5287 3118 5355 primum
3153 5298 3408 5338 exercere
3446 5284 3512 5336 ad

1950 5394 2131 5449 pacem
2174 5394 2290 5448 quae
2325 5386 2501 5447 potest
2549 5378 2733 5430 haberi
2792 5376 2860 5428 ab
2890 5372 3217 5435 hominibus,
3248 5370 3443 5426 deinde
3483 5389 3511 5422 a

1951 5470 2057 5521 Deo
2083 5476 2265 5537 petere
2325 5478 2475 5519 suam
2549 5477 2734 5530 pacem
2770 5500 2784 5526 ,
2822 5462 2961 5513 sicut
2991 5474 3049 5512 se
3082 5459 3241 5513 habet
3263 5460 3423 5510 etiam
3460 5459 3511 5510 in

1948 5570 2273 5625 unaquaque
2327 5554 2543 5608 virtute.
2600 5549 2693 5604 Est
2749 5550 2891 5601 enim
2950 5550 3325 5616 temperantia,
3392 5562 3510 5615 qua:

1948 5653 2166 5712 paratur
2186 5657 2279 5711 per
2300 5639 2767 5702 exercitationem,
2794 5647 2843 5691 et
2867 5648 2949 5691 est
2967 5637 3319 5705 temperantia
3338 5650 3456 5704 quae
3481 5651 3509 5688 a

1948 5727 2054 5789 Deo
2072 5734 2229 5788 datur
2253 5734 2468 5797 animae,
2498 5742 2551 5786 et
2574 5731 2831 5795 Charitas,
2860 5742 2912 5785 et
2934 5730 3127 5792 o‘ratio,
3148 5738 3200 5783 et
3222 5730 3510 5797 sapientia.

1945 5838 1998 5879 et
2038 5825 2089 5877 in
2117 5824 2237 5877 aliis
2280 5823 2468 5875 eodem
2520 5822 2696 5875 modo.
2750 5819 3037 5889 Propterea
3061 5822 3221 5885 etiam
3256 5819 3509 5873 sacerdos

2960 5933 3031 5992 13
