4272 6446
763 477 873 539 395

2033 468 2350 531 NICOLAI
2380 466 2768 526 CABASILJ!

3901 459 4014 524 396

755 594 820 643 de
872 601 1000 656 pace
1059 585 1144 640 illa
1197 586 1368 654 primo
1414 583 1648 653 loqnitur
1679 598 1796 651 qua:
1815 597 1896 637 cst
1930 585 1980 637 itt
2014 594 2197 638 uestra
2231 598 2323 650 po-
2354 585 2396 639 Α
2429 597 2442 630 ε

2354 585 2396 639 Α
2429 581 2654 648 εἰρήνης
2691 578 2906 646 ἐκείνης
2949 577 3168 648 πρώτης
3199 578 3329 645 ἡμῖν
3363 575 3669 643 διαλέγεται
3707 573 3804 642 τῆς
3835 572 3920 642 ἐφ’
3950 574 4015 642 ή-

756 693 970 744 tcstate,
1000 690 1053 733 et
1090 696 1118 733 a
1141 679 1294 731 nobis
1325 688 1472 731 recte
1498 677 1608 742 geri
1642 685 1694 729 et
1725 675 2100 730 administrari
2122 686 2323 743 potest:

752 785 802 826 et
843 789 963 826 cum
1004 788 1063 825 ea
1114 771 1268 838 jubet
1298 773 1362 824 ad
1398 770 1558 822 Deum
1592 768 1767 822 facere
1798 769 2097 829 orationes,
2129 767 2324 821 deinde

751 867 816 916 tle
842 878 904 915 ea
932 878 1050 931 quae
1095 877 1123 914 ει
1158 862 1265 915 Deo
1324 860 1504 925 datur,
1549 869 1602 913 et
1631 875 1730 930 pro
1759 873 1820 913 ea
1858 860 2123 921 hortatur,
2160 858 2322 911 Deum

751 970 906 1006 orare
935 995 948 1016 ,
989 953 1285 1016 «Oremus,
1333 952 1520 1005 dicens
1550 990 1564 1014 ,
1597 966 1691 1019 pro
1725 966 1958 1020 superna
1998 967 2149 1020 pace.
2184 969 2201 1000 ι
2225 948 2326 1001 Pa-

750 1062 866 1097 cem
906 1056 1086 1096 autem
1134 1042 1284 1102 dicit,
1329 1057 1429 1094 nou
1458 1057 1574 1094 eam
1615 1041 1781 1094 solam
1803 1055 1921 1110 qua:
1946 1051 2030 1094 cst
2065 1041 2205 1092 inter
2235 1039 2321 1090 iu-

749 1135 942 1190 vicem.
997 1130 1212 1199 quando
1251 1131 1380 1183 nulli
1445 1127 1582 1182 male
1615 1127 1881 1192 volumus,
1919 1143 2017 1181 nec
2047 1128 2208 1181 ullius
2233 1143 2322 1180 su-

749 1242 868 1276 mus
910 1222 1118 1292 injuriae
1156 1236 1443 1294 memores,
1467 1219 1559 1274 sed
1591 1235 1710 1273 eam
1740 1219 1900 1273 etiam
1942 1233 2061 1286 quae
2092 1228 2173 1272 est
2195 1233 2319 1288 erga

747 1332 845 1368 nos
866 1317 1030 1381 ipsos,
1063 1313 1275 1382 quando
1307 1317 1412 1379 cor,
1435 1321 1681 1364 nostrum
1720 1327 1826 1365 non
1853 1311 2177 1364 condemnat
2203 1328 2318 1367 uos.

747 1406 935 1474 Magna
998 1415 1078 1456 est
1143 1412 1324 1454 autem
1393 1401 1542 1469 pacis
1571 1402 1799 1467 utilitas,
1826 1402 1910 1456 vel
1943 1402 2118 1469 potius
2153 1419 2213 1457 ea
2238 1413 2320 1456 est

744 1497 961 1547 omnino
984 1494 1304 1547 necessaria.
1341 1492 1405 1546 Ut
1442 1491 1752 1560 perturbata
1793 1493 1936 1546 enim
1973 1511 2124 1549 meus
2194 1510 2316 1549 cum

749 1591 853 1638 Ileo
910 1587 1195 1639 conveniat
1225 1623 1239 1647 ,
1285 1583 1503 1636 minime
1563 1582 1675 1634 ﬁeri
1712 1593 1908 1650 potest;
1938 1584 2167 1651 primum
2200 1590 2318 1653 qui-

745 1682 887 1739 dem,
913 1689 1127 1743 propter
1152 1675 1760 1742 ipsamperturbationis
1795 1685 2061 1730 naturam.
2120 1678 2317 1742 Quem-

747 1769 1032 1822 admodum
1086 1769 1230 1819 enim
1254 1783 1352 1833 pax
1394 1768 1592 1820 multos
1623 1784 1784 1819 ttuuut
1828 1766 2027 1827 reddit,
2059 1768 2132 1821 ita
2150 1769 2314 1824 etiam

747 1859 1083 1923 perturbatio
1145 1873 1310 1910 unum
1369 1856 1532 1909 multa
1602 1857 1780 1908 emt-it.
1845 1855 2131 1921 Quomodo
2187 1873 2315 1928 ergo

2434 675 2545 741 μίν,
2574 671 2674 739 τῆς
2695 670 2963 740 ὐφ’ήμῶν
2994 669 3461 737 κατορθουμένης,
3509 668 3606 720 καὶ
3641 666 3780 736 μετά
3804 666 4012 734 ταύτης

2429 762 2638 815 κελεύει
2669 763 2769 823 τὰς
2816 761 2953 830 πρὸς
2981 763 3072 812 τὸν
3129 762 3262 813 Θεὸν
3295 759 3565 812 ποιεῖσθαι
3590 759 3826 827 δεήσειςο
3892 751 4012 808 εἶτα

2428 854 2558 924 περὶ
2587 853 2686 920 τῆς
2725 855 2788 906 ὲκ
2818 853 2952 905 Θεοῦ
2985 852 3289 921 διδομένης.
3317 852 3411 904 καὶ
3453 852 3658 919 ταύτης
3687 849 3852 901 ἕνεκα
3883 848 4009 916 δεη-

2426 943 2586 1012 θῆναι
2615 942 2706 994 τὸν
2731 942 2862 994 Θεὸν
2892 943 3169 1011 παραινεῖ,
3209 961 3228 992 ι
3262 940 3580 1011 Δεηθῶμεν,
3606 940 3803 1007 λέγων,
3858 939 4001 1007 ὑπὲρ

2423 1035 2522 1103 τῆς
2549 1033 2754 1086 ἀνωθεν
2803 1035 3022 1103 ἀρετῆς.
3060 1051 3077 1082 ι
3120 1034 3361 1102 Εἰρήνην
3396 1033 3568 1100 λέγει,
3630 1033 3688 1084 ού
3738 1031 3838 1100 τὴν
3869 1031 4011 1098 πρὸς

2422 1127 2683 1194 ἀλλήλους
2720 1127 2900 1196 μόνον,
2931 1128 3057 1178 ὅταν
3085 1127 3218 1196 πρὸς
3252 1126 3512 1194 ἀλλήλους
3543 1125 3620 1195 μὴ
3654 1123 4010 1194 μνησικακιῖ-

2427 1234 2544 1287 μεν·
2577 1217 2710 1270 ἀλλὰ
2733 1219 2824 1270 καὶ
2875 1218 2973 1287 τὴν
3006 1218 3142 1286 πρὸς
3195 1220 3344 1286 ἡμᾶς
3379 1217 3596 1278 αὐτούς·
3625 1217 3751 1268 ὅταν
3787 1217 3820 1285 ἡ
3867 1231 4010 1284 acap-

2421 1308 2508 1361 δία
2552 1310 2707 1378 ἡμῶν
2736 1310 2810 1378 μὴ
2845 1309 3231 1380 καταγινώσκῃ
3264 1311 3440 1379 ἡμῶν.
3472 1308 3612 1360 Πολὺ
3642 1307 3698 1359 δὲ
3727 1305 3786 1359 τὸ
3811 1305 4008 1372 δρελος

2420 1398 2625 1467 ταύτης
2653 1400 2751 1469 τῆς
2776 1401 3024 1470 εἰρήνης’
3069 1401 3269 1468 μᾶλλον
3293 1401 3348 1453 δὲ
3379 1400 3593 1470 ἀνάγκη
3653 1397 3856 1467 ταύτης
3906 1397 4010 1466 τῆς

2421 1492 2625 1561 ἀρετῆς
2654 1494 2788 1561 ἡμῖν
2820 1493 3123 1562 πανταχοῦο
3161 1494 3252 1544 τὸν
3282 1493 3390 1562 γὰρ
3432 1491 3831 1562 θορυϐούμενον
3853 1489 4004 1542 νοῦνο

2422 1582 2542 1652 Θεῷ
2601 1584 2876 1636 συνελθεῖν
2937 1585 3218 1646 παντελῶς
3252 1586 3531 1649 ἀδύνατον,
3584 1583 3652 1636 δι’
3687 1583 3860 1652 αὐτὴν
3906 1581 4006 1650 τὴν

2421 1675 2584 1743 φύσιν
2619 1675 2711 1728 τοῦ
2752 1674 3007 1744 θορύϐου.
3043 1676 3312 1747 Καθάπερ
3344 1676 3450 1743 γάρ
3493 1677 3525 1746 ἡ
3555 1676 3746 1744 εἰρήνη
3796 1691 4006 1726 παντα-

2418 1766 2512 1836 χοῦ
2541 1769 2666 1828 τοὺς
2695 1767 2923 1830 πολλοὺς
2955 1767 3050 1819 ἕνα
3076 1767 3340 1828 δείκνυσι,
3378 1767 3548 1828 οὕτως
3608 1767 3635 1817 ὁ
3666 1764 3893 1831 θόρυϐος
3915 1764 4006 1815 τὸν

2416 1858 2511 1908 ἕνα
2532 1857 2760 1919 πολλοὺς
2792 1860 2954 1911 ποιεῖ.
2989 1857 3111 1920 Πῶς
3129 1853 3223 1910 οὖν
3258 1858 3569 1927 ἐφαρμόσαι
3607 1857 3895 1926 δυνήσεται
3928 1854 4006 1923 τῷ

751 1950 995 2019 adoptari
1027 1959 1079 2004 ct
1118 1949 1405 2002 convenire
1447 1949 1644 2018 poterit
1712 1949 1801 2001 ttui
1836 1959 1888 2002 et
1919 1949 2148 2017 simplici
2174 1925 2318 2005 Deo?
2350 1925 2388 1978 Β
2419 1950 2438 2000 ὲ

2315 1955 2318 1974 ι
2350 1925 2388 1978 Β
2419 1950 2501 2001 ενι
2531 1949 2623 2001 καὶ
2655 1947 2811 2019 άπλῷ
2836 1947 2993 2018 ego;
3031 1949 3206 2002 ἔπειθ’
3234 1925 3316 2003 δτι
3371 1925 3496 2002 ωδε
3534 1948 3795 2015 εὔξασθαι
3837 1948 4002 2000 δύνα-

743 2041 1032 2109 Propterea
1088 2040 1233 2107 quod
1296 2055 1471 2109 neque
1520 2049 1668 2094 recte
1701 2054 1879 2105 orare,
1918 2055 2090 2108 neque
2115 2041 2315 2110 aliquid

742 2137 867 2188 boni
890 2150 952 2188 ex
978 2133 1223 2186 oratione
1252 2133 1506 2200 consequi
1529 2142 1725 2199 potest,
1759 2135 1848 2201 qui
1877 2143 1997 2186 orat
2019 2133 2136 2186 sine
2163 2147 2314 2200 pace.

745 2224 873 2278 Sive
934 2224 1077 2277 enim
1142 2223 1221 2275 ira
1255 2223 1522 2276 hominem
1553 2225 1855 2289 perturbat,
1879 2233 1932 2277 et
1967 2231 2202 2292 acceptae
2233 2223 2313 2277 itt-

736 2316 897 2384 jurite
947 2313 1204 2366 memoria
1259 2328 1442 2382 pacem
1475 2329 1537 2366 ex
1565 2315 1741 2365 anima
1772 2313 1955 2382 ejecit,
1999 2329 2098 2368 nec
2125 2328 2316 2382 pect-a-

744 2417 916 2458 torum
986 2404 1202 2470 quidem
1270 2404 1477 2455 veniam
1509 2402 1744 2455 inveniet
1788 2418 1850 2456 ex
1887 2404 2154 2467 oratione,
2201 2413 2316 2457 tau-

743 2511 856 2550 tttttt
925 2498 1071 2548 abest
1109 2505 1166 2547 ιιι
1211 2496 1368 2547 ullam
1427 2494 1588 2546 aliam
1626 2495 1856 2562 gratiam
1885 2505 2221 2565 assequatur.
2257 2501 2313 2552 Si

743 2589 866 2655 quis
897 2597 1239 2655 peccatorum
1274 2600 1496 2638 suorum
1551 2601 1711 2639 causa
1737 2602 1764 2638 a
1806 2587 2134 2642 conscientia
2177 2605 2314 2657 puu-

743 2680 906 2745 gitur,
946 2691 999 2732 et
1049 2681 1208 2731 habet
1270 2693 1365 2732 cor
1400 2679 1545 2747 quod
1586 2695 1705 2732 ctttn
1762 2689 2006 2746 accusat,
2034 2691 2088 2734 et
2110 2695 2169 2734 ea
2196 2697 2314 2750 per-

741 2769 1051 2822 turbatione
1077 2769 1332 2836 agitatur,
1384 2768 1530 2823 omni
1565 2770 1704 2838 apud
1737 2770 1899 2823 Deum
1935 2770 2183 2824 libertate
2203 2772 2314 2837 pri-

742 2875 898 2915 ν.ιιιιε
964 2871 1044 2915 est
1085 2902 1098 2924 ,
1128 2872 1181 2914 ut
1231 2863 1307 2914 ait
1343 2861 1579 2914 tlivinttm
1607 2861 1875 2931 eloquium
1910 2877 1924 2915 :
1959 2881 1975 2913 ι
1998 2864 2061 2915 Ει
2095 2865 2313 2932 quando

741 2964 882 3010 orat,
940 2953 1056 3005 sine
1115 2953 1363 3005 libertate
1415 2951 1648 3020 loquitur
1675 2990 1689 3013 ,
1729 2971 1745 3003 ι
1779 2954 1881 3007 hoc
1901 2961 2004 3017 est,
2037 2955 2152 3008 sine
2189 2953 2310 3007 tidc.

737 3044 842 3107 Qui
880 3054 1057 3095 autem
1112 3043 1228 3094 sine
1299 3021 1400 3094 [ide
1444 3050 1582 3104 orat,
1620 3042 1817 3095 frustra
1849 3053 1989 3106 orat,
2025 3056 2121 3094 nec
2153 3043 2312 3096 ullam

740 3157 803 3192 ex
870 3155 932 3192 eo
964 3139 1129 3192 sentit
1157 3137 1472 3190 utilitatem.
1501 3135 1796 3206 Propterea
1847 3137 2100 3205 iubentur
2147 3139 2310 3191 etiam

2416 2057 2509 2093 ται
2547 2038 2753 2103 καλῶς,
2795 2041 2913 2094 οὐδὲ
2948 2041 3252 2094 ἀπολαῦσαί
3299 2058 3351 2093 τι
3388 2041 3484 2110 τῆς
3540 2042 3706 2111 εὐχῆς
3752 2041 3935 2103 καλῶς
3975 2040 4004 2093 ὁ

2418 2133 2585 2200 χωρὶς
2615 2133 2838 2202 εἰρήνης
2892 2133 3208 2203 εἰχόμενος.
3247 2135 3369 2188 Elea
3416 2133 3525 2205 γὰρ
3551 2134 3691 2205 ὀργὴ
3730 2136 3997 2206 ταράττει

2415 2222 2507 2273 τὸν
2571 2222 2879 2292 ἄνθρωπον,
2935 2225 3030 2278 καὶ
3099 2225 3437 2294 μνησικακία
3491 2225 3588 2296 τὴν
3623 2227 3844 2296 εἰρήνην
3903 2225 4002 2296 τῆς

2415 2313 2591 2383 ψυχῆς
2624 2314 2895 2381 ἑξέδαλεν,
2930 2316 3050 2369 οὐδὲ
3084 2317 3376 2387 συγνώμην
3408 2318 3631 2388 εὑρήσει
3677 2319 3788 2371 τῶν
3815 2319 4003 2388 πλημ-

2420 2407 2745 2477 μελημάτων
2772 2407 2876 2460 ὑπὸ
2909 2409 3004 2478 τῆς
3029 2409 3213 2478 εὐχῆς,
3247 2410 3425 2480 πολλῷ
3458 2411 3658 2480 μᾶλλον
3683 2412 3800 2464 οὐδὲ
3832 2411 4000 2482 ἀλλην

2415 2500 2536 2551 τινὰ
2567 2499 2793 2569 λήψεται
2815 2501 3000 2571 χάριν.
3039 2503 3164 2554 Εἴτε
3192 2504 3610 2572 ἁμαρτημάτων
3641 2505 3843 2574 ἑτέρων
3888 2505 4002 2558 ἕνε-

2418 2608 2508 2652 κα,
2551 2592 2656 2644 ὑπὸ
2700 2592 2796 2644 τοῦ
2829 2593 3131 2654 συνειδότος
3165 2598 3459 2658 κεντείται,
3497 2599 3588 2647 καὶ
3618 2595 3714 2664 τὴν
3772 2597 4001 2665 καρδίαν

2415 2682 2526 2750 ἔχει
2591 2681 3102 2751 κατηγορουμένην,
3155 2685 3248 2735 καὶ
3313 2685 3500 2737 τοῦτον
3540 2685 3851 2756 θορυϐεῖται
3909 2687 4000 2740 τὸν

2415 2771 2663 2841 Θὸρυϐον,
2693 2773 2789 2840 τῆς
2824 2774 2958 2841 πρὶς
2981 2773 3069 2824 τὸν
3089 2772 3221 2825 Θεὸν
3249 2777 3427 2844 πάσης
3450 2777 3824 2847 ἀπεστέρηται
3853 2784 3998 2849 πτῤ-

2417 2862 2631 2930 ρησέας,
2666 2863 2806 2914 κατά
2844 2865 2904 2914 τὸ
2933 2863 3132 2931 λόγιον,
3192 2883 3210 2915 ι
3246 2867 3354 2919 Καὶ
3389 2868 3515 2919 ὅταν
3543 2867 3791 2939 εὔχηται,
3828 2874 3997 2940 χωρὶς

2416 2955 2725 3024 παρρησίας
2767 2954 3012 3024 εῦχεται,
3053 2957 3238 3009 »τοῦτ’
3262 2958 3402 3022 ἐστι,
3433 2963 3606 3030 χωρὶς
3638 2963 3893 3025 πίστεως.
3938 2965 3998 3015 '0

2413 3044 2467 3097 δὲ
2500 3046 2668 3114 χωρὶς
2722 3049 2961 3111 πίστεως
3015 3050 3325 3119 εὐχόμενος,
3363 3054 3540 3123 μάτην
3592 3055 3831 3125 εὔχεται,
3903 3060 3999 3110 καὶ

2415 3143 2492 3202 εἰς
2514 3142 2664 3193 οὐδὲν
2697 3142 2904 3210 ligulae.
2941 3146 3039 3197 Διά
3059 3145 3233 3198 ταῦτα
3285 3148 3642 3218 κελευόμεθα,
3711 3154 3805 3204 καὶ
3855 3155 3995 3221 μετὰ

742 3243 862 3281 eum
921 3243 1050 3294 pace
1095 3225 1260 3280 Deum
1301 3240 1480 3290 orare,
1513 3235 1568 3279 ct.
1604 3233 1728 3279 ante
1796 3227 1973 3279 omnia
2023 3241 2306 3294 supernum
2337 3255 2382 3314 ο
2422 3251 2429 3284 1

2304 3251 2306 3274 ι
2337 3255 2382 3314 c
2422 3232 2510 3302 τῆς
2547 3234 2769 3302 εἰρήνης
2795 3235 2886 3287 τοῦ
2918 3237 3052 3288 Θεοῦ
3080 3237 3308 3302 δεῖσθαι,
3372 3243 3465 3292 καὶ
3498 3242 3604 3312 πρὸ
3635 3244 3856 3296 πάντων
3887 3245 3991 3314 τὴν

738 3335 928 3385 pacem
977 3331 1197 3388 petere:
1235 3329 1422 3386 postea
1479 3324 1658 3371 autem
1710 3319 1873 3372 etiam
1909 3334 2006 3387 pro
2031 3322 2150 3373 aliis
2178 3320 2311 3374 libe-

741 3412 926 3465 raliter
961 3426 1145 3479 preces
1207 3410 1450 3472 fundere,
1476 3425 1582 3463 nou
1611 3410 1783 3462 solum
1834 3409 2107 3475 Ecclesize,
2133 3423 2184 3465 et
2213 3414 2310 3464 itu-

736 3505 915 3574 pcrio,
975 3515 1030 3557 et.
1090 3503 1368 3569 utriusque
1416 3501 1710 3571 prxuteetis,
1749 3501 1831 3555 vel
1870 3502 1932 3555 iis
1969 3503 2058 3570 qui
2097 3514 2218 3556 sunt
2256 3505 2309 3558 in

739 3595 1022 3661 periculis,
1074 3603 1128 3646 et
1151 3596 1313 3646 rebus
1374 3593 1623 3646 adversis
1657 3594 2059 3660 apprimuntur,
2091 3595 2184 3646 sed
2215 3610 2312 3662 pro

739 3687 993 3740 omnibus
1035 3685 1259 3739 omnino
1307 3684 1617 3740 hominibus
1671 3685 1934 3738 universae
1966 3695 2141 3739 terrm.
2177 3686 2310 3741 «ιντο

737 3789 871 3842 pace
898 3773 1044 3826 enim
1072 3813 1087 3837 ,
1122 3773 1316 3840 inquit,
1354 3773 1587 3824 universi
1621 3771 1840 3835 mundi;
1874 3789 1890 3821 ι
1925 3771 2158 3826 maxime
2191 3773 2310 3840 qui-

740 3864 884 3926 dem,
918 3864 1044 3932 quia
1086 3863 1264 3916 sciunt
1289 3878 1444 3916 suum
1473 3863 1758 3917 Dominum
1799 3879 1920 3919 esse
1963 3880 2305 3919 (‘Olltllltlnem

737 3956 977 4008 omnium
1042 3953 1350 4016 Dominum,
1407 3964 1462 4007 et
1497 3955 1637 4021 quod
1709 3955 1890 4006 omnia
1935 3953 1984 4008 ei
2011 3969 2154 4008 cura!
2183 3965 2309 4010 sunt

739 4051 993 4109 tauquam
1034 4056 1197 4107 Opera
1238 4055 1358 4094 sua:
1397 4051 1447 4093 et
1478 4041 1664 4107 siquis
1693 4055 1880 4093 eorum
1922 4055 2107 4093 curam
2131 4050 2305 4106 gerat,

734 4127 1074 4196 magis-cunt
1132 4125 1263 4177 colit
1304 4165 1318 4186 ,
1347 4141 1504 4194 quam
1549 4127 1598 4177 si
1627 4127 1674 4178 ei
1718 4126 2004 4180 sacriﬁcet.
2039 4126 2305 4181 Praterea

735 4228 938 4280 autem,
985 4228 1042 4270 ut
1098 4216 1260 4270 sentit
1307 4217 1497 4270 beatus
1527 4215 1746 4274 Paulus,
1780 4227 1830 4268 ιιι
1863 4233 1958 4271 nos
1990 4219 2090 4270 sub
2118 4231 2305 4272 eorum

739 4303 1128 4372 tranquillitate
1210 4306 1447 4372 quit-tatu
1507 4305 1672 4357 vitam
1736 4321 1981 4374 agamus,
2048 4309 2103 4361 in
2158 4310 2304 4362 omni

735 4397 956 4462 pietate,
985 4405 1038 4448 et
1077 4397 1376 4449 honestate.
1424 4395 1489 4450 Et
1522 4411 1628 4448 non
1664 4397 1836 4450 solum
1864 4413 1960 4465 pro
1985 4399 2050 4452 iis
2081 4414 2201 4467 qum
2237 4399 2304 4452 ad

737 4486 974 4539 animam
1010 4485 1298 4538 conferunt
1324 4525 1340 4548 ,
1373 4486 1465 4540 sed
1493 4487 1656 4539 etiam
1686 4503 1788 4556 pro
1831 4489 1986 4542 bonis
2013 4489 2300 4557 corporali-

737 4578 836 4629 bus
891 4575 1214 4627 necessariis
1277 4589 1498 4628 oramus
1534 4613 1549 4636 ,
1579 4574 1718 4629 bona
1763 4575 1909 4630 aeris
1951 4578 2212 4645 temperie
2253 4588 2307 4631 et
2341 4588 2382 4640 [ι
2408 4618 2424 4649 η

1173 4575 1214 4626 is
1277 4589 1498 4628 oramus
1534 4613 1549 4636 ,
1579 4574 1718 4629 bona
1763 4575 1909 4630 aeris
1951 4578 2212 4645 temperie
2253 4588 2307 4631 et
2341 4588 2382 4640 [ι
2408 4618 2518 4652 των
2550 4574 2860 4670 “gavia;

736 4664 1008 4715 fructuum
1054 4674 1212 4716 terra:
1247 4663 1543 4718 fertilitate.
1583 4665 1907 4720 Utsciamtts
1927 4669 2303 4722 osoeomnium

735 4764 1009 4804 auctorem
1053 4762 1108 4804 et
1136 4753 1594 4820 suppetlitatoreut
1649 4755 1841 4817 Deum,
1865 4764 1918 4808 et
1946 4756 2015 4809 ad
2039 4756 2185 4809 illum
2214 4771 2306 4812 so-

731 4842 843 4892 lum
869 4843 1244 4909 respiciamus,
1269 4845 1524 4911 quoniam
1552 4845 1713 4897 etiam
1758 4859 1948 4910 panem
1981 4846 2050 4900 ab
2086 4847 2202 4914 ipso
2219 4863 2307 4916 pe-

730 4935 1240 5003 ,tcrt-qttotidiantuu
1282 4952 1403 4989 cum
1437 4937 1558 4992 aliis
1588 4937 1749 5003 jussit
1787 4937 1900 5006 ipse
1933 4938 2201 4994 Christus.

1441 5138 1593 5192 CAP.
1623 5139 1761 5194 Xlil.

886 5228 1029 5290 Quid
1067 5227 1165 5278 sibi
1195 5229 1299 5278 vult
1322 5231 1690 5286 miscricorde
1719 5233 1905 5301 ubique
1929 5236 2129 5300 petilio.

799 5319 937 5371 Illud
957 5333 1167 5385 quoque
1188 5319 1533 5384 qumreudum
1573 5331 1674 5383 est,
1699 5338 1857 5390 quam
1884 5328 1950 5376 ob
1981 5341 2195 5378 causam
2227 5344 2312 5380 sa-

731 5409 925 5458 cct‘dos
966 5405 1179 5472 quidem
1230 5404 1384 5472 jubet
1415 5421 1574 5460 orare
1627 5425 1722 5477 pro
1759 5395 1942 5466 multis
1972 5421 2024 5467 ct
2058 5415 2306 5470 ditersis:

729 5499 1150 5548 circumstantes
1208 5505 1388 5547 autem
1447 5499 1630 5554 tideles
1664 5511 1853 5569 rogant
1896 5505 2066 5557 solum
2100 5508 2312 5560 miseri-

734 5589 974 5640 cordiam
1014 5626 1028 5649 ,
1070 5596 1122 5637 ct
1176 5601 1292 5638 eam
1361 5587 1529 5639 solum
1576 5591 1795 5644 omniuo
1829 5608 2007 5647 vocem
2032 5599 2096 5648 ad
2139 5596 2307 5651 Deum

732 5676 1004 5726 emittunt.
1064 5672 1302 5725 Primum
1367 5679 1587 5744 quidem
1651 5696 1750 5733 vox
1799 5682 2104 5750 ejusmodi,
2139 5702 2193 5742 ut
2228 5691 2310 5741 di-

731 5779 878 5819 ctum
907 5776 1009 5825 est,
1047 5766 1338 5832 gratiarum
1372 5770 1514 5821 actio
1560 5785 1641 5821 ent
1669 5783 1720 5822 et
1754 5777 2153 5831 confessionem
2176 5795 2305 5833 catt.

721 5856 886 5907 tinet.
916 5856 1112 5908 Deinde
1179 5869 1205 5904 a
1248 5852 1352 5907 Deo
1391 5869 1573 5925 petere
1608 5864 2054 5935 miscricordiam,
2079 5881 2158 5924 est
2187 5875 2303 5942 ejus

2416 3324 2619 3379 ἄνωθεν
2656 3327 2876 3397 εἰρήνην
2894 3330 3184 3382 αἰτεῖσθαι·
3215 3332 3353 3401 μετά
3375 3331 3439 3385 δὲ
3462 3334 3692 3400 τούτων,
3720 3337 3820 3389 καὶ
3850 3339 3994 3407 ὑπὲρ

2411 3415 2520 3466 τῶν
2548 3415 2722 3469 ἄλλων
2753 3417 3071 3485 φιλαγάθως
3093 3421 3307 3490 δεήσεις
3333 3423 3624 3489 ποιεῖσθαι,
3647 3427 3708 3479 οὐ
3732 3430 3837 3497 τῆς
3871 3429 3995 3481 Ἑκ-

2415 3507 2644 3574 κλησίας
2677 3513 2856 3576 μόνον,
2898 3511 2988 3561 καὶ
3028 3513 3123 3581 τῆς
3157 3511 3454 3580 βασιλείας,
3487 3510 3582 3569 κάι
3613 3517 3725 3570 τῶν
3742 3536 3995 3590 προσταο

2411 3601 2518 3653 τῶν
2539 3600 2830 3670 ἑκατέρων,
2863 3604 2954 3654 καί
2979 3602 3088 3655 τῶν
3114 3606 3170 3655 ὲν
3191 3607 3457 3668 κινδύνοις
3489 3608 3584 3660 καὶ
3601 3612 3990 3679 περιστάσεσι,

2406 3694 2500 3744 καὶ
2543 3696 2849 3762 συμφοραῖς
2875 3695 3081 3759 ςῦντων,
3138 3697 3255 3748 ἀλλ’
3279 3699 3463 3760 ἁπλῶς
3491 3700 3749 3753 ἁπάντων
3779 3703 3992 3774 ἀνθρὼ-

2411 3802 2529 3836 πων
2553 3785 2653 3854 τῆς
2683 3786 3010 3855 οἰκουμένης
3064 3789 3303 3852 ἀπάσης.
3334 3810 3353 3842 ι
3377 3791 3549 3862 Ὑπὲρ
3608 3793 3704 3862 τῆς
3761 3797 3991 3864 εἰρήνης

2406 3877 2538 3946 γὰρ,
2558 3877 2709 3946 φησι,
2736 3877 2830 3929 τοῦ
2860 3878 3170 3946 σύμπαντος
3199 3881 3427 3951 κόσμου·
3446 3902 3463 3934 ι
3495 3884 3730 3952 μάλιστα
3754 3889 3873 3954 μὲν,
3906 3891 3990 3942 ὅτι

2406 3967 2498 4020 τὸν
2517 3968 2722 4020 ἑαυτῶν
2755 3969 3030 4038 Δεσπῦτην
3061 3974 3209 4024 ἰσασι
3263 3976 3439 4025 κοινὸν
3467 3975 3719 4028 ἁπάντων
3739 3978 3864 4030 εντα
3883 3982 3989 4032 Δε-

2408 4059 2629 4129 σπότην,
2655 4061 2748 4112 καὶ
2780 4061 2859 4113 ὅτι
2898 4061 3054 4129 μέλει
3081 4063 3300 4116 πάντων
3325 4067 3474 4136 αὑτῷ
3521 4068 3596 4130 ὡς
3661 4069 3988 4140 δημιουργῷ

2405 4149 3051 4221 τῶνδημιουργημάτων·
3086 4156 3187 4207 κᾶν
3213 4174 3294 4221 τις
3325 4158 3505 4211 αὐτῶν
3537 4161 3790 4230 κήδηται,
3827 4164 3990 4234 θερα-

2405 4238 2565 4292 πεύει
2588 4241 2746 4292 αὐτὸν
2771 4243 2992 4310 μᾶλλον,
3029 4245 3060 4313 ἢ
3087 4244 3250 4299 θύωνο
3291 4247 3479 4304 ἔπειτα
3508 4255 3651 4306 κατὰ
3676 4256 3768 4306 τὸν
3803 4260 3987 4325 μακά-

2408 4346 2523 4399 ριον
2553 4331 2786 4396 Παῦλον,
2829 4335 2915 4386 ίνα
2950 4337 3042 4387 καὶ
3073 4339 3237 4406 ἡμεῖς
3266 4340 3322 4390 ἐν
3358 4343 3422 4411 τῇ
3461 4343 3669 4415 γαλήνῃ
3703 4348 3770 4399 αὖ
3786 4349 3885 4400 τῶν
3925 4353 3988 4420 ἧ-

2409 4439 2574 4514 ρεμον
2598 4425 2687 4474 καὶ
2715 4424 2936 4495 ἡσύχιον
2970 4425 3086 4494 βίον
3111 4429 3408 4501 διάγωμεν,
3440 4435 3499 4486 ἐν
3529 4436 3682 4505 πάσῃ
3723 4439 3988 4514 εύλαεεὲᾳ

2404 4512 2497 4564 καὶ
2525 4515 2833 4584 σεμνότητι·
2891 4517 2985 4570 καὶ
3014 4521 3110 4589 οὐχ
3157 4521 3297 4593 ὑπὲρ
3326 4524 3434 4577 τῶν
3468 4527 3546 4589 εἰς
3575 4528 3753 4601 ψυχὴν
3787 4512 3984 4603 φερὸνζ

2550 4605 2730 4694 μόνον,
2765 4605 2900 4658 ἀλλὰ
2930 4609 3025 4660 καὶ
3055 4609 3165 4661 τῶν
3203 4613 3531 4680 σωματικῶν
3560 4617 3785 4684 ἀγαθῶν
3822 4625 3984 4694 εὐχύ-

2413 4692 2550 4760 μεθα
2605 4693 2714 4746 τῶν
2758 4697 3096 4764 ἀναγκαίων,
3146 4702 3444 4770 εὐκρασίας
3483 4705 3682 4777 ἀέρων,
3719 4692 3985 4783 εύφορίας

2408 4783 2517 4834 τῶν
2565 4785 2798 4852 καρπῶν
2856 4788 2955 4856 τῆς
3005 4789 3130 4858 γῆς·
3187 4793 3254 4844 ἶν’
3284 4795 3517 4865 εἰδῶμεν
3556 4801 3776 4856 πάντων
3805 4806 3982 4860 αἴτιον

2409 4873 2535 4964 {Evr—at
2566 4879 2661 4927 καὶ
2700 4895 2861 4948 χορηγ
2876 4879 2934 4930 ὸν
2967 4881 3056 4932 τὸν
3088 4881 3240 4946 Θεὸν,
3285 4887 3376 4937 καὶ
3401 4890 3537 4957 πρδς
3575 4893 3782 4946 ἐκεῖνον
3816 4899 3984 4964 μόνον

2408 4960 2647 5030 ὁρῶμεν·
2687 4966 2806 5016 ἐπεὶ
2834 4967 2927 5018 καὶ
2958 4967 3123 5037 άρτον
3158 4971 3425 5028 αἰτεῖσθαι
3452 4978 3767 5046 παράύτοῦ
3808 4960 3986 5057 καθη·

2415 5070 2478 5120 με
2491 5055 2631 5120 ρινδν
2665 5060 2800 5123 μετὰ
2828 5059 2934 5109 τῶν
2967 5061 3141 5113 ἄλλων
3166 5064 3334 5126 αὐτὸς
3365 5067 3646 5122 ἐκέλευσεν
3672 5075 3697 5125 ὁ
3722 5055 3980 5145 Χριστός.

2975 5151 3221 5205 ΚΕΦΑΛ.
3267 5154 3366 5208 ll".

2489 5236 2548 5287 Τί
2574 5237 2866 5300 ,ϐούλεται
2895 5242 2932 5307 ἡ
2970 5243 3213 5309 αἴτησις
3241 5246 3347 5299 τοῦ
3372 5249 3549 5304 ἐλέου
3567 5259 3905 5324 πανταχοῦ.

2483 5327 2753 5418 Ζητητέον
2791 5330 2846 5381 δὲ
2877 5332 3123 5397 κάκεῖνο,
3177 5336 3318 5398 τίνος
3372 5339 3532 5408 χάριν
3594 5344 3621 5395 ὁ
3649 5344 3754 5411 μὲν
3797 5348 3979 5418 ἱερεὺς

2414 5415 2543 5483 περὶ
2567 5417 2775 5471 πολλῶν
2804 5419 3058 5489 εὔχεσθαι
3080 5424 3288 5477 κελεύει
3313 5427 3586 5499 διαφόρων
3607 5448 3622 5463 ο
3679 5436 3727 5487 οἱ
3783 5415 3861 5491 δὲ-
3886 5459 3982 5493 περ

2416 5504 2706 5568 ριεστῶτες
2735 5509 2918 5561 πιστοὶ
2969 5510 3259 5581 ἐλεηθῆναι
3329 5519 3814 5590 μόνονέὕχονται,
3886 5535 3981 5585 καὶ

2411 5597 2614 5665 ταύτην
2644 5600 2811 5667 μόνην
2836 5601 2926 5653 ἐπὶ
2979 5605 3134 5668 πᾶσι,
3192 5607 3284 5658 καὶ
3335 5609 3469 5676 μίαν
3504 5614 3639 5682 πρὸς
3695 5617 3786 5670 τὸν
3845 5621 3980 5676 Θεὸν

2413 5689 2609 5754 ἀφιᾶσι
2638 5691 2841 5759 φωνήν.
2887 5693 3109 5761 Πρῶτον
3145 5696 3245 5764 μὲν
3279 5700 3360 5751 ὅτι
3391 5705 3616 5775 τοιαύτη
3669 5711 3824 5781 φωνὴ
3879 5732 3980 5768 κα-

2411 5781 2587 5846 Θάπερ
2625 5785 2840 5876 εἴρηται
2882 5787 3231 5856 εὐχαριστίαν
3255 5795 3347 5845 καὶ
3381 5794 3776 5870 ἐξομολόγησιν
3822 5822 3980 5876 περς-

2413 5877 2542 5943 έχει.
2585 5867 2813 5928 Ἔπειτα
2848 5878 2904 5928 τὸ
2953 5879 3097 5941 ἕλεος
3127 5883 3276 5952 παρὰ
3305 5886 3400 5938 τοῦ
3458 5888 3595 5942 Θεοῦ
3627 5896 3823 5962 αἰτεῖν,
3879 5906 3979 5971 τήν
