4272 6446
756 414 863 475 39;)

760 615 983 667 omnino
1004 614 1203 679 indiget
1223 613 1471 664 libertate
1495 630 1509 664 :
1531 613 1833 665 libertatem
1852 623 2032 665 autem
2056 611 2182 667 iacit
2204 627 2336 681 pura

764 704 1117 766 conscientia,
1153 707 1366 771 quando
1396 719 1489 757 cor
1529 718 1773 757 nostrum
1823 720 1918 759 nos
1948 719 2054 757 Iton
2080 705 2339 758 condem-

768 808 881 858 nat,
911 798 1128 866 quando
1171 812 1287 863 qme
1321 806 1447 848 sunt
1499 795 1637 863 ejus,
1672 794 1929 849 curamus
1963 814 1975 849 :
2030 797 2243 861 quando
2284 802 2341 847 ut

768 907 953 943 eorum
989 905 1106 956 qua:
1148 896 1271 939 sunt
1306 888 1443 955 ejus,
1468 902 1651 940 curant
1706 902 1981 955 geramus,
2024 896 2208 939 nostra
2244 900 2341 938 uc-

770 980 1216 1051 gligimus.‘l‘ttnc
1245 984 1389 1035 enim
1440 993 1493 1037 et
1526 981 1626 1048 ipsi
1662 996 1787 1034 vere
1818 996 1845 1032 a
1887 996 2012 1033 cura
2047 979 2215 1033 nosui
2254 993 2341 1031 rc-

775 1077 1043 1140 cedimus,
1078 1085 1131 1128 ct
1156 1074 1264 1127 Deo
1296 1090 1412 1126 cant
1453 1087 1647 1127 securo
1682 1072 2097 1135 committimus,
2125 1070 2343 1139 quando

776 1168 986 1219 ﬁrmam
1016 1166 1334 1220 etstabilem
1386 1164 1542 1218 ﬁdem
1573 1163 1832 1217 habemus
1867 1162 2008 1230 quod
2043 1160 2345 1227 depositum

777 1274 1017 1313 rostrum
1081 1256 1338 1322 suscipiet
1388 1266 1441 1308 et
1496 1255 1756 1308 servabit.
1823 1252 1960 1318 Quia
2017 1260 2196 1305 autem
2262 1266 2347 1304 res

777 1362 925 1404 tanta
984 1348 1428 1404 consideratione
1457 1358 1507 1400 et
1547 1345 1729 1399 studio
1792 1344 2018 1409 indiget,
2062 1350 2347 1411 propterea

774 1456 920 1493 nunc
940 1440 1156 1506 quidem
1204 1434 1563 1489 sanetissimm
1598 1432 1691 1485 Dei
1755 1431 1940 1485 Matris
1992 1441 2046 1482 ct
2103 1428 2348 1482 omnium

784 1540 1095 1583 sanctorum
1135 1536 1310 1580 coetus
1343 1528 1594 1579 invocato
1628 1525 1852 1588 auxilio,
1885 1524 1952 1576 iia
1992 1524 2348 1576 commenda-

785 1626 990 1677 tioncin
1026 1638 1117 1675 scu
1152 1620 1548 1688 tlepositionetn
1594 1617 1861 1671 facimus:
1894 1618 1995 1670 hoc
2044 1616 2186 1668 enim
2248 1612 2349 1665 sibi

781 1715 895 1766 vult
926 1712 1077 1775 illud,
1110 1728 1129 1761 ι
1160 1722 1610 1766 commemorare,
1654 1719 1869 1765 vocare,
1912 1716 2088 1756 orare.
2127 1719 2143 1750 ι
2196 1698 2352 1753 Nunc

785 1817 963 1859 autem
990 1804 1111 1858 ﬁdei
1139 1802 1365 1861 unitate,
1399 1809 1453 1852 et
1485 1798 1657 1852 Sancti
1708 1796 1944 1863 Spiritus
1990 1794 2139 1863 prius
2187 1792 2351 1863 petita

785 1896 1191 1956 communione,
1223 1891 1421 1946 deinde
1471 1904 1568 1943 nos
1608 1890 1753 1958 ipsos
1808 1899 1860 1941 et
1917 1901 2131 1939 omnem
2184 1888 2349 1939 vitam
2384 1863 2425 1920 Β

785 1999 1026 2043 nostram
1063 1986 1173 2038 Deo
1218 1982 1685 2042 commendamus,
1724 1989 1776 2033 et
1805 1978 2207 2032 custodiendam
2238 1986 2351 2031 tra-

784 2083 982 2136 dimus.
1052 2078 1189 2144 Quid
1247 2086 1327 2130 cst
1388 2086 1565 2128 autem
1621 2074 1801 2126 unitas
1862 2068 2025 2124 ﬁdei?
2078 2088 2095 2121 ι
2147 2068 2351 2135 llomo,

784 2176 1005 2245 inquit,
1079 2171 1280 2237 duplici
1346 2168 1556 2231 corde,
1641 2175 1725 2221 est
1804 2164 2070 2219 instabilis
2136 2163 2188 2215 in
2253 2162 2354 2216 viis

785 2269 897 2321 suis
954 2284 967 2319 :
1025 2285 1043 2317 ο
1103 2262 1299 2333 duplici
1365 2261 1530 2314 corde
1603 2258 1879 2313 hominem
1941 2270 2167 2322 vocans,
2230 2270 2351 2308 eum

786 2362 881 2429 qui
932 2370 1017 2413 est
1047 2358 1245 2411 dubius
1302 2366 1359 2407 et
1406 2353 1626 2406 minime
1669 2354 1856 2405 ﬁrmus
1885 2360 1936 2405 et
1981 2349 2213 2405 stabilis.
2251 2346 2354 2413 Qui

788 2454 933 2505 enitn
1002 2450 1124 2503 talis
1173 2457 1299 2513 est,
1374 2447 1416 2498 is
1484 2446 1534 2497 in
1582 2452 1866 2511 utramque
1923 2449 2131 2509 partem
2186 2438 2354 2494 decli-

793 2560 952 2607 nans,
1006 2544 1057 2596 in
1122 2551 1310 2595 neutra
1368 2549 1523 2608 parte
1577 2539 1805 2590 iirmiter
1862 2536 2189 2602 ingreditur.
2248 2533 2358 2586 Ilit-

793 2641 882 2708 jus
936 2648 1119 2689 autem
1178 2632 1513 2687 contrarium
1548 2646 1642 2699 per
1683 2629 1944 2682 unitatem
1977 2628 2353 2697 signiﬁcatur:

797 2733 846 2784 id
874 2730 1013 2798 quod
1053 2727 1262 2781 scilicet
1312 2736 1398 2778 est
1457 2722 1691 2784 ﬁrmum,
1748 2729 2003 2773 constans
2059 2729 2113 2772 et
2141 2719 2357 2773 stabile.

791 2824 893 2890 Qui
926 2822 1071 2877 enim
1099 2827 1421 2873 constanter
1472 2814 1667 2878 credit,
1701 2828 1865 2865 unum
1898 2811 2171 2880 quidpiam
2206 2814 2271 2864 de
2301 2824 2360 2864 re

790 2914 987 2977 credit,
1020 2913 1101 2966 vel
1132 2927 1270 2971 esse,
1304 2909 1386 2962 vel
1412 2926 1515 2961 non
1563 2920 1714 2960 esse.
1746 2903 1849 2970 Qui
1887 2913 2065 2956 autem
2120 2910 2203 2955 est
2256 2901 2359 2955 du-

792 3011 940 3072 bius,
968 3020 1092 3061 eum
1126 3006 1191 3057 ad
1225 3012 1516 3069 utrumque
1556 2998 1831 3053 declinare
1852 2994 1934 3050 vel
1961 3012 2022 3049 ex
2056 2996 2172 3063 ipso
2201 3009 2361 3049 voca-

793 3098 921 3151 bulo
943 3093 1289 3149 ιιιςιιιίΐιιειιιιιι
1321 3098 1422 3143 est.
1451 3087 1561 3143 Hoc
1588 3102 1742 3157 ergo,
1776 3087 1898 3140 ﬁdei
1923 3086 2134 3140 scilicet
2160 3084 2357 3148 unitas,

2019 410 2324 469 NiCOL.-\l
2367 409 2758 469 CADASlLﬂi

758 531 973 593 oportet
1001 522 1164 576 etiam
1223 520 1314 574 Dei
1360 536 1689 575 consensum
1729 521 1950 577 habere.
1987 521 2098 577 Hoc
2155 535 2332 576 autent
2362 526 2407 584 Α

2493 524 2755 595 ιρῤησίαν
2791 521 2848 575 δὲ
2877 522 3119 590 καθαρδν
3143 522 3290 573 ποιεῖ
3322 519 3560 580 συνειδός
3586 537 3599 551 ο

3905 405 4007 469 ιοῡ

3644 519 3772 572 ὅταν
3802 521 3835 581 ἡ
3872 537 3935 573 κα
3946 537 4009 590 ρ-

2441 616 2526 689 δία
2561 614 2718 684 ἡμῶν
2743 619 2818 683 μὴ
2866 612 3265 679 καταγινώσκει
3318 614 3511 680 ἡμῶν·
3549 613 3677 664 ὅταν
3732 612 3798 663 τὰ
3845 612 4012 664 αὐτοῦ

2446 709 2824 778 μεριμνῶμεν,
2858 709 2990 760 ὅταν
3024 708 3163 774 ὑπὲρ
3194 706 3288 759 τοῦ
3331 707 3604 777 μεριμνᾷν
3656 704 3723 757 τά
3773 706 4009 767 ἐκείνου,

2441 802 2549 852 τῶν
2574 802 2859 870 ἡμετέρων
2915 800 3369 868 καταφρονῶμεν.
3421 799 3554 850 Τότε
3584 797 3692 865 γὰρ
3750 798 3909 850 αὐτοί
3950 814 4010 849 τε

2444 892 2659 961 ἀληθῶς
2684 891 3033 959 ἀφιστάμεθα
3063 894 3162 953 τῆς
3192 891 3464 960 μερίμνης
3506 891 3608 955 τῆς
3663 890 3805 959 ὑπὲρ
3850 889 4012 958 ἡμῶν

2446 986 2646 1048 αὐτῶν,
2690 985 2784 1037 καὶ
2808 983 2887 1053 τῷ
2917 984 3038 1051 Θεῷ
3068 984 3272 1051 ταύτην
3318 984 3694 1052 παρατίθεμεν
3731 983 4012 1050 ἀσφαλῶς·

2448 1077 2799 1139 πιστεύοντες
2833 1077 3065 1143 βεϐαίως
3094 1078 3176 1130 ὅτι
3205 1076 3417 1139 δέξεται
3454 1076 3555 1144 τὴν
3623 1076 4018 1146 παρακαταθή-

2449 1188 2555 1240 κην
2585 1169 2742 1237 ἡμῶν
2772 1170 2866 1221 καὶ
2892 1168 3141 1236 φυλάξει.
3173 1167 3328 1220 Ἑπεῖ⁵
3348 1168 3528 1221 τοίνυν
3554 1167 3825 1235 τοσαύτης
3843 1167 4018 1219 δεῖται

2448 1264 2511 1315 τὸ
2550 1265 2783 1331 πρᾶγμα
2851 1262 3169 1329 φιλοσοφίας
3206 1278 3265 1314 τε
3312 1262 3406 1313 καὶ
3437 1260 3693 1327 σπουδῆς,
3734 1260 3820 1312 διὰ
3856 1258 4021 1313 τοῦτο

2452 1357 2545 1409 νῦν
2583 1356 2680 1423 μὲν
2711 1355 2987 1421 παναγίαν
3023 1353 3119 1406 τοῦ
3158 1352 3294 1405 Θεοῦ
3347 1354 3598 1424 Μητέρα,
3636 1355 3731 1406 καὶ
3777 1353 3868 1405 τὸν
3907 1353 4019 1405 τῶν

2452 1449 2625 1516 ἁγίων
2663 1448 2881 1502 ἅπαντα
2915 1446 3117 1499 κύκλον
3157 1447 3236 1508 είς
3277 1446 3596 1515 ιπικουρίαν
3665 1443 4019 1505 καλέσαντες,

2452 1541 2593 1595 οὕτω
2619 1541 2923 1611 ποιούμεθα
2946 1540 3044 1611 τὴν
3077 1541 3379 1610 παράίεσιν
3406 1556 3420 1570 ο
3460 1538 3615 1592 τοῦτο
3635 1539 3743 1607 γὰρ
3770 1538 4022 1607 βούλεται

2453 1635 2533 1697 τὸ,
2555 1652 2573 1684 ι
2605 1633 2997 1703 μνημονεῦσαι,
3024 1651 3041 1685 ι
3064 1631 3146 1696 τὸ,
3170 1650 3190 1683 ι
3220 1633 3467 1693 καλέσαι,
3497 1650 3515 1681 ι
3534 1636 3615 1695 τδ,
3642 1648 3660 1682 ι
3680 1629 3963 1700 δεηθῆναι.
3998 1649 4016 1680 ι

2455 1724 2570 1776 Νῦν
2601 1724 2656 1777 δὲ
2680 1723 2781 1793 τὴν
2814 1723 3043 1793 ἑνότητα
3063 1722 3162 1792 τῆς
3181 1723 3438 1786 πίστεως,
3466 1722 3561 1775 καὶ
3591 1722 3690 1789 τὴν
3730 1721 4022 1773 κοινωνίαν

2456 1812 2550 1865 τοῦ
2594 1813 2751 1881 ἁγίου
2790 1812 3107 1882 Πνεύματος
3161 1813 3516 1883 αἰτησάμενοι
3554 1812 3841 1881 πρότερον,
3904 1806 4023 1863 εἶτα

2457 1906 2687 1967 ἑαυτοὺς
2715 1906 2809 1958 καὶ
2846 1902 3135 1972 ἀλλήλους,
3180 1904 3275 1957 καὶ
3327 1906 3509 1958 πᾶσαν
3546 1903 3645 1974 τὴν
3674 1902 3821 1971 ζωὴν
3864 1904 4024 1972 ἡμῶν

2456 1995 2877 2068 παρατιθέμεθα
2928 1996 3006 2068 τῷ
3035 1994 3177 2066 Θεῷ.
3208 1996 3274 2048 Τί
3318 1996 3373 2050 δέ
3421 1996 3575 2049 ἔστιν
3600 1996 3632 2065 ἠ
3660 1995 3757 2065 τῆς
3790 1996 4025 2056 πίστεως

2459 2089 2691 2158 iii/6:11;;
2738 2106 2756 2139 ι
2811 2088 2998 2159 ’Λνὴρ,
3046 2090 3203 2160 φησὶ,
3235 2088 3483 2159 δίψυχος,
3527 2088 3909 2150 ἀκατάστατος
3965 2089 4027 2139 ἐν

2456 2181 2657 2242 πάσαις
2691 2183 2813 2243 ταῖς
2840 2180 2981 2243 ὁδοῖς
3015 2180 3183 2233 αὐτοῦ
3207 2198 3219 2211 ·
3258 2200 3276 2232 ι
3334 2181 3555 2252 δίψυχον
3594 2181 3770 2248 λέγων
3798 2180 3891 2233 τὸν
3923 2182 4028 2249 ἀμ·

2457 2273 2699 2341 φίόολον,
2751 2272 2844 2327 τὸν
2894 2272 3135 2344 οὐδαμοῦ
3199 2272 3436 2342 βέϐαιον.
3515 2273 3577 2326 '0
3631 2274 3739 2343 γάρ
3787 2273 4027 2335 τοιοῦτος

2456 2367 2541 2434 ἐφ’
2565 2368 2835 2438 ἑκατέρας
2874 2366 3094 2430 κλίνων,
3147 2364 3474 2435 οῦδετέρωθι
3536 2365 3709 2434 βαίνει
3766 2365 4025 2435 βεϐαίως.

2457 2459 2662 2513 Τούτου
2705 2459 2763 2512 τὸ
2788 2459 3033 2512 ἐναντίον
3061 2457 3319 2524 δηλοῦται
3351 2460 3442 2514 διὰ
3489 2460 3588 2525 τῆς
3635 2457 3907 2519 ἑνώσεως,
3966 2457 4029 2509 τὸ

2458 2552 2677 2619 πάγιον,
2709 2552 2769 2604 τὸ
2806 2552 3048 2619 βέϐαιον,
3079 2551 3140 2603 τὸ
3181 2552 3372 2615 ἑστώς.
3415 2552 3474 2603 '0
3509 2551 3729 2621 μὲνγὰρ
3749 2548 4029 2602 πιστεύων

2461 2644 2717 2715 βεϐαίως,
2749 2644 2808 2696 ’ἐν
2835 2662 2887 2697 τι
2912 2644 3210 2712 γιγνώσκει
3267 2647 3394 2715 περὶ
3443 2645 3537 2697 τοῦ
3584 2645 3935 2714 πράγματος,
3994 2647 4028 2715 ἦ

2459 2737 2518 2788 τὺ
2549 2732 2711 2801 εἶναι,
2739 2737 2771 2806 ἢ
2802 2736 2863 2789 τὸ
2901 2736 2977 2807 μὴ
3001 2733 3165 2791 εἶναι.
3196 2738 3255 2789 'U
3292 2737 3346 2789 δὲ
3372 2736 3670 2805 ἀμφίϐολος
3703 2737 3839 2802 πρὸς
3863 2736 4033 2805 ἄμφω

2463 2827 2667 2896 ῥέπων,
2702 2828 2797 2879 καὶ
2834 2826 2943 2880 ἀπὸ
2972 2828 3071 2894 τῆς
3132 2826 3502 2896 προσηγορίας
3543 2826 3791 2892 γίνεσθαι
3849 2826 4030 2895 δῆλος.

2461 2916 2632 2970 Τοῦτο
2663 2916 2762 2987 μὶν
2802 2918 2835 2986 ἡ
2884 2917 2984 2986 τῆς
3014 2917 3248 2978 πίστεως
3305 2918 3519 2985 ἑνότηςο
3554 2917 3614 2970 τὸ
3655 2916 3933 2985 ἀκίνητον,
3971 2919 4034 2968 τὸ

2462 3011 2644 3079 πάσης
2711 3009 3112 3080 ἀμφιϐολογίας
3172 3008 3618 3077 ἀπηλλαγμένον.
3687 3011 3751 3062 Ἠ
3818 3009 3877 3062 δὲ
3933 3010 4031 3063 τοῦ

2467 3103 2625 3170 ἁγίου
2677 3102 2999 3171 Πνεύματος
3059 3102 3309 3155 κοινωνία
3363 3102 3460 3171 τὴν
3501 3102 3715 3154 ἐκείνου
3776 3103 4036 3171 σημαίνει

789 3199 875 3244 est
907 3188 957 3241 iil
989 3186 1127 3255 quod
1160 3194 1242 3238 est
1300 3181 1599 3243 immobile,
1639 3179 1789 3234 etab
1831 3178 1977 3233 omni
2027 3177 2364 3231 dubitatione
2395 3212 2425 3273 ί

2493 3195 2654 3265 [ἀριν.
2676 3191 2910 3260 Λέγεται
2954 3192 3011 3245 δὲ
3039 3193 3314 3258 κοινωνία,
3363 3193 3447 3245 ὅτι
3472 3192 3565 3245 τοῦ
3590 3193 3791 3262 Κυρίου
3831 3193 3921 3245 διὰ
3938 3195 4033 3245 τοῦ

795 3284 1045 3336 libertini.
1100 3277 1284 3331 Sancti
1352 3284 1534 3328 autem
1587 3273 1821 3342 Spiritus
1851 3271 2162 3327 communio
2222 3269 2365 3324 illius

790 3376 1028 3442 gratiam
1065 3370 1359 3440 signiﬁcat.
1410 3365 1619 3421 Dicitur
1642 3375 1820 3419 autem
1850 3367 2186 3428 communio,
2239 3362 2365 3433 quia

790 3480 917 3519 cum
955 3462 1213 3515 Dominus
1244 3474 1341 3529 per
1370 3472 1589 3513 crucem
1652 3454 1991 3523 interiectam
2013 3454 2159 3524 scpis
2191 3468 2369 3508 macc-

800 3559 961 3622 iimu,
997 3570 1117 3623 qua:
1145 3554 1288 3607 inter
1316 3566 1413 3607 nos
1447 3560 1501 3604 et
1528 3549 1693 3603 Deum
1726 3555 1869 3611 erat,
1896 3546 2175 3611 diruisset,
2232 3560 2369 3614 quo-

798 3653 947 3703 niani
1016 3661 1113 3701 eos
1169 3644 1261 3714 qui
1304 3653 1435 3697 tunc
1484 3639 1741 3710 disiuncti
1788 3648 1965 3705 erant,
2007 3638 2159 3692 nullo
2213 3639 2371 3693 modo

798 3756 962 3810 posse
992 3737 1283 3794 convenire
1332 3746 1383 3788 et
1412 3732 1815 3787 communicare
1861 3737 2191 3800 cognoverat
2220 3746 2235 3784 :
2273 3730 2370 3783 de-

806 3838 997 3902 inceps
1030 3828 1206 3885 sancti
1254 3826 1488 3895 Spiritus
1524 3824 1591 3877 ad
1626 3822 1903 3890 apostolos
1948 3821 2215 3876 adventus
2268 3822 2372 3875 lioc

803 3925 987 3980 clﬁcit.
1020 3921 1155 3975 llinc
1173 3918 1317 3973 enim
1350 3922 1600 3971 sanctum
1639 3913 1908 3982 baptisma
1966 3922 2021 3967 et
2051 3915 2229 3968 omnis
2250 3913 2374 3970 fons

804 4018 1112 4072 divinarum
1150 4010 1441 4081 gratiarum
1469 4006 1777 4061 hominibus
1800 4012 2021 4073 apertus
2052 4018 2157 4058 est.
2197 4006 2285 4072 Et,
2315 4013 2373 4058 ut

807 4107 941 4159 dicit
997 4104 1189 4157 beatus
1222 4099 1437 4162 Petrus,
1464 4094 1891 4151 divittm'natum
1925 4094 2059 4149 socii
2111 4095 2236 4149 iacti
2284 4112 2373 4150 su-

806 4214 929 4252 mus
956 4196 1268 4264 participes.

877 4288 1025 4358 Opus
1059 4299 1140 4341 cst
1167 4301 1296 4355 ergo
1344 4293 1396 4339 et
1430 4284 1531 4338 ﬁde
1572 4284 1722 4339 ﬁrma
1767 4293 1821 4339 et
1847 4284 2069 4355 spiritus
2093 4282 2294 4336 auxilio
2326 4281 2375 4335 ei

808 4385 901 4452 qui
931 4384 1168 4450 scipsutn
1208 4379 1317 4432 Deo
1345 4389 1427 4431 est
1452 4376 1953 4438 commendaturus,
1994 4385 2048 4428 et
2100 4389 2161 4428 se
2202 4375 2253 4428 ei
2284 4390 2381 4428 cu—

808 4474 1150 4526 s'odicndum
1174 4470 1420 4523 daturus.
1448 4466 1635 4536 Neque
1688 4482 1822 4521 vero
1855 4467 2225 4539 unusquisque
2289 4484 2377 4520 se-

2468 3284 2704 3354 σταυροῦ
2745 3284 2808 3335 τὸ
2856 3284 3176 3353 μεσότοιχον
3235 3284 3329 3337 τοῦ
3371 3283 3632 3352 φραγμοῦ
3658 3321 3674 3346 ,
3715 3284 3775 3335 τὸ
3826 3284 4036 3351 μεταξὺ

2464 3375 2602 3428 Θεοῦ
2625 3376 2721 3429 καὶ
2748 3374 2905 3443 ήιιῶν
2954 3374 3299 3439 καθελόντος,
3338 3375 3462 3427 ἐπεὶ
3493 3376 3615 3437 τοὺς
3670 3376 3790 3428 τότε
3826 3376 4037 3428 διιστα-

2471 3468 2668 3537 μένους
2719 3467 2814 3520 καὶ
2882 3465 3049 3536 μηδὲν
3106 3465 3326 3535 ἔχοντας
3386 3466 3590 3529 κοινὸν,
3648 3468 3889 3520 συνιέναι
3940 3472 4041 3521 καὶ

2468 3563 2749 3614 κοινωνεῖν
2787 3559 2894 3612 ἔδει
2917 3558 3128 3622 λοιπὸν,
3158 3560 3191 3628 ἡ
3234 3558 3328 3611 τοῦ
3362 3559 3519 3627 ἀγίου
3545 3560 3868 3629 Πνεῦματος
3898 3562 4041 3631 πρ³ις

2468 3653 2595 3715 τοὺς
2624 3651 2964 3713 ἀποστόλους
3020 3650 3289 3720 ἔπιδημία
3348 3649 3508 3703 τοῦτο
3544 3652 3709 3705 ποιεί.
3755 3642 4043 3704 Ἐντεῦθεν

2471 3740 2581 3808 γὰρ
2615 3737 2676 3791 τὸ
2728 3738 2883 3806 ἀγιον
2937 3736 3218 3807 βάπτισμα
3287 3739 3382 3792 καὶ
3434 3740 3586 3792 πᾶσα
3629 3740 3665 3809 ἠ
3715 3739 3825 3793 τῶν
3877 3741 4043 3794 θείων

2471 3830 2710 3901 χαρίτων
2760 3829 2911 3901 πηγὴ
2940 3833 3051 3893 τοῖς
3098 3830 3408 3900 ἀνθρώποις
3443 3831 3678 3899 ἀνέῳγε,
3724 3831 3852 3897 καὶ,
3888 3834 4038 3887 ιατά

2470 3922 2563 3977 τὸν
2620 3921 2891 3992 μακάριον
2948 3923 3176 3993 Πέτρον,
3237 3922 3387 3986 θείας
3430 3923 3737 3993 γεγόναμεν
3796 3927 4049 3975 κοινωνοὶ

2474 4029 2710 4080 φυσεως.

2546 4285 2640 4337 Δεῖ
2675 4283 2857 4337 τοίνυν
2887 4281 2980 4335 καὶ
3024 4282 3262 4344 πίστεως
3302 4280 3543 4350 βεϐαίας,
3602 4281 3701 4334 καὶ
3739 4282 3842 4353 τῆς
3896 4288 4051 4355 παρὰ

2479 4376 2572 4429 τοῦ
2601 4377 2759 4443 ἀγίυο
2784 4376 2925 4429 Ilva-3
2936 4392 3105 4444 ματος
3142 4374 3420 4447 βοηθείαις,
3458 4373 3538 4442 τῷ
3566 4374 3813 4444 μέλλοντι
3865 4378 4053 4440 καλῶς

2482 4468 2800 4520 ἀνατιθέναι
2822 4469 2899 4537 τῷ
2925 4467 3042 4536 Θεῷ
3068 4468 3285 4519 ἑαυτόν.
3315 4468 3427 4519 Καὶ
3458 4467 3559 4519 οὐκ
3590 4468 3786 4519 ἑαυτὸν
3815 4468 4056 4532 ἔκαστος

809 4568 983 4637 ipsum
1039 4566 1233 4626 solum,
1269 4563 1363 4620 sed
1410 4563 1573 4616 etiam
1618 4578 1718 4616 nos
1768 4562 1999 4615 invicem
2038 4557 2425 4615 commenda-l

2493 4560 2669 4628 μόνον,
2705 4558 2838 4611 ἀλλὰ
2877 4561 2969 4611 καὶ
3025 4559 3286 4626 ἀλλήλους
3337 4558 3775 4630 παρατιθέμεθα.
3812 4562 3905 4612 Δεῖ
3941 4565 4057 4631 γὰρ

813 4671 952 4708 nius.
1013 4654 1235 4722 Oportet
1291 4650 1433 4703 enim
1496 4664 1601 4703 non
1676 4659 1884 4702 tantum
1932 4664 2176 4716 qutun-re
2234 4649 2377 4717 quod

815 4760 973 4797 suum
999 4754 1113 4804 est,
1152 4743 1245 4795 sed
1282 4742 1447 4793 etiam
1488 4738 1740 4803 aliorum,
1778 4747 1993 4805 propter
2036 4738 2203 4807 legem
2250 4738 2383 4790 clia-

816 4836 1014 4890 ritatis.

1441 4919 1593 4975 CAP.
1644 4918 1756 4973 XV.

992 5038 1067 5093 De
1111 5036 1411 5105 antiphonis
1441 5049 1558 5101 qua
1584 5032 1857 5105 dicuntur,
1900 5040 1947 5087 et
1976 5032 2212 5100 precibus

1308 5121 1423 5173 qua:
1453 5107 1506 5157 in
1568 5105 1692 5171 ipsis
1738 5104 1891 5170 fiunt.

893 5206 1100 5257 Interea
1135 5208 1315 5252 autem
1354 5198 1478 5249 dum
1518 5195 1804 5265 petitiones
1828 5193 1981 5263 praeit
2012 5194 2269 5246 diaconus
2292 5236 2304 5257 ,
2333 5202 2387 5245 ct

823 5308 979 5349 sacer
1049 5298 1167 5344 orat
1221 5286 1468 5357 populus,
1534 5286 1788 5340 sacerdos
1838 5285 1980 5337 intus
2037 5294 2157 5337 orat
2204 5300 2297 5349 per
2331 5298 2388 5336 so

824 5384 1094 5441 submissa
1132 5395 1260 5435 voce
1313 5393 1410 5448 pro
1449 5374 1778 5438 astantibus,
1814 5384 1867 5428 et
1901 5388 1998 5443 pro
2052 5374 2150 5427 hac
2202 5382 2389 5425 sancta

826 5484 1011 5540 domo,
1038 5485 1094 5528 ut
1134 5474 1213 5527 eis
1250 5472 1445 5525 divites
1508 5468 1854 5521 etlundantur
1903 5464 2287 5518 misericordia:
2336 5473 2391 5515 et

828 5570 1205 5626 miserationes
1227 5582 1255 5617 a
1281 5563 1386 5617 Deo
1406 5603 1421 5627 ,
1455 5572 1508 5615 ct
1542 5558 1727 5628 adjicit
1751 5573 1967 5612 causam
1987 5566 2201 5625 prOpter
2229 5572 2389 5625 quam

825 5673 879 5716 et
914 5663 1026 5730 ipse
1063 5661 1174 5711 lia-c
1206 5655 1357 5723 petit,
1389 5663 1438 5705 et
1476 5653 1612 5703 Deus
1644 5665 1762 5715 qu:e
1813 5648 2023 5715 petivit,
2074 5648 2217 5714 juste
2259 5661 2393 5713 pia:-

826 5759 1027 5822 buerit,
1060 5772 1163 5810 non
1193 5756 1334 5823 quod
1368 5751 1513 5815 digni
1547 5748 1655 5801 sint
1683 5750 1769 5805 qui
1804 5754 1922 5798 sunt
1962 5744 2258 5809 accepturi,
2289 5758 2390 5793 non

827 5848 971 5919 quod
1002 5864 1063 5904 ea
1094 5849 1213 5918 jure
1241 5846 1488 5915 accipere
1522 5854 1845 5901 mereamur,
1878 5836 1968 5889 sed
1997 5837 2118 5904 quia
2148 5837 2237 5889 [ibi
2269 5850 2395 5890 con-

2479 4653 2540 4704 οὐ
2566 4654 2624 4703 τὸ
2650 4652 2842 4704 ἑαυτοῦ
2868 4649 3052 4721 ζητεῖν
3078 4653 3265 4719 μόνον,
3284 4653 3420 4704 ἀλλά
3448 4656 3542 4705 καὶ
3569 4654 3638 4706 ﬁ
3683 4657 3791 4709 τῶν
3848 4658 4052 4713 ἀλλων.

2481 4744 2569 4796 διὰ
2595 4746 2685 4796 τὸν
2712 4744 2809 4809 τῆς
2836 4746 3063 4815 ἀγάπης
3096 4745 3281 4814 νόμον.

3069 4920 3317 4974 ΚΕΦΛΛ.
3366 4919 3461 4974 ιε’.

2558 5032 2693 5099 Πιψί
2730 5029 2847 5084 enim
2872 5030 3216 5099 λεγομὲνων
3240 5031 3609 5100 ἀντιφώνων,
3634 5031 3728 5084 καὶ
3771 5031 3891 5085 τῶν
3919 5035 3990 5085 ἐν

3036 5103 3243 5167 αὐτοῖς
3275 5102 3491 5169 εὐχῶν.

2572 5196 2659 5247 Ἐν
2693 5196 2802 5265 ὅσῳ
2840 5194 2895 5246 δὲ
2933 5195 3042 5245 τῶν
3091 5196 3365 5263 αἰτήσεων
3398 5196 3426 5246 ὁ
3457 5194 3704 5255 διάκονος
3755 5193 4055 5265 ἐξηγεῖται.

2490 5290 2584 5340 καὶ
2615 5290 2641 5339 ὁ
2670 5288 2813 5356 ίερδς
2854 5287 2979 5349 λαὸς
3015 5285 3258 5355 εὔχεται,
3301 5289 3329 5338 ὁ
3362 5286 3537 5354 ίερεὺς
3565 5286 3712 5340 ἔνδον
3742 5288 3910 5358 εὐχὴν
3939 5305 4062 5340 ποι-

2490 5381 2631 5430 εῖται
2661 5380 2838 5446 ἡσυχῇ
2897 5378 2992 5430 καὶ
3025 5376 3147 5428 καθ’
3180 5378 3401 5439 ἑαυτὸν,
3433 5377 3573 5447 ὑπὲρ
3617 5376 3725 5430 τῶν
3757 5380 4062 5447 περιεστώ-

2491 5486 2617 5533 των,
2654 5472 2750 5523 καὶ
2771 5470 2863 5520 τοῦ
2891 5470 3047 5537 ἁγίου
3070 5469 3247 5531 οἴκου,
3283 5469 3511 5522 πλούσια
3537 5467 3766 5537 χεθῆναι
3787 5469 3974 5533 αὐτοῖς
3994 5469 4063 5523 τά

2492 5561 2616 5628 ἐλέη
2641 5560 2793 5627 παρά
2808 5559 2902 5611 τοῦ
2925 5558 3088 5620 Θεοῦ,
3111 5560 3205 5610 καὶ
3236 5560 3357 5620 τοὺς
3386 5560 3709 5628 οἰκτιρμούς
3735 5575 3749 5589 ·
3775 5562 3871 5612 καὶ
3897 5577 4066 5630 προσ-

2493 5654 2676 5722 τίθησι
2705 5654 2803 5722 τὴν
2834 5652 3013 5705 αἰτίαν
3045 5652 3112 5703 δι’
3148 5653 3213 5721 ἢν
3256 5651 3419 5713 αὐτὸς
3448 5652 3622 5705 ταῦτα
3663 5653 3925 5715 αἰτεῖται,
3968 5656 4065 5707 καὶ

2493 5750 2519 5798 ὁ
2542 5748 2673 5807 θεὸς
2706 5748 2768 5797 ἂν
2800 5746 3077 5816 παράσχοι
3105 5744 3173 5796 τὰ
3209 5742 3406 5798 ἑαυτοῦ
3428 5744 3631 5807 δίκαια,
3660 5746 3724 5797 οὐ
3746 5743 3846 5811 τῷ,
3878 5744 4066 5809 ἀξίους
4116 5771 4129 5783 ο

2496 5832 2633 5887 εἶναι
2670 5837 2790 5898 τοις
2817 5837 3196 5903 αἰτουμένους,
3220 5838 3314 5903 οὐχ
3338 5837 3426 5889 ὅτι
3445 5835 3647 5889 δίκαιοι
3676 5835 3860 5889 λαϐεῖν
3880 5837 4065 5905 ἠμῖς,
