4272 6446
270 404 368 466 {Oi

1469 410 1865 472 LITURGLE
1900 413 2328 473 EXPOSITIO.
3417 416 3518 475 itif:

266 519 384 570 ἀλλ’
416 521 500 573 ὅτι
541 535 626 573 σοι
673 520 874 588 πρέπει
911 521 1061 575 πᾶσα
1093 521 1235 588 δόξα,
1271 523 1428 594 τιμὴ,
1465 527 1556 579 καὶ
1601 529 1881 598 προσκύη

1898 529 2091 588 jveuit
2126 529 2301 581 omnis
2358 528 2547 598 gloria,
2615 529 2785 582 hooor
2813 536 2866 580 et
2919 527 3180 581 adoratio.
3236 550 3252 580 ι
3296 533 3520 594 ΡιῸμιρι·

265 627 447 676 νησις.
483 631 500 662 ι
541 612 640 664 Διὰ
689 611 790 681 τὴν
841 612 944 682 σὴν
981 613 1141 677 δόξαν
1207 615 1382 670 ταῦτα
1415 617 1605 686 δέομαί
1668 636 1784 682 σου,
1822 639 1841 672 ι

267 703 431 773 φησί.
461 704 536 756 Τὸ
585 705 696 774 γὰρ
729 704 873 759 οῦτω
909 705 1498 776 φιλανθρωπεύσασθαι
1541 710 1678 778 πρὸς
1720 713 1848 775 τοὺς

266 794 528 860 ἁναξὲους
575 795 747 864 ἡμᾶς,
777 797 917 866 ὑπὲρ
949 801 1046 867 τῆς
1075 798 1176 867 σῆς
1225 800 1434 866 γίνεται
1469 801 1646 870 δόξης.
1679 802 1850 856 Τοῦτο

265 887 324 936 δὲ
359 885 423 936 τὸ
457 885 780 949 δοξάζεσθαι
813 889 1014 955 πρέπει
1047 907 1128 943 σοι
1159 891 1282 944 κατ’
1313 894 1490 946 ἐκεῖνο
1517 894 1576 946 τὸ
1620 895 1714 948 τοῦ
1750 913 1853 964 μα-

267 973 466 1042 καρίου
497 976 683 1039 Δαΰὶδ,
727 994 744 1026 r
775 978 866 1046 Μὴ
898 979 1049 1047 ἡμῖν,
1096 979 1289 1050 Κύριε,
1321 981 1399 1050 μὴ
1422 983 1578 1048 ἡμῖν,
1605 981 1740 1036 ἀλλὰ
1770 983 1847 1051 τῷ

265 1067 506 1135 ὀνόματί
546 1084 639 1119 σου
671 1068 759 1130 δὺς
793 1069 971 1131 δόξαν.
1015 1089 1033 1120 ι
1077 1070 1178 1124 Διὰ
1210 1070 1368 1124 τοῦτο
1415 1073 1514 1143 τὴν
1563 1075 1729 1144 εὐχὴν
1767 1093 1848 1126 τε-

267 1158 458 1219 λέσας.
493 1159 594 1227 τὴν
626 1161 966 1227 αἰτιολογῖαν
998 1163 1225 1230 ταύτην,
1268 1165 1348 1217 ὅτι
1402 1168 1494 1217 καὶ
1527 1167 1852 1234 ἁκροτελεύ-

267 1265 386 1310 τιος
414 1246 553 1302 οὖσα
585 1252 681 1304 καὶ
719 1251 998 1318 ὗοξολογία
1033 1258 1201 1316 ἐστὶν,
1239 1259 1315 1319 εἰς
1363 1259 1510 1323 ὲπὴκ
1545 1276 1602 1309 ον
1635 1262 1852 1310 πάντων

270 1344 681 1410 ἀναγινώσκει,
742 1346 828 1396 iw.
881 1346 975 1398 τοῦ
1034 1347 1202 1416 ὕμνου
1257 1353 1548 1412 κοινωνοὺς
1604 1351 1854 1412 ἅπαντας

269 1435 440 1505 λάϐῃ,
481 1437 574 1486 καὶ
599 1436 705 1487 ὑπὸ
747 1439 926 1506 πάσης
964 1440 1058 1507 τῆς
1105 1441 1429 1510 Ἐκκλησίας
1461 1445 1486 1494 ὁ
1522 1442 1653 1504 Θεὸς
1683 1443 1857 1512 ὑμνηο

272 1530 368 1598 θῇ.
422 1531 533 1582 Καὶ
586 1530 766 1583 τοίνυν
815 1533 1109 1596 ἀκούοντες
1159 1535 1509 1588 κοινωνοῦσιν
1559 1536 1707 1604 αύτῷ
1761 1536 1853 1588 τοῦ

271 1619 474 1688 ῦμνου.
507 1622 770 1685 Εἰπόντος
807 1624 916 1693 γὰρ
957 1624 1051 1676 τοῦ
1085 1627 1279 1696 ἰερέως
1337 1626 1430 1679 καὶ
1472 1627 1856 1696 δοξολογὴσαν-

273 1731 393 1778 τος,
423 1714 476 1765 οἰ
513 1717 697 1767 πιστοὶ
728 1716 930 1777 πάντες
957 1717 1017 1768 τὸ
1053 1735 1071 1768 ι
1119 1718 1293 1788 ’Δμὴν
1324 1737 1342 1768 ι
1379 1719 1712 1788 ἐπιλέγουσι,
1763 1723 1858 1774 καὶ

273 1807 440 1857 τοῦτο
486 1806 548 1857 τὸ
585 1807 735 1875 ῥῆμα
796 1807 1096 1877 βοήσαντες
1151 1810 1483 1862 οἰκειοῦνται
1531 1812 1712 1874 πάσας
1758 1813 1852 1874 τὰς

1953 633 2097 674 tuam
2131 623 2378 687 gloriam,
2447 621 2640 689 inquit,
2683 622 2795 674 haec
2856 628 2908 674 te
2940 636 3088 688 rogo.
3128 640 3145 672 ι
3221 620 3517 687 Benignnm

1949 719 2093 769 enim
2123 726 2178 766 et
2219 715 2531 766 munilicutn
2560 729 2681 767 esse
2713 714 2764 765 in
2795 729 2894 768 nos
2925 715 3012 781 qui
3047 729 3234 767 sumus
3293 716 3518 779 indigni,

1952 808 2015 860 ad
2051 817 2198 858 tuam
2231 806 2455 874 gloriam
2495 806 2759 875 pertinet;
2795 806 2895 858 hoc
2923 813 3125 868 autem,
3163 807 3368 859 scilicet
3401 808 3515 872 glo-

1951 895 2296 960 riﬁcari,tibi
2351 898 2624 960 convenit,
2659 904 2716 948 ut
2776 905 2858 949 est
2918 895 3049 950 illud
3104 897 3243 951 beati
3303 898 3517 951 David:

1957 1009 1975 1040 ι
2011 989 2125 1043 Non
2159 989 2334 1050 nobis.
2373 987 2620 1050 Domine.
2657 1002 2759 1043 non
2798 987 2977 1048 nobis,
3011 985 3104 1039 sed
3159 987 3364 1040 nomini
3430 997 3525 1038 tuo

1952 1084 2016 1133 da
2047 1083 2296 1149 gloriam.
2342 1099 2360 1130 ι
2405 1079 2699 1147 Propterea
2733 1095 2853 1133 cum
2903 1078 3129 1146 perfecit
3191 1080 3518 1138 orationem,

1955 1171 2092 1223 hanc
2147 1185 2326 1226 eausze
2378 1171 2708 1235 allattonem,
2765 1185 2879 1239 quae
2938 1179 2991 1223 et
3043 1180 3126 1224 est
3171 1169 3224 1223 in
3282 1179 3524 1223 extrema

1956 1275 2130 1331 parte,
2159 1272 2212 1315 ct
2238 1274 2314 1316 est
2337 1263 2676 1329 gloritiCatio,
2717 1263 2843 1328 legit
2878 1261 3131 1314 omnibus
3160 1259 3524 1321 audientibus,

1957 1367 2010 1409 ot
2037 1369 2230 1408 omnes
2251 1354 2432 1423 hymni
2452 1353 2741 1422 participes
2764 1353 3022 1420 accipiat,
3067 1361 3118 1403 et
3136 1351 3274 1403 Dens
3295 1349 3359 1402 ab
3380 1351 3526 1401 omni

1957 1446 2191 1501 Ecclesia
2231 1446 2492 1498 laudetur.
2530 1445 2822 1498 Audientes
2847 1459 2974 1510 ergo
3020 1451 3147 1495 sunt
3185 1441 3366 1510 hymni
3405 1455 3525 1490 tum

1957 1541 2045 1592 illo
2073 1538 2386 1609 participas.
2418 1535 2708 1604 Postquam
2763 1536 2907 1587 enim
2942 1535 3030 1585 ille
3062 1533 3199 1585 divit
3246 1541 3302 1586 et
3346 1531 3528 1598 glori-

1959 1633 2156 1694 iicavit,
2197 1632 2379 1684 ﬁdeles
2417 1645 2606 1684 omnes
2645 1647 2662 1680 ι
2698 1630 2866 1681 Amen
2906 1644 2923 1676 ›
2959 1625 3164 1688 dicunt,
3194 1635 3249 1677 et
3280 1640 3401 1678 cum
3429 1625 3530 1676 hoc

1960 1725 2180 1778 verbum
2212 1724 2602 1784 acclamarunt,
2622 1735 2812 1776 omnes
2843 1718 2982 1771 illius
3017 1732 3173 1770 voces
3202 1725 3259 1769 ut
3285 1715 3529 1783 proprias

1965 1817 2063 1868 sibi
2116 1824 2422 1870 assumunt.
2472 1814 2674 1866 Deinde
2726 1825 2914 1866 sacras
2957 1809 3285 1877 psalmodias
3344 1807 3534 1874 incipit

269 1899 490 1950 ἐκείνου
521 1901 728 1966 φωνάς.
771 1895 902 1952 Εἶτα
943 1900 1056 1952 ⁴τῶν
1106 1902 1271 1971 ἰερῶν
1301 1901 1638 1971 ψαλμῳδιῶν
1681 1904 1858 1971 ἀπάρ-

1898 1884 1933 1942 Β
1962 1908 2176 1976 quidem
2208 1907 2485 1969 sacerdos,
2528 1904 2751 1972 implent
2777 1914 2958 1958 autem
2997 1901 3314 1955 universum
3351 1899 3385 1952 ii
3440 1899 3531 1966 qui

267 2006 432 2057 χεται
464 1990 566 2058 μὲν
603 1993 631 2042 ὁ
664 1992 846 2061 ἰερεὺς
871 1992 1142 2062 πληροῦσι
1185 1994 1325 2046 δὲτὸ
1352 1997 1460 2046 πᾶν
1488 1996 1536 2047 οἰ
1561 1997 1859 2063 περιεστῶ-

268 2099 388 2146 τες,
419 2083 490 2135 τὰ
539 2083 876 2138 θεόπνευστα
926 2087 1035 2138 τῶν
1090 2086 1252 2156 ἱερῶν
1301 2087 1595 2159 προφητῶν
1647 2089 1859 2160 ᾄδοντες

273 2179 544 2245 ῥήματαο
583 2195 600 2228 ι
656 2177 888 2244 Ἀγαθὸν
944 2177 1006 2230 τὸ
1058 2177 1500 2248 ἐξομολογεῖσθαι
1541 2180 1618 2249 τῷ
1670 2182 1861 2250 Κυρίῳ

271 2271 374 2320 καὶ
401 2268 631 2337 ψάλλειν
662 2269 739 2338 τῷ
776 2270 1004 2338 ὀνόματί
1035 2289 1148 2333 σου,
1182 2271 1416 2340 ’Υψιστε
1442 2288 1455 2302 ο
1501 2292 1520 2325 ι
1554 2273 1700 2343 ἀρχῇ
1732 2273 1862 2342 πρέ-

270 2378 384 2412 πον
408 2360 573 2423 εὐθὺς
618 2361 678 2413 τὸ
711 2364 886 2431 ῥῆμα,
915 2363 999 2414 ὅτι
1028 2365 1156 2431 περὶ
1183 2364 1348 2418 αὑτοῦ
1380 2364 1529 2432 λέγει
1552 2365 1644 2418 τοῦ
1669 2364 1862 2434 ῦμνου,

269 2454 358 2505 ὅτι
389 2452 622 2520 ἀγαθὸν,
656 2454 685 2505 ὃ
715 2454 792 2506 δεῖ
822 2455 1040 2518 πάντως
1067 2456 1266 2510 εἰδέναι
1297 2457 1406 2526 πρὸ
1429 2457 1627 2520 παντὸς
1669 2455 1860 2526 ὕμνου·

275 2542 739 2609 ἐξομολογεῖσθαι
782 2544 957 2610 λέγων
1010 2545 1071 2598 τὸ
1117 2546 1486 2616 εὐχαριστεῖν,
1545 2549 1606 2600 τὸ
1655 2548 1863 2616 ὑμνεῖν.

273 2635 505 2687 Τούτων
533 2637 590 2688 δὲ
624 2637 718 2688 καὶ
755 2637 864 2689 τῶν
896 2638 1021 2704 ἑξῆς
1048 2638 1425 2706 ὑμνηθέντων,
1457 2643 1483 2693 ὁ
1512 2641 1760 2704 διέκονος
1785 2647 1865 2706 εἰς

273 2728 448 2796 εὐχὴν
493 2729 866 2799 προτρέπεται
898 2733 1025 2792 τοῦς
1055 2732 1302 2796 πιστοὺς,
1335 2727 1423 2784 οἶα
1462 2733 1554 2786 καὶ
1604 2736 1868 2804 πρότερον

275 2822 557 2872 αἰτεῖσθαι
621 2820 886 2875 κελεύων.
927 2822 1016 2874 Ἐν
1068 2823 1180 2892 ὅσῳ
1221 2823 1278 2876 δὲ
1323 2825 1380 2892 ἡ,
1415 2824 1707 2892 ψαλμῳδία
1755 2828 1870 2877 ἑτε-

273 2913 444 2975 >εῖτο,
485 2913 580 2965 καὶ
627 2915 674 2966 οἰ
705 2915 889 2965 πιστοὶ
930 2914 1184 2983 ηὔχοντο.
1218 2920 1244 2968 ὁ
1293 2916 1473 2984 ἱερεὺῖ
1505 2917 1652 2970 ἕνδθν
1705 2917 1869 2986 εὐχὴν

274 3009 658 3075 ποιησάμενος
683 3008 764 3069 εἰς
791 3007 881 3058 τον
905 3006 1063 3070 Θεὸν,
1095 3008 1328 3060 καθόλου
1362 3025 1420 3060 τε
1453 3010 1581 3079 περὶ
1611 3008 1705 3062 τοῦ
1735 3010 1868 3080 πλη-

276 3098 543 3168 ρώματος
596 3101 696 3168 τῆς
745 3100 1097 3168 Ἐκκλησίας,
1143 3100 1238 3153 καὶ
1287 3100 1430 3163 ἰδίως
1461 3100 1600 3170 ὑπὲρ
1641 3101 1749 3155 τῶν
1785 3119 1873 3154 κο-

278 3195 574 3261 σμούντων
597 3196 690 3248 τὸν
725 3193 882 3260 ἅγιον
915 3195 1084 3247 αὑτοῦ
1112 3190 1283 3256 οἷκον,
1319 3199 1415 3249 καὶ
1447 3198 1700 3267 λαμπρὸν
1735 3215 1843 3250 παν

275 3285 516 3352 ταχὸθεν
550 3284 944 3338 ἀποδεικνύναι
996 3285 1434 3356 ἐπιθυμούντων,
1463 3288 1550 3340 ἵνα
1581 3288 1674 3340 καί
1717 3288 1872 3340 αὐτοὶ

277 3379 420 3446 παρ’
446 3377 616 3430 αὑτοῦ
644 3378 1005 3443 δοξασθῶσιν,
1040 3379 1224 3431 αἰτίαν
1263 3380 1622 3450 προστίθησιν
1657 3383 1872 3432 ἐπικαι-

279 3472 546 3540 potam),
587 3487 606 3520 ι
649 3469 776 3524 Ὀτι
814 3470 905 3523 σὺν
949 3470 1010 3522 τὸ
1057 3471 1280 3540 κράτος,
1338 3473 1433 3524 καὶ
1486 3471 1581 3523 σοῦ
1639 3471 1786 3523 ἔστιν
1837 3473 1870 3539 ἡ

281 3563 558 3630 βασιλεία.
602 3581 622 3612 ι
660 3562 821 3630 Παρᾶ
875 3564 987 3624 τοῖς
1042 3562 1343 3631 βασιλεῦσι,
1396 3563 1583 3632 φησιν,
1637 3565 1666 3631 ἠ
1723 3564 1871 3628 δόξα,

275 3656 378 3706 καὶ
409 3653 470 3705 τὸ
521 3651 785 3704 δύνασθαι
817 3652 1106 3721 λαμπροὺς
1159 3655 1352 3717 ποιεῖν,
1384 3654 1478 3717 οὓς
1518 3655 1584 3706 ἂν
1641 3655 1874 3721 βούλων-

275 3761 392 3796 ται.
427 3745 498 3796 Σὺ
524 3744 603 3806 δὲ,
641 3743 903 3812 βασιλεὺς
935 3743 1174 3808 αἰώνιος,
1202 3747 1292 3796 καὶ
1324 3745 1415 3797 σὸν
1447 3746 1508 3798 τὸ
1530 3746 1747 3815 κράτος,
1779 3748 1874 3799 καὶ

279 3834 380 3886 σοῦ
421 3836 575 3884 ἐστιν
607 3835 640 3900 ἡ
673 3831 948 3899 βασιλεία.
993 3833 1104 3886 Καὶ
1135 3832 1340 3900 ταύτην
1368 3833 1466 3903 τὴν
1517 3835 1870 3902 αἰτιολογίαν,

277 3929 356 3989 ὡς
385 3925 708 3992 δοξολογίαν
757 3921 924 3978 οὖσαν
982 3925 1184 3994 βοήσας
1219 3927 1415 3986 ἐντοῖς
1467 3925 1722 3978 ἁπάντων
1771 3927 1874 3979 ὠσὶ

279 4021 389 4071 τῶν
425 4019 667 4077 πιστῶν.
697 4017 793 4069 καὶ
822 4018 1111 4069 κοινωνίαν
1130 4017 1316 4070 λαῦὼν
1345 4017 1443 4070 τοῦ
1471 4018 1607 4086 πρὸς
1633 4017 1720 4070 τὸν
1742 4017 1875 4070 Θεὸν

279 4111 479 4178 ὕμνου,
512 4109 773 4177 καθάπερ
821 4111 916 4161 καὶ
963 4109 1253 4178 πρότερον,
1290 4105 1446 4170 αὖθις
1497 4109 1606 4161 τῶν
1651 4107 1876 4179 ψαλμῳ-

278 4206 412 4257 διῶν
443 4206 702 4272 ἄρχεται,
733 4202 829 4254 καὶ
856 4201 906 4252 οἰ
940 4203 1123 4254 πιστοὶ
1170 4199 1604 4271 συμπληροῦσιν,
1639 4196 1757 4253 εἶτα
1789 4204 1872 4253 αἰ-

277 4297 508 4350 τοῦνται
545 4298 702 4366 παρὰ
731 4295 871 4348 Θεοῦ
905 4295 1003 4357 τὰς
1025 4295 1298 4363 αἰτήσεις,
1329 4288 1406 4348 ὧν
1426 4296 1452 4347 ὁ
1474 4293 1721 4356 διάκονος
1747 4294 1874 4364 ἑξη-

277 4395 489 4457 γεῖται,
524 4389 673 4441 κατὰ
720 4387 792 4439 τὰ
843 4388 1113 4456 πρότερον
1161 4387 1446 4456 εἰρημένα.
1487 4386 1544 4438 Ὀ
1595 4385 1653 4438 δὲ
1693 4387 1875 4458 ἱερεὺς

279 4483 455 4535 πάλιν
501 4480 675 4548 εὐχὴν
721 4479 1095 4546 ποιησάμενος
1138 4477 1277 4545 ὑπὲρ
1305 4476 1415 4529 τῶν
1462 4478 1876 4546 συνευχομένων

1964 2002 2339 2063 circumstant,
2388 1999 2644 2053 divinitus
2670 1997 2928 2062 inSpirata
2981 2009 3261 2051 sacrorum
3293 1989 3528 2061 prophe-

1966 2105 2140 2148 larum
2180 2094 2344 2148 verba
2395 2100 2680 2146 canentes:
2725 2107 2742 2140 ι
2784 2087 2987 2142 Bonum
3040 2096 3120 2141 est
3146 2085 3390 2140 conﬁteri
3437 2084 3538 2136 Uo-

1966 2189 2133 2246 mino.
2170 2196 2223 2240 et
2244 2185 2474 2253 psallere
2525 2182 2730 2237 nomini
2759 2189 2871 2245 tuo,
2908 2179 3204 2233 Altissime.
3259 2197 3276 2229 ι
3318 2176 3536 2229 Princi-

1966 2282 2054 2349 pio
2090 2278 2418 2333 conveniens
2444 2277 2628 2330 statim
2659 2273 2906 2334 verbum.
2946 2271 3069 2339 quia
3109 2271 3173 2324 de
3237 2271 3354 2338 ipso
3407 2269 3532 2322 dicit

1967 2373 2185 2441 hymno,
2213 2368 2354 2440 quod
2379 2377 2460 2423 est
2487 2367 2711 2432 bonum,
2745 2365 2884 2434 quod
2907 2373 3119 2434 oportet
3146 2361 3367 2416 omnino
3394 2360 3533 2414 scire

1969 2475 2094 2518 ante
2119 2477 2331 2516 omnem
2357 2463 2636 2531 hymnum,
2667 2457 2944 2527 appellans
3005 2453 3279 2516 conﬁteri,
3337 2453 3541 2522 gratias

1970 2573 2148 2629 agere,
2185 2556 2413 2628 hymnos
2443 2567 2661 2609 canere.
2698 2551 2796 2606 His
2836 2559 3011 2604 autem
3055 2558 3109 2602 et
3171 2548 3235 2601 iis
3275 2559 3396 2615 quae
3454 2558 3542 2598 se.

1970 2660 2209 2718 quuntur
2253 2646 2517 2709 cantatis,
2567 2644 2828 2699 diaconus
2859 2641 3045 2696 ﬁdeles
3110 2639 3177 2692 ad
3236 2638 3538 2692 orationem

1970 2745 2312 2798 adhortatur.
2349 2739 2559 2794 interea
2591 2748 2769 2791 autem
2810 2736 2933 2790 dum
2969 2732 3372 2802 peragebantur
3399 2728 3540 2796 psal-

1973 2838 2183 2900 modiaz,
2210 2845 2265 2889 et
2300 2833 2480 2888 ﬁdeles
2509 2833 2758 2892 orabant,
2791 2828 3050 2882 sacerdos
3074 2835 3357 2895 postquam
3393 2823 3540 2874 intus

1971 2931 2037 2982 ad
2072 2929 2233 2983 Deum
2269 2926 2393 2981 fecit
2436 2924 2761 2988 orationem,
2801 2929 2853 2976 et
2887 2918 3211 2989 generaliter
3267 2931 3363 2985 pro
3429 2923 3544 2966 toto

1975 3035 2200 3091 corpore
2220 3018 2507 3078 Ecclesiae.
2544 3028 2600 3070 et
2629 3029 2872 3068 seorsum
2904 3026 3002 3080 pro
3051 3009 3116 3064 iis
3151 3009 3240 3076 qui
3296 3016 3539 3060 sanctam

1977 3115 2189 3166 domum
2212 3113 2328 3179 ejus
2347 3117 2562 3172 ornant,
2593 3114 2641 3160 et
2676 3119 2793 3159 eam
2825 3103 3177 3171 undequaqne
3201 3097 3538 3167 splendidam

1898 3237 1939 3293 Ο
1977 3205 2197 3258 reddere
2232 3203 2566 3263 desiderant,
2629 3206 2688 3251 ut
2721 3205 2775 3249 et
2807 3194 2907 3264 ipsi
2939 3197 3004 3247 ab
3043 3193 3163 3261 ipso
3227 3189 3538 3259 gloriﬁcen-

1977 3307 2084 3361 tur,
2131 3309 2347 3349 causam
2383 3291 2564 3358 adjicit
2599 3284 2650 3342 in
2681 3288 2873 3357 primis
2927 3294 3291 3352 opportunam
3326 3291 3380 3335 et
3410 3295 3541 3334 cou-

1974 3387 2317 3440 veuientem:
2359 3402 2376 3433 r
2411 3383 2546 3447 Quia
2584 3390 2672 3433 tua
2701 3389 2784 3432 est
2811 3377 3076 3444 potentia,
3133 3385 3280 3426 tuum
3339 3380 3422 3424 est
3459 3385 3544 3423 rc-

1975 3493 2159 3546 gnum.
2192 3495 2208 3527 ι
2239 3476 2389 3544 Apud
2448 3488 2623 3542 reges,
2688 3469 2880 3538 inquit,
2917 3477 3001 3521 est
3035 3465 3229 3535 gloria.
3273 3474 3327 3517 et
3385 3477 3544 3531 posse

1976 3569 2283 3638 splendidos
2309 3568 2518 3620 elﬁcere
2573 3579 2708 3633 quos
2745 3562 3034 3616 voluerint.
3071 3557 3150 3613 Tu
3187 3568 3387 3621 autem,
3447 3574 3537 3610 rex

1974 3675 2228 3725 aeternus,
2261 3671 2312 3714 et
2348 3670 2433 3712 tua
2463 3668 2544 3712 est
2569 3656 2833 3725 potentia,
2868 3663 2920 3708 et
2980 3663 3126 3705 tuum
3170 3660 3253 3704 est
3291 3665 3541 3718 regnum.

1979 3752 2184 3805 lit-cum
2223 3752 2364 3804 hanc
2405 3763 2582 3803 causre
2615 3747 2994 3806 redditionem,
3055 3751 3238 3812 utpote
3291 3756 3412 3810 quae
3473 3745 3546 3793 sit

1976 3841 2314 3911 gloriﬁcatio,
2347 3841 2587 3893 omnium
2648 3837 2884 3892 ﬁdelium
2934 3833 3157 3888 auribus
3202 3830 3542 3895 inclamavit,

1978 3945 2032 3987 et
2056 3949 2152 3987 nos
2181 3935 2362 4003 hymni
2392 3933 2456 3986 ad
2494 3931 2660 3985 Deum
2695 3928 2986 3998 participes
3038 3924 3239 3985 eﬂecit.
3291 3925 3434 3977 sicut
3493 3933 3547 3976 ct

1978 4028 2124 4096 prius
2191 4039 2379 4078 rursus
2439 4023 2623 4091 incipit
2705 4021 3028 4090 psalinodias
3071 4061 3084 4083 ,
3122 4027 3175 4071 et
3225 4016 3408 4069 ﬁdeles
3455 4029 3555 4068 eas

1979 4113 2268 4182 complent.
2325 4112 2526 4166 Deinde
2559 4120 2746 4177 petunt
2801 4125 2830 4162 a
2882 4109 2991 4161 Deo
3048 4106 3355 4174 petitiones,
3411 4119 3548 4172 quas

1981 4203 2133 4273 pra-it
2167 4202 2441 4265 diaconus,
2481 4210 2537 4254 ut
2569 4210 2692 4253 ante
2720 4199 2924 4252 dictum
2976 4205 3081 4250 est.
3138 4195 3404 4249 Sacerdos
3455 4209 3548 4246 au-

1981 4301 2086 4345 tem
2123 4306 2311 4345 rursus
2340 4289 2482 4343 facta
2512 4288 2756 4342 oratione
2781 4303 2878 4356 pro
2905 4286 2972 4339 iis
3001 4285 3094 4353 qui
3154 4301 3257 4338 una
3318 4299 3438 4336 eum
3487 4299 3549 4336 eo

1983 4389 2270 4451 precantur
2302 4379 2567 4442 ﬁdelibus,
2605 4389 2807 4445 utqua'.
2865 4374 3239 4443 unusquisque
3297 4374 3551 4442 privatim

1981 4474 2133 4541 petit,
2179 4488 2206 4524 a
2239 4472 2346 4526 Deo
2380 4481 2763 4540 consequatur.
2799 4477 2961 4537 prout
2993 4469 3040 4521 ei
3073 4469 3201 4521 utile
3256 4466 3440 4529 fuerit,
3498 4473 3553 4517 et

277 4572 439 4639 αὐτῷ
473 4570 706 4632 πιστῶν,
742 4569 830 4621 ἵνα
877 4560 952 4621 ὧν
981 4569 1212 4628 ἕκαστος
1269 4567 1376 4637 ἰδία
1421 4569 1677 4631 αἰτεῖται,
1728 4569 1879 4636 τύχοι

1915 4589 1954 4642 D
1986 4574 2240 4632 praterea
2275 4564 2436 4616 vitam
2468 4571 2724 4616 aaternam
2758 4559 2815 4612 in
2853 4559 3062 4624 futuro,
3093 4559 3277 4627 adjicit
3327 4570 3546 4610 causam

279 4665 433 4716 κατὰ
466 4662 528 4716 τὺ
577 4661 732 4729 αὐτῷ
792 4660 1076 4731 συμφέρον
1121 4659 1272 4726 παρὰ
1300 4659 1394 4711 τοῦ
1444 4658 1604 4722 Θεοῦ,
1656 4660 1752 4713 καὶ
1797 4659 1877 4711 ἔτι

281 4758 438 4826 ζωὴν
473 4755 700 4808 αἰώνιον
736 4755 798 4806 ὲν
825 4753 904 4822 τῷ
953 4751 1243 4820 μέλλοντι·
1273 4752 1632 4821 προστεθησιν
1666 4751 1873 4814 αἰτίαν,

279 4849 385 4914 τὴν
443 4845 614 4898 αὑτοῦ
667 4844 985 4912 ἀγαθότητα
1038 4843 1134 4895 καὶ
1187 4844 1634 4913 φιλανθριιιπίαν·
1686 4845 1752 4914 ἢν
1787 4846 1881 4896 καὶ

283 4939 717 5008 ἁκροτελεύτιον
749 4933 917 4990 οὖσαν
954 4937 1033 4999 εἰς
1077 4937 1314 5004 ἐπήκοον
1362 4937 1473 4989 τῶν
1505 4936 1758 4990 ἁπάντων
1801 4936 1880 4988 εἰ-

282 5032 428 5092 πὼν,
473 5031 574 5097 τῆς
605 5029 913 5096 ἀπάρχεται
957 5026 1279 5096 ψαλμῳδίας
1311 5027 1526 5095 τρὶτης,
1572 5021 1638 5096 ἧς
1682 5027 1878 5097 ᾀδομέ-

280 5141 384 5192 νης
414 5122 478 5174 τὸ
523 5119 864 5187 Εὑαγγέλιον
919 5120 1204 5186 εἰσάγεται
1247 5119 1740 5187 δορυφορούμενον,
1777 5120 1879 5171 ὑπὸ

279 5214 546 5282 λαμπάσι
584 5213 681 5263 καὶ
729 5211 1067 5278 θυμιάμασι,
1100 5211 1322 5263 πάντων
1367 5210 1718 5276 πεμπόντων,
1767 5213 1876 5261 ὅσοι

280 5312 378 5364 τοῦ
415 5311 690 5379 βήματος,
722 5306 819 5358 τοῦ
847 5306 1098 5358 διακόνου
1132 5305 1261 5357 αὐτὸ
1291 5305 1628 5372 κομίζοντος,
1725 5307 1770 5356 εἰ
1808 5304 1880 5372 μὴ

281 5402 483 5471 παρὼν
518 5401 700 5469 τύχοι,
730 5398 827 5450 τοῦ
864 5400 1081 5464 ἱερέως.
1118 5397 1174 5448 '0
1219 5395 1274 5447 δὲ
1308 5397 1492 5464 ἱερεὺς
1526 5397 1583 5446 ὲν
1629 5390 1672 5462 ᾧ
1719 5397 1795 5455 εἰς
1822 5395 1880 5446 τι

281 5493 687 5559 θυσιαστήριον
719 5488 948 5540 εἰσιέναι
994 5487 1200 5556 μέλλει,
1239 5486 1370 5548 στὰς
1416 5487 1520 5554 πρὸ
1561 5486 1670 5538 τῶν
1700 5485 1879 5554 θυρῶν

282 5587 350 5636 ἑκ
389 5582 600 5650 μικροῦ
629 5581 1033 5647 διαστήματος,
1069 5579 1173 5634 ἕως
1263 5577 1556 5646 ψαλμῳδία
1591 5578 1876 5645 πληρωθῇ,

281 5676 507 5744 εὔχεται
538 5673 620 5741 τῷ
658 5671 778 5740 Θεῴ
825 5672 1014 5737 ἁγίους
1065 5672 1338 5735 ἀγγέλους
1375 5669 1764 5726 συνεισελθεῖν,
1802 5677 1882 5730 ei;

281 5769 344 5820 τὸ
402 5765 807 5832 θυσιαστήριον
863 5765 1110 5825 εὶαιοντι,
1167 5766 1260 5815 καὶ
1321 5762 1730 5829 συνεφάψασθαι
1783 5765 1879 5827 τῆς

282 5857 633 5928 ἓερσυρίξας,
684 5862 777 5906 καὶ
837 5856 1160 5909 κοινωνῆσαι
1205 5855 1298 5923 τῆς
1332 5854 1466 5921 πρὸς
1508 5855 1638 5906 Θεὸν
1674 5853 1875 5917 Epigno-

1984 4658 2154 4725 ipsius
2178 4655 2470 4709 bonitatem
2504 4664 2558 4708 et
2590 4653 2958 4707 clementiam.
2982 4651 3154 4715 Quam
3181 4658 3364 4716 utpote
3416 4647 3550 4701 ulti-

1985 4765 2150 4814 mam,
2183 4757 2468 4817 postquam
2520 4745 2772 4799 omnibus
2808 4743 3150 4797 audientibus
3206 4740 3360 4801 dixit,
3424 4736 3553 4790 iuci-

1983 4842 2060 4910 pit
2086 4842 2296 4894 tertiam
2325 4837 2696 4906 psalmodiam.
2734 4835 2863 4899 Qua;-
2893 4838 3017 4887 dum
3045 4834 3279 4893 canitur.
3304 4832 3550 4899 Evange-

1983 4931 2115 4986 lium
2170 4929 2531 4983 introducitur
2578 4931 2831 4995 stipatqu
2880 4925 3240 4993 lampadibus,
3303 4923 3553 4976 omnibus

1985 5023 2052 5075 iis
2080 5021 2470 5074 deducentibus
2500 5019 2589 5086 qui
2625 5026 2752 5072 sunt
2786 5015 3021 5069 ministri
3054 5014 3266 5078 altaris,
3327 5012 3552 5064 diacono

1987 5130 2160 5180 ipsum
2199 5111 2476 5169 alie-rente,
2520 5109 2621 5168 vel.
2682 5109 2722 5159 si
2758 5124 2860 5158 nun
2890 5106 3052 5168 adsit,
3090 5105 3390 5158 sacerdote.
3453 5101 3553 5154 Sa-

1986 5208 2176 5258 cerdos
2207 5218 2406 5263 autent.
2455 5206 2669 5269 quando
2696 5211 2777 5253 cst
2834 5202 2896 5250 ad
2961 5199 3131 5251 altare
3182 5196 3545 5263 ingreSsnrm,

1986 5308 2138 5348 Stans
2165 5312 2328 5363 parvo
2357 5294 2637 5360 iutcrjecto
2662 5293 2834 5358 spatio
2863 5302 2986 5342 ante
3015 5289 3176 5352 fores,
3208 5289 3376 5339 donec
3405 5300 3551 5338 Cum.

1987 5391 2124 5456 plela
2162 5386 2320 5438 fuerit
2354 5385 2674 5453 psalmodia,
2700 5394 2821 5434 orat
2849 5381 3037 5442 Deum,
3073 5390 3130 5432 ut
3160 5379 3330 5432 sancti
3378 5377 3548 5444 angeli

1990 5498 2092 5533 una
2125 5496 2245 5532 cum
2275 5476 2383 5529 Deo
2417 5475 2811 5544 ingrediantur,
2866 5475 3097 5525 intrante
3157 5471 3220 5522 ad
3273 5471 3466 5529 altare,
3499 5474 3552 5518 ct

1987 5571 2310 5628 sacriﬁcium
2343 5578 2704 5630 contrectcnt,
2739 5573 2790 5620 et
2817 5565 2924 5617 sint
2977 5579 3097 5615 eum
3134 5562 3251 5630 ipso
3285 5559 3550 5628 gloriﬁca-

1988 5664 2152 5716 tionis
2178 5662 2484 5730 participes,
2523 5666 2574 5713 et
2611 5658 2800 5726 adjicit
2823 5671 3066 5719 causam,
3097 5654 3222 5722 quia
3257 5663 3310 5703 et
3340 5652 3406 5704 ab
3450 5651 3548 5703 ho-

1991 5755 2224 5808 rninibus
2256 5752 2402 5805 etab
2437 5750 2642 5818 angelis
2674 5749 2924 5802 convenit
2950 5749 3123 5814 ipsum
3171 5743 3466 5813 gloritii-ari
3497 5752 3551 5792 ct

1990 5844 2220 5898 adorati.
2252 5842 2364 5897 lioc
2409 5843 2548 5895 enim
2582 5840 2680 5895 sibi
2723 5836 2830 5892 vult
2865 5839 3026 5892 illttd:
3131 5836 3314 5889 Omnis
3355 5833 3549 5900 gloria.
