4272 6446
729 433 829 494 ίοἸ

1984 421 2292 481 NICOLAI
2335 420 2574 481 CABAS
2589 423 2730 481 ΝΛΞ

3879 429 3985 498 408

728 542 926 596 modo?
953 540 1086 604 Quia
1119 539 1373 594 Servator
1426 538 1478 592 in
1511 555 1571 592 ea
1606 540 1776 604 ejerto
1810 545 2030 606 peccato
2078 547 2130 590 et
2181 535 2296 589 dia-
2335 538 2378 594 Α
2409 552 2415 587 1

2335 538 2378 594 Α
2409 535 2591 604 κρίσις
2616 536 2734 588 ἐστὶ
2770 537 2865 589 καὶ
2903 535 3219 607 δικαιοσύνη
3253 553 3266 570 ο
3308 539 3430 592 τίνα
3461 537 3658 607 ὶόγονς
3691 540 3773 594 ὅτι
3816 545 3844 595 ὁ
3870 545 3985 597 Σω-

730 636 850 688 hnlo
881 635 1184 696 interfecto,
1220 649 1321 686 non
1357 633 1550 701 insigni
1586 631 1765 700 aliquo
1797 632 2013 692 robore,
2039 644 2136 683 nec
2163 628 2306 697 quod

730 729 961 793 potentia
1006 730 1264 789 vinceret,
1302 726 1402 778 hoc
1462 726 1606 788 lecit,
1645 727 1738 779 sed
1775 725 1976 794 judicio
2005 722 2301 790 etjustitia.

729 819 1092 873 sieutdictuui
1129 828 1247 870 est:
1291 816 1538 872 «Justitia
1577 827 1623 870 et
1668 817 1929 886 judicium
1985 815 2306 885 prmparatio

730 911 872 963 Sedis
900 921 1068 972 tum”
1136 910 1362 961 sirutet
1430 923 1527 962 nos
1585 909 1634 960 in
1695 907 1915 976 judiciis
1965 907 2307 960 adversarios

734 1000 998 1052 sententia
1031 999 1269 1066 judieuin
1301 999 1584 1052 vincimus.
1618 996 1937 1066 Propterea,
1967 1013 1984 1046 ι
2015 993 2164 1048 Nunc
2201 1004 2306 1058 est,

733 1093 926 1162 inquit,
982 1091 1247 1156 judicium
1318 1091 1500 1144 mnttdi
1571 1089 1779 1158 hujus;
1846 1103 1989 1143 nunc
2059 1089 2309 1157 princeps

735 1185 916 1236 Ittumli
952 1183 1112 1252 hujus
1159 1183 1372 1252 cjicitur
1437 1181 1602 1234 foras.
1645 1199 1663 1231 ι
1726 1179 1851 1233 Haec
1889 1179 2067 1234 sciens
2118 1178 2307 1231 beatus

737 1277 1022 1346 Dionysius
1061 1275 1253 1327 divina:
1305 1274 1560 1326 bonitatis
1615 1275 1852 1326 maxime
1907 1271 2177 1325 infinitam
2227 1270 2309 1322 di-

735 1370 808 1420 cit
837 1368 1238 1431 benignitatem,
1298 1365 1607 1419 deiectricis
1675 1363 2034 1418 nutltitudinis
2060 1402 2075 1426 ,
2112 1363 2311 1416 daemo-

740 1474 866 1509 num
908 1459 1133 1518 scilicet,
1159 1459 1455 1523 potentiam
1523 1459 1785 1510 adversus
1832 1471 1928 1510 nos
1990 1453 2308 1512 dissolvere.

739 1565 844 1602 non
881 1562 973 1616 per
1016 1550 1342 1616 potentiam,
1399 1560 1648 1618 tanquam
1704 1557 2138 1616 exsuperantem,
2214 1546 2309 1600 sed

742 1649 798 1692 ut
833 1639 1059 1706 mystice
1112 1641 1244 1693 dicit
1276 1641 1530 1694 traditum
1565 1641 1864 1708 eloquium,
1898 1640 1950 1694 in
1996 1638 2201 1708 judicio
2257 1646 2312 1692 et

738 1729 966 1797 justitia.
995 1731 1128 1796 Quia
1167 1746 1294 1799 ergo
1356 1733 1501 1800 quod
1564 1732 1837 1796 laudatur,
1888 1745 1991 1785 non
2033 1731 2206 1784 solum
2231 1739 2313 1783 est

2410 629 2516 697 τὴρ
2544 631 2600 682 ἐν
2629 629 2768 699 αὐτῇ
2813 630 2911 698 τὴν
2941 630 3217 700 ἁμαρτίαν
3246 630 3548 696 ἐκϐάλλων,
3585 634 3679 684 καὶ
3722 634 3814 686 τὶν
3863 635 3985 688 διά-

2413 718 2568 772 ϐολον
2617 722 2970 783 ἀποκτείνας,
3016 722 3114 792 οὐχ
3168 723 3442 794 ὑπερϐολῇ
3493 726 3698 792 ἰσχύος,
3753 727 3873 779 οὐδὲ
3903 727 3984 795 τῷ

2413 813 2570 881 νικᾷν
2598 811 2828 881 δυνάμει
2860 813 3022 864 τοῦτο
3057 815 3314 883 ἐποίησεν
3337 832 3352 846 ’
3385 816 3521 868 ἀλλὰ
3552 818 3755 886 κρίσει,
3784 819 3880 870 καὶ
3907 818 3990 870 δι-

2414 902 2696 972 καιοσύνῃ,
2753 905 2892 956 κατὰ
2951 905 3010 956 τὸ
3072 906 3388 976 εἰρημένον,
3440 925 3458 957 ι
3498 909 3827 980 Δικαιοσύνη
3891 911 3988 963 καὶ

2415 995 2587 1065 κρίμα
2619 996 2908 1064 ἐτοιμασία
2930 997 3025 1048 τοῦ
3057 996 3249 1066 θρόνου
3292 1015 3387 1050 σου
3415 1015 3428 1028 ·
3471 1017 3488 1050 ι
3527 999 3782 1070 καθάπερ
3822 1003 3988 1071 ἡμεῖς

2415 1088 2472 1139 ἐν
2505 1089 2616 1150 τοῖς
2645 1087 3020 1158 δικαστηρίοις
3082 1089 3208 1153 τοὺς
3243 1077 3554 1154 ἀντιδίκους
3600 1092 3871 1162 αἱροῦμεν
3915 1095 3983 1164 τῇ

2416 1182 2583 1252 ψήφῳ
2612 1181 2720 1234 τῶν
2749 1182 3040 1237 δικαστῶν.
3072 1182 3169 1234 Διά
3200 1181 3360 1235 τοῦτό
3390 1199 3524 1253 φησι
3552 1200 3566 1214 ο
3603 1201 3621 1236 ι
3658 1183 3772 1237 Νῦν
3803 1185 3986 1253 κρίσις

2416 1272 2532 1325 ἐστὶ
2567 1270 2661 1323 τοῦ
2697 1274 2906 1341 κόσμου
2941 1270 3136 1324 τούτου
3163 1288 3177 1302 ·
3214 1273 3308 1326 νῦν
3354 1274 3382 1325 ὁ
3409 1274 3594 1342 ἄρχων
3638 1273 3735 1325 τοῦ
3774 1275 3985 1344 κόσμου

2415 1363 2608 1416 τούτου
2638 1363 3041 1433 ἐκϐληθήσεται
3079 1364 3206 1427 ἔξω.
3245 1364 3429 1418 Ταῦτα
3472 1365 3627 1428 είδὼς
3659 1367 3685 1418 ὁ
3715 1368 3998 1435 μακάριος

2417 1457 2712 1518 Διονύσιος,
2760 1456 2860 1524 τὴν
2903 1456 3002 1525 τῆς
3037 1456 3333 1526 θεαρχιχῆς
3374 1458 3718 1526 ἀγαθότητος
3763 1459 3995 1527 άπειρο-

2417 1548 2589 1630 τάτην
2641 1546 3060 1617 φιλανθρωπίαν
3099 1551 3235 1618 φησι
3277 1549 3376 1619 τῆς
3417 1551 3797 1618 ἀποστατικῆς
3848 1550 3994 1620 πλη-

2419 1637 2566 1702 θύος,
2597 1639 2707 1691 τῶν
2735 1640 3009 1708 δαιμόνων
3059 1641 3326 1712 δηλονότι,
3360 1641 3420 1694 τὸ
3472 1641 3596 1694 καθ’
3635 1643 3794 1710 ἡμῶν
3829 1659 3998 1696 κατα-

2418 1731 2576 1784 λῦσαι
2609 1734 2833 1803 κράτος,
2867 1734 3098 1787 οὐοκατὰ
3131 1735 3364 1802 δύναμιν
3395 1734 3472 1795 ὡς
3513 1734 3957 1805 ὑπερισχύουσαν
3981 1749 3996 1765 ο

741 1820 1112 1873 misericordia
1151 1830 1203 1872 et
1233 1821 1451 1884 veritas,
1491 1821 1583 1874 sed
1620 1822 1783 1874 etiam
1809 1820 2015 1886 justitia
2070 1829 2125 1873 et
2169 1819 2313 1886 judi-
2351 1846 2428 1908 Bt

2351 1847 2398 1908 Β
2425 1826 2568 1879 κατά
2595 1826 2650 1879 δὲ
2673 1827 2733 1878 τὸ
2759 1827 3042 1894 μυστικῶς
3067 1828 3202 1895 ἡμῖν
3229 1826 3534 1897 παραδοθὲν
3563 1826 3764 1893 λόγιον,
3796 1826 3853 1877 ἐν
3875 1823 4000 1894 κρίο

743 1911 911 1973 eium,
955 1919 1235 1979 propterea
1261 1912 1540 1979 snbjunxit
1589 1911 2084 1980 Psalmographus:
2120 1929 2137 1961 ι
2171 1910 2322 1976 Quo-

746 2003 890 2053 niam
921 2010 1101 2053 rectus
1147 2002 1403 2055 Dominus
1444 2012 1647 2065 uoster,
1689 2011 1742 2055 et
1793 2017 1895 2056 non
1931 2013 2014 2057 est
2069 2003 2324 2072 iniquitas

748 2096 799 2146 in
830 2110 912 2145 eo.
942 2113 1061 2143 i—c
1104 2092 1306 2146 Bonum
1338 2106 1417 2148 est
1449 2096 1791 2157 aununliare,
1824 2096 2014 2163 inquit,
2038 2111 2192 2149 mane
2228 2097 2327 2148 nii-

747 2185 1099 2237 scrieordiam
1129 2195 1297 2250 tuam,
1325 2199 1376 2240 et
1406 2188 1685 2240 veritatem
1719 2195 1864 2242 tuam
1913 2203 2008 2257 per
2031 2199 2267 2242 noctem.
2299 2205 2317 2238 ι

750 2277 845 2332 Dic
891 2290 944 2331 ct
978 2291 1162 2341 noctu,
1212 2279 1407 2348 inquit,
1458 2290 1670 2348 oportet
1715 2279 1882 2334 Deum
1923 2280 2164 2334 laudare.
2203 2277 2318 2332 lloc

749 2374 893 2424 ιιιιὶιιι
916 2383 991 2425 est
1019 2373 1171 2436 illud,
1204 2392 1221 2423 ι
1254 2373 1426 2435 Mane,
1455 2392 1473 2425 ι
1502 2385 1576 2441 et,
1615 2392 1634 2426 ι
1660 2374 1763 2428 Per
1781 2386 2014 2429 noctem.
2042 2393 2061 2427 ι
2085 2374 2237 2441 Quod
2267 2378 2321 2427 in

751 2467 848 2519 alit
883 2466 1019 2520 dixit
1061 2468 1178 2520 luco
1211 2483 1224 2518 :
1265 2487 1280 2518 ι
1318 2467 1373 2520 In
1403 2469 1548 2520 onmi
1597 2469 1855 2536 temporis
1884 2479 2177 2524 momento.
2205 2487 2224 2520 ι
2262 2468 2327 2522 Et

754 2560 870 2614 tunc
909 2559 1123 2628 quidem
1157 2560 1327 2626 prima
1359 2561 1681 2627 psaltttodia.

1333 2744 1487 2800 CAP.
1534 2745 1711 2807 XVIII.

762 2842 903 2905 Quid
934 2841 1236 2908 signiﬁcant
1280 2841 1333 2892 in
1378 2841 1648 2904 principiis
1694 2845 1947 2912 sacriﬁcii
1977 2860 2093 2911 qua
2133 2858 2337 2896 canun—

1329 2923 1416 2964 tur
1457 2913 1779 2978 prophetica.

834 3028 1082 3080 Secunda
1122 3035 1300 3078 autem
1340 3026 1634 3093 psalmodia
1687 3027 1861 3095 ipsum
1892 3042 2116 3096 regnum
2149 3026 2333 3081 laudat

762 3131 810 3173 et
862 3121 1133 3181 decorem,
1180 3127 1235 3171 et
1265 3121 1564 3187 potentiam
1603 3117 1726 3174 Filii
1774 3119 1888 3183 Dei,
1922 3133 2044 3188 quae
2096 3132 2160 3172 ex
2211 3119 2330 3171 exi-

770 3211 1050 3264 uanitione
1093 3221 1144 3264 et
1183 3220 1504 3277 paupertate
1537 3211 1586 3262 ei
1638 3211 1892 3264 accessit.
1934 3211 2039 3264 Sed
2091 3211 2218 3279 quis
2248 3219 2332 3264 est

769 3304 856 3355 hic
896 3317 1024 3356 usus
1057 3301 1249 3355 horum
1287 3301 1574 3355 verborum
1618 3299 2082 3370 propheticorum,
2107 3310 2161 3354 et
2183 3300 2341 3369 quid-

771 3408 894 3444 nam
924 3392 1230 3459 significant
1278 3389 1584 3445 Servaturis
1652 3399 1920 3457 suscepta:
1967 3389 2150 3443 carnis
2193 3403 2343 3442 (eco-

775 3482 1010 3536 noutize?
1040 3481 1313 3550 Principia
1365 3480 1486 3548 ejus
1518 3481 1846 3550 praesentiae,
1889 3481 2115 3548 quando
2154 3480 2347 3534 aderat

775 3575 1016 3642 quidem,
1060 3575 1152 3627 sed
1190 3588 1292 3626 non
1329 3571 1761 3640 eugttoscebatur
1789 3587 1818 3624 a
1869 3571 2079 3635 multis,
2127 3570 2346 3640 quando

779 3668 830 3718 in
882 3667 1083 3721 mundo
1113 3677 1250 3729 erat,
1308 3675 1362 3719 et
1413 3665 1646 3718 mundus
1694 3665 1872 3731 ipsum
1923 3678 2029 3717 non
2071 3662 2348 3733 cognovit,

779 3769 989 3832 tempus
1013 3760 1154 3830 quod
1175 3758 1272 3812 fuit
1295 3767 1422 3812 ante
1442 3756 1727 3820 Joannem,
1776 3758 2092 3824 priusquam
2118 3769 2348 3809 accensa

781 3865 927 3910 esset
957 3854 1184 3922 lampas.
1228 3852 1382 3907 Tunc
1417 3853 1559 3907 enim
1587 3862 1642 3906 et
1667 3852 1848 3906 adhuc
1878 3866 2014 3920 opus
2042 3860 2160 3905 erat
2189 3850 2351 3905 dictis

779 3944 1132 4013 propheticis.
1169 3943 1362 3997 Postea
1403 3952 1580 3996 autem
1610 3943 1859 4010 apparuit
1887 3943 2004 4012 ipse
2031 3941 2122 4011 qui
2151 3941 2350 4010 przedi-

782 4038 1035 4098 eabatur,
1081 4045 1134 4088 ct
1175 4049 1279 4088 non
1318 4043 1434 4087 erat
1466 4032 1694 4100 amplius
1733 4033 1838 4101 ipsi
1874 4030 2155 4101 prophetis
2194 4045 2354 4100 Opus,

787 4128 880 4181 sed
929 4137 1253 4195 prasentem
1300 4126 1473 4194 ipsum
1532 4125 1771 4179 ostendit
1829 4123 2091 4184 Joannes.
2139 4132 2195 4177 et
2232 4132 2357 4176 ante

783 4220 1046 4272 Joannem
1105 4218 1219 4285 ipse
1261 4215 1439 4268 Pater.
1495 4215 2102 4284 Propterea,«0mnes,
2157 4212 2353 4277 inquit,

787 4313 1071 4382 propheta:
1124 4308 1521 4378 prophetarunt
1557 4320 1728 4375 usque
1769 4307 1834 4358 ad
1876 4306 2201 4361 Joannem.»
2242 4304 2358 4358 Hoc

790 4419 918 4473 ergo
948 4403 1336 4471 tempus,quod
1383 4401 1484 4452 fuit
1546 4411 1672 4452 ante
1711 4398 1999 4462 Joannem,
2047 4399 2360 4468 signiﬁcant

2435 1934 2540 1978 σει,
2571 1919 2669 1970 καὶ
2715 1917 3056 1987 δικαιοσύνῃ.
3106 1918 3262 1971 Ἐπεὶ
3313 1919 3495 1971 τοίνυν
3545 1917 3603 1968 τὸ
3637 1917 4006 1985 ὑμνούμενον,

2433 2010 2494 2062 οὐ
2530 2010 2689 2078 μόνον
2730 2009 2879 2071 ἔλεος
2926 2009 3024 2061 καὶ
3068 2009 3322 2079 ἀλήθεια,
3366 2009 3504 2063 ἀλλὰ
3537 2008 3631 2062 καὶ
3685 2007 4006 2076 δικαιοσύνη

2434 2104 2554 2156 ἐστὶ
2589 2103 2682 2156 καὶ
2727 2102 2932 2174 κρίσις,
2965 2103 3054 2156 διὰ
3087 2102 3248 2156 τοῦτο
3301 2104 3586 2172 ἐπήγαγεν
3618 2102 3644 2153 δ
3671 2099 4009 2170 Ψαλμωδὺς,

2441 2216 2459 2247 ι
2500 2197 2623 2249 ’Ὀτι
2644 2194 2806 2257 εὐθὺς
2830 2197 2857 2248 ὁ
2889 2194 3092 2263 Κύριος
3118 2195 3274 2264 ἡμῶν
3297 2194 3447 2257 Θεὸς.
3469 2194 3564 2246 καὶ
3597 2194 3696 2245 οὐκ
3721 2192 3869 2244 ἔστιν
3893 2192 4014 2244 ἀδι-

2436 2288 2528 2342 κία
2553 2290 2610 2340 ὲν
2631 2287 2799 2356 αὐτῷ.
2835 2304 2854 2337 ι
2874 2303 2964 2336 -ι
3004 2285 3234 2354 Ἀγαθὸν
3261 2287 3321 2338 τὸ
3359 2284 3732 2353 ἀναγγὲλὶειν,
3751 2281 3906 2352 φησι,
3932 2281 4014 2350 τῷ

2433 2379 2578 2450 πρωῒ
2601 2379 2660 2432 τὸ
2676 2379 2822 2441 ἔλεός
2843 2394 2959 2441 σου,
2982 2378 3077 2431 καὶ
3097 2377 3194 2447 τὴν
3216 2378 3477 2446 ἀλήθειάν
3504 2394 3596 2428 σου
3614 2375 3754 2428 κατὰ
3775 2374 3968 2428 νύκτα.
3986 2391 4012 2424 ι

2443 2472 2688 2543 Ἡμέρας
2703 2470 2796 2524 καὶ
2823 2469 3016 2532 νυκτὸς
3038 2471 3137 2531 δεῖ,
3160 2468 3314 2538 φησὶ,
3335 2469 3427 2520 τὸν
3441 2468 3572 2521 Θεὸν
3597 2468 3814 2535 ὑμνεῖν.
3839 2465 4019 2518 Τοῦτο

2433 2567 2541 2635 γάρ
2567 2565 2759 2618 ὲστιτδ
2778 2580 2796 2612 ι
2824 2561 2968 2633 πρωῒ
2995 2582 3013 2614 ι
3039 2561 3133 2615 καὶ
3164 2580 3182 2612 ι
3213 2561 3353 2614 κατὰ
3371 2560 3563 2613 νύκτα.
3602 2579 3618 2612 ι
3650 2561 3824 2627 Ὅπερ
3850 2558 4022 2610 ἀλλα-

2433 2656 2530 2730 χοῦ
2551 2673 2732 2725 φησιν,
2747 2673 2766 2708 ι
2790 2655 2877 2706 Ἐν
2891 2654 3056 2706 παντὶ
3068 2655 3264 2724 καιρῷ.
3281 2673 3297 2704 ι
3311 2655 3350 2704 Κ
3361 2653 3416 2706 αἱ
3432 2651 3603 2706 ταῦτα
3625 2652 3724 2722 μὲν
3741 2654 3774 2721 ἡ
3795 2650 4019 2721 πρώτη.

3030 2747 3279 2800 ΚΕΦᾹΛ.
3321 2744 3427 2800 lll'.

2446 2845 2508 2897 Τί
2541 2843 2955 2912 σημαίνουσιν
2987 2841 3072 2912 ἓν,
3105 2840 3232 2904 ταῖς
3278 2839 3492 2907 ἀρχαῖς
3508 2837 3638 2912 λτῆς
3683 2837 4026 2906 ἱεροιφγίτες

2865 2911 2936 2964 τὰ
2962 2911 3222 2978 ᾀδόμενα
3251 2908 3599 2978 προφητῶν.

2520 3031 2585 3082 Ἥ
2607 3029 2663 3081 δὲ
2689 3027 2911 3098 δευτέρα
2939 3024 3226 3096 ψαλμῳδία
3257 3023 3425 3093 αὐτὴν
3459 3025 3688 3092 άνυμνεῖ
3723 3023 3823 3092 τῆν
3859 3022 4024 3092 βασι-

2441 3121 2591 3175 λείαν
2616 3119 2709 3173 καὶ
2741 3116 2839 3187 τὴν
2869 3117 3206 3186 εὐπρέπειαν
3236 3115 3332 3168 καὶ
3361 3115 3461 3183 τὴν
3495 3114 3726 3182 δύναμιν
3756 3115 3851 3166 τοῦ
3884 3112 4020 3165 Υἱοῦ

2441 3213 2534 3266 τοῦ
2563 3212 2719 3276 Θεοῦ,
2740 3211 2836 3280 τὴν
2867 3209 2974 3262 ἀπὸ
2994 3212 3093 3276 τῆς
3119 3207 3402 3268 κενώσεως
3432 3204 3527 3258 καὶ
3562 3204 3845 3274 πτωχείας
3868 3204 4023 3274 αύτῷ

2445 3304 2888 3376 περιγινομένης.
2937 3301 3102 3355 Ἀλλὰ
3152 3301 3237 3362 τίς
3268 3299 3506 3352 ἐνταῦθα
3537 3298 3698 3368 χρεία
3728 3298 3840 3350 τῶν
3880 3315 4021 3367 προ-

2445 3394 2694 3463 φητικῶν
2735 3393 2943 3446 τούτων
2979 3390 3280 3461 ρημάτων;
3323 3389 3420 3440 καὶ
3464 3388 3515 3439 τί
3558 3387 3895 3456 σημαίνουσι
3930 3387 4030 3439 διὰ

2446 3488 2547 3556 τῆς
2577 3486 2672 3538 τοῦ
2707 3485 2962 3553 Σωτῆρος
2988 3481 3337 3551 οἱκονομίας;
3367 3481 3479 3542 Τὰς
3509 3481 3682 3549 ἀρχὰς
3712 3481 3812 3548 τῆς
3849 3478 4032 3533 αὐτοῦ

2448 3579 2779 3650 παρουσίας,
2825 3579 2916 3631 ὅτε
2949 3577 3285 3645 παρεγένετο
3337 3573 3456 3641 μὲν,
3495 3570 3646 3623 οὔπω
3690 3571 3736 3622 δ’
3772 3571 4030 3637 ιφαίνετο

2449 3677 2563 3737 τοῖς
2615 3672 2854 3733 πολλοῖς,
2902 3671 2992 3722 ὅτε
3032 3670 3090 3720 ἐν
3129 3666 3207 3737 τῷ
3256 3667 3450 3735 κόσμῳ
3479 3659 3566 3734 ἦν,
3609 3665 3702 3718 καὶ
3748 3664 3778 3715 ὁ
3820 3663 4028 3731 κόσμος

2453 3767 2617 3821 αὐτὸν
2645 3766 2746 3817 οὐκ
2779 3763 3102 3830 ἐγίνωσκεν,
3131 3760 3224 3814 τὸν
3260 3761 3361 3830 πρὸ
3389 3757 3484 3812 τοῦ
3528 3757 3776 3811 Ἰωάννου
3805 3745 4046 3827 καιρδν,

2453 3859 2585 3926 πρὶν
2617 3857 2860 3926 ἁφθῆναι
2886 3855 2979 3907 τὸν·
3007 3853 3221 3923 λύχνον.
3254 3852 3389 3904 Τότε
3426 3850 3534 3919 γὰρ
3569 3849 3730 3920 χρεία
3773 3843 3842 3918 ἦν
3877 3846 4037 3916 αὐτῷ

2455 3947 2536 4000 ἔτι
2557 3947 2668 3999 τῶν
2697 3941 3056 4015 προφητικῶν
3109 3941 3304 4009 λόγων.
3336 3941 3494 3993 Μετὰ
3528 3940 3584 3992 δὲ
3634 3936 3810 3990 ταῦτα
3860 3937 4031 3997 αὐτὸς

2456 4039 2627 4108 ἐφάνη
2657 4037 2686 4089 ὁ
2709 4035 3214 4107 προφητευόμενος,
3243 4033 3336 4085 καὶ
3363 4033 3464 4084 οὐκ
3493 4028 3559 4102 ἦν
3581 4031 3660 4082 ἑτι
3689 4029 3838 4099 αὐτῷ
3868 4028 4030 4098 χρεία

2457 4130 2568 4183 τῶν
2616 4128 2938 4199 προφητῶν,
2988 4126 3124 4180 άλλά
3180 4124 3430 4194 παρόντα
3482 4123 3648 4175 αὑτὸν
3698 4121 3727 4173 ὁ
3775 4119 4036 4187 Ἰωάννης

2473 4221 2704 4285 ἐδείκνυ,
2738 4221 2833 4271 καὶ
2868 4218 2975 4288 πρὸ
3001 4218 3096 4269 τοῦ
3138 4216 3388 4269 Ἰωάννου
3428 4215 3456 4267 ὁ
3482 4215 3689 4282 πατήρ.
3717 4211 3816 4263 Διὰ
3848 4207 4044 4276 τοῦτο,

2465 4329 2485 4364 ι
2524 4311 2733 4374 Πάντες
2762 4312 2812 4363 οἱ
2848 4310 3128 4380 προφῆται
3154 4308 3256 4370 ἕως
3303 4307 3550 4358 Ἰωάννου
3584 4304 3975 4373 προεφήτευον.
4010 4319 4032 4351 ι

2461 4404 2666 4457 Τοῦτον
2689 4404 2752 4473 δὴ
2784 4403 2876 4454 τὸν
2915 4401 3107 4468 καιρὸν
3140 4400 3232 4451 τδν
3263 4399 3370 4467 πρὸ
3409 4395 3660 4450 Ἰωάννου
3698 4395 4045 4464 σημαίνουσι

790 4495 1106 4564 prophetica
1161 4506 1282 4560 quae
1313 4501 1610 4555 canuntur,
1660 4490 1879 4558 quando
1902 4490 2066 4544 etiam
2120 4491 2355 4559 pretiosa
2387 4515 2477 4575 D1

2354 4519 2355 4539 ι
2387 4515 2439 4575 D
2465 4497 2534 4551 τὰ
2564 4494 2881 4566 προφητικά
2931 4493 3188 4564 ᾀδόμενα,
3217 4491 3299 4543 ὅτι
3344 4491 3439 4541 καὶ
3491 4488 3556 4539 τὰ
3586 4487 3744 4555 τίμια
3770 4485 3942 4555 δῶρα,
3967 4483 4041 4536 δι’

790 4589 954 4649 dona,
1003 4601 1100 4654 per
1131 4598 1253 4653 quae
1297 4584 1556 4636 Christus
1606 4582 1972 4652 signiﬁcatur,
2022 4581 2261 4634 nondum
2305 4583 2356 4634 in

797 4681 1031 4734 medium
1058 4679 1428 4740 adducuntur,
1465 4677 1555 4730 sed
1601 4690 1848 4731 seorsum
1900 4683 2155 4742 cooperta
2205 4689 2362 4742 repo-

795 4775 898 4827 sita
949 4783 1098 4827 sunt.
1134 4771 1194 4822 Et
1226 4771 1340 4824 hare
1368 4769 1585 4838 quidem
1619 4768 1718 4821 sic.
1770 4767 1885 4836 Ipsa
1937 4779 2116 4821 autem
2165 4767 2359 4835 ps:ilmi

796 4869 958 4922 verba
994 4865 1433 4921 consideremus:
1465 4883 1483 4916 ι
1512 4863 1771 4917 Dominus
1794 4865 2063 4931 regnavit,
2107 4864 2362 4916 decorem

797 4963 1023 5016 indutus
1068 4969 1174 5012 est.
1211 4977 1229 5010 ›
1259 4958 1645 5026 Coguitionem
1678 4972 1786 5025 qua
1826 4958 2002 5026 ipsum
2057 4965 2366 5026 cognorunt

801 5056 1068 5114 homines,
1100 5065 1152 5104 et
1181 5052 1226 5105 ei
1263 5050 1490 5118 subjecti
1529 5050 1767 5113 fuerunt,
1796 5064 2018 5118 regnum
2049 5049 2366 5118 appellavit,

802 5146 1016 5213 quando
1048 5154 1102 5198 et
1130 5147 1404 5202 decorum,
1438 5152 1491 5197 et
1523 5143 1834 5208 pulchrum,
1864 5153 1915 5194 et
1949 5149 2217 5210 potentem
2242 5156 2366 5195 eum

804 5247 1195 5304 cognoverunt,
1265 5243 1326 5288 ut
1383 5250 1543 5288 nosse
1596 5238 1900 5300 oportebat.
1955 5231 2069 5286 Hoc
2113 5243 2194 5286 est
2236 5232 2368 5286 illud

807 5329 1112 5382 Servatoris
1149 5345 1162 5380 :
1202 5347 1218 5378 ι
1250 5327 1378 5380 Data
1419 5337 1500 5381 est
1528 5327 1654 5379 mihi
1675 5324 1851 5378 omnis
1878 5332 2121 5394 potestas
2151 5327 2202 5377 in
2228 5327 2369 5379 coelo

807 5433 863 5475 et
900 5423 950 5474 in
975 5432 1140 5481 terra,
1173 5439 1190 5470 ο
1231 5421 1354 5486 quia
1387 5434 1507 5472 cum
1547 5419 1614 5472 iis
1645 5419 1734 5485 qui
1771 5428 1899 5471 sunt
1939 5418 1992 5471 in
2021 5418 2182 5481 cmlo,
2207 5407 2380 5470 etiam

811 5515 846 5568 ii
889 5515 976 5581 qui
1015 5523 1140 5566 sunt
1180 5513 1230 5564 in
1263 5522 1424 5574 terra,
1466 5527 1651 5563 verum
1698 5509 1982 5563 Dominum
2017 5517 2373 5577 agnoverunt.

813 5609 945 5661 Nam
977 5617 1030 5660 et
1058 5608 1100 5660 si
1129 5607 1250 5674 quis
1273 5620 1334 5658 ea
1373 5620 1489 5672 qua:
1514 5604 1768 5670 deinceps
1799 5613 2121 5671 sequuntur,
2151 5618 2377 5671 percur-

819 5713 916 5756 tat.
949 5699 1142 5754 eadem
1188 5697 1365 5750 omnia
1415 5696 1671 5748 inveniet.
1703 5693 1870 5760 Regni
1906 5696 2088 5761 itaque
2118 5705 2172 5746 et
2227 5703 2380 5759 pete-

821 5807 976 5846 statis
1024 5793 1246 5847 modum
1310 5804 1543 5841 narrans
1596 5787 1859 5856 l‘rOpheta
1915 5787 2090 5840 dicit:
2132 5785 2376 5838 «Etenim

824 5887 1055 5940 ﬁrmat-it
1093 5883 1279 5938 orbem
1317 5891 1472 5934 teme
1504 5880 1594 5949 qui
1627 5895 1734 5934 non
1768 5878 2251 5944 commovebitur,»
2286 5877 2376 5930 ﬁr-

2466 4580 2540 4640 ὧν
2573 4586 2602 4636 ὁ
2631 4584 2881 4654 ’Χριστὸς
2920 4581 3268 4652 σημαίνεται,
3301 4578 3456 4631 οὔπω
3485 4579 3561 4639 είς
3613 4577 3778 4647 μέσον
3811 4577 4042 4643 ἄγεται,

2465 4675 2582 4730 ἀλλ’
2625 4675 2729 4744 ίδία
2781 4675 3073 4726 ἀπόκειται
3128 4666 3647 4737 συγκεκαλυμμένα.
3709 4667 3820 4720 Καὶ
3864 4664 4046 4718 ταῦτα

2469 4767 2568 4838 μὲν
2598 4766 2760 4819 οὕτω.
2815 4762 3126 4830 Θεωρῶμεν
3177 4761 3235 4813 δὲ
3279 4760 3374 4813 τοῦ
3405 4759 3622 4828 ψαλμοῦ
3668 4758 3738 4811 τὰ
3771 4759 3998 4828 ῥήματα
4023 4773 4040 4790 ·

2473 4877 2491 4911 ι
2537 4859 2598 4910 Ὀ
2621 4858 2826 4928 Κύρος
2864 4855 3241 4917 ἐϐασίλευσεν,
3285 4853 3624 4924 εὐπρέπειαν
3663 4850 3979 4914 ἐνεδύσατο,
4019 4868 4050 4902 ο

2467 4952 2567 5020 τὴν
2602 4952 2900 5018 ἐπίγνωσιν
2932 4949 2997 5018 ῆν
3047 4948 3368 5014 ἐπέγνωσαν
3398 4946 3560 4998 αὐτὸν
3609 4944 3914 5015 ἄνθρωποι,
3947 4944 4050 4996 καὶ

2470 5044 2847 5109 ὑπετάγησαν,
2881 5040 3166 5110 βασιλείαν
3200 5039 3492 5098 ἐκάλεσαν,
3527 5040 3609 5090 ὅτι
3657 5039 3750 5089 καὶ
3786 5036 4047 5105 εὐπρεπῆ

2472 5135 2568 5187 καὶ
2621 5133 2826 5203 ὡραῖον
2876 5133 2969 5182 καὶ
3025 5130 3252 5182 δυνατὸν
3298 5128 3464 5181 αὐτὸν
3519 5127 3786 5194 εγιωσαν,
3819 5125 3895 5186 ὡς
3937 5126 4050 5177 εδει

2473 5227 2695 5295 γνῶναι.
2721 5222 2895 5276 Τοῦτό
2916 5224 3064 5275 ἐστιν
3097 5224 3277 5274 ἐκεῖνο
3297 5220 3358 5271 τδ
3378 5219 3472 5271 τοῦ
3502 5219 3779 5288 Σωτῆροςδ
3801 5235 3821 5268 ι
3855 5215 4052 5286 Ἐδόθη

2479 5338 2568 5390 μοι
2600 5320 2748 5372 πᾶσα
2782 5316 3000 5381 ἐξουσία
3032 5317 3088 5366 ὲν
3118 5313 3334 5382 οὐρανῷ
3365 5313 3458 5363 καὶ
3487 5310 3580 5362 ἐπὶ
3611 5310 3765 5377 γῆς’»
3790 5309 3873 5361 ὅτι
3909 5310 4058 5378 μετὰ

2474 5409 2584 5462 τῶν
2612 5411 2669 5460 ὲν
2698 5407 2915 5478 ούρανῷ
2942 5411 3038 5459 κα)⁸
3065 5407 3112 5457 οἱ
3144 5408 3200 5456 ἐν
3227 5406 3289 5473 τῇ
3329 5403 3398 5472 γῇ
3437 5403 3526 5454 τὸν
3558 5403 3840 5470 Δεσπότην
3875 5399 4054 5467 ιπὲγ-

2477 5519 2654 5555 νωσαν
2684 5499 2775 5551 τὸν
2815 5498 3068 5567 ἀληθινόν
3097 5512 3111 5526 ο
3144 5495 3272 5547 ἐπεὶ
3305 5497 3398 5546 καὶ
3429 5496 3496 5546 τὰ
3523 5493 3653 5561 ἑξῆς
3683 5493 3734 5545 εί
3770 5507 3856 5553 τις
3883 5491 4055 5544 ἐπιλ-

2481 5596 2584 5657 θοι,
2612 5595 2681 5647 τὰ
2711 5593 2850 5645 αὐτὰ
2885 5591 3059 5643 πάντα
3093 5589 3336 5657 εὑρήσει.
3384 5587 3490 5638 Καὶ
3525 5586 3706 5637 τοίνυν
3757 5583 3856 5651 τῆς
3894 5581 4060 5651 βασι·-

2479 5689 2628 5750 λείας
2658 5684 3021 5755 ἐξηγούμενος
3068 5681 3159 5732 τὸν
3189 5680 3392 5749 τρόπον
3430 5680 3526 5731 καὶ
3573 5678 3669 5746 τῆς
3713 5675 3994 5738 ἐξουσίας,
4031 5677 4061 5726 ὀ

2488 5783 2587 5850 μὲν
2617 5781 2904 5847 Προφήτης
2933 5791 2944 5804 ·
2987 5791 3004 5823 ι
3045 5773 3154 5825 Καὶ
3186 5776 3293 5840 γὰρ
3324 5771 3626 5840 ἐστερέωσε
3654 5771 3754 5837 τὴν
3793 5767 4060 5834 οἱκουμέο

2483 5889 2601 5942 νην,
2633 5870 2752 5940 ἥτις
2789 5867 2846 5919 ού
2876 5863 3298 5932 οα>.ε’.υήσεται”
3341 5880 3359 5913 ι
3405 5861 3696 5931 στερέωμα
3724 5857 3823 5927 τὴν
3869 5857 4066 5908 πίστιν.
