4272 6446
256 412 370 473 409
439 448 452 461 ι

1466 426 1873 487 ΠΤΠΒΘῙΑΞ
1905 428 2344 493 EXPOSlTlO.

3431 440 3537 503 410

258 524 462 591 ὶέγων.
499 526 733 599 Ἔστησε
771 532 835 601 τῇ
869 532 1046 605 πλάνῃ
1079 534 1501 605 κλονουμένους,
1531 541 1709 608 ἐαυτῷ
1728 558 1853 595 συν-

1886 544 1930 600 Α
1961 554 2293 598 mamentum
2331 543 2488 599 tidem
2519 546 2725 601 dicens.
2757 546 2915 602 Stare
2944 547 3071 604 fecit
3096 563 3192 605 eos
3222 550 3312 619 qui
3346 566 3538 608 errore

256 616 427 686 έδησε
448 635 462 647 ·
494 621 737 684 τοιοῦτος
775 625 884 692 γὰρ
922 626 949 676 6
973 623 1348 697 πλανώμενος·
1377 629 1615 697 οὐδαμοῦ
1637 630 1861 684 δύναται

1966 636 2477 698 commovebantur,
2508 647 2561 689 et
2592 638 2695 693 sibi
2726 638 3028 709 colligavit.
3079 616 3355 698 Talis'est
3394 646 3540 698 enim

260 710 485 779 στῆναι,
541 712 601 764 '0
634 714 692 766 δέ
721 714 949 784 Κύριος,
991 737 1009 770 ‹
1066 721 1450 788 πορευθέντες,
1491 724 1645 793 φησὶ,
1682 725 1859 793 μαθη-

258 804 503 857 τεύσατε
537 806 715 860 πάντα
749 811 819 861 τὰ
865 810 1017 879 ἔθνη,
1051 813 1409 881 βαπτίζοντες
1442 816 1643 879 αὐτοὺς
1690 818 1767 880 είς
1803 818 1860 870 τδ

255 896 435 965 ὄνομα
494 899 590 951 τοῦ
644 902 858 970 [ἰατρὸς
910 908 1006 959 καί¹
1061 906 1156 959 τοῦ
1197 908 1353 969 Υίοῦ.
1409 910 1500 962 καὶ
1559 910 1654 963 τοῦ
1697 911 1856 977 ἁγίου

260 990 634 1058 ῐινεύματος·
676 1013 693 1044 ι
730 997 867 1065 ὅπερ
922 999 1074 1051 ἐστὶν
1126 1002 1158 1069 ἡ
1216 1000 1541 1054 διδασκαλία
1596 1004 1693 1070 τῆς
1761 1006 1857 1055 πὶ-

259 1096 465 1144 στεως.
526 1084 669 1137 Ἀλλ’
700 1087 801 1139 οὐκ
849 1090 1015 1158 ἀρκεῖ
1051 1092 1211 1144 τοῦτο
1237 1093 1373 1161 πρὸς
1417 1093 1517 1164 τὴν
1554 1094 1856 1163 βασιλείαν,

255 1175 291 1239 ἠ
333 1173 520 1235 πίστις
549 1192 562 1205 ·
617 1177 737 1229 οὐδὲ
770 1178 1098 1247 ὑποτάγειεν
1130 1181 1196 1234 ἂν
1238 1184 1459 1245 τελείως
1485 1187 1552 1237 τὰ
1600 1184 1728 1252 ἔθνη
1764 1186 1856 1237 τὸν

258 1262 473 1327 τρόπον
501 1262 694 1317 τοῦτον
729 1304 746 1322 .
782 1267 884 1321 Διά
908 1268 1069 1322 τοῦτο
1102 1272 1199 1323 καὶ
1228 1273 1327 1342 τὴν
1361 1275 1609 1344 φυλακὴν
1640 1276 1748 1327 τῶν
1773 1279 1858 1326 ἐν-

257 1353 443 1405 τολῶν
504 1356 825 1423 προσθεῖναι
874 1359 1112 1427 δεῆσαν,
1147 1366 1173 1415 6
1226 1365 1325 1431 μὲν
1365 1367 1672 1436 προφήτης,
1716 1386 1735 1419 t
1774 1369 1853 1421 Τὰ

262 1445 554 1513 μαρτύριά
590 1466 707 1511 σου,
743 1453 936 1520 φησὶν,
966 1455 1354 1524 ἐπιστώθησαν
1386 1459 1592 1527 σφόδρα
1624 1476 1636 1490 ·
1682 1478 1700 1510 ι
1738 1462 1765 1513 6
1794 1462 1851 1514 δὲ

262 1536 305 1584 Κ
322 1534 475 1602 ύριος
501 1537 576 1603 τῷ
606 1539 734 1607 περὶ
761 1540 855 1591 τοῦ
896 1540 1269 1611 βαπτίσματος
1292 1544 1451 1614 λόγῳ,
1484 1546 1595 1598 τῶν
1624 1547 1853 1601 ἐντολῶν

1965 727 2057 793 qui
2110 736 2259 781 errat
2290 745 2305 781 :
2333 729 2559 782 minime
2591 739 2738 783 stare
2786 740 2986 800 potest.
3031 731 3292 788 Dominus
3327 746 3535 801 autem,

1970 838 1988 870 ε
2027 818 2253 883 Euntes,
2290 820 2483 887 inquit,
2519 821 2713 876 docete
2751 838 2941 878 omnes
2963 835 3176 893 gentes,
3200 826 3540 892 baptizanles

1961 910 2109 979 ipsos
2143 911 2195 964 in
2238 913 2455 966 nomine
2482 913 2657 967 Patris
2680 925 2733 967 et
2768 913 2888 969 Filii
2918 918 3230 986 etSpiritus
3263 922 3435 975 sancti
3467 937 3481 985 ;
3517 939 3535 972 ι

1960 1004 2105 1070 quod
2167 1012 2251 1059 est
2300 1004 2544 1059 doctrina
2584 1006 2729 1060 fidei.
2767 1006 2869 1061 Sed
2924 1025 3029 1063 non
3083 1009 3284 1065 suilicit
3324 1014 3425 1067 hoc
3465 1015 3532 1068 ad

1960 1110 2209 1165 regnum,
2270 1094 2442 1163 fides;
2502 1113 2679 1166 neque
2744 1095 2985 1167 perfecte
3036 1102 3294 1170 subjectze
3333 1103 3542 1159 fuerint

1959 1200 2149 1259 gentes
2183 1189 2285 1243 hoc
2322 1189 2504 1243 modo.
2557 1189 2855 1261 Propterea
2900 1207 3023 1246 cum
3054 1209 3119 1248 eo
3171 1197 3336 1249 etiam
3392 1214 3544 1250 man-

1957 1284 2209 1336 datornm
2259 1283 2698 1337 observationem
2755 1295 3034 1353 oporteret
3089 1287 3347 1355 adjicere.
3404 1288 3543 1342 Pro.

1958 1378 2116 1443 pheta
2174 1377 2413 1443 quidem,
2464 1376 2849 1438 rTu-stimouia.
2888 1378 3084 1447 inquit,
3124 1388 3210 1432 tua
3258 1382 3542 1436 credibilia

1956 1466 2096 1522 facta
2128 1480 2251 1521 sunt
2279 1470 2431 1521 valde
2464 1487 2478 1535 ;
2515 1489 2533 1521 ι
2565 1469 2825 1523 Dominus
2856 1478 3034 1525 autem
3065 1466 3111 1524 ei
3141 1472 3284 1540 quod
3319 1472 3382 1525 de
3410 1473 3542 1543 bap-

1958 1558 2117 1612 tismo
2152 1559 2309 1618 dixit.
2337 1559 2405 1613 Cc
2435 1560 2702 1614 mandatis
2733 1575 2949 1629 quoque
2975 1576 3279 1617 sermonem
3320 1562 3543 1632 adjecit,

257 1626 358 1676 τὸν
393 1627 557 1694 λόγον
587 1631 938 1699 προστίθησι,
971 1633 1167 1699 λέγων,
1210 1653 1227 1685 t
1266 1636 1619 1703 Διδάσκοντες
1651 1641 1850 1706 αὐτοὺς

1954 1652 2139 1705 dicens
2176 1671 2187 1704 :
2227 1651 2527 1707 «Docentes
2559 1668 2654 1708 eos
2684 1658 3268 1723 servarequaacunqne
3291 1660 3542 1711 mandavi

261 1720 459 1788 τηρεῖν
486 1723 664 1773 πάντα
696 1723 800 1776 ὅσα
837 1726 1196 1798 ἐνετειλάμην
1223 1729 1373 1798 ὑμῖν.
1413 1750 1431 1781 ι
1471 1732 1652 1803 "Amp
1684 1735 1791 1803 γὰρ
1822 1740 1850 1788 6

260 1808 463 1879 Σωτὴρ
521 1811 761 1879 ἐντολὰς,
806 1816 835 1869 6
881 1817 1178 1889 Προφήτης
1211 1822 1489 1893 μαρτύριά
1547 1843 1703 1895 φησι.
1740 1829 1850 1881 Καὶ

1958 1743 2134 1797 vobis.
2153 1762 2169 1794 ι
2200 1742 2328 1810 Qute
2350 1745 2491 1796 enim
2521 1742 2777 1797 Servator
2800 1747 3070 1811 mandata,
3094 1742 3360 1815 Pr0pheta
3388 1760 3545 1804 vocat

1960 1836 2297 1891 testimonia.
2332 1834 2397 1890 Et
2430 1837 2542 1890 brcc
2573 1837 2775 1905 ubique
2822 1837 2873 1890 in
2942 1839 3227 1905 Scriptura
3279 1842 3541 1907 invenies,

257 1901 428 1955 τοῦτο
482 1906 765 1975 πανταχοῦ
815 1909 917 1979 τῆς
970 1912 1195 1983 Γραφῆς
1244 1916 1524 1985 εὑρήσεις,
1575 1920 1855 1991 μαρτύρια

1886 1902 1927 1958 Π
1966 1926 2276 1981 testimonia
2322 1925 2410 1979 Dei
2432 1926 2577 1995 leges
2600 1901 2921 1996 appellante.
2944 1901 3237 1995 Post-haec,
3263 1948 3282 1981 ι
3315 1901 3540 1986 Domum

258 1997 393 2058 τοὺς
428 1996 523 2049 τοῦ
560 1996 695 2051 Θεοῦ
734 2000 930 2068 νόμους
955 2005 1249 2075 καλούσης.
1286 2008 1441 2060 Μετὰ
1469 2010 1673 2064 ταῦτα’
1709 2031 1727 2064 t
1766 2013 1856 2083 Τῷ

259 2086 401 2155 οἴκῳ
429 2105 526 2139 σου
559 2090 761 2159 πρέπει
794 2092 1062 2163 ἀγίασμα,
1098 2097 1267 2166 Κύριε
1295 2116 1310 2130 ο
1350 2118 1367 2150 ι
1407 2100 1654 2171 ἀγίασμα
1683 2103 1857 2172 λέγων

259 2179 367 2239 τὰς
411 2179 607 2241 Θυσίας
630 2198 643 2210 ·
670 2182 741 2235 τὰ
787 2182 961 2253 δῶρα,
1001 2188 1185 2240 πᾶσαν
1214 2188 1468 2260 λατρείαν
1513 2192 1613 2262 τὴν
1641 2195 1859 2267 ῥφειλο-

265 2274 446 2341 μένην
476 2273 599 2342 Θεῷ
621 2290 634 2303 ·
677 2274 713 2328 ἃ
753 2277 988 2345 πρέπειν
1040 2278 1117 2349 τῷ
1144 2281 1279 2351 οἴκῳ
1310 2282 1402 2335 τοῦ
1442 2285 1577 2337 Θεοῦ
1610 2287 1853 2353 φάσκων,

260 2364 517 2417 δέίκυσιν
552 2366 615 2418 οὐ
664 2368 820 2421 κενὸν
852 2368 982 2421 ὄντα
1020 2372 1110 2423 τὸν
1155 2370 1304 2425 οἷκον
1358 2376 1569 2435 τοῦτον.
1611 2380 1855 2433 οὐδὲτοῦ

261 2458 405 2510 Θ;οῦ
434 2459 648 2530 ἔρημον
674 2477 689 2491 ⁸
723 2462 839 2514 ἀλλ’
872 2463 1037 2517 αὑτὸν
1064 2468 1120 2518 ἐν
1152 2468 1332 2537 ἐαυτῷ
1368 2468 1558 2539 ἔχοντα
1590 2474 1681 2524 τὸν
1713 2475 1856 2526 olito-

261 2551 563 2618 δεσπότην.
601 2554 663 2606 Εἰ
713 2556 823 2624 γὰρ
856 2556 1013 2618 κενὸς
1043 2552 1111 2625 ἦν
1145 2558 1239 2611 τοῦ
1268 2559 1426 2625 Θεοῦ,
1456 2562 1555 2615 οὐκ
1588 2564 1654 2616 ἂν
1696 2566 1858 2635 ἔπρεο

266 2661 373 2695 πεν
405 2644 563 2713 αὑτῷ
600 2646 669 2697 τὰ
700 2648 780 2716 τῷ
814 2648 934 2718 Θεῷ
979 2649 1262 2717 πρέποντα
1298 2653 1443 2722 μόνῳ
1468 2669 1481 2683 ·
1520 2654 1680 2708 τοῦτο
1710 2659 1802 2711 καὶ
1831 2660 1858 2711 ὁ

265 2735 479 2802 Κύριος
513 2738 628 2797 τοῖς
657 2739 974 2807 εἰρημένοις
1025 2741 1401 2811 προσέθηκεν
1446 2746 1858 2815 ἐπαγγειλάμε-

263 2843 358 2889 νος
390 2828 615 2881 ἔσεσθαι
651 2830 793 2898 μετά
835 2830 935 2898 τῆς
977 2831 1309 2902 Ἐκκλησίας
1348 2834 1454 2891 ἀεί.
1500 2837 1613 2908 Τὴν
1646 2840 1702 2892 δὲ
1747 2841 1861 2893 Ἐκ-

264 2918 508 2985 κλησίαν
558 2917 709 2973 οἶκον
756 2920 895 2973 Θεοῦ
940 2922 1143 2986 ζῶντος
1174 2925 1201 2975 ό
1251 2925 1461 2990 Παῦλος
1514 2929 1689 2984 καλεῖ.
1720 2931 1860 3000 Φησὶ

262 3012 403 3079 γὰρ,
444 3028 466 3063 ε
517 3012 638 3067 Ἱνα
672 3013 818 3081 γνῷς
864 3014 1011 3077 ὅπως
1046 3016 1127 3071 δεῖ
1156 3018 1213 3067 ἐν
1253 3018 1385 3086 οῐκῳ
1411 3018 1547 3072 Θεοῦ
1599 3022 1861 3092 ἀναστρέ-

264 3104 474 3172 φεσθαι
500 3122 514 3135 ο
544 3106 669 3175 ἥτις
700 3107 848 3158 ἐστὶν
885 3105 1185 3176 Ἐκκλησία
1209 3109 1590 3173 Θεοῦ¹ζῶντοςο
1625 3132 1644 3165 ι
1682 3132 1700 3165 ι
1724 3114 1857 3167 Ἰδοὺ

264 3197 383 3265 ἐγὼ
412 3197 538 3267 μεθ’
562 3197 718 3267 ὑμῶν
748 3202 887 3268 είμι.
908 3218 929 3253 ι
962 3199 1074 3253 Καὶ
1093 3202 1228 3271 ὅπερ
1248 3203 1478 3269 ἐκεῖνος,
1514 3204 1610 3268 Είς
1642 3208 1854 3276 μακρό-

261 3307 411 3359 τητα
439 3290 671 3357 ἡμερῶν
693 3308 713 3341 ι
750 3286 929 3356 εἶπεν,
953 3292 981 3345 6
1002 3291 1205 3361 Κύριος
1240 3312 1259 3345 ε
1294 3294 1483 3358 [ιάσας
1499 3296 1599 3360 τὰς
1619 3299 1856 3368 ἡμέρας,

263 3385 460 3450 φησὶν,
485 3384 591 3447 ἕως
604 3384 704 3453 τῆς
718 3386 1032 3447 συντελείας
1052 3385 1147 3438 τοῦ
1167 3387 1386 3450 αίῶνος.
1420 3407 1439 3441 t
1463 3391 1573 3442 Καὶ
1592 3390 1733 3461 αὕτη
1762 3394 1861 3461 μὲν

264 3474 567 3545 ᾧαλμῳδία
587 3475 767 3538 οὕτως
787 3477 1024 3548 ἀκριὸὴς
1045 3479 1351 3548 προφητεία
1367 3480 1508 3544 ἐστὶ,
1532 3480 1640 3534 τῶν
1657 3482 1743 3536 διὰ
1761 3485 1856 3538 τοῦ

264 3568 518 3638 σταυροῦ
550 3570 645 3622 καὶ
663 3568 758 3623 τοῦ
777 3569 1010 3623 θανάτου
1040 3576 1118 3639 τῷ
1140 3571 1356 3641 Σωτῆρι
1381 3573 1855 3643 κατωρθωμένων.

868 3664 1121 3717 ΚΕΦΑΛ.
1167 3664 1267 3719 ιμ’.

526 3756 862 3825 Ἐξήγησις
890 3756 999 3810 τοῦ
1022 3758 1224 3825 τρίτου
1256 3758 1619 3828 ἀντιφώνων.

350 3851 421 3903 Ἦ
454 3850 515 3902 δὲ
556 3849 686 3920 ἑξῆς
710 3849 1021 3919 ἀπάντησις
1052 3845 1367 3904 εἶναιδοκεῖ
1392 3852 1468 3914 ὡς
1498 3852 1598 3923 ἤδη
1624 3852 1718 3905 τοῦ
1748 3853 1861 3906 Κυ-

1960 2029 2108 2073 tuam
2171 2020 2328 2074 decet
2380 2020 2733 2084 santillcatio,
2784 2021 3043 2086 Domine;
3099 2042 3117 2075 ι
3158 2024 3544 2079 sanctificatio-

1959 2129 2081 2167 nem
2110 2128 2307 2168 vocans
2340 2114 2630 2178 sacrificia,
2688 2115 2854 2179 dona,
2915 2130 3132 2171 omnem
3193 2117 3401 2173 cultum
3446 2120 3540 2188 qui

1960 2203 2071 2258 Ι)υο
2098 2206 2348 2260 debetur:
2384 2206 2476 2275 qui
2507 2207 2694 2261 dicens
2721 2209 2919 2261 decere
2952 2207 3176 2262 domum
3212 2210 3328 2271 Dei.
3358 2220 3546 2265 osten-

1959 2296 2040 2351 dit
2074 2312 2182 2351 non
2217 2312 2343 2352 esse
2372 2314 2598 2352 vacuam
2642 2299 2865 2353 donmm
2906 2299 3000 2353 Dei
3037 2316 3213 2370 neque
3296 2301 3409 2357 Deo
3449 2304 3544 2357 de-

1960 2390 2232 2451 stitutam,
2270 2392 2365 2444 sed
2401 2391 2572 2459 ipsmn
2609 2390 2661 2444 in
2692 2393 2870 2459 seipsa
2906 2393 3105 2447 habere
3137 2393 3333 2448 domus
3362 2391 3543 2447 Domi-

1965 2500 2119 2538 num.
2159 2483 2216 2538 Si
2248 2486 2391 2539 enim
2446 2500 2502 2538 ca
2550 2484 2659 2538 Deo
2703 2496 2848 2540 esset
2889 2501 3081 2550 vacua,
3131 2502 3238 2540 non
3290 2487 3543 2543 decerent

1959 2591 2078 2630 eam
2121 2576 2209 2629 illa
2237 2592 2357 2643 quae
2375 2575 2475 2629 soli
2513 2578 2619 2630 Deo
2648 2578 3002 2631 conveniunt.
3034 2576 3145 2632 Huc
3171 2588 3350 2633 autem
3377 2578 3539 2633 etiam

1964 2668 2222 2721 Dominus
2258 2669 2323 2722 iis
2359 2684 2480 2735 quae
2522 2670 2665 2722 dicta
2695 2679 2819 2722 sunt
2869 2670 3092 2739 adjecit,
3140 2672 3413 2739 pollicitus
3481 2688 3542 2726 se

1962 2776 2176 2829 semper
2209 2760 2454 2814 futurum
2504 2778 2628 2814 cum
2668 2762 2933 2816 Ecclesia.
2993 2765 3292 2819 Ecclesiam
3353 2776 3536 2819 autem

1960 2850 2182 2905 domum
2213 2851 2303 2904 Dei
2339 2854 2571 2906 viventis
2611 2864 2765 2907 vocat
2790 2854 3009 2907 Paulus.
3044 2855 3180 2909 Dicit
3213 2857 3395 2910 enim:
3440 2857 3543 2911 «Ut

1960 2944 2101 2997 scias
2123 2944 2398 3011 quomodo
2420 2954 2636 3012 oportet
2660 2946 2709 2997 in
2741 2946 2905 2998 domo
2931 2946 3021 2999 Dei
3050 2948 3282 3010 versari,
3308 2963 3427 3016 quae
3460 2959 3543 3001 cst

1962 3034 2206 3089 Ecclesia
2242 3035 2332 3088 Dei
2358 3034 2625 3102 viVenlis;
2651 3055 2668 3087 ι
2704 3054 2721 3087 ι
2754 3036 2897 3091 Ecce
2926 3053 3023 3106 ego
3044 3038 3323 3091 vobiscum
3348 3054 3466 3092 sum
3488 3056 3534 3100 ;ι

1963 3135 2016 3178 et
2080 3127 2222 3194 quod
2276 3126 2387 3193 ille,
2445 3145 2464 3177 ‹
2498 3125 2553 3179 ln
2604 3127 2995 3193 longitudinem
3032 3128 3266 3193 dierum,
3302 3148 3319 3180 ι
3374 3128 3538 3191 dixit,

1886 3238 1928 3296 ρ
1966 3216 2224 3272 Dominus
2265 3218 2422 3283 dicit,
2476 3236 2496 3270 ι
2535 3218 2801 3273 Omnibus
2848 3219 3061 3286 diebus,
3097 3236 3267 3287 usque
3299 3221 3363 3275 ad
3405 3236 3541 3274 con-

1967 3307 2386 3362 summationem
2424 3310 2633 3363 saeculi.
2675 3328 2694 3361 ι
2722 3311 2788 3364 Ει
2819 3311 2931 3364 haec
2974 3314 3189 3378 quidem
3238 3312 3540 3381 psalmodia

1969 3407 2053 3451 est
2077 3398 2213 3452 adeo
2239 3409 2431 3453 exacta
2466 3401 2750 3469 prophetia
2788 3418 2976 3456 eorum
3016 3418 3137 3472 qua:
3196 3418 3289 3471 per
3320 3418 3540 3458 crucem

1965 3498 2019 3544 et
2050 3501 2278 3546 mortem
2312 3509 2341 3546 a
2393 3492 2683 3548 Servatorc
2707 3505 2855 3562 gesta
2888 3505 3034 3549 sunt.

2587 3674 2739 3729 CAP.
2796 3674 2936 3729 XIX.

2283 3764 2653 3836 Interpretntt'o
2696 3768 2866 3820 tertiis
2905 3768 3225 3836 antiit/tonas.

2036 3855 2168 3921 Qua:
2199 3866 2381 3910 autem
2413 3859 2681 3926 sequitur,
2718 3858 2931 3911 videtur
2960 3875 3082 3913 esse
3106 3860 3322 3928 quidam
3352 3875 3542 3915 occur-

268 3944 394 4014 ρίου
454 3942 944 4011 παραγενομένου.
997 3943 1093 3996 καὶ
1143 3944 1511 4013 φαινομένου·
1568 3945 1656 3997 διὰ
1705 3943 1864 3999 τοῦτο

1964 3962 2080 4012 sus,
2117 3957 2370 4016 tauquam
2412 3948 2769 4017 Dotninojam
2799 3949 3105 4002 accedente
3132 3959 3181 4003 et
3214 3959 3541 4018 apparente;

265 4044 411 4109 πρὸς
436 4038 506 4105 τῇ
539 4036 735 4105 εἰσόδῳ
766 4034 864 4087 τοῦ
906 4035 1245 4101 Εὑαγγελίου
1290 4037 1385 4089 καὶ
1422 4037 1695 4103 ἀναδείξει
1727 4040 1861 4092 τάτ-

1963 4044 2017 4090 et
2052 4036 2176 4091 ideo
2212 4038 2263 4089 in
2318 4038 2570 4106 ingressu
2616 4037 2900 4104 Evangelii
2933 4047 2987 4092 et
3021 4040 3339 4094 ostensione
3381 4041 3541 4107 poni-

265 4148 427 4183 τεται
450 4130 549 4181 καὶ
570 4125 785 4197 ᾄδεται,
816 4126 884 4180 δι’
923 4119 986 4181 οὗ
1010 4128 1038 4179 6
1070 4128 1305 4197 Χριστὸς
1346 4129 1700 4199 σημαίνεται.
1735 4131 1859 4183 Ὀτι

1971 4139 2060 4182 tur
2082 4138 2135 4183 et
2156 4131 2393 4193 canitur,
2424 4145 2522 4198 per
2546 4144 2705 4197 quam
2730 4128 2980 4183 Christus
3004 4130 3362 4198 significatur.
3385 4128 3543 4196 Quod

266 4224 325 4277 δὲ
360 4222 465 4291 τὴν
494 4220 590 4273 τοῦ
622 4219 865 4287 Χριστοῦ
892 4220 1220 4289 ἐπιφάνειαν
1240 4224 1268 4274 6
1297 4223 1584 4291 προφήτης
1619 4222 1726 4291 πρὸ
1756 4223 1864 4277 τῶν

1970 4231 2151 4276 autem
2206 4221 2410 4276 Christi
2463 4221 2865 4290 apparitionem
2927 4230 3053 4275 ante
3100 4222 3291 4276 oculos
3342 4223 3545 4275 animae

263 4314 581 4385 ὀφθαλμῶν
622 4312 723 4381 τῆς
753 4312 937 4382 ψυχῆς
966 4312 1105 4382 ἔχων
1130 4314 1332 4383 ταύτην
1377 4310 1476 4384 ᾖσε
1502 4314 1601 4386 τὴν
1633 4316 1865 4387 ψαλμῳ-

264 4410 412 4471 δίαν,
451 4406 740 4459 δείκνυται
772 4405 1009 4474 μάλιστα
1055 4406 1155 4474 μὲν
1188 4406 1297 4458 ἀπὸ
1324 4408 1421 4476 τῆς
1452 4407 1541 4459 ἐπ’
1573 4408 1722 4476 αὑτῷ
1767 4426 1865 4477 χα-

266 4504 372 4571 ρᾶς
404 4501 504 4553 καὶ
545 4499 894 4567 εὐφροσύνης
920 4514 933 4529 ·
962 4493 1031 4568 ἦς
1074 4498 1236 4562 αὑτός
1264 4515 1322 4551 τε
1374 4499 1625 4566 φαίνεται
1654 4500 1861 4568 γέμων.

1970 4312 2177 4366 habens
2210 4310 2508 4381 Propheta,
2549 4314 2689 4367 hanc
2740 4314 2941 4367 cecinit
2978 4313 3369 4380 psalmodiam,
3426 4329 3543 4365 ma-

1968 4407 2114 4461 xime
2144 4407 2361 4475 quidem
2398 4409 2707 4461 ostenditur
2735 4422 2800 4461 ex
2853 4407 3052 4475 gaudio
3085 4415 3141 4459 et
3190 4406 3399 4469 laetitia,
3432 4420 3539 4471 qua

1966 4513 2027 4552 ea
2062 4501 2128 4552 de
2150 4513 2311 4552 causa
2368 4500 2485 4566 ipse
2540 4499 2729 4567 plenus
2778 4498 3017 4560 videtur,
3077 4505 3130 4549 et
3169 4497 3304 4551 alios
3352 4510 3541 4549 omnes

264 4596 364 4648 καὶ
423 4594 554 4653 τοὺς
608 4591 806 4652 ἄλλους
854 4590 1106 4651 ἅπαντας
1163 4592 1242 4651 είς
1305 4592 1596 4643 κοινωνίαν
1657 4592 1847 4643 καλεῑο

1886 4593 1928 4647 D
1960 4600 2113 4644 vocat
2144 4590 2208 4643 ad
2237 4590 2549 4644 societatem
2576 4604 2590 4642 ε
2626 4587 2869 4652 tVenite,
2897 4589 3234 4641 exsultemus
3259 4588 3535 4640 Domino.»

269 4707 287 4738 σ
319 4682 515 4747 Δεῦτε,
545 4680 1010 4750 ἀγαλλιασὼμεθα
1025 4680 1106 4751 τῷ
1121 4680 1310 4751 Κυρίῳ
1332 4698 1345 4712 ·
1381 4701 1399 4733 ι
1428 4682 1487 4733 οὑ
1516 4682 1622 4750 γὰρ
1651 4678 1717 4751 ἦν
1744 4680 1863 4750 χαί-

268 4797 389 4850 ρειν
422 4776 727 4844 ἄνθρωπον
778 4773 852 4843 μὴ
887 4772 984 4825 τοῦ
1028 4773 1233 4843 Κυρίου
1284 4773 1751 4844 ἐπιδημήσαντος.
1779 4774 1861 4826 ὅτι

261 4871 365 4940 τὴν
386 4868 571 4939 χαρὰν
609 4869 746 4935 ἡμῖν
776 4867 802 4916 6
828 4864 1065 4932 Χριστὸς
1111 4865 1336 4932 ἐκόμισε
1372 4865 1551 4932 μόνος,
1589 4862 1683 4916 καὶ
1716 4863 1865 4923 εἴτις

262 4965 321 5017 δὲ
360 4963 500 5031 πρὶν
536 4960 752 5011 ἐκεῖνον
784 4956 960 5008 ἐλθεῖν
989 4957 1069 5018 εἰς
1098 4956 1195 5025 τὴν
1222 4955 1327 5023 γῆν
1359 4955 1566 5025 ἔχαιρε,
1601 4956 1670 5006 τὰ
1716 4954 1864 5006 ἐκεί-

263 5074 359 5108 νου
400 5053 639 5123 μυηθεὶς
664 5050 906 5119 ἔχαιρεν.
935 5049 1449 5118 ιὨσπερἋῦραὰμ
1472 5048 1861 5117 ἠγαλλιάσατο,

263 5150 461 5215 φησὶν.
502 5146 591 5197 ἵνα
626 5145 713 5213 ῐδῃ
745 5143 845 5211 τὴν
894 5141 1111 5209 ἡμέραν
1139 5140 1240 5209 τὴν
1272 5140 1431 5209 ἐμὴν,
1468 5143 1562 5191 καὶ
1613 5136 1742 5203 εἶδε,
1771 5141 1865 5191 καὶ

264 5241 471 5307 ἐλάρη.
514 5255 530 5285 t
576 5235 690 5287 Καὶ
743 5234 905 5294 αὐτὸς
959 5234 986 5285 ὁ
1041 5231 1229 5294 Δαὸὶδ,
1285 5248 1305 5281 ς
1357 5230 1584 5290 Ἀπόδος
1630 5247 1720 5299 μοι
1767 5228 1865 5297 τὴν

262 5316 604 5397 ἀγαλλίασιν
638 5323 733 5375 τοῦ
773 5320 1046 5390 σωτηρίου
1085 5337 1201 5374 σου.
1246 5338 1264 5371 ι
1307 5320 1409 5371 Ἦν
1457 5321 1567 5387 γὰρ
1600 5318 1867 5385 ἀγαλλίαο

265 5438 351 5472 σιν
389 5414 537 5485 εἶχεν
571 5415 630 5465 ἐν
661 5411 738 5481 τῷ
769 5409 993 5480 Χριστῷ
1042 5411 1175 5478 πρὶν
1215 5409 1505 5479 ἁμαρτεῖν,
1546 5408 1751 5476 ταύτην
1797 5405 1863 5458 δι’

265 5507 343 5565 ὧν
368 5512 637 5580 ἥμαρτεν
668 5504 985 5567 ἀποϐαλὼν,
1020 5501 1317 5555 ἀπολαὸεῑιι
1353 5502 1564 5554 ἱκέτευε
1598 5503 1688 5552 τὸν
1710 5500 1863 5553 Θεόν.

265 5608 487 5671 Ὠσπερ
514 5597 614 5653 οὖν
644 5602 692 5651 εί
739 5599 913 5664 ἔλεγε,
957 5596 1121 5649 Δεῦτε
1153 5597 1244 5649 καὶ
1274 5596 1655 5663 φωθισθὼμεν,
1689 5596 1865 5665 φωτὸς

262 5697 329 5749 ἂν
366 5695 583 5763 ἐμήνυε
630 5688 944 5758 παρουσίαν
968 5705 980 5719 ⁸
1020 5687 1193 5750 οὕτως
1218 5686 1413 5750 εἰπὼν,
1440 5708 1456 5736 ο
1485 5689 1669 5745 Δεῦτε.
1699 5688 1866 5754 ἀγαλ-

262 5781 595 5851 λιασώμεθα
650 5781 735 5847 τῷ
778 5780 988 5856 Κυρίῳ,
1034 5798 1051 5830 ι
1089 5780 1362 5831 δείκνυσιν
1415 5780 1578 5833 αὐτὴν
1630 5781 1863 5848 φανῆναι

265 5880 357 5929 τὸν
395 5875 704 5944 κομίζοντα
738 5872 839 5941 τὴν
869 5872 1061 5942 χαράν.
1101 5873 1333 5925 "Enna.
1374 5876 1463 5925 καὶ
1511 5873 1735 5943 Σωτῆρα
1771 5876 1861 5925 καὶ

1965 4680 2081 4734 Non
2131 4691 2346 4749 poterat
2413 4682 2557 4733 enim
2606 4681 2767 4733 homo
2821 4678 3083 4748 gaudere,
3129 4678 3232 4731 nisi
3283 4677 3540 4730 Dominus

1966 4788 2090 4827 cum
2122 4774 2202 4826 eis
2228 4783 2563 4837 versaretur,
2601 4773 2727 4839 quia
2758 4771 2915 4825 solus
2943 4770 3195 4822 Christus
3219 4770 3376 4823 nobis
3406 4784 3540 4836 gau-

1966 4862 2112 4917 dium
2160 4861 2384 4927 altulit;
2435 4864 2565 4915 etsi
2614 4862 2739 4931 quis
2769 4872 3063 4929 antequam
3100 4860 3190 4912 ille
3234 4863 3285 4911 in
3336 4867 3537 4912 terram

1966 4954 2196 5018 veniret,
2222 4956 2443 5022 gavisus
2472 4965 2573 5015 est,
2612 4954 2661 5005 in
2697 4954 2782 5015 iis,
2815 4967 2935 5019 qua:
2966 4953 3031 5004 ad
3067 4952 3214 5003 illum
3247 4951 3540 5019 pertinent,

1968 5046 2223 5101 initiatus
2286 5048 2501 5115 gavisus
2533 5055 2635 5099 est.
2672 5064 2689 5095 σ
2725 5047 2878 5098 Sicut
2912 5046 3183 5098 Abraham
3223 5044 3536 5105 exsultavit,

1966 5141 2165 5207 inquit,
2207 5147 2264 5193 ut
2294 5139 2502 5192 videret
2534 5138 2679 5191 diem
2713 5153 2918 5199 meum,
2965 5147 3017 5189 et
3050 5136 3204 5197 vidit,
3235 5145 3287 5187 et
3320 5139 3539 5198 gavisus

1966 5240 2103 5286 est.»
2132 5230 2196 5283 Et
2227 5231 2342 5299 ipse
2375 5229 2564 5294 David,
2608 5229 2824 5283 tltedde
2855 5227 2989 5281 mihi
3039 5227 3281 5280 laetitiam
3332 5226 3538 5278 saluta-

1966 5324 2041 5377 ris
2064 5325 2197 5376 tui.»
2233 5323 2405 5387 Quam
2442 5323 2588 5375 enim
2636 5322 2866 5374 habebat
2909 5319 3152 5371 let-titiam
3205 5320 3258 5369 in
3313 5316 3541 5370 Christo

1966 5424 2256 5481 antequam
2309 5422 2588 5479 peccaret,
2643 5426 2761 5462 eam
2814 5424 2910 5477 per
2948 5419 3229 5477 peceatum
3277 5409 3535 5460 amissam

1967 5514 2026 5557 ut
2061 5503 2353 5571 reciperet,
2388 5501 2557 5556 Deum
2590 5504 2782 5554 oravit.
2818 5501 3283 5565 Quemadmodum
3336 5514 3465 5567 ergo
3489 5501 3535 5549 si

1966 5596 2216 5660 dixisset,
2261 5595 2451 5649 Venite
2483 5606 2535 5647 et
2574 5593 2963 5656 illuminemus,
3018 5594 3153 5646 lucis
3190 5591 3543 5658 praesentiam

1967 5687 2345 5757 signiﬁcasset,
2388 5690 2460 5741 ita
2505 5701 2625 5738 cum
2676 5686 2845 5739 dixit:
2908 5683 3151 5749 «Venite,
3196 5684 3545 5737 exsnltemus

1970 5781 2220 5843 Domino,
2263 5798 2281 5830 ι
2318 5778 2550 5833 ostendit
2592 5793 2713 5830 cum
2775 5779 3088 5844 apparuisse
3135 5774 3222 5842 qui
3266 5772 3533 5826 atl'ettlzc-

1968 5872 2161 5925 titiam.
2195 5873 2390 5927 Deinde
2429 5871 2592 5927 etiam
2652 5868 2993 5923 servatorem
3050 5868 3193 5921 hunc
3246 5865 3531 5920 Dominum
