4272 6446
704 448 807 508 435

1955 436 2262 499 NICOLAI
2298 426 2686 495 CABASILE

3839 403 3946 465 ΗΟ

704 563 820 618 sive
853 560 1052 626 dicere,
1082 559 1195 613 sive
1219 558 1406 613 audire
1431 556 1634 627 aliquid
1667 572 1729 611 ex
1760 554 1931 610 sacris
1959 549 2263 622 oportebit;
2302 555 2342 613 Α
2374 562 2391 595 ε

2262 594 2263 603 η
2302 555 2342 613 Α
2374 545 2478 596 εἱτε
2502 542 2596 593 καὶ
2628 536 2847 591 ἀκούειν
2876 551 2929 587 τι
2954 534 3135 602 δεήσει
3170 529 3333 599 ἱερῶν
3356 543 3371 559 ·
3414 526 3507 580 καὶ
3538 523 3761 594 σημεῖον
3791 519 3949 573 τοῦτο

706 666 763 709 et
805 655 908 709 hoc
940 654 1173 720 primum
1219 653 1432 718 signum
1469 649 1757 702 ostendere
1809 644 1972 713 hujus
2020 641 2187 698 studii
2216 648 2270 695 et

711 747 1054 809 reverentire,
1087 743 1332 813 corpmis
1368 742 1721 806 erectionem,
1763 748 1821 793 ut
1853 754 1958 792 non
1992 737 2266 800 sedentes,

710 843 803 890 Sed
840 838 972 891 recti
1020 838 1118 889 hoc
1163 850 1406 905 agamus.
1442 832 1590 886 Talis
1635 842 1717 887 est
1765 831 1908 883 enim
1960 829 2177 885 habitus
2220 834 2274 880 ct
2374 836 2515 882 νους.

2377 912 2561 982 σχῆμα
2591 906 2697 961 τῶν
2734 903 3105 963 ἱκετευόντων,
3135 895 3377 950 τοιοῦτον
3397 894 3460 945 τὸ
3490 891 3674 960 σχῆμα
3695 887 3804 939 τῶν
3828 886 3952 939 69-3-

2376 1005 2506 1063 λων,
2537 1001 2586 1054 οἳ
2623 999 2759 1068 πρὸς
2792 996 2850 1049 τ’)
2883 992 3058 1060 νεῦμα
3110 989 3217 1044 τῶν
3248 985 3556 1047 Δεσποτῶν,
3591 980 3808 1035 ἅπαντα
3860 978 3955 1031 τὸν

2380 1095 2503 1148 νοῦν
2534 1093 2770 1161 ἔχουσιν,
2802 1088 2893 1140 ἵνα
2919 1086 3055 1153 πρὸς
3085 1083 3182 1151 τὴν
3208 1079 3484 1134 διακονίαν
3517 1074 3774 1141 ἑτοίμοις,
3804 1073 3956 1122 ἐπει-

2382 1189 2480 1241 δὰν
2508 1186 2569 1238 τὸ
2600 1182 2887 1236 κελευσθὲν
2920 1178 3230 1246 ἀρπάσωσι,
3255 1173 3417 1235 εὐθὺς
3435 1170 3719 1241 δράμωσιν
3750 1180 3763 1195 ⁶
3794 1165 3956 1233 ἡμεῖς

714 932 882 995 ἤπιοι-ε
934 927 1259 996 supplicum.
1296 927 1421 980 talis
1456 925 1676 979 habitus
1725 937 2029 980 servorum.
2066 918 2159 989 qui
2205 917 2271 971 ad

712 1028 901 1070 llllilllll
954 1017 1303 1070 dOIHiIIOI'lll“
1354 1033 1571 1072 omnem
1617 1024 1851 1069 mentem
1894 1023 2128 1068 erectam
2181 1012 2275 1064 ha-

717 1111 863 1169 bent,
898 1115 957 1160 ut
987 1107 1168 1160 statim
1208 1107 1272 1159 ad
1329 1107 1717 1169 ministerium,
1744 1110 2031 1173 postquam
2061 1104 2273 1171 jussnm

716 1200 1066 1268 arriptterint,
1098 1209 1245 1251 recta
1292 1208 1545 1261 currant;
1580 1212 1680 1252 nos
1709 1206 1887 1250 autem
1936 1211 2125 1248 sumus
2170 1193 2279 1247 Deo

2375 634 2590 705 πρῶτον
2615 628 2891 685 δεικνύναι
2921 626 3017 695 τῆς
3051 623 3286 690 σπουδῆς
3332 618 3558 685 ταύτης,
3591 616 3686 668 καὶ
3722 616 3820 681 τῆς
3856 612 3949 665 εὖ-

2371 702 2614 787 λαϐείας,
2642 723 2741 789 τὴν
2786 719 3019 790 ὄρθωσιν
3063 713 3157 776 τοῦ
3194 711 3469 782 σώματος,
3496 711 3557 759 τὸ
3592 707 3664 775 μὴ
3701 702 3952 771 καθημέ-

2569 814 2682 870 ἀλλ⁹
2730 813 2966 873 ἑστῶτας
3004 807 3161 863 τοῦτο
3196 803 3371 855 ποιεῖν
3402 816 3416 831 ·
3470 797 3711 850 τοιοῦτον
3749 795 3861 863 γὰρ
3892 793 3953 845 τὸ

717 1295 783 1342 de
835 1291 1090 1344 maximis
1137 1293 1407 1359 supplices
1453 1300 1508 1343 et
1561 1290 1708 1342 omni
1758 1284 2039 1341 servitutis
2084 1298 2281 1350 genere
2382 1279 2404 1332 ὃ

2272 1302 2281 1337 ι
2382 1279 2439 1332 δὲ
2474 1278 2564 1332 καὶ
2605 1275 2781 1328 ἱκέται
2817 1270 2894 1341 τῷ
2924 1269 3042 1338 Θεῷ
3087 1267 3215 1336 περὶ
3248 1263 3357 1317 τῶν
3391 1260 3683 1329 μεγίστων,
3713 1255 3811 1307 καὶ
3835 1252 3959 1305 δοῦ-

719 1384 882 1438 scrri.
919 1382 982 1437 Et
1008 1385 1197 1437 horum
1232 1383 1451 1451 quidem
1480 1384 1769 1436 verborum
1798 1379 1912 1433 haec
1943 1387 2026 1432 est
2054 1377 2209 1432 ratio.

1319 1585 1468 1640 CAP.
1518 1582 1682 1637 XXII.

868 1681 940 1734 De
973 1681 1193 1735 lectione
1216 1679 1611 1744 Scripturnrum
1636 1687 1683 1729 et
1715 1676 1896 1729 ordine
1926 1690 2133 1736 earum,

1269 1762 1314 1801 et
1345 1746 1745 1817 signiﬁcatione.

796 1843 926 1899 Post
960 1856 1040 1897 tur
1070 1851 1315 1897 sanctum
1351 1841 1635 1911 hymnum,
1668 1837 1864 1907 legitur
1908 1835 2045 1890 liber
2074 1843 2293 1904 aposto-

2384 1372 2469 1424 λοι
2499 1370 2593 1423 καὶ
2646 1364 2893 1419 δουλείαν
2943 1358 3317 1429 παντοδαπὴν.
3352 1354 3463 1407 Καὶ
3506 1351 3617 1404 τῶν
3655 1347 3752 1418 μὲν
3782 1346 3962 1419 ρημά-

2386 1478 2495 1515 των
2523 1458 2729 1513 τούτων
2759 1447 2917 1516 οὗτος
2941 1455 2968 1506 ὁ
2998 1451 3176 1516 λόγος.

2981 1562 3211 1615 ΚΕΦΑΔ
3224 1599 3236 1611 .
3268 1556 3398 1612 κιιο.

2393 1662 2528 1732 Περὶ
2560 1659 2664 1729 τῆς
2694 1656 3093 1732 ἀναγνῴσξως
3121 1651 3240 1732 τῷν
3271 1649 3552 1730 ζ’ραερῶν,
3591 1651 3689 1732 καὶ
3731 1649 3842 1718 τῆς
3870 1648 3970 1703 τά.

2671 1722 3068 1794 ξεωςάὐτῶν.
3101 1723 3199 1775 καὶ
3230 1722 3340 1788 τῆς
3364 1722 3697 1785 σημασίας.

2466 1823 2623 1878 Μετά
2643 1822 2700 1876 δὲ
2723 1821 2815 1874 τὸν
2854 1815 3139 1887 τρισάγιον
3170 1814 3364 1881 ὕμνον,
3393 1811 3753 1865 ἀποστολικὸν
3781 1810 3975 1878 ἀναγι-

724 1936 895 1999 licus;
941 1935 1135 1988 deinde
1170 1900 1558 1999 Evangelium,
1606 1900 1808 2000 liym'no
1856 1932 2011 2000 prius
2064 1900 2173 1982 Βοο
2222 1928 2292 1982 ab
2323 1900 2411 1986 Bi

2289 1954 2292 1973 .
2323 1900 2365 1954 Β
2394 1916 2702 1986 γνώσκεται
2738 1910 2939 1984 βιϐλίον
2965 1926 2979 1940 ·
3005 1903 3125 1961 εἶτα
3149 1906 3208 1958 τὸ
3235 1904 3568 1972 Εύαγγέλιον
3595 1903 3751 1969 αὐτὶ,
3777 1903 3976 1973 πρότε-

728 2026 971 2082 Iicclesia
1009 2034 1246 2079 cantato.
1278 2025 1389 2078 Cur
1417 2032 1598 2077 autem
1636 2030 1763 2076 ante
1810 2023 2070 2077 lectiones
2112 2036 2296 2076 sacra-

726 2134 849 2173 rum
916 2120 1322 2188 Scripturarum
1402 2118 1571 2172 Deum
1642 2116 1967 2171 laudamus?
2024 2114 2177 2181 Quod
2242 2114 2297 2168 in

731 2212 990 2265 omnibus
1036 2219 1253 2279 oportet
1285 2210 1389 2263 hoc
1438 2208 1637 2273 facere,
1671 2209 1869 2279 quibus
1914 2208 2003 2262 ille
2046 2222 2147 2261 nos
2180 2220 2302 2275 per-

2401 2028 2491 2081 ρον
2520 2008 2691 2079 ὕμνου
2725 2004 2804 2073 τῷ
2837 2002 2957 2072 Θεῷ
3004 1999 3157 2070 παρά
3195 1997 3293 2066 τῆς
3337 1995 3663 2065 Ἔκκλησίας
3692 1994 3975 2065 ᾀσθέντος.

2398 2104 2497 2158 Διά
2525 2100 2656 2155 τίδὲ
2697 2096 2805 2168 πρὸ
2846 2094 2954 2148 τῶν
3005 2088 3370 2160 ἀναγνώσεων
3402 2087 3565 2159 ἱερῶν
3595 2084 3856 2157 Γραφῶν,
3883 2085 3978 2137 τὸν

2400 2197 2532 2252 Θεὸν
2559 2191 2881 2267 ύμνοῦμενς
2916 2187 3039 2240 Ὅτι
3072 2182 3163 2236 ἐπὶ
3203 2181 3337 2234 πᾶσι
3368 2178 3525 2231 τοῦτο
3556 2176 3638 2229 δεῖ
3674 2176 3870 2237 ποιεῖν,
3895 2169 3980 2237 οἷς

732 2313 896 2372 νριιιο
930 2307 1115 2365 donat,
1170 2302 1406 2355 maxime
1437 2310 1615 2355 autem
1654 2308 1880 2370 propter
1903 2298 2301 2355 assecutionem
2402 2294 2419 2347 ἔ

2296 2318 2301 2351 ι
2402 2293 2609 2351 ἐκεῖνος
2640 2287 2789 2357 ἡμᾶς
2820 2282 3081 2336 ἑκάστοτε
3132 2274 3475 2345 δωρούμενος
3517 2269 3790 2372 διατελείί
3825 2268 3983 2338 μάλι-

736 2392 916 2460 magni
954 2392 1187 2459 alicujus
1232 2391 1379 2455 boni,
1420 2391 1579 2459 quale
1607 2400 1690 2446 est
1722 2391 2030 2445 divinorum
2063 2391 2307 2459 eloquio-
2406 2404 2423 2439 c

2295 2419 2307 2428 -
2406 2404 2506 2439 στα
2533 2384 2589 2437 δὲ
2624 2355 2681 2435 ἐν
2712 2376 2987 2440 ὲπιτεύξει
3018 2372 3253 2443 μεγάλου
3285 2366 3429 2429 τινὸς
3454 2363 3663 2430 ἀγαθοῦ
3686 2379 3700 2393 ⁸
3730 2355 3844 2414 οἷόν
3865 2363 3982 2414 ἐστι

739 2500 859 2537 rum
935 2483 1162 2536 auditio.
1228 2482 1334 2536 Sed
1384 2483 1437 2535 in
1485 2484 1750 2550 Apostolo
1791 2484 2028 2551 quidem,
2071 2482 2308 2553 hymnus
2406 2480 2426 2531 ἰ

2298 2498 2308 2531 ι
2406 2480 2439 2547 ἡ
2488 2476 2598 2528 τῶν
2646 2471 2805 2526 θείων
2856 2467 3051 2537 λογίων
3098 2461 3365 2534 ἀκρόασις
3395 2474 3409 2489 ⁸
3440 2456 3557 2511 ἀλλ’
3605 2457 3699 2508 ἐπὶ
3736 2453 3837 2521 μὲν
3886 2451 3985 2503 τοῦ

738 2588 865 2625 cum
922 2570 1340 2639 supplicatione.
1390 2570 1622 2625 Additur
1673 2575 1818 2627 enim
1862 2573 2034 2627 illud:
2088 2592 2107 2624 ι
2151 2572 2311 2626 Mise-

741 2678 881 2716 rere.
911 2681 929 2714 ι
977 2662 1031 2713 In
1072 2662 1363 2731 Evangelio
1402 2672 1582 2715 autem
1619 2677 1811 2731 puram
1854 2675 1882 2713 a
1918 2661 2312 2729 supplicatione

744 2755 979 2808 facimus
1034 2755 1405 2824 hymnodiam,
1461 2762 1521 2808 ut
1581 2757 1823 2808 sciamus
1871 2753 2014 2823 quod
2061 2752 2314 2805 Christus

747 2862 842 2912 per
871 2845 1222 2915 Evangelium
1253 2844 1596 2916 signiﬁcatur
1623 2864 1638 2910 ;
1670 2859 1830 2913 quem
1863 2843 1955 2913 qui
1985 2840 2313 2901 invenerint,

748 2942 817 2993 iis
846 2955 1010 2994 omne
1049 2939 1192 3005 quod
1240 2940 1507 3009 quzeritur
1549 2948 1632 2993 est
1695 2938 1748 2992 in
1797 2936 2065 2991 manibus.
2106 2935 2315 2989 Etenim

730 3032 899 3084 "intus
934 3040 1018 3084 est
1050 3032 1318 3099 Sponsus,
1354 3042 1408 3087 et
1449 3048 1558 3087 non
1606 3047 1745 3099 opus
1780 3042 1863 3088 est
1898 3035 1979 3088 eis
2018 3034 2082 3088 de
2123 3034 2232 3087 ulla
2261 3046 2321 3085 re

753 3122 1084 3191 supplicare,
1129 3139 1251 3178 cum
1290 3125 1474 3178 omnia
1519 3125 1778 3180 habeant.
1834 3124 1987 3178 Sicut
2040 3138 2139 3179 nec
2189 3138 2321 3179 con-

757 3222 1082 3267 sentaneum
1104 3215 1356 3284 jejunare
1386 3215 1525 3271 ﬁlios
1553 3214 1777 3284 Sponsi,
1806 3215 2047 3285 quandiu
2088 3221 2170 3268 est
2199 3228 2321 3267 cum
2347 3231 2392 3296 ρ
2423 3224 2444 3259 1

1399 3215 1525 3271 ilios
1553 3214 1777 3284 Sponsi,
1806 3215 2047 3285 quandiu
2088 3221 2170 3268 est
2199 3228 2321 3267 cum
2347 3231 2392 3296 ρ
2423 3206 2517 3259 τοῦ
2553 3203 2863 3273 Νυμφῶνος
2919 3198 3086 3261 εἰκὸς,

756 3306 837 3359 eis
866 3304 1111 3375 Sponsus
1135 3348 1148 3371 ,
1189 3310 1283 3362 sed
1310 3322 1431 3362 eum
1464 3317 1672 3362 tantum
1706 3307 1954 3362 venerari
1983 3316 2037 3360 et
2060 3306 2317 3372 laudare,

760 3399 1197 3467 quandoquidem
1223 3413 1275 3455 et
1297 3402 1611 3470 angelorum
1634 3402 1891 3471 hymnus,
1910 3399 2123 3471 qualem
2147 3400 2323 3469 ipsum

763 3489 1039 3557 prophetae
1069 3492 1286 3549 docent.
1311 3500 1535 3558 propter
1557 3491 1803 3545 eamdem
1836 3491 2126 3552 rationem,
2149 3489 2326 3543 solum

762 3586 998 3647 hymnus
1025 3589 1107 3636 est
1139 3583 1209 3635 ab
1238 3582 1386 3635 muni
1430 3583 1829 3651 supplicatione
1860 3583 2016 3637 liber.
2059 3580 2163 3635 Sed
2199 3580 2328 3649 quid

763 3673 865 3725 sibi
916 3674 1028 3725 vult
1081 3674 1166 3726 hic
1201 3688 1481 3727 sacrarum
1522 3673 1850 3727 Litterarum
1900 3673 2092 3727 lectio?
2147 3670 2201 3726 Si
2246 3672 2331 3727 vis

766 3765 985 3829 quidem
1022 3780 1175 3818 nsum
1221 3766 1387 3824 scire.
1427 3767 1635 3820 dictum
1678 3778 1781 3820 est.
1809 3763 1921 3818 Nos
1951 3764 2095 3819 enim
2125 3779 2331 3833 praepa-

769 3868 886 3911 rant
936 3867 987 3911 et
1053 3868 1401 3926 praepurgant
1456 3869 1583 3914 ante
1645 3873 1895 3925 magnam
1951 3858 2329 3928 mysteriorum

769 3947 1280 4005 sanctiﬁcationem.
1302 3949 1399 4003 Sin
1426 3958 1605 4003 autem
1633 3949 1833 4018 quaeris
1858 3947 2333 4018 signiﬁcationem,

775 4038 982 4091 Domini
1012 4039 1506 4094 manifestationem
1536 4039 1865 4111 signiﬁcant,
1889 4054 1996 4109 qua
2023 4037 2339 4093 manifesta-

772 4140 861 4183 tus
903 4139 987 4185 est
1018 4132 1272 4199 paulatim
1317 4142 1439 4200 post
1478 4132 1873 4187 ostensionem.
1915 4130 2157 4184 Primum
2192 4129 2336 4184 enim

771 4222 1079 4275 ostenditur
1110 4222 1496 4291 complicatum
1534 4222 1911 4293 Erangelium,
1953 4219 2097 4292 quod
2124 4218 2339 4273 Domini

774 4314 1175 4381 apparitionem
1206 4315 1496 4385 signiﬁcat,
1532 4331 1628 4383 per
1658 4330 1823 4385 quant
1857 4315 2035 4383 ipsum
2069 4321 2338 4367 tacentem

776 4403 936 4456 Pater
969 4404 1229 4468 ostendit,
1262 4407 1485 4477 quando
1515 4408 1607 4461 ille
1644 4406 1781 4460 nihil
1817 4406 2048 4474 loquens
2080 4404 2341 4474 praedica-

778 4496 911 4548 tnris
941 4510 1072 4555 voce
1111 4511 1249 4563 opus
1303 4497 1514 4552 habuit.
1557 4497 1682 4552 Haec
1727 4505 1907 4551 autem
1962 4495 2342 4564 perfectiorem

778 4586 1274 4641 nmnifestationem
1329 4587 1638 4657 signiﬁcant
1680 4606 1694 4642 :

777 4694 900 4731 eum
941 4680 1201 4734 omnibus
1238 4681 1689 4741 conrersahatur,
1717 4690 1768 4733 et
1808 4680 2047 4746 scipsum
2096 4676 2346 4731 ostende-

778 4772 890 4833 bat,
927 4786 1032 4825 non
1063 4771 1236 4824 solum
1262 4786 1328 4825 ex
1370 4772 1435 4826 iis
1487 4788 1607 4841 qua:
1658 4773 1775 4840 ipse
1800 4772 2033 4835 dicebat,
2064 4768 2158 4824 sed
2179 4768 2343 4821 etiam

780 4877 846 4913 rx
904 4861 969 4914 iis
1029 4876 1149 4927 qua:
1196 4862 1383 4915 docuit
1435 4863 1714 4931 apostolos
1746 4863 1952 4925 dicere,
2001 4860 2225 4914 mittens
2251 4874 2348 4913 eos

781 4950 847 5000 ad
884 4963 1013 5001 ores
1068 4965 1189 5018 qua:
1243 4951 1520 5018 perierant
1571 4953 1767 5006 domus
1816 4949 2003 5006 Israel.
2056 4949 2349 5019 Propterea

785 5040 1038 5106 leguntur
1087 5042 1305 5111 quidem
1355 5043 1546 5097 litterae
1608 5043 1939 5112 apostolicae,
1990 5042 2188 5111 legitur
2244 5054 2351 5093 au-

788 5143 892 5185 tem
959 5133 1137 5200 ipsum
1199 5148 1418 5202 quoque
1465 5134 1843 5203 Evangelinm.
1888 5134 2002 5189 Cur
2064 5148 2169 5187 non
2216 5147 2351 5201 ergo

788 5224 1020 5288 primum
1055 5222 1445 5292 Evangelium?
1476 5224 1614 5289 Quia
1657 5224 2000 5293 perfectioris
2037 5222 2356 5277 manifesta-

789 5312 951 5363 tinnis
978 5313 1132 5380 signa
1166 5322 1317 5381 sunt,
1345 5330 1466 5382 qua:
1507 5330 1600 5381 per
1628 5314 1804 5381 ipsum
1839 5313 2155 5376 Dominum,
2190 5326 2353 5381 quant

789 5419 911 5471 qua:
957 5418 1053 5473 per
1102 5405 1380 5473 apostolos
1426 5406 1707 5459 dicuntur.
1742 5405 1879 5469 Quia
1914 5415 2093 5460 autem
2127 5419 2231 5457 non
2268 5417 2356 5457 re-

794 5504 973 5565 pente,
1001 5507 1055 5550 et
1096 5513 1206 5550 uno
1249 5498 1413 5551 simul
1460 5506 1703 5566 tempore
1752 5498 2008 5566 apparuit
2043 5497 2358 5555 hominibus

799 5589 1060 5644 Dominus
1104 5600 1311 5657 quanto
1362 5598 1481 5642 erat
1543 5590 1741 5643 robore
1773 5598 1826 5641 et
1871 5600 2073 5657 quanta
2120 5589 2361 5645 bonitate

800 5684 928 5748 (hoc
954 5683 1094 5735 ctrim
1134 5672 1216 5735 est
1248 5682 1474 5735 secundi
1502 5683 1619 5753 ejus
1651 5679 1962 5749 adventus),
1987 5680 2081 5734 sed
2114 5681 2196 5734 via
2233 5697 2354 5750 pro-

801 5774 1019 5836 cedens,
1062 5775 1127 5826 ab
1155 5792 1219 5827 eo
1250 5773 1391 5842 quod
1415 5784 1497 5827 est
1528 5774 1705 5827 minus
1738 5784 2007 5840 apertum,
2038 5774 2103 5825 ad
2139 5772 2188 5825 id
2217 5772 2361 5841 qnnd

804 5876 886 5918 ul
920 5866 1259 5919 manifestius
1292 5867 1554 5935 ιηἰτρυεδίι
1584 5886 1596 5921 :
1635 5884 1696 5921 ea
1723 5869 1786 5920 de
1811 5881 1975 5920 causa
2002 5881 2095 5921 cos
2129 5865 2219 5933 qui
2246 5864 2365 5932 ejus

2420 2540 2747 2619 ίΔποστόλου
2779 2560 2916 2630 μετά
2940 2555 3150 2616 ἱκεσίας
3183 2551 3372 2619 ὕμνος.
3408 2545 3738 2616 Πρόσκειται
3758 2543 3868 2610 γὰρ
3896 2540 3982 2603 τδ,

2418 2675 2437 2708 ι
2493 2654 2768 2722 Ἐλέησον.
2804 2668 2823 2701 ι
2872 2648 2996 2702 Ἐπὶ
3025 2644 3082 2697 δὲ
3112 2641 3205 2696 τοῦ
3240 2635 3575 2706 Εὖαγγελίου
3603 2632 3846 2702 καθαρὰν
3872 2630 3991 2682 ἱκε-

2414 2748 2534 2801 σίαν
2582 2742 2881 2811 ποιούμεθα
2934 2737 3035 2806 τὴν
3074 2733 3365 2805 ὑμνῳδίαν,
3405 2730 3494 2782 ἵνα
3550 2724 3814 2795 μάθωμεν
3855 2722 3990 2783 ὠςοό

2414 2837 2647 2910 Χριστὸς
2686 2834 2773 2887 διὰ
2819 2831 2913 2885 τοῦ
2968 2826 3302 2895 Εὐαγγελίου
3339 2821 3714 2892 σημαίνεται·
3768 2814 3830 2867 ὃν
3874 2815 3991 2874 τοῖς

2415 2904 2690 2999 εύροῦσιν,
2718 2928 2861 2982 ἀπα-λ
2894 2928 2951 2975 τὸ
2992 2920 3322 2989 ζητούμενον
3364 2917 3422 2968 ὲν
3449 2910 3655 2982 χερσίν.
3683 2907 3792 2999 Kal.
3824 2905 3933 2975 γάρ
3963 2904 3998 2955 δ

2417 2996 2671 3091 Νυμφίος
2722 3017 2891 3073 ἔνδον,
2929 3012 3025 3066 καὶ
3058 3013 3119 3064 οὑ
3149 3009 3307 3078 χρεία
3367 3003 3639 3058 ἱκετεύειν
3664 2997 3828 3054 αὐτὸν
3858 2996 3994 3064 περὶ

2420 3089 2652 3176 οὐδενος,
2681 3112 2860 3165 πάντα
2891 3108 3131 3177 ἔχοντας.
3158 3104 3367 3171 Ὥσπερ
3388 3096 3512 3151 οὐδὲ
3535 3092 3820 3165 νηστεύειν
3840 3089 3997 3149 υἱοὺς

3125 3193 3211 3263 ἐφ’
3243 3194 3368 3245 ὅσον
3415 3188 3533 3258 μετ’
3563 3184 3745 3239 αὐτῶν
3792 3184 3943 3234 ἐστιν
3969 3182 4002 3233 ὁ

2425 3295 2678 3364 Νυμφίος
2703 3310 2718 3325 ο
2761 3290 2897 3345 ἀλλά
2933 3287 3092 3341 τοῦτο
3138 3285 3320 3354 μόνον,
3367 3280 3545 3333 σέϐειν
3579 3275 3742 3364 αὐτὸν
3769 3274 3863 3326 καὶ
3894 3273 4003 3339 ὑμ-

2427 3363 2574 3442 νεῖν·
2611 3385 2733 3437 ὲπεὶ
2772 3383 2869 3436 καὶ
2905 3383 2932 3434 ὁ
2955 3380 3066 3432 τῶν
3100 3376 3349 3444 ἀγγέλων
3376 3372 3564 3442 ὕμνος,
3610 3363 3725 3421 οἷον
3756 3365 3919 3418 αὑτὸν
3950 3365 4003 3416 οἱ

2429 3476 2711 3549 προφῆται
2765 3474 3102 3533 διδάσκουσι,
3146 3468 3235 3520 διὰ
3274 3466 3367 3518 τὸν
3422 3462 3584 3515 αὑτὸν
3626 3458 3807 3523 λόγον,
3856 3454 4008 3508 τοῦτ’

2430 3569 2562 3623 αὐτὸ
2624 3565 2783 3635 μόνον
2856 3563 3025 3632 ὕμνος
3072 3559 3219 3613 ἐστὶν
3272 3555 3485 3616 ἱκεσίας
3552 3549 4006 3619 ἀπηλλαγμένος.

2443 3659 2608 3714 Ἀλλά
2637 3658 2689 3711 τί
2716 3655 2967 3725 βούλεται
3008 3649 3245 3705 ἐνταῦθα
3287 3650 3321 3719 ἠ
3366 3645 3673 3714 ἀνάγνωσις
3697 3640 3808 3693 τῶν
3843 3638 4012 3706 ἱερῶν

2434 3749 2696 3821 Γραφῶνς
2727 3748 2787 3801 Et
2817 3747 2917 3816 μὲν
2948 3745 3046 3815 τὴν
3069 3742 3261 3814 χρείαν
3293 3738 3473 3809 βούλει
3510 3735 3725 3805 μαθεῖν,
3747 3729 4008 3800 εἴρηται-

2437 3841 2924 3915 παρασκευάζουσι
2964 3841 3072 3907 γὰρ
3110 3836 3277 3906 ἡμᾶς.
3308 3833 3403 3885 καὶ
3439 3827 3873 3900 προκαθαὲρουσι
3902 3823 4014 3892 προ

2434 3937 2534 3991 τοῦ
2572 3936 2808 4007 μεγάλου
2864 3932 2971 3985 τῶν
3012 3928 3328 3999 μυστηρίων
3374 3919 3674 3992 ἀγιασμοῦ.
3712 3919 3775 3971 El
3801 3917 3860 3969 δὲ
3906 3915 4012 4007 τὴν

2437 4006 2716 4099 σημασίαν
2762 4026 2966 4094 ζητεῖς,
2992 4021 3091 4094 τὴν
3120 4019 3429 4089 φανέρωσιν
3455 4014 3548 4067 τοῦ
3577 4010 3784 4082 Κυρίου
3814 4006 4013 4076 δηλοῦ-

2440 4139 2548 4186 σιν,
2588 4121 2656 4191 ἢν
2702 4114 3035 4187 ἐφανεροῦτο
3065 4111 3208 4166 κατὰ
3257 4108 3455 4179 μικρὸν
3489 4105 3625 4176 μετά
3652 4104 3755 4171 τὴν
3799 4099 4018 4153 ἀνάδει-

2441 4214 2542 4280 ξιν.
2591 4211 2811 4280 Πρῶτον
2861 4207 2960 4278 μὲν
2993 4205 3101 4274 γὰρ
3146 4202 3208 4255 τὸ
3254 4198 3592 4267 Εὐαγγὲλιον
3630 4192 4021 4249 ἀναδείκνυται

2443 4302 2909 4371 συνεπτυγμένον,
2948 4298 3045 4366 τὴν
3080 4292 3405 4363 ἐπιφάνειαν
3435 4288 3529 4342 τοῦ
3569 4285 3779 4356 Κυρίου
3810 4284 4022 4352 σημαῖ-

2441 4410 2533 4450 νον
2559 4409 2576 4427 ο
2601 4392 2727 4446 καθ’
2758 4391 2825 4459 ἦν
2867 4385 3160 4442 σιωπῶντα
3195 4382 3360 4438 αὐτὸν
3391 4384 3417 4434 ὁ
3455 4376 3649 4447 Πατὴρ
3706 4373 4021 4437 ἀνεδείκνυ,

2442 4488 2534 4541 ὅτε
2580 4483 2735 4538 οὐδὲν
2790 4484 2998 4542 ἐκεῖνος
3031 4476 3426 4546 φθεγγόμενος,
3474 4470 3575 4540 τῆς
3624 4466 3718 4522 τοῦ
3765 4467 4021 4537 κήρυκος

1759 4603 1854 4657 per
1897 4559 2062 4657 quam
2133 4583 2344 4653 publice
2371 4572 2422 4633 Ι)
2447 4579 2619 4633 ἐδεῖτο
2650 4574 2853 4643 φωνῆς.
2880 4569 3067 4623 Ταῦτα
3110 4567 3168 4620 δὲ
3200 4567 3300 4635 τῆς
3348 4579 3446 4657 cpiti

2335 4600 2344 4636 ι
2371 4572 2422 4633 Β
2447 4579 2619 4633 ἐδεῖτο
2650 4574 2853 4643 φωνῆς.
2880 4569 3067 4623 Ταῦτα
3110 4567 3168 4620 δὲ
3200 4567 3300 4635 τῆς
3348 4559 3714 4632 φανερώσεώς
3763 4561 3883 4610 ἐστι
3917 4573 4022 4626 aq.

2450 4664 2689 4740 μαντικὰ
2735 4664 2833 4738 τῆς
2875 4658 3274 4728 τελειωτέραςο
3323 4653 3448 4708 καθ’
3475 4652 3543 4724 ἢν
3571 4651 3812 4740 δημοσία
3852 4649 4027 4701 πᾶσιν

2446 4739 2669 4832 ὡμίλει,
2699 4760 2793 4814 καὶ
2820 4757 3014 4812 ἑαυτὸν
3034 4756 3330 4818 ἐδείκνυεν,
3351 4751 3412 4805 οὐ
3441 4750 3602 4817 μόνον
3633 4747 3692 4813 ὲξ
3720 4739 3796 4801 ὧν
3829 4744 4023 4812 ἔλεγεν

2449 4858 2637 4920 αὐτὸς,
2672 4853 2809 4908 ἀλλὰ
2846 4851 2939 4905 καὶ
2963 4850 3121 4910 ὄντας
3170 4844 3507 4906 ἀποστόλους
3537 4840 3782 4895 ἐδίδασκε
3813 4838 4025 4904 λέγειν,

2451 4949 2684 5018 πέμπων
2714 4942 2916 5004 αὐτοὺς
2950 4940 3029 5003 είς
3056 4937 3124 4991 τὰ
3148 4935 3397 5005 πρόϐατα
3424 4932 3495 4984 τὰ
3525 4928 3846 4985 ἀπολωλότα
3870 4926 4030 4980 οἴκου

2465 5037 2707 5111 Ἰσραήλ.
2745 5034 2843 5088 Διά
2887 5031 3046 5085 τοῦτο
3087 5025 3530 5094 ἀναγινώσκεται
3572 5020 3672 5089 μὲν
3714 5019 4030 5091 γράμματα

2460 5108 2817 5190 ἀποστολικά,
2847 5120 3283 5189 ἀναγινώσκεται
3312 5116 3370 5169 δὲ
3402 5114 3533 5167 αὐτὸ
3568 5111 3627 5164 τὸ
3666 5108 4026 5176 Εὐαγγέλιον.

2456 5224 2523 5276 Τί
2554 5221 2647 5274 οὖν
2681 5218 2757 5289 μὴ
2782 5215 3006 5287 πρῶτον
3055 5212 3115 5266 τὸ
3166 5207 3538 5276 Εὐαγγέλιονς
3572 5205 3695 5257 ὀτι
3747 5200 4033 5255 τελειωτέ-

2461 5332 2557 5385 ρας
2589 5312 2704 5365 ἐστὶ
2751 5308 3112 5379 φανερώσεως
3161 5300 3447 5373 σημαίνειν
3486 5299 3552 5350 τὰ
3598 5297 3668 5349 δι’
3715 5291 3885 5346 αὑτοῦ
3935 5290 4030 5343 τοῦ

2459 5383 2691 5474 Κυρίου,
2721 5401 2754 5473 ἢ
2787 5401 2875 5453 διά
2919 5397 3028 5450 τῶν
3078 5392 3395 5448 ἀποστόλων
3444 5388 3735 5456 λεγόμενα.
3776 5383 3934 5437 Ἐπεὶ
3975 5383 4035 5436 δὲ

2461 5497 2563 5549 οὐκ
2596 5493 2793 5564 ἀθρόον
2829 5488 3004 5559 ἐφάνη
3052 5487 3164 5546 τοῖς
3200 5480 3508 5551 ἀνθρώποις
3551 5481 3579 5530 ὁ
3610 5475 3809 5544 Κύριος
3846 5476 4035 5543 ἡλίκος

2462 5583 2530 5658 ἦν
2559 5587 2657 5655 τὴν
2715 5584 2889 5652 ἰσχὺν,
2920 5581 3014 5632 καὶ
3064 5575 3173 5638 οἷος
3202 5574 3301 5643 τὴν
3358 5568 3681 5639 ἀγαοότητα
3710 5566 3895 5637 (τοῦτο
3925 5564 4037 5634 γάρ

2463 5656 2561 5747 τῆς
2589 5675 2852 5744 δευτέρας
2886 5668 3052 5723 αὐτοῦ
3082 5664 3435 5734 παρουσίας),
3460 5660 3575 5716 ἀλλ’
3593 5658 3696 5729 ὁδῷ
3723 5656 4041 5727 προϐαίνων

2468 5770 2575 5823 ἀπὸ
2604 5767 2697 5819 τοῦ
2743 5761 3115 5832 ἀφανεστέρου
3154 5759 3246 5811 ἐπὶ
3274 5756 3334 5808 rb
3362 5752 3745 5823 φανερώτερον
3794 5749 3995 5818 προῄει
4024 5762 4038 5778 ·

2470 5862 2659 5916 τούτου
2687 5861 2846 5930 χάριν
2873 5856 2968 5924 τὴν
2999 5852 3267 5917 ἀνάδειξιν
3292 5847 3457 5902 αὐτοῦ
3485 5848 3624 5899 κατα
3661 5843 3860 5913 μικρὸν
3887 5857 4044 5909 γενο-
