4272 6446
274 413 387 475 ιιτ

1487 419 1887 480 1.ΖΤ1]Ιὶ(]1ίΕ
1928 418 2028 478 EX
2043 417 2360 480 POSITIO.

3428 420 3536 485 418

282 530 460 597 μένην
511 527 790 581 δεικνύναι
833 528 1209 597 βουλομένοις,
1262 532 1329 583 τά
1380 530 1719 586 ἀποστολικά
1755 536 1861 603 πρὸ
1896 532 1940 591 Α

1836 536 1861 587 δ
1896 532 1940 591 Α
1973 533 2339 587 ostensionem
2386 532 2641 602 paulatim
2678 533 2845 587 fuisse
2882 532 3077 587 factam
3123 533 3311 589 volunt
3346 548 3523 590 osten-

276 621 395 671 τῶν
435 620 789 687 Εὐαγγε).ίων
846 622 1286 688 ἀναγιγνώσκειν
1337 622 1502 684 είκός.
1553 625 1651 675 Διὰ
1702 626 1859 677 τοῦτο

278 712 417 780 γὰρ,
456 712 549 765 καὶ
584 712 651 763 τά
683 715 783 780 τῆς
834 713 1046 775 τελείας
1093 713 1421 776 ἀναδείξεως
1450 712 1613 766 αὐτοῦ
1656 733 1861 783 σημαν-

279 802 438 866 τικά,
474 802 766 854 τελευταῖα
807 804 1169 870 φυλάττεται,
1213 804 1287 866 ὡς
1316 805 1372 857 ἰν
1399 808 1511 867 τοῖς
1555 803 1680 876 ἑξῆς
1710 808 1859 861 ἐστι’

270 893 467 963 δῆλον.

854 988 1106 1043 ΚΕΦΑΛ.
1168 986 1298 1044 ΚΓ.

425 1082 562 1149 Περὶ
592 1078 713 1133 τῶν
736 1081 889 1149 μετὰ
922 1083 987 1135 τὸ
1023 1084 1392 1152 Εὑαγγέλιον
1417 1085 1737 1148 αίτήσεων.

356 1173 516 1227 Μετά
547 1174 601 1226 δὲ
636 1174 719 1232 τὸ,
746 1174 806 1225 τὸ
846 1174 1184 1241 Εὐαγγέλιον
1215 1176 1654 1247 ἀναγνωσθῆναι,
1700 1178 1861 1243 εὔξα-

277 1265 409 1316 σθαι
449 1264 666 1316 κελεύει
715 1263 774 1316 τὸ
801 1264 1007 1333 πλῆθος
1049 1267 1077 1317 ὁ
1109 1265 1377 1329 διάκονος.
1409 1266 1640 1336 Εὕχεται
1680 1268 1736 1320 δὲ
1766 1267 1861 1321 καὶ

275 1357 448 1417 αὐτὸς
484 1357 662 1425 ἱερεὺς
713 1354 862 1408 ἔνδον
914 1356 1038 1410 καθ’
1069 1357 1265 1409 ἑαυτὸν
1308 1360 1506 1427 ἡσυχῆ,
1556 1361 1652 1423 τάς
1696 1362 1861 1429 εὐχὰς

278 1447 517 1499 ἐκείνων
552 1446 659 1499 ὑπὸ
683 1448 778 1500 τοῦ
810 1448 947 1501 Θεοῦ
978 1450 1406 1521 προσδεχθῆναι.
1438 1449 1573 1506 Εἶτα
1606 1455 1699 1506 τὸν
1728 1455 1860 1508 Θεὸν

275 1539 649 1607 δοξολογήσας
682 1541 897 1613 μεγάλῃ
925 1540 1046 1611 βοῇ,
1084 1545 1378 1607 κοινωνοὺς
1413 1545 1506 1597 καὶ
1531 1546 1732 1610 αὐτοὺς
1757 1547 1860 1615 τῆς

273 1627 599 1696 δοξολογίας
627 1630 923 1698 λαμόάνει.
972 1632 1067 1694 Τίς
1100 1632 1156 1684 δὲ
1193 1635 1225 1704 ή
1258 1636 1411 1705 παρά
1445 1637 1662 1691 πάντων
1704 1638 1859 1707 εὐχὴ,

281 1720 527 1788 μάλιστα
556 1724 588 1792 ἡ
616 1726 756 1792 μετά
788 1724 850 1777 τδ
874 1725 1207 1793 Εὑαγγέλιον
1227 1730 1509 1798 πρέπουσα
1536 1745 1550 1795 ;
1583 1728 1739 1799 ἡτῶν
1768 1748 1860 1799 τη-

278 1812 528 1880 ρούντων
560 1813 621 1865 τὸ
663 1814 1021 1883 Εὐαγγέλιον,
1056 1818 1166 1870 τῶν
1201 1819 1599 1889 μιμησαμένων
1643 1820 1743 1890 τὴν
1775 1837 1863 1888 φι-

1964 623 2112 689 dere,
2141 625 2441 693 apostolica
2490 626 2665 694 legere
2700 638 2823 678 ante
2858 624 3143 694 Evangelia
3177 636 3260 680 est
3302 641 3528 681 causen-

1967 727 2211 771 taneum.
2240 718 2535 785 Propterea
2566 718 2708 771 enim
2742 719 2904 771 etiam
2936 733 3055 787 quae
3090 717 3376 785 perfectam
3409 720 3529 788 ejus

1964 809 2332 861 ostensionem
2365 808 2697 878 signiﬁcant.
2728 809 2914 863 ultima
2940 821 3251 875 servantur,
3282 824 3337 865 ut
3365 812 3507 865 mani

1963 898 2158 953 festum
2196 899 2302 953 erit
2330 901 2380 953 in
2418 900 2485 954 iis
2518 916 2641 969 qua:
2670 908 3108 969 consequuntur.

2550 992 2705 1049 CAP.
2744 992 2932 1046 XXIII.

2246 1085 2319 1139 De
2349 1087 2689 1154 petitionibus
2733 1094 2851 1155 post
2888 1084 3250 1155 Evangelium.

2033 1180 2323 1248 Postquam
2366 1185 2545 1230 autem
2585 1178 2784 1231 lectum
2830 1184 2917 1229 est
2965 1175 3337 1246 Evangelium,
3372 1176 3530 1247 jubet

1962 1272 2226 1327 diaconus
2257 1272 2515 1339 populum
2543 1284 2721 1323 orare.
2748 1266 2880 1322 Orat
2922 1278 3101 1321 autem
3130 1268 3276 1322 intus
3304 1268 3419 1337 ipse
3444 1284 3529 1322 sa-

1962 1368 2154 1417 cerdos
2184 1377 2277 1433 per
2303 1378 2381 1424 se,
2410 1370 2468 1415 ut
2492 1375 2681 1429 preces
2707 1360 2923 1413 illorum
2948 1375 2976 1414 a
3003 1357 3113 1415 Deo
3137 1359 3528 1429 suscipiantur.

1972 1454 2178 1508 Deinde
2222 1468 2345 1506 cum
2378 1453 2547 1507 Deum
2593 1465 2782 1522 magna
2824 1467 2953 1506 voce
2993 1452 3343 1521 gioriltcavit,
3384 1452 3531 1520 ipsos

1964 1561 2183 1615 quoque
2218 1545 2399 1600 socias
2428 1555 2481 1600 et
2522 1545 2814 1615 participes
2857 1544 3264 1615 gloriﬁcationis
3303 1546 3525 1613 accipit.

1964 1638 2267 1704 Quamnam
2304 1649 2484 1693 autem
2529 1636 2834 1691 orationem
2870 1636 2939 1690 ab
2974 1637 3225 1689 omnibus
3263 1636 3380 1690 ﬁeri
3416 1653 3532 1690 ma-

1964 1731 2108 1784 xime
2149 1731 2406 1785 convenit
2449 1740 2573 1797 post
2609 1726 2989 1797 Evangelium,
3035 1728 3139 1783 nisi
3181 1742 3277 1797 pro
3317 1728 3385 1781 iis
3435 1730 3528 1797 qui

1966 1835 2187 1880 servant
2223 1825 2601 1893 Evangelium.
2631 1826 2723 1893 qui
2753 1825 2947 1879 imitati
2980 1834 3110 1879 sunt
3140 1823 3527 1894 benignitatem

275 1903 638 1972 λανθρωπίαν
668 1908 761 1959 τοῦ
803 1908 893 1960 διὰ
933 1908 1027 1960 τοῦ
1066 1911 1401 1977 Εύαγγελίου
1456 1910 1860 1980 σημαινομένου
1895 1911 1935 1966 Β

1842 1929 1860 1962 J
1895 1911 1935 1966 Β
1965 1925 2017 1971 et
2049 1916 2447 1971 humanitatem
2477 1916 2700 1979 Christi,
2722 1916 2812 1985 qui
2837 1930 2932 1984 per
2960 1914 3310 1984 Evangelium
3360 1916 3529 1984 signi-

280 1996 551 2064 Χριστοῦ.
577 1999 841 2061 Καὶτίνες
872 1994 1017 2053 οῦτοι
1042 2019 1056 2065 ;
1086 2003 1146 2054 Οί
1175 2004 1479 2071 προστάται
1499 2004 1596 2073 τῆς
1632 2004 1861 2074 Ἐκκλη-

276 2088 427 2151 σίας,
467 2089 515 2140 oi
540 2089 687 2141 λαῶν
722 2092 1005 2159 ποιμένες,
1035 2094 1083 2144 οἱ
1113 2092 1209 2163 τὴν
1237 2093 1514 2147 πολιτείαν
1549 2095 1856 2158 τάττοντες.

277 2173 444 2232 Οὗτοι
481 2180 613 2246 γὰρ,
639 2180 687 2230 εί
717 2178 951 2241 σώζουσι
976 2181 1076 2250 τὴν
1116 2181 1471 2250 ἐπαγγελίαν,
1507 2183 1574 2235 τὰ
1626 2184 1744 2235 ἐκεῖ
1770 2200 1860 2249 γε-

279 2271 593 2339 γραμμένα
623 2271 855 2339 τηροῦσι
907 2273 1090 2335 καλῶς
1135 2274 1229 2324 καὶ
1271 2273 1604 2337 διδάσκουσι,
1656 2274 1748 2326 καὶ
1801 2273 1861 2325 τὸ

276 2362 576 2431 ὑστέρημα
591 2361 685 2414 τοῦ
706 2363 968 2431 Χριστοῦ,
996 2363 1138 2415 κατά
1156 2364 1244 2416 τὸν
1261 2363 1598 2427 Ἀπὸστολον,
1621 2362 1863 2430 ἀναπλη-

279 2451 449 2519 ροῦσι
496 2450 617 2519 μετ’
648 2454 855 2503 ἐκεῖνον
893 2451 991 2521 τὴν
1038 2452 1205 2505 αὐτοῦ
1230 2453 1465 2521 ποίμνην
1501 2453 1621 2505 κατ’
1654 2454 1861 2504 ἐκεῖνον

279 2544 703 2609 ποιμαίνοντες.
740 2545 862 2596 Ἐτι
901 2544 956 2595 δὲ
981 2546 1076 2597 καί
1110 2544 1327 2595 κτίσται
1363 2544 1523 2613 ἱερῶν
1550 2544 1735 2605 οἴκων,
1770 2544 1863 2596 καὶ

276 2636 647 2705 ἐπιμεληταὶ,
684 2635 779 2688 καὶ
836 2614 1039 2708 ἀρετῆς
1090 2636 1425 2697 διδάσκαλοι,
1481 2639 1576 2689 καὶ
1632 2640 1682 2689 εἰ
1717 2656 1862 2700 τινες

274 2728 537 2780 ὁπωσοῦν
576 2727 661 2797 τῷ
695 2727 860 2796 κοινῷ
899 2727 1001 2796 τῆς
1042 2725 1374 2796 Ἐκκλησίας
1419 2730 1511 2780 καὶ
1556 2732 1665 2791 τοῖς
1701 2729 1863 2799 ἱεροῖς

274 2820 586 2881 λυσιτελεῖς
653 2820 815 2882 εἰσιν,
875 2820 957 2879 εἰς
994 2820 1206 2869 ἐκεῖνον
1258 2820 1510 2872 τάττουσι
1545 2824 1631 2873 τον
1681 2824 1860 2890 χορὸν,

277 2911 382 2961 καὶ
412 2910 523 2960 τῶν
550 2909 748 2961 κοινῶν
775 2910 915 2960 είσιν
938 2907 1079 2971 ἄξιοι
1110 2909 1399 2975 τυγχάνειν
1427 2910 1615 2978 εὐχῶν,
1641 2912 1864 2963 Μέλλων

274 3000 323 3052 δ’
386 2999 484 3052 ἐπὶ
545 2998 647 3069 τὴν
700 2999 894 3052 θυσίαν
949 3000 1050 3068 ἥδη
1106 3000 1328 3067 χωρεῖν,
1369 2995 1691 3071 παρεῖναι
1738 3003 1864 3060 τοὺς

277 3094 575 3162 ἀμυήτους
606 3093 668 3143 οὐ
706 3092 897 3160 θέμις’
942 3090 1035 3152 οὒς
1078 3092 1531 3159 κατηχουμένους
1563 3094 1639 3144 ἔτι
1673 3094 1865 3145 καλοῦ-

280 3201 412 3253 μεν,
446 3184 530 3235 ὂτι
562 3182 762 3252 μέχρις
792 3183 987 3251 ἀκοῆς,
1019 3181 1117 3234 καὶ
1139 3181 1259 3233 ὅσον
1291 3181 1612 3235 διδασκαλία
1640 3183 1861 3235 δύναται

278 3278 477 3345 μόνον,
524 3274 617 3326 τὸν
647 3275 1079 3345 Χριστιανισμὺν
1115 3276 1441 3341 ὑπεδέξαντο
1472 3292 1488 3307 ο
1523 3276 1745 3339 τούτους
1780 3279 1864 3327 ὲκ-

277 3368 478 3420 6άλ).ει
508 3365 598 3419 τοῦ
646 3366 812 3435 χοροῦ
866 3366 974 3420 τῶν
1011 3367 1361 3437 Χριστιανῶν
1417 3368 1642 3427 πιστῶν,
1700 3366 1864 3435 εὐχὴν

278 3464 429 3533 ὑπὲρ
456 3462 641 3515 αὐτῶν
669 3462 941 3528 ἀναγνοὺς
963 3462 1257 3533 πρότερον.
1291 3460 1354 3515 'H
1379 3461 1434 3513 δὲ
1466 3461 1621 3530 εὐχὴ,
1650 3459 1865 3513 τελειω-

278 3556 453 3625 θῆναι
504 3554 705 3615 αύτοῦς
756 3552 853 3605 τοῦ
894 3552 1279 3623 βαπτίσματος
1334 3553 1666 3619 ἀξιωθέντας
1722 3554 1865 3606 κατά

277 3646 513 3715 καιρόν·
542 3644 580 3713 ἡ
622 3643 679 3695 δὲ
713 3643 866 3695 αἰτία
906 3646 1006 3713 τῆς
1058 3644 1242 3713 εὐχῆς,
1301 3645 1334 3712 ἠ
1386 3641 1479 3696 τοῦ
1537 3642 1670 3695 Θεοῦ
1710 3642 1860 3708 δόξα,

285 3754 305 3786 ε
352 3735 478 3787 Ἰνα
516 3732 616 3789 καὶ
645 3735 825 3797 αὐτοὶ,
853 3736 1014 3804 φησὶ,
1045 3736 1143 3788 σὺν
1169 3736 1303 3805 ἡμῖν
1346 3734 1611 3799 δοξάζωσι
1642 3734 1703 3786 τὸ
1730 3735 1864 3786 πάν-

276 3846 445 3898 τιμον
466 3827 576 3881 καὶ
618 3828 1040 3898 μεγαλοπρεπὲς
1078 3828 1250 3897 ὄνομά
1292 3844 1423 3880 σουο
1479 3845 1499 3878 ι
1532 3826 1598 3897 ῆν
1645 3827 1740 3878 καὶ
1791 3827 1864 3889 ὼς

276 3916 603 3984 δοξολογιαν
666 3916 999 3986 ἀναϐοήσας,
1066 3918 1157 3968 καὶ
1194 3917 1485 3976 κοινωνοὺς
1538 3914 1717 3968 λαὸὼν
1766 3916 1864 3984 τῆς

274 4009 621 4075 ὁοξολογίας.
648 4006 710 4058 τδ
742 4004 946 4074 πλῆθος
973 4004 1085 4057 τῶν
1122 4006 1349 4069 πιστῶν,
1381 4005 1551 4072 ἀλλην
1579 4004 1743 4073 εὐχὴν
1772 4005 1865 4056 sb-

281 4117 468 4169 χεται,
512 4097 573 4149 ἐν
704 4094 924 4165 πρῶτον
981 4095 1083 4164 μὲν
1115 4095 1433 4165 εὐχαριστεί
1476 4093 1554 4163 τῷ
1587 4092 1729 4162 Θεῷ,
1782 4093 1862 4144 ὅτι

280 4194 424 4252 ὅλως
474 4187 686 4257 ἠξιώθη
747 4186 979 4240 ἐνώπιον
1027 4184 1194 4239 αὑτοῦ
1243 4188 1459 4255 στῆναι,
1509 4187 1604 4236 καὶ
1674 4185 1862 4253 χεῖρας

280 4285 467 4351 αἱρεῖν
504 4278 644 4348 πρὸς
706 4276 892 4341 αὐτὸν,
946 4275 1085 4345 ὑπὲρ
1116 4274 1315 4329 ἑαυτοῦ
1366 4276 1462 4328 καὶ
1504 4273 1613 4327 τῶν
1656 4274 1859 4328 ἄλλων·

282 4376 484 4427 ἔπειτα
536 4369 775 4422 ἱκετεύει
846 4366 1153 4435 ἀξιωθῆναι
1187 4366 1343 4419 τοῦτο
1386 4368 1561 4419 ποιεῖν
1597 4366 1685 4419 ἀεὶ
1729 4367 1865 4435 μετὰ

282 4463 534 4534 καθαροῦ
568 4460 888 4521 συνειδότος.
937 4460 1002 4511 Ἦ
1034 4458 1089 4511 δὲ
1117 4459 1266 4512 αἰτία
1299 4458 1394 4527 τῆς
1433 4459 1597 4527 εὐχῆς
1634 4458 1861 4527 ταύτης,

1961 2010 2194 2063 ίίοοῑιιῐτ
2232 2009 2295 2064 Et
2331 2010 2423 2079 qui
2474 2020 2602 2064 sunt
2639 2008 2696 2062 hi
2728 2008 2751 2061 ?
2784 2007 3047 2062 Prtesules
3107 2008 3383 2070 Ecclesiae,
3430 2023 3529 2079 po-

1962 2103 2223 2171 pulorum
2273 2110 2537 2172 pastores,
2579 2100 2672 2170 qui
2712 2101 3104 2170 rempublicam
3153 2099 3429 2155 ordinant.
3465 2098 3525 2153 Ili

1961 2195 2128 2258 enim,
2189 2194 2234 2248 si
2299 2202 2520 2247 servant
2570 2193 2715 2262 quod
2775 2192 3003 2261 professi
3063 2200 3211 2256 sunt,
3254 2207 3373 2261 quae
3416 2192 3527 2244 illic

1963 2286 2160 2352 scripta
2210 2295 2339 2338 sunt
2374 2286 2598 2353 pulchre
2653 2294 2873 2339 servant
2906 2294 2961 2337 et
3013 2284 3229 2347 docent,
3281 2284 3525 2352 et‘qucd

1964 2376 2118 2428 deest
2166 2373 2407 2439 Christo,
2465 2384 2523 2427 ut
2584 2382 2771 2429 censet
2834 2375 3147 2443 Apostolus,
3206 2375 3527 2443 adimplent.

1965 2475 2085 2536 post
2126 2466 2303 2531 illum,
2344 2467 2492 2520 illius
2524 2480 2735 2535 gregem
2772 2466 2844 2518 illi
2874 2465 3260 2519 Convenienter
3304 2481 3530 2534 pascen-

1965 2567 2065 2611 tes.
2125 2555 2393 2612 Praeterea
2450 2568 2628 2611 autem
2688 2559 2848 2610 etiam
2904 2572 3185 2609 sacrarum
3238 2555 3525 2609 domorum

1962 2657 2333 2701 cxstructores
2378 2657 2433 2700 et
2470 2656 2774 2709 curatores,
2809 2656 2858 2699 et
2912 2645 3127 2697 virtutis
3170 2644 3440 2708 doctores,
3474 2654 3529 2697 et

1965 2738 2011 2791 si
2044 2738 2138 2791 nlli
2168 2739 2657 2808 quomodocunque
2688 2738 2964 2791 communi
2996 2737 3252 2791 Ecclesiae
3278 2746 3330 2789 et
3356 2735 3529 2790 sacris

1965 2842 2090 2885 sunt
2120 2831 2301 2895 utiles,
2335 2831 2401 2884 ad
2446 2845 2569 2884 eum
2603 2846 2890 2883 numerum
2927 2829 3258 2888 referuntur,
3287 2838 3338 2882 et
3376 2841 3527 2881 com-

1967 2937 2159 2975 munes
2208 2936 2395 2989 preces
2438 2922 2655 2990 assequi
2694 2908 2838 2990 digni
2883 2930 3027 2973 sunt.
3072 2921 3149 2971 Ad
3202 2919 3526 2973 sacriﬁcium

1966 3023 2143 3065 autem
2174 3012 2283 3081 jam
2319 3027 2700 3080 processurus.
2724 3013 2809 3066 cui
2845 3014 2997 3066 nefas
3026 3023 3103 3066 est
3142 3013 3404 3065 interesse
3433 3027 3528 3066 eos

1967 3105 2058 3173 qui
2091 3120 2195 3158 non
2230 3114 2359 3158 sunt
2388 3105 2663 3175 mysteriis
2708 3104 2930 3165 initiati,
2966 3119 3103 3171 quos
3140 3118 3239 3157 nos
3277 3106 3530 3157 catechu-

1967 3209 2157 3249 menos
2185 3195 2364 3249 adhuc
2396 3210 2677 3259 vocamus,
2708 3194 2854 3262 quod
2893 3195 2956 3247 ad
2992 3194 3325 3246 auditionem
3356 3208 3529 3261 usque

1966 3296 2016 3341 et
2056 3296 2314 3355 quantum
2351 3287 2597 3340 doctrina
2631 3286 2807 3340 solum
2843 3286 3014 3341 licuit.
3047 3284 3528 3338 Christianismum

1966 3388 2351 3449 susceperunt,
2392 3394 2489 3433 eos
2540 3379 2690 3447 ejicit
2737 3394 2800 3431 ex
2846 3380 3014 3430 choro
3064 3377 3337 3441 ﬁdelium,
3392 3377 3531 3430 lecta

1966 3468 2121 3537 prius
2164 3482 2265 3535 pro
2311 3468 2390 3521 eis
2439 3468 2707 3520 oratione.
2748 3466 2936 3519 Oratio
2977 3476 3158 3518 autem
3203 3474 3305 3525 est,
3338 3475 3400 3532 ut
3430 3465 3530 3532 ipsi

1968 3556 2345 3625 perﬁciantur,
2372 3565 2587 3623 tempus
2625 3555 2882 3622 baptismi
2926 3555 3190 3608 assecuti.
3227 3555 3402 3609 Causa
3436 3570 3534 3606 au-

1968 3654 2072 3697 tem
2126 3645 2393 3698 orationis
2422 3655 2505 3698 est
2540 3645 2633 3697 Dei
2669 3645 2839 3714 gloria
2870 3662 2883 3697 :
2923 3662 2940 3694 ι
2980 3643 3046 3698 Ut
3077 3653 3130 3697 et
3175 3645 3297 3712 ipsi,
3337 3644 3528 3711 inquit,

1968 3733 2251 3786 nobiscum
2284 3734 2590 3803 gloriﬁcent
2620 3734 2769 3785 omni
2800 3748 2863 3786 ex
2894 3744 3045 3802 parte
3073 3732 3443 3786 venerandum
3478 3743 3533 3786 et

1968 3824 2315 3893 magniﬁcum
2350 3839 2546 3877 nomen
2578 3832 2747 3876 tuum.
2784 3842 2803 3873 ι
2836 3823 3010 3889 Quam
3048 3833 3336 3893 postquam
3365 3825 3529 3877 etiam

1969 3924 2223 3983 tanquam
2252 3915 2701 3984 gloriﬁcationem
2731 3914 3065 3977 inclamavit,
3091 3924 3143 3969 et
3167 3915 3405 3969 ﬁdelium
3436 3932 3533 3984 po-

1968 4007 2157 4075 pulum
2186 4006 2604 4074 gloriﬁcationis
2636 4006 2954 4075 participem
2991 4006 3226 4073 accepit,
3254 4007 3415 4059 aliam
3450 4006 3533 4060 fa-

1967 4097 2041 4151 cit
2090 4098 2419 4162 orationem,
2459 4098 2510 4150 in
2560 4111 2667 4165 qua
2713 4096 2948 4165 primum
2997 4096 3217 4164 quidem
3272 4096 3380 4149 Deo
3423 4100 3534 4166 agit

1969 4186 2195 4256 gratias,
2236 4184 2383 4255 quod
2415 4186 2614 4255 dignus
2644 4185 2873 4240 omnino
2902 4186 3122 4239 habitus
3153 4186 3224 4240 sit
3255 4202 3435 4241 coram
3468 4202 3532 4242 eo

1968 4285 2136 4341 stare,
2183 4285 2238 4331 et
2285 4290 2479 4331 manus
2521 4276 2587 4330 ad
2631 4290 2753 4329 eum
2805 4276 2995 4331 tollere
3042 4291 3141 4345 pro
3182 4292 3241 4332 se
3288 4286 3340 4332 et
3380 4278 3532 4345 aliis;

1971 4376 2235 4436 praeterea
2288 4376 2429 4431 orat,
2488 4375 2545 4420 ut
2596 4366 2805 4435 dignus
2848 4381 3064 4436 semper
3112 4367 3376 4421 habeatur
3432 4368 3534 4422 hoc

1980 4458 2160 4512 facere
2191 4472 2315 4511 cum
2346 4471 2483 4526 pura
2524 4456 2881 4511 conscientia.
2922 4457 3102 4511 Causa
3146 4466 3327 4511 autem
3374 4458 3534 4528 hujus

279 4562 312 4628 ἡ
349 4555 448 4610 τοῦ
507 4551 647 4607 Θεοῦ
687 4551 848 4614 δόξα·
887 4568 906 4601 ε
959 4551 1082 4603 Ὀτι
1134 4550 1217 4601 σοὶ
1264 4549 1486 4615 πρέπει,
1527 4550 1682 4620 φησι,
1718 4552 1868 4602 πᾶσα
1903 4564 1947 4619 ι)

1846 4569 1868 4602 ι
1903 4564 1947 4619 ι)
1973 4562 2189 4619 quoque
2214 4548 2481 4602 orationis
2522 4556 2606 4602 est
2643 4548 2735 4601 Dei
2767 4548 2961 4615 gloria.
3006 4567 3023 4599 ι
3052 4548 3321 4613 Quoniam
3362 4559 3412 4603 te
3439 4551 3533 4602 de-

280 4650 436 4714 δὸξα·
466 4666 487 4699 ι
510 4645 612 4697 ⁴ιιαί
643 4642 787 4695 οῦτω
832 4642 975 4694 κατὰ
1001 4641 1063 4693 τὸ
1090 4641 1276 4702 εἰωθὸς
1322 4640 1460 4709 μετά
1502 4639 1595 4691 τοῦ
1626 4637 1869 4708 πλήθους

280 4738 681 4806 δοξολογήσας,
712 4736 880 4785 πάλιν
906 4733 992 4801 ἐφ’
1016 4733 1205 4785 ἑαυτὸν
1227 4733 1254 4782 ὁ
1285 4732 1464 4800 ἱερεὺς
1490 4730 1705 4799 εῦχεται
1728 4729 1868 4797 ὑπὲρ

281 4833 492 4895 αὐτῶν,
529 4829 625 4882 καὶ
656 4826 749 4880 τοῦ
778 4826 1039 4895 πλήθους,
1092 4823 1233 4875 ὥστε
1294 4822 1458 4876 αὐτὸν
1502 4823 1869 4890 ἀκατάκριτον

285 4922 648 4993 παραστῆναι
690 4922 754 4987 τῇ
793 4918 927 4987 ἁγία
955 4915 1240 4986 τραπέζῃ,
1299 4913 1538 4979 καθαρὸν
1587 4908 1868 4980 μολυσμοῦ

285 5016 496 5084 σαρκὸς
542 5013 637 5064 καί
686 5008 1028 5077 πνεύματος·
1063 5005 1187 5067 τοὺς
1218 5005 1273 5057 δὲ
1317 5003 1747 5072 συνευχομένους
1785 5019 1871 5055 πι-

286 5108 451 5167 στοὺς
486 5106 599 5156 τῶν
657 5099 977 5170 μυστηρίων
1011 5096 1304 5165 μετασχεῖν
1351 5093 1667 5161 ἀξιωθῆναι,
1702 5092 1871 5161 χωρὶς

283 5202 481 5268 nam;
543 5196 641 5248 καὶ
695 5189 1103 5259 κατακρίσεως,
1166 5190 1257 5239 καὶ
1311 5186 1448 5255 πρὸς
1507 5183 1717 5245 τούτοις
1772 5184 1868 5251 τῆς

289 5290 579 5361 βασιλείας
616 5285 727 5337 τῶν
762 5281 1012 5352 οὐρανῶν
1041 5280 1447 5347 κληρονομῆσαι
1470 5292 1485 5306 ⁸
1530 5278 1624 5328 καὶ
1725 5275 1871 5328 αίτία

283 5356 387 5453 τῆς
416 5382 587 5448 εὐχῆς
620 5379 783 5430 πάλιν
826 5379 860 5443 ἡ
894 5374 989 5427 τοῦ
1022 5372 1157 5425 Θεοῦ
1203 5370 1348 5435 δόξα,
1382 5373 1458 5433 εἰς
1494 5368 1561 5426 ἥν
1602 5370 1629 5419 ὁ
1664 5356 1872 5429 Παῦλος

284 5474 576 5532 ἐκέλευσε,
614 5470 792 5534 λέγων
816 5480 830 5494 ·
869 5483 886 5516 ι
936 5464 1120 5517 Πάντα
1147 5464 1223 5523 εἰς
1256 5460 1413 5523 δόξαν
1446 5457 1580 5509 Θεοῦ
1614 5457 1866 5507 ποιεῖτε.»

285 5566 462 5618 Τοῦτο
503 5564 638 5630 ἡμῖν
676 5560 819 5610 ἔστω
849 5552 1129 5622 πανταχοῦ
1166 5553 1390 5612 σκοπὸς,
1430 5552 1584 5617 φησὶ,
1617 5547 1707 5598 τὸν
1739 5545 1873 5597 Θεὸν

286 5642 643 5720 δοξάζεσθαι.
679 5649 747 5701 ()i.
781 5648 1021 5716 γεωργοὶ
1049 5645 1205 5706 τέλος
1233 5640 1510 5693 ποιοῦνται
1540 5639 1646 5689 τῶν
1677 5637 1870 5700 πόνων,

288 5752 391 5815 τὴν
426 5743 610 5813 φορὰν
641 5741 752 5792 τῶν
792 5739 1043 5808 καρπῶν,
1086 5738 1170 5803 ἐφ’
1207 5729 1288 5796 οἷς
1332 5730 1612 5800 αἱροῦνται
1652 5731 1833 5779 πονεῖν
1858 5743 1872 5755 ο

286 5842 383 5892 καὶ
414 5839 460 5890 σί
500 5836 740 5904 ἔμποροι
768 5834 829 5884 τὸ
872 5830 1083 5899 κέρδος,
1123 5830 1215 5880 καὶ
1250 5828 1406 5885 ἄλλος
1440 5824 1566 5878 ἄλλο
1601 5835 1673 5875 τι³
1713 5822 1871 5889 ὑμεῖς

1969 4650 2076 4699 cet.
2126 4638 2325 4707 inquit,
2370 4639 2552 4693 omnis
2598 4638 2802 4708 gloria;
2833 4658 2850 4690 ι
2885 4649 2939 4693 et
2979 4641 3051 4693 ita
3103 4649 3384 4708 postquam
3435 4655 3532 4707 pro

1972 4744 2123 4784 more
2148 4744 2271 4783 cum
2303 4730 2505 4799 populo
2534 4730 2882 4798 gloriﬁcavit,
2922 4746 3115 4784 rursus
3147 4732 3287 4799 apud
3320 4747 3376 4785 se
3415 4742 3536 4785 orat

1971 4834 2071 4889 pro
2106 4821 2289 4886 seipso
2347 4830 2397 4874 et
2445 4821 2664 4890 populo,
2696 4827 2755 4873 ut
2799 4821 3040 4889 seipsum
3082 4822 3299 4883 quidem
3336 4832 3535 4875 sancta:

1971 4922 2173 4962 mensa!
2222 4922 2331 4961 non
2379 4908 2849 4961 condemnandum
2902 4907 3175 4967 exhibeat,
3227 4923 3419 4974 pttrum
3468 4907 3535 4958 ab

1975 4998 2389 5063 inquinamento
2432 4997 2616 5051 carnis
2656 5006 2708 5049 et
2757 4997 3031 5065 spiritus:
3079 5012 3172 5050 eos
3220 5011 3399 5050 autem
3442 4999 3531 5065 qui

1974 5104 2080 5141 una
2114 5098 2429 5157 precantur,
2464 5088 2670 5151 ﬁdeles,
2716 5097 2773 5141 ut
2802 5103 2923 5142 esse
2957 5090 3337 5157 mysteriorum
3366 5090 3536 5156 panti-

1974 5181 2122 5248 cipes
2152 5179 2299 5249 digiti
2337 5180 2659 5242 habeantur,
2693 5181 2897 5247 absque
2936 5187 3085 5231 reatu
3120 5187 3173 5229 et
3206 5179 3537 5230 condemna-

1975 5276 2142 5336 tione,
2168 5284 2221 5326 et
2249 5282 2509 5339 praeterea
2539 5272 2800 5326 cmlorum
2827 5285 2995 5339 regno
3029 5269 3175 5337 digni
3210 5270 3530 5323 habeantur.

1975 5366 2041 5418 Et
2075 5363 2336 5416 orationis
2371 5378 2561 5416 rursus
2589 5378 2751 5415 causa
2782 5370 2863 5416 est
2910 5362 3003 5414 Dei
3053 5362 3249 5427 gloria,
3284 5364 3335 5412 in
3368 5376 3532 5429 quam

1975 5454 2157 5509 omnia
2204 5453 2381 5508 facere
2431 5454 2586 5520 jubet
2634 5452 2857 5515 Paulus,
2899 5454 3128 5506 dicens:
3186 5471 3202 5501 ι
3234 5452 3429 5505 Omnia
3478 5458 3532 5504 tu

1977 5546 2206 5616 gloriam
2239 5546 2331 5598 Dei
2369 5544 2551 5598 facite.
2584 5561 2602 5595 ι
2648 5542 2747 5597 Hic
2781 5545 2873 5605 sit,
2901 5544 3094 5611 inquit,
3128 5542 3282 5596 nobis
3321 5557 3539 5609 semper

1976 5652 2199 5707 scopus,
2229 5637 2397 5692 Deum
2446 5634 2776 5706 gloriﬁcare.
2824 5634 3085 5703 Agricolae
3137 5635 3386 5687 laborum
3434 5634 3536 5688 sibi

1979 5730 2139 5782 ﬁnem
2192 5736 2502 5795 proponunt
2532 5725 2807 5781 fructuum
2851 5726 3284 5794 productionem,
3321 5739 3537 5794 prepter

1978 5833 2114 5888 quos
2145 5819 2373 5873 libenter
2402 5816 2691 5885 laborant;
2732 5828 3062 5873 mercatores
3089 5828 3273 5873 autem
3303 5819 3532 5877 lucrum,
