4272 6446
768 403 875 490 ω

2033 395 2345 464 NlCOLAI
2385 387 2774 452 CABASlL/E

3919 379 4020 444 421

761 533 1086 592 hitationem
1117 529 1356 599 aliquam
1387 527 1452 582 de
1510 527 1612 578 hac
1644 522 1744 576 lide
1781 520 1833 594 i_n
1864 517 2048 572 anima
2084 521 2380 577 suscepevt

2465 506 2556 566 τοῖς
2578 499 2979 572 ἀμφιϐολογίαν
3009 498 3131 552 τινὰ
3153 495 3283 566 περὶ
3322 497 3421 564 τῆς
3463 494 3702 554 πίστεως
3739 491 3944 562 ταύτης
3965 495 4024 544 ὲν

764 635 913 681 runt.
947 623 1021 676 Ita
1071 622 1299 676 ﬁrmiter
1351 621 1403 673 in
1444 616 1546 672 [ide
1579 613 1874 677 stantibus,
1919 607 2119 677 inquit,
2173 602 2335 656 etiam

763 719 1030 771 donorum
1063 721 1374 766 nostrorum
1404 710 1470 763 ad
1494 707 1659 760 Deum
1691 700 1896 757 oblatio
1930 693 2228 758 secundum
2257 705 2345 742 ra.

766 809 969 862 tionem
1006 804 1118 858 ﬁat.
1143 802 1282 868 Quid
1312 809 1491 853 autem
1529 794 1830 852 secundum
1892 789 2159 844 rationem
2186 785 2209 839 ?
2238 804 2256 835 ι
2284 782 2342 835 1η

768 916 924 970 pace.
958 917 976 950 ι
1016 895 1397 957 Attendamus,
1437 892 1638 958 inquit,
1662 897 1907 942 sanetam
1935 880 2262 936 oblationem
2289 874 2342 927 in

770 1007 902 1062 pace
936 990 1153 1044 offerre.
1185 983 1569 1041 Recordemini
1596 981 1742 1035 enim
1771 976 2064 1032 verborum
2095 966 2346 1023 Domini:

774 1058 794 1133 ι
823 1084 879 1138 Si
907 1082 1107 1136 oll'eras
1135 1093 1335 1133 munus
1363 1087 1537 1137 tutttn,
1587 1082 1641 1127 et
1664 1067 1984 1124 recordatus
2013 1063 2181 1118 fueris
2200 1058 2348 1131 quod

771 1178 934 1229 habet
991 1172 1264 1241 quispiam
1313 1167 1519 1237 aliquid
1571 1166 1836 1219 adversus
1863 1169 1937 1223 te,
1986 1170 2224 1228 primum
2255 1166 2349 1207 re-

771 1265 1095 1325 conciliare,
1127 1260 1329 1315 deinde
1354 1257 1624 1313 accedens
1651 1297 1667 1322 ,
1705 1254 1840 1308 oﬂer
1871 1265 2071 1305 munus
2110 1257 2286 1302 tuum.
2326 1262 2345 1294 ι

773 1356 989 1410 Fideles
1051 1366 1229 1406 autem
1284 1350 1618 1419 respondent
1654 1365 1667 1401 :
1709 1366 1726 1397 ι
1768 1343 2062 1399 Oii‘erimus
2097 1354 2208 1393 non
2260 1350 2352 1391 so-

773 1447 884 1500 lum
916 1463 1038 1500 cum
1081 1458 1233 1514 pace.
1273 1442 1364 1496 sed
1389 1441 1552 1494 etiam
1582 1440 1756 1508 ipsam
1793 1450 1979 1506 pacem
2013 1433 2133 1487 loco
2163 1442 2352 1482 mune-

776 1538 853 1589 ris
893 1545 947 1588 et
997 1535 1141 1588 alius
1186 1531 1472 1586 sacriﬁcii.
1512 1548 1530 1580 ι
1596 1525 2028 1583 Misericordiatn
2069 1518 2354 1574 oﬂerimus

771 1627 821 1699 ei
852 1626 946 1695 qui
979 1625 1117 1679 dixit
1145 1642 1158 1676 :
1197 1641 1215 1673 ι
1244 1619 1681 1675 Misericordiam
1743 1617 1890 1678 volo,
1935 1621 1990 1667 et
2045 1627 2155 1666 non
2186 1606 2380 1663 sacri-v

777 1718 982 1771 ficium.
1029 1733 1046 1766 ι
1091 1713 1461 1768 Misericordia
1508 1724 1691 1764 autem
1735 1717 1824 1776 est
1881 1705 2049 1761 fretus
2081 1703 2255 1756 ﬁrmat
2298 1705 2355 1753 et

775 1823 926 1877 pura:
953 1806 1101 1875 pacis
1134 1823 1148 1870 ;
1179 1803 1401 1873 quando
1431 1801 1576 1854 enim
1615 1799 1857 1853 animam
1891 1794 2040 1849 nulla
2073 1789 2357 1862 perturbat

2453 597 2520 663 τῇ
2555 594 2703 663 ψυχῇ
2752 591 3088 662 δεξαμένοις.
3123 587 3278 641 Οὕτω
3307 587 3361 640 δὲ
3407 586 3638 656 βεϐαίως
3670 583 3924 639 ἑστώτων
3971 587 4028 638 ὲν

2454 691 2520 756 τῇ
2552 687 2754 750 πίστει,
2801 686 2954 755 φησὶ,
2990 685 3086 738 καὶ
3126 686 3158 752 ἡ
3194 684 3302 737 τῶν
3347 683 3535 751 δώρων
3577 681 3741 751 ἡμῶν
3773 680 3910 750 πρὸς
3939 680 4030 733 τὸν

2456 779 2590 833 Θεὸν
2647 779 3005 849 προσαγωγὴ,
3039 780 3182 830 κατά
3227 777 3383 844 λόγον
3412 776 3673 842 γινέσθω.
3702 775 3766 827 Τί
3799 774 3854 827 δὲ
3886 775 4030 826 κατά

2457 871 2648 938 λόγον;
2675 870 2734 922 τὸ
2784 888 2801 920 ι
2864 869 2956 922 Ἐν
2996 869 3212 938 εἰρήνῃ.
3258 887 3275 918 ι
3325 868 3661 937 Πρόσχωμεν
3701 868 3833 935 γὰρ,
3867 865 4028 934 φησὶ.

2456 961 2554 1029 τὴν
2587 961 2749 1028 ἁγίαν
2778 960 3081 1030 ἀναφορὰν,
3114 961 3171 1011 ὲν
3201 959 3393 1029 εἰρήνῃ
3416 957 3753 1027 προσφέρειν
3772 974 3788 988 ο
3822 959 4036 1025 μέμνη-

2460 1050 2576 1113 σθε,
2629 1052 2761 1119 γὰρ,
2813 1051 2970 1120 φησὶ,
3018 1049 3126 1102 τῶν
3165 1049 3340 1118 λόγων
3396 1048 3490 1102 τοῦ
3548 1049 3777 1119 Κυρίου,
3832 1068 3850 1100 ι
3907 1049 4036 1100 Ἐὰν

2463 1140 2786 1210 προσφέρῃς
2820 1141 2884 1193 τὸ
2915 1140 3089 1210 δῶρόν
3135 1158 3227 1194 σου
3271 1141 3362 1193 ἐπὶ
3404 1142 3462 1194 τὸ
3508 1141 3918 1212 θυσιαστήριον,
3945 1141 4041 1194 καὶ

2466 1231 2709 1302 μνησθῇς
2737 1232 2818 1284 ὅτι
2847 1230 2959 1300 ἔχει
2990 1248 3074 1294 τις
3097 1232 3241 1284 κατά
3273 1231 3389 1295 σοῦ,
3440 1231 3778 1302 διαλλάγηθι,
3797 1233 4040 1304 πρῶτον,

2462 1319 2582 1376 εἶτα
2615 1321 2784 1375 ἐλθὼν
2826 1323 3104 1392 πρόσφερε
3134 1322 3194 1374 τὸ
3219 1320 3392 1390 δῶρόν
3427 1340 3545 1377 σου.
3587 1342 3605 1374 ι
3643 1324 3706 1375 Oi
3742 1324 3797 1375 δὲ
3857 1326 4043 1376 πιστοὶ

2463 1415 2874 1483 ἀποκρίνονται,
2901 1431 2920 1464 ι
2951 1413 3364 1483 Προσφέρομεν,
3383 1414 3443 1466 οὐ
3467 1414 3627 1483 μόνον
3653 1414 3770 1485 μετ’
3793 1408 4044 1484 εἰρήνης,

2463 1506 2602 1558 ἀλλὰ
2647 1505 2741 1560 καὶ
2793 1504 2963 1573 αὐτὴν
3018 1505 3242 1575 εἰρήνην
3299 1503 3421 1556 ἀντὶ
3459 1502 3631 1570 δώρου
3695 1505 3788 1555 καὶ
3848 1503 4047 1565 θυσίας

2466 1598 2680 1666 ἐτέρας.
2748 1614 2770 1648 θ
2836 1596 3029 1650 Ἔλεον
3096 1595 3227 1664 γὰρ,
3286 1595 3446 1665 φησὶ,
3507 1595 3920 1664 προσφέρομεν,
3966 1593 4048 1663 τῷ

2467 1689 2698 1750 εἰπόντι,
2775 1706 2793 1738 ι
2862 1687 3051 1741 Ἐλεον
3101 1685 3263 1752 θέλω,
3317 1685 3416 1739 καὶ
3450 1686 3510 1738 οὐ
3566 1686 3778 1740 θυσίαν.
3833 1704 3852 1738 ι
3902 1688 3959 1738 Ὀ
3991 1687 4051 1739 δὲ

2463 1781 2634 1843 ἔλεος,
2654 1778 2899 1850 γέννημά
2924 1782 3039 1832 ἐστι
3057 1777 3153 1847 τῆς
3178 1777 3400 1848 βεϐαίας
3421 1779 3514 1831 καὶ
3532 1778 3776 1847 καθαρᾶς
3797 1778 4051 1848 εἰρήνης.

778 1898 1016 1962 all‘ectio,
1045 1896 1181 1950 nihil
1221 1903 1365 1948 vetat
1395 1892 1694 1962 quominus
1740 1904 1804 1943 ea
1832 1889 1904 1944 sit
1956 1887 2120 1956 plena
2144 1881 2364 1937 miseri-

2471 1873 2643 1926 Ὅταν
2688 1874 2796 1942 γὰρ
2833 1872 2935 1943 τὴν
2990 1873 3168 1942 ψυχὴν
3196 1869 3350 1923 οὐδὲν
3401 1859 3612 1940 ἐνοχλεῖ
3636 1866 3846 1935 πάθος,
3896 1870 4054 1923 οὐδὲν

774 1990 1067 2052 eordia,ct
1090 1987 1362 2041 sacriﬁcio
1412 1985 1615 2039 laudis.
1650 1981 1776 2037 Ητεο
1829 1987 2016 2034 autem
2064 1986 2356 2048 postquam

775 2084 1058 2144 dixerunt,
1103 2092 1365 2150 precatur
1400 2078 1659 2134 sacerdos
1691 2089 1810 2144 qua:
1835 2080 1966 2128 sunt
1993 2071 2241 2127 omnium
2273 2068 2361 2123 di-

775 2175 1062 2228 vinissima
1095 2180 1148 2225 et
1188 2173 1422 2225 maxima
1453 2187 1465 2224 :
1496 2188 1515 2222 ι
1551 2168 1739 2223 Gratia
1773 2165 1991 2220 Domini
2027 2162 2200 2218 nostri
2231 2159 2360 2216 Jesu

773 2265 1006 2327 Christi,
1042 2273 1095 2317 et
1124 2264 1348 2318 dilectio
1381 2262 1474 2316 Dei
1510 2271 1564 2314 et
1595 2259 1796 2322 Patris,
1843 2267 1897 2313 et
1935 2252 2365 2312 communicatio

776 2357 954 2414 sancti
1006 2356 1245 2425 Spiritus
1297 2357 1369 2410 sit
1417 2369 1540 2407 cum
1577 2352 1727 2406 vobis
1766 2351 2046 2405 omnibus.
2075 2366 2093 2401 ι
2151 2348 2216 2401 Et
2263 2345 2364 2414 ipsi

777 2449 943 2502 etiam
982 2449 1172 2502 eadem
1229 2461 1328 2515 pro
1382 2445 1667 2499 sacerdote
1729 2451 1953 2496 orantes
1988 2481 2002 2505 ,
2039 2459 2059 2492 ι
2128 2438 2192 2492 Et
2241 2452 2366 2492 cum

783 2542 987 2610 spiritu
1023 2548 1144 2603 tuo,
1187 2557 1205 2589 ι
1272 2539 1340 2592 ad
1397 2553 1522 2592 eum
1580 2535 1940 2606 respondent,
1976 2532 2369 2588 convenienter

782 2643 1052 2704 prazcepto
1095 2631 1240 2701 quod
1299 2630 1444 2700 jubet
1488 2644 1588 2699 pro
1623 2644 1681 2682 se
1732 2627 1963 2681 invicem
2026 2637 2208 2678 orare.
2244 2621 2370 2675 Hzcc

784 2733 965 2779 autem
998 2724 1176 2778 oratio
1233 2730 1450 2790 sumpta
1511 2721 1733 2790 quidem
1786 2725 1872 2773 est
1927 2733 1993 2771 ex
2028 2711 2285 2785 Epistolis
2307 2712 2369 2766 Β.

785 2815 959 2869 Pauli.
1011 2814 1261 2868 Postulat
1311 2823 1493 2868 autem
1561 2812 1718 2865 nobis
1769 2825 1799 2864 a
1863 2819 2054 2864 sancta
2109 2807 2374 2860 Trinitate

786 2910 951 2971 bona,
978 2896 1141 2976 omne
1171 2907 1376 2961 donum
1408 2904 1720 2974 perfectum
1760 2910 1854 2957 :et
1886 2902 1999 2954 haec
2025 2899 2092 2952 ab
2126 2913 2374 2968 unaqua-

785 3015 891 3069 que
927 3014 992 3051 cx
1055 2997 1228 3051 beatis
1288 2995 1542 3049 Personis
1605 2992 1825 3065 pr0prio
1882 2990 2118 3060 quodam
2155 2989 2374 3042 nomine

788 3090 1044 3160 appellat.
1073 3090 1118 3141 Δ
1153 3087 1292 3142 Filio
1341 3087 1566 3157 quidem
1618 3085 1895 3155 gratiam;
1929 3099 1958 3136 a
2016 3083 2174 3135 Patre
2223 3093 2371 3143 vero,

2470 1965 2672 2019 κωλύει
2702 1964 2856 2016 ἐλέου
2889 1964 3085 2034 γέμειν
3115 1964 3324 2033 αὐτὴνο
3359 1963 3497 2016 ἀλλά
3535 1965 3631 2016 καὶ
3668 1963 3863 2016 θυσίαν
3897 1961 4052 2015 αίνέ-

2471 2074 2632 2121 σεως.
2687 2055 2875 2109 Ταῦτα
2922 2056 2978 2108 δὲ
3019 2054 3306 2120 εἰπόντων,
3357 2055 3386 2108 ό
3428 2057 3606 2126 ἱερεὺς
3658 2055 3950 2126 ἐπεύχεται
3985 2055 4056 2108 τὰ

2471 2151 2724 2204 θειότατα
2765 2151 2859 2202 καὶ
2921 2149 3154 2219 μέγιστα
3207 2151 3466 2201 πάντωνο
3523 2169 3541 2202 ι
3614 2149 3679 2202 Ἦ
3742 2149 3906 2220 χάρις
3955 2150 4054 2202 τοῦ

2472 2246 2679 2317 Κυρίου
2702 2243 2859 2315 ἡμῶν
2901 2243 3078 2315 Ἰησοῦ
3107 2241 3368 2311 Χριστοῦ,
3403 2242 3498 2296 καὶ
3527 2244 3558 2312 ὴ
3583 2243 3768 2310 ἀγάπη
3795 2243 3886 2296 τοῦ
3913 2241 4056 2294 Θεοῦ

2469 2341 2564 2391 καὶ
2605 2337 2840 2408 Πατρός,
2875 2338 2968 2388 καὶ
3001 2339 3034 2405 ἠ
3065 2334 3322 2388 κοινωνία
3362 2333 3455 2387 τοῦ
3492 2334 3651 2401 ἁγίου
3704 2333 4055 2404 ΙΙνεύματος,

2471 2433 2557 2502 είη
2615 2430 2754 2500 μετὰ
2786 2429 3006 2483 πάντων
3036 2429 3210 2498 ὑμῶν.
3271 2447 3290 2481 ι
3350 2428 3461 2480 Καὶ
3511 2428 3669 2481 αὐτοὶ
3703 2428 3760 2481 δὲ
3800 2429 3870 2481 τὰ
3913 2427 4061 2481 αὐτὰ

2473 2525 2614 2594 ὑπὲρ
2642 2525 2736 2576 τοῦ
2769 2523 2962 2593 ἱερέως
2993 2522 3280 2592 εὐχόμενοι
3306 2537 3321 2551 °
3374 2541 3391 2572 ι
3430 2523 3540 2574 Καὶ
3575 2521 3716 2591 μετὰ
3760 2520 3857 2574 τοῦ
3891 2524 4062 2574 πνεύ-

2477 2618 2646 2687 ματός
2680 2633 2797 2680 σου,
2837 2633 2857 2667 ι
2901 2615 3038 2685 πρὸς
3078 2616 3245 2669 αὑτὸν
3297 2615 3715 2685 ἀποκρίνονται,
3769 2615 3914 2667 κατὰ
3956 2615 4060 2683 τὴν

2472 2708 2731 2779 εὔχεσθαι
2773 2694 2914 2777 ὑπὲρ
2950 2708 3199 2778 ἀλλήλων
3235 2708 3570 2761 κελεύουσαν
3608 2707 3853 2778 ἐντολήν.
3906 2709 3969 2762 Ἦ
4000 2709 4062 2761 δὲ

2473 2802 2609 2871 εὐχὴ
2661 2801 2799 2869 αὐτὴ
2829 2799 3088 2869 εἴληπται
3127 2800 3225 2867 μὲν
3275 2800 3382 2858 ἀπὸ
3423 2799 3533 2851 τῶν
3576 2800 3910 2853 Ἐπιστολῶν
3958 2801 4058 2853 τοῦ

2479 2895 2750 2965 μακαρίου
2805 2892 3038 2948 Παύλου.
3095 2892 3358 2963 [προξενεῖ
3403 2895 3461 2947 δὲ
3501 2896 3636 2962 ἡμῖν
3686 2893 3754 2945 τὰ
3811 2894 3919 2948 ἀπὸ
3953 2895 4062 2962 τῆς

2475 2988 2637 3053 ἁγίας
2671 2986 2903 3054 Τριάδος
2947 2986 3146 3052 ἀγαθὰ,
3212 2987 3322 3040 πᾶν
3377 2986 3613 3057 δώρημα
3673 2988 3904 3050 τέλειον,
3959 2989 4062 3040 καὶ

2475 3078 2648 3132 ταῦτα
2684 3080 2767 3147 ἐφ’
2793 3078 3027 3147 ἑκάστης
3054 3078 3162 3130 τῶν
3191 3077 3481 3147 μακαρίων
3514 3079 3920 3144 ’Υποστάσεων,
3942 3080 4064 3151 ἰδίῳ

789 3183 1136 3236 dilectionem
1167 3197 1184 3246 ;
1219 3195 1246 3233 a
1277 3187 1471 3235 sancto
1505 3162 1688 3231 autem
1741 3175 1972 3244 Spiritu,
2001 3171 2376 3228 communien-

2478 3172 2584 3224 τινὶ
2625 3171 2848 3240 ὀνόματι
2899 3170 3190 3240 όνομάζει’
3241 3170 3350 3224 ἀπὸ
3407 3174 3508 3239 μὲν
3545 3172 3638 3224 τοῦ
3672 3171 3804 3224 Υἱοῦ
3860 3174 4063 3243 χάριν·

790 3279 1018 3332 tionem.
1053 3274 1190 3340 Quia
1226 3273 1372 3328 enim
1407 3271 1580 3326 Filius
1610 3270 1679 3324 iis
1710 3270 1802 3338 qui
1831 3268 1964 3321 nihil
2007 3266 2374 3345 contulerint,

790 3369 886 3424 scd
923 3369 1084 3421 etiam
1116 3367 1296 3426 adhuc
1329 3363 1561 3418 debendi
1600 3363 1675 3416 rei
1722 3367 1900 3423 erant,
1938 3339 2377 3428 seipsuwbis

791 3462 1142 3516 Servatorem
1182 3457 1418 3528 prwbuit
1462 3475 1475 3510 :
1512 3474 1530 3507 ι
1573 3454 1789 3508 Etenim
1830 3469 1955 3508 cum
2017 3435 2168 3521 impii
2200 3451 2381 3505 adhuc

787 3567 1054 3615 essemus,
1092 3551 1289 3618 inquit,
1327 3562 1425 3616 pro
1454 3545 1614 3600 nobis
1647 3554 1894 3599 mortuus
1924 3552 2047 3607 est;
2078 3561 2096 3594 ι
2129 3541 2248 3610 ejus
2278 3556 2378 3594 n0-

790 3644 1076 3711 stri,cura,
1107 3643 1282 3711 gratia
1337 3648 1440 3695 est.
1477 3639 1616 3705 Quia
1681 3647 1861 3691 autem
1911 3634 2070 3689 Pater
2112 3651 2207 3705 per
2257 3647 2382 3703 pas-

791 3739 977 3791 siones
1014 3734 1136 3790 Filii
1172 3736 1414 3788 humano
1450 3732 1637 3804 generi
1663 3731 2050 3785 reconciliatus
2077 3738 2183 3790 est,
2211 3739 2261 3782 et
2295 3726 2380 3781 di-

790 3829 1224 3890 lexitinimicos,
1272 3839 1559 3897 propterea
1593 3841 1655 3879 ea
1681 3838 1804 3894 qua:
1833 3823 1924 3876 ille
1973 3823 2026 3875 in
2079 3836 2179 3876 nos
2231 3820 2378 3884 fecit,

791 3922 1141 3990 appellantur
1173 3920 1416 3974 dilectio.
1444 3918 1581 3984 Quia
1630 3927 1813 3970 autem
1857 3913 2050 3968 amicis
2075 3927 2140 3966 ex
2195 3911 2381 3966 inimi-

791 4011 1112 4080 ciseii‘cctis
1147 4011 1437 4080 oportebat
1465 4024 1591 4063 eum
1627 4009 1720 4076 qui
1768 4007 1924 4061 dives
1958 4015 2041 4060 est
2083 4005 2136 4059 in
2165 4003 2381 4057 miseri-

792 4103 998 4168 cordia,
1021 4103 1238 4172 propria
1261 4103 1401 4157 bona
1425 4102 1858 4164 communicare,
1875 4097 1980 4152 hoc
2001 4096 2128 4151 facit
2146 4096 2382 4164 Spiritus

794 4207 1022 4253 sanctus
1047 4196 1141 4266 qui
1174 4181 1326 4250 venit
1363 4193 1429 4248 ad
1483 4193 1784 4262 apostolos.
1820 4192 2120 4261 Pr0pterea
2144 4190 2292 4246 illius
2327 4189 2379 4243 in

799 4291 1056 4343 homines
1125 4285 1442 4354 benignitas
1508 4283 1938 4340 communicatio
1996 4282 2218 4338 dicitur.
2275 4281 2380 4338 Sed

797 4383 1002 4437 dixerit
1030 4380 1328 4449 quispiam,
1359 4379 1474 4432 haec
1533 4379 1716 4432 omnia
1775 4378 1940 4440 bona,
1991 4392 2114 4431 cum
2163 4377 2384 4430 advenit

800 4474 1080 4534 Servator,
1115 4470 1430 4525 hominibus
1464 4470 1591 4524 data
1626 4484 1748 4525 esse
1785 4486 1798 4521 :
1842 4469 1968 4537 quid
2002 4477 2083 4524 est
2127 4483 2258 4537 ergo
2290 4468 2383 4522 ad-

2481 3263 2589 3316 ἀπδ
2622 3264 2678 3317 δὲ
2707 3263 2800 3316 τοῦ
2833 3263 3069 3332 Πατρδς,
3103 3264 3327 3333 ἀγάπην
3345 3281 3357 3292 ·
3382 3266 3489 3319 ἀπὸ
3515 3265 3571 3318 δὲ
3593 3266 3687 3317 τοῦ
3713 3265 4063 3333 Πνεύματος,

2481 3354 2790 3407 κοινωνίαν.
2830 3353 2951 3407 Ὀτι
2984 3354 3084 3422 μὲν
3111 3354 3220 3424 γὰρ
3249 3355 3377 3415 Υἱὸς
3413 3357 3581 3426 μηδὲν
3646 3359 4066 3426 εἰσενεγκοῦσιν

2480 3443 2614 3495 ἀλλὰ
2649 3443 2742 3496 καὶ
2776 3444 3083 3510 ὀφείλουσιν
3136 3444 3218 3498 ἔτι
3275 3445 3452 3509 δίκας,
3508 3448 3744 3518 Σωτῆρα
3780 3453 4067 3521 παρέσχεν

2480 3537 2613 3604 ἡμῖν
2650 3537 2840 3589 ἑαυτόν
2873 3553 2883 3564 ·
2925 3555 2942 3587 ι
2985 3539 3096 3590 Καὶ
3134 3540 3246 3608 γὰρ
3277 3540 3492 3594 ἀσεϐῶν
3528 3541 3701 3596 ὄντων
3735 3546 3839 3610 ἔτι,
3871 3555 4064 3618 φησὶν,

2483 3629 2622 3700 ὑπὲρ
2648 3629 2804 3699 ἡμῶν
2833 3629 3072 3682 ἀπέθανε
3096 3648 3111 3663 ο
3150 3649 3168 3683 ι
3207 3633 3236 3701 ἡ
3271 3635 3399 3703 περὶ
3422 3635 3582 3704 ἡμῶν
3617 3638 3783 3690 αὑτοῦ
3808 3644 4066 3709 πρόνοιά,

2481 3721 2642 3791 χάρις
2687 3722 2851 3774 ἐστίν.
2901 3723 3022 3776 Ὀτι
3062 3725 3118 3776 δὲ
3166 3726 3195 3778 ό
3241 3727 3431 3796 Πατὴρ
3492 3728 3582 3781 διά
3620 3730 3730 3782 τῶν
3794 3732 3891 3787 τοῦ
3931 3735 4068 3788 Υίοῦ

2483 3813 2694 3880 παθῶν,
2747 3814 3014 3902 διηλλάγη
3061 3815 3140 3884 τῷ
3198 3817 3348 3884 γένει
3406 3819 3516 3872 τῶν
3577 3821 3906 3892 ἀνθρώπων.
3966 3829 4072 3881 καὶ

2482 3908 2738 3978 ἠγάπησε
2773 3909 2898 3972 τοὺς
2937 3908 3194 3978 ἐχθροὺς,
3227 3909 3316 3964 διὰ
3350 3911 3509 3965 τοῦτο
3559 3915 3627 3968 τά
3671 3917 3888 3970 ἐκείνου
3924 3921 4068 3986 πρὸς

2482 4002 2632 4071 ἡμᾶς
2667 4001 2860 4070 ἀγάπη
2911 4001 3184 4057 καλεῖται.
3237 4003 3397 4057 Ἐπεὶ
3447 4006 3503 4059 δὲ
3549 4009 3666 4088 τοῖς
3722 4010 4070 4077 φιλιωθεῖσιν

2484 4093 2700 4164 ἐχθροῖς
2732 4093 2838 4146 ἔδει
2865 4094 3202 4164 κοινωνῆσαι
3233 4095 3324 4149 τὸν
3358 4097 3618 4154 πλούσιον
3661 4103 3719 4154 ὲν
3749 4102 3910 4168 ἐλέει,
3953 4105 4069 4161 τῶν

2483 4185 2703 4239 οἰκείων
2725 4184 2978 4252 ἀγαθῶν,
3029 4185 3189 4240 τοῦτο
3243 4191 3390 4241 ποιιτ
3426 4189 3488 4243 τὸ
3546 4192 3772 4263 Πνεῦμα
3816 4196 3876 4247 τὺ
3907 4196 4073 4266 ἅγιον

2486 4277 2834 4348 ὲπιδημῆσαν
2864 4280 2973 4341 τοῖς
3009 4279 3351 4344 ἀποστόλοις.
3405 4281 3506 4336 Διὰ
3563 4285 3723 4339 τοῦτο
3763 4290 3796 4357 ὴ
3851 4291 4070 4344 ἐκείνου

2439 4413 2442 4416 .
2486 4370 2624 4440 πρὸς
2652 4369 2982 4442 ἀνθρώπους
3007 4375 3317 4444 χρηστότης
3346 4377 3603 4431 κοινωνία
3638 4379 3883 4448 λέγεται.
3922 4386 4072 4437 Ἀλλ’

2487 4461 2630 4514 εἴποι
2673 4479 2760 4526 τις
2785 4463 2850 4516 ἂν
2885 4464 2966 4516 ὃτι
3011 4464 3187 4517 ταῦτα
3217 4466 3283 4518 τὰ
3313 4466 3497 4534 ἀγαθά
3526 4467 3622 4527 τοῦ
3655 4471 3910 4544 Σωτῆρος
3944 4479 4071 4528 ἐπι-

797 4567 906 4620 huc
943 4578 1082 4633 opus
1115 4563 1366 4616 oratione
1401 4576 1501 4630 pro
1527 4560 1688 4615 bonis
1730 4574 1851 4630 quae
1906 4561 2016 4630 jam
2055 4559 2180 4613 data
2217 4557 2380 4613 sunt?

2489 4555 2839 4626 δημήσαντος
2871 4557 3050 4611 πάντα
3087 4561 3202 4621 τοῖς
3234 4559 3546 4629 ἀνθρώποις
3607 4563 3763 4634 ἐδόθη
3791 4581 3808 4599 ο
3841 4567 3926 4630 τίς
3975 4565 4075 4624 οὖν

797 4660 1018 4713 Clarum
1049 4665 1152 4715 est,
1175 4656 1322 4724 quod
1356 4670 1423 4708 ne
1444 4669 1506 4708 ea
1564 4663 1778 4722 accepta
1813 4653 2150 4717 amittamus,
2181 4651 2274 4705 sed
2320 4665 2382 4704 ea

797 4759 1061 4822 perpetuo
1089 4749 1388 4802 habeamus
1419 4764 1433 4814 ;
1470 4756 1523 4799 et
1548 4747 1670 4800 ideo
1703 4760 1811 4799 non
1850 4744 1984 4798 dixit
2016 4761 2028 4795 :
2058 4743 2264 4796 Dentur
2297 4759 2388 4796 vo-

798 4848 881 4900 bis
903 4844 1182 4907 omnibus,
1245 4851 1303 4895 ut
1358 4857 1419 4896 ea
1474 4857 1596 4911 quae
1654 4841 1767 4907 jam
1833 4841 1957 4892 data
2010 4848 2166 4892 erant
2211 4855 2225 4904 ;
2292 4835 2384 4891 sed

803 4959 820 4989 ι
856 4937 979 5007 Sint
1008 4951 1130 4989 cum
1157 4934 1310 4989 vobis
1328 4934 1608 4989 omnibus.
1650 4949 1670 4984 ι
1700 4931 1819 4985 Non
1847 4931 2081 4993 recedat,
2117 4929 2316 4999 inquit,
2356 4941 2386 4980 a

797 5031 953 5084 vobis
985 5027 1157 5098 gratia
1190 5042 1311 5096 quae
1342 5027 1467 5080 data
1541 5035 1646 5079 est.
1700 5025 1998 5090 Postquam
2063 5032 2245 5075 autem
2292 5033 2388 5075 eos

798 5122 1068 5190 ejusmodi
1095 5119 1340 5175 oratione
1360 5120 1616 5188 dignatus
1635 5127 1739 5182 est,
1769 5130 1820 5171 et
1849 5117 1928 5170 sic
1964 5115 2176 5169 animas
2192 5115 2386 5175 erexit,

800 5214 1163 5285 cogitationes
1241 5227 1432 5267 eorum
1508 5225 1538 5264 a
1591 5221 1732 5264 terra
1808 5208 2064 5273 extollit,
2111 5217 2162 5261 ct
2233 5207 2383 5270 dicit,

807 5328 825 5360 ι
870 5307 1102 5362 Sursum
1132 5305 1299 5362 corda
1325 5305 1625 5359 habeamus
1655 5319 1671 5357 :
1705 5319 1722 5352 ι
1765 5317 1883 5370 qua:
1914 5315 2080 5370 supra
2115 5308 2243 5354 sunt
2295 5313 2388 5352 co-

800 5401 1063 5473 gitemus,
1101 5414 1208 5453 non
1242 5412 1365 5467 quae
1400 5399 1454 5451 in
1483 5405 1649 5451 terra.
1678 5395 1756 5448 llli
1794 5403 1975 5447 autem
2013 5392 2387 5456 consentiunt,

802 5506 856 5548 et
889 5495 1085 5549 dicunt
1142 5508 1202 5547 se
1229 5492 1348 5546 illic
1393 5490 1562 5546 corda
1600 5489 1826 5551 habere,
1854 5488 1945 5542 ubi
1975 5497 2057 5542 est
2097 5487 2388 5541 thesaurus

805 5597 1016 5654 noster,
1045 5586 1136 5640 ubi
1179 5594 1264 5641 est
1294 5585 1551 5640 Christus
1575 5584 1627 5637 in
1664 5584 1887 5640 dextera
1930 5581 2107 5637 Patris
2143 5581 2339 5636 sedens
2371 5595 2385 5634 :

808 5697 831 5734 ι
861 5679 1134 5739 Habemus
1166 5679 1233 5734 ad
1256 5678 1569 5734 Dominum.
1610 5695 1629 5728 ι

2491 4650 2590 4719 ήδη
2624 4649 2784 4718 χρεία
2815 4651 2913 4713 τῆς
2942 4650 3130 4721 εὐχῆς,
3163 4653 3291 4721 περὶ
3324 4655 3432 4706 τῶν
3457 4654 3555 4724 ἤδη
3579 4656 3843 4712 δοθέντων
3893 4663 4071 4731 ἡμῖνς

2492 4742 2763 4813 Πρόδηλον
2793 4741 2878 4794 (vat
2909 4743 3093 4796 ταῦτα
3112 4742 3367 4808 λαϐόντες
3401 4745 3477 4816 μὴ
3502 4747 3892 4820 ἀπολέσωμεν·
3931 4755 4074 4808 ἀλλὰ

2495 4835 2751 4902 μένωμεν
2780 4833 2996 4903 ἔχοντες
3049 4834 3134 4886 διὰ
3170 4836 3378 4898 τέλους.
3426 4841 3539 4892 Διὰ”
3581 4843 3740 4896 τοῦτο
3777 4845 3879 4898 οὐκ
3917 4842 4071 4911 εἰπε,

2491 4924 2681 4994 Δοθείη
2717 4926 2880 4976 πᾶσιν
2912 4927 3059 4994 ὑμῖν,
3092 4927 3166 4989 ὼς
3199 4929 3300 4998 ἢδη
3331 4929 3627 4984 δοθέντων·
3672 4935 3834 5003 ἀλλὰ,
3887 4958 3904 4990 ι
3970 4943 4073 5011 Ε’ίη
4137 4912 4140 4915 1

2495 5016 2635 5084 μετά
2690 5019 2909 5069 πάντων
2945 5017 3121 5085 ὑμῶν.
3171 5037 3189 5070 ι
3238 5021 3329 5090 Μὴ
3383 5023 3678 5092 ἀποσταίη,
3734 5031 3923 5097 φησὶν,
3975 5035 4072 5100 ἀφ’

2491 5108 2668 5177 ὑμῶν,
2697 5110 2728 5177 ή
2767 5109 2979 5161 δοθεῖσα
3006 5111 3186 5181 χάρις.
3216 5113 3489 5186 Τοιαύτης
3519 5117 3575 5170 δὲ
3603 5121 3801 5184 αὐτοὺς
3824 5123 4073 5189 ἀξιώσας

2493 5201 2678 5269 εὐχῆς,
2707 5201 2801 5253 καὶ
2827 5200 2968 5254 οὕτω
2999 5205 3097 5265 τὰς
3126 5204 3304 5273 ψυχὰς
3328 5209 3640 5280 ἀναστήσας
3672 5214 3780 5265 ἀπὺ
3808 5215 3908 5282 τῆς
3939 5218 4067 5284 γῆς,

2491 5293 2639 5360 αἴρει
2676 5293 2744 5346 τὰ
2781 5297 3143 5365 φρονήματα·
3194 5297 3288 5350 καί
3316 5316 3502 5368 φησιν,
3570 5319 3589 5352 ι
3648 5304 3794 5358 Ἀνω
3845 5308 4068 5377 σχῶμεν

2491 5387 2586 5447 τὰς
2629 5385 2874 5456 καρδίας,
2909 5406 2926 5437 υ
2961 5386 3030 5439 τά
3082 5388 3194 5441 ἀνω
3256 5389 3565 5460 φρονῶμεν,
3617 5393 3693 5466 μὴ
3742 5398 3811 5450 τὰ
3843 5399 3935 5462 ἐπὶ
3971 5401 4072 5468 τῆς

2493 5482 2628 5547 γῆς·
2671 5481 2762 5532 καὶ
2803 5480 2961 5533 αὐτοὶ
3020 5481 3402 5536 συντίθενταιο
3453 5487 3548 5538 καί
3596 5505 3759 5556 φησιν
3810 5491 3930 5544 ἐκεῖ
3971 5495 4071 5556 τὰς

2492 5573 2726 5642 καρδίας
2770 5573 2935 5642 ἔχειν,
2982 5574 3115 5626 ὅπου
3155 5574 3184 5626 ὁ
3216 5574 3494 5647 θησαυρὸς
3534 5579 3694 5648 ἡμῶν
3722 5582 3901 5648 ἔστιν,
3938 5580 4000 5639 οἶ)
4039 5590 4070 5639 6

2492 5666 2726 5735 Χριστός
2777 5665 2947 5731 ἐστιν,
2983 5666 3040 5717 ὲν
3079 5665 3230 5736 δεξιᾷ
3284 5667 3377 5720 τοῦ
3434 5670 3648 5741 nam;
3708 5674 4020 5747 καθήμενος
4050 5695 4066 5710 .

2498 5775 2513 5805 ι
2552 5758 2787 5828 Ἕχομεν
2822 5757 2953 5829 πρὸς
2985 5757 3073 5811 τὸν
3105 5758 3330 5828 Κύριον.
3364 5779 3384 5812 ι
3456 5752 3457 5755 “
