4272 6446
803 366 902 433 431

2065 366 2367 427 NICOLM
2412 365 2799 427 CABASILJ‘I

3938 373 4029 436 432

806 522 927 560 tum
952 522 1062 576 ipse
1088 520 1349 560 uommus
1376 521 1471 575 per
1497 504 1677 558 omnia
1703 504 2003 558 ostenderit
2036 519 2093 559 se
2117 506 2249 558 velte
2278 505 2373 557 da-
2404 517 2452 572 Α
2480 520 2493 553 ε

2350 534 2373 543 -
2404 517 2452 572 Α
2480 504 2640 573 εὐχὴ,
2668 504 2873 556 οὐδὲτὸ
2903 505 3073 574 πέρας
3111 505 3306 575 ἄδηλον
3345 506 3481 576 ἔχει,
3531 504 3696 559 αὐτοῦ
3741 507 3834 561 τοῦ
3866 508 4035 563 δοῦναι

808 617 881 653 te.
906 600 1192 666 Propterea
1218 598 1601 667 mysteriorum
1626 597 2113 651 sanctitieationem
2137 597 2370 649 Orationi

812 690 1113 744 sacerdotis
1160 691 1455 753 credimus,
1485 705 1589 742 non
1623 697 1878 758 tanquam
1910 690 2071 742 alicui
2101 690 2372 753 humanm,

807 781 900 835 sed
936 789 1193 851 tanquam
1220 781 1313 834 Dei
1343 781 1599 849 potentia:
1640 782 1886 835 ﬁdentes.
1910 779 2027 835 Non
2062 783 2203 835 enim
2246 795 2374 851 pro-

805 881 927 935 pter
971 882 1219 926 orantem
1253 872 1555 937 hominem,
1588 873 1680 927 sed
1719 881 1938 943 propter
1996 874 2162 928 Deum
2210 888 2376 928 exau-

809 970 1066 1029 .tict.ttm,
1093 981 1269 1035 neque
1302 966 1449 1035 quod
1486 966 1575 1019 ille
1611 967 1843 1035 rogavit,
1883 966 1978 1020 sed
2012 967 2153 1032 quod
2177 966 2375 1019 veritas

804 1070 1010 1109 scesse
1033 1054 1287 1108 daturum
1332 1063 1416 1107 est
1467 1054 1729 1123 pollicita.
1760 1054 1916 1118 Quod
1976 1065 2152 1107 autem
2219 1053 2375 1105 Chri-

802 1164 921 1201 ;-;t:s
955 1148 1191 1203 ostendit
1228 1163 1285 1201 se
1347 1146 1489 1200 hanc
1533 1160 1747 1214 semper
1778 1146 1913 1198 velle
1947 1148 2103 1198 nobis
2145 1146 2374 1213 gratiam

806 1246 968 1301 dere,
1031 1253 1129 1291 nec
1193 1238 1374 1291 dicere
1425 1237 1645 1305 quidem
1720 1251 1855 1305 opus
1922 1248 2022 1290 cst.
2079 1234 2375 1305 Propterea

807 1332 949 1382 enim
1023 1328 1076 1381 in
1144 1337 1340 1381 terram
1395 1331 1560 1391 venit,
1609 1340 1659 1381 ct
1734 1330 2074 1381 sacrilieatus
2139 1344 2244 1393 esu,
2322 1338 2376 1383 ct

807 1433 1100 1485 mortuus,
1148 1428 1200 1474 et
1263 1430 1545 1490 propterea
1602 1420 1793 1474 altaria
1851 1430 1904 1473 ct
1958 1420 2269 1476 sacerdotes
2323 1430 2376 1475 et

804 1512 985 1564 omnis
1032 1512 1299 1579 purgatio,
1354 1520 1407 1564 et
1458 1511 1643 1565 omnia
1692 1522 1957 1581 praecepta
2010 1521 2064 1565 ct
2116 1513 2376 1570 doctrina:

802 1612 856 1655 et
917 1602 1363 1665 adhortationes,
1396 1612 1455 1655 ut
1510 1601 1649 1656 hanc
1703 1604 1861 1658 nobis
1915 1619 2155 1659 mensam
2210 1619 2376 1674 appo-

806 1705 918 1748 nat.
944 1694 1233 1763 Propterea
1262 1694 1391 1747 illud
1423 1696 1585 1748 etiam
1612 1696 1819 1750 Pascha
1861 1710 1919 1751 se
1947 1696 2254 1752 desiderare
2294 1697 2376 1752 di-

805 1788 1000 1851 cebat,
1048 1787 1192 1856 quod
1242 1788 1344 1841 hoc
1395 1802 1582 1840 verum
1656 1787 1864 1843 Pascha
1919 1800 2037 1844 erat
2088 1789 2375 1859 discipulis

806 1882 1104 1937 traditurus
1136 1900 1149 1946 ;

804 1990 978 2030 meam
1010 1975 1466 2039 recordationem,
1508 1994 1526 2027 ι
1565 1976 1709 2044 quod
1767 1976 1879 2028 vult
1928 1992 2143 2046 semper
2190 1991 2219 2029 a
2272 1990 2368 2030 no-

806 2072 889 2123 bis
921 2084 1138 2123 sacrum
1170 2066 1308 2122 fieri.
1338 2067 1469 2133 Quae
1502 2083 1630 2136 ergo
1679 2068 1843 2121 fuerit
1880 2070 2167 2124 orantibus
2211 2068 2369 2123 dubi-

805 2163 939 2216 tatio
974 2162 1040 2214 dc
1070 2176 1135 2215 eo
1172 2162 1315 2231 quod
1343 2161 1563 2228 petitur,
1605 2160 1651 2213 si
1700 2160 1977 2229 accepturi
2021 2160 2196 2215 sunt?
2223 2160 2369 2229 quod

807 2257 858 2308 hi
918 2254 1137 2323 quidem
1198 2262 1362 2306 orant
1416 2261 1475 2305 ut
1527 2253 1835 2322 accipiant:
1871 2254 1965 2323 qui
2015 2263 2194 2309 autem
2239 2253 2371 2310 dare

804 2355 1002 2415 potest,
1026 2346 1155 2399 dare
1184 2348 1357 2413 cupit.
1399 2345 1478 2399 Ita
1510 2347 1598 2413 qui
1636 2343 2062 2400 sanctificationi
2097 2345 2370 2399 donorum

808 2453 902 2507 per
934 2435 1237 2490 orationem
1270 2435 1569 2501 confidunt,
1605 2451 1704 2491 nec
1736 2435 2046 2492 Servatoris
2084 2452 2247 2492 voces
2284 2437 2371 2493 de-

805 2529 1066 2598 spiciunt,
1097 2541 1197 2581 nce
1226 2542 1257 2580 a
1290 2541 1347 2580 re
1375 2526 1563 2589 dubia,
1593 2527 1830 2582 humana
1859 2528 2071 2583 scilicet
2098 2528 2370 2592 oratione,

805 2621 1127 2691 mysterium
1153 2620 1459 2689 dependere
1489 2630 1741 2689 Oportere
1773 2629 2042 2685 statuunt,
2086 2629 2146 2674 ut
2188 2619 2371 2674 Latini

805 2730 909 2769 nos
935 2714 1138 2767 frustra
1169 2712 1555 2767 criminantur.
1588 2712 1721 2766 Nam
1753 2714 1917 2768 etiam
1952 2713 2366 2770 sanctissimum

808 2814 1167 2875 unguentum,
1193 2803 1338 2873 quod
1362 2803 1605 2872 ejusdem
1638 2818 1763 2860 esse
1791 2805 2001 2861 ordinis
2030 2820 2153 2860 cunt
2184 2805 2371 2860 divina

820 2897 1193 2951 ‘ommunione
1227 2896 1355 2949 dicit
1388 2894 1579 2950 beatus
1616 2894 1934 2967 Dionysius,
1972 2897 2215 2952 oratione
2254 2912 2378 2967 per-

812 2997 1055 3059 agituret
1076 2988 1468 3043 sanctificatur.
1497 2986 1652 3053 Quod
1684 2997 1863 3042 autem
1891 2991 2165 3057 operando
2195 3004 2381 3043 sacra-

809 3093 990 3137 .ncnto
1027 3082 1301 3136 deserviat
1329 3092 1382 3135 et
1412 3081 1718 3135 sanctificet
1745 3119 1759 3145 ,
1792 3080 1939 3135 nulla
1966 3090 2049 3136 est
2084 3082 2185 3151 piis
2221 3082 2381 3137 dubi-

2486 598 2715 665 Κυρίου,
2748 597 2834 649 διὰ
2870 598 3087 652 πάντων
3117 599 3388 662 δείξαντος
3432 601 3513 653 ὅτι
3568 601 3817 670 βούλεται
3845 603 4033 657 δοῦναι.

2483 691 2579 744 Διὰ
2610 690 2765 743 τοῦτο
2795 692 2904 743 τῶν
2959 691 3284 761 μυστηρίων
3342 693 3434 744 τὸν
3484 692 3757 761 άγιασμδν
3793 696 3856 764 τῇ
3916 695 4039 764 εὐχῇ

2481 778 2577 833 τοῦ
2630 781 2822 852 ἱερέως
2870 780 3224 849 πιστεύομεν,
3266 782 3363 850 οὐχ
3420 781 3495 844 ὡς
3546 783 3865 853 ἀνθρωπίνῃ
3919 787 4040 847 τιν“·,

2482 872 2689 935 ἀλλ’ὡς
2730 871 2864 925 Θεοῦ
2901 872 3128 942 δυνάμει
3164 872 3516 944 θαρροῦντες.
3561 874 3638 925 Οὐ
3675 875 3785 945 γὰρ
3838 875 3923 928 διά
3959 876 4043 928 τὴν

2483 961 2775 1030 εὐχόμενον
2793 961 3104 1027 ἄνθρωπον,
3136 962 3268 1013 ἀλλὰ
3296 962 3384 1013 διά
3410 964 3502 1015 τὸν
3528 965 3870 1017 ἐπακούοντα
3897 965 4041 1016 Θεόνο

2482 1053 2591 1105 οὐδ’
2625 1053 2708 1105 ὅτι
2762 1054 2967 1116 ἐκεῖνος
3010 1054 3226 1122 ἐδεήθη,
3281 1053 3396 1106 ἀλλ’
3427 1056 3564 1124 ὅτιὴ
3599 1056 3826 1124 ἀλήθεια
3879 1058 4045 1123 ἐπηγ-

2481 1142 2701 1212 γείλατο
2740 1145 2952 1197 δώσειν.
2995 1143 3117 1199 ’Ὁτι
3153 1145 3207 1196 δὲ
3235 1148 3263 1197 6
3292 1147 3525 1216 Χριστὸς
3564 1146 3766 1213 ἔδειξεν
3800 1147 3876 1209 ὡς
3929 1148 4045 1216 βού-

2484 1241 2633 1288 λεται
2683 1236 2887 1307 ταύτην
2951 1238 3038 1290 ἀεὶ
3099 1238 3303 1291 διδόναι
3350 1238 3454 1307 τῆν
3504 1239 3690 1308 χάριν,
3727 1240 3848 1293 οὐδὲ
3886 1241 4041 1305 λέγοι)

2480 1327 2671 1380 δεῖται.
2710 1329 2809 1381 Διὰ
2828 1327 2986 1381 τοῦτο
3013 1327 3119 1397 γὰρ
3144 1331 3221 1392 εἰς
3248 1330 3361 1399 τὴν,
3387 1332 3490 1397 γῆν
3511 1326 3662 1398 ἦλθε,
3716 1330 3811 1383 καὶ
3864 1330 4041 1399 ἐτύθη,

2483 1418 2577 1469 καὶ
2598 1415 2855 1470 ἀπέθανε.
2889 1418 2986 1470 Διὰ
3017 1416 3173 1470 τοῦτο
3220 1420 3583 1490 θυσιαστήρια
3606 1422 3697 1474 καὶ
3738 1422 3923 1490 ἱερεῖς,
3955 1423 4045 1476 καὶ

2484 1507 2632 1561 πᾶσα
2647 1507 2912 1579 κάθαρσις
2936 1510 3027 1561 καὶ
3048 1511 3219 1563 πᾶσαι
3237 1512 3471 1576 ἐντολαὶ,
3490 1515 3583 1567 καὶ
3604 1514 3939 1567 διδασκαλίαι
3955 1516 4045 1567 καὶ

2483 1599 2857 1667 παραινέσεις,
2879 1600 2964 1652 ἵνα
2984 1601 3081 1669 τὴν
3111 1603 3396 1673 τράπεζαν
3427 1604 3647 1676 παραθῇ
3672 1606 3875 1676 ταύτην
3897 1608 4040 1674 ἡμῖν.

2482 1688 2581 1740 Διά
2596 1687 2751 1741 τοῦτο
2777 1690 2986 1745 καὶτοῦ
3028 1690 3216 1758 Πάσχα
3244 1693 3578 1765 ἐπιθυμῆσαι
3601 1696 3785 1764 ἔλεγεν
3818 1697 4042 1763 ἐκεῖνον,

2481 1783 2563 1836 ὅτι
2591 1782 2748 1837 τοῦτο
2780 1784 2969 1855 ἔμελλε
3004 1788 3303 1858 τηνικαῦτα
3336 1791 3682 1860 παραδιδᾶναι
3713 1794 3774 1845 τὸ
3801 1794 4046 1865 ἀληθ.ν’ν

1220 1890 1506 1952 pi-Optcrea
1570 1883 1765 1951 jussit,
1836 1903 1853 1935 ι
1916 1882 2031 1939 Hoc
2087 1884 2250 1938 facite
2312 1868 2661 1944 ἰιιΒΠάσκα
2698 1876 2809 1937 τοῖς
2853 1894 2907 1946 με

2359 1868 2441 1937 ,Β
2471 1873 2661 1944 Πάσχα
2698 1876 2809 1937 τοῖς
2853 1878 3158 1946 μαθηταῖς⁹
3204 1879 3295 1933 διὰ
3340 1882 3495 1934 τοῦτο
3533 1883 3786 1936 ἐκέλευσε
3834 1904 3851 1935 ι
3894 1885 4046 1938 τοῦτο

2474 1968 2650 2019 ποιεῖν
2681 1968 2759 2029 είς
2790 1967 2888 2039 τὴν
2919 1970 3058 2040 ἐμὴν
3081 1970 3407 2042 ἀνάμνησιν,
3445 1992 3465 2025 ›
3500 1976 3581 2028 ὅτι
3613 1975 3771 2029 τούτο
3802 1976 4047 2045 βούλεται

2475 2058 2881 2128 ῖερουργείσθαι
2917 2061 3004 2114 ἀεὶ
3045 2065 3173 2136 παρ’
3204 2064 3384 2135 ἡμῶν.
3415 2068 3513 2130 Τίς
3560 2068 3649 2122 οὖν
3679 2069 3759 2123 ἔτι
3791 2073 3918 2141 περὶ
3956 2074 4046 2127 τοῦ

2472 2148 2806 2220 ζητουμένου
2836 2155 2948 2215 τοῖς
2986 2154 3301 2225 εὐχομένοις
3332 2158 3697 2228 άμφιϐολογία
3725 2163 3928 2230 γένοιτ’
3959 2166 4046 2231 ἂν,

2471 2246 2521 2297 εἰ
2547 2243 2807 2313 λήψονται
2842 2247 2942 2314 μὲν
2980 2247 3007 2301 6
3043 2248 3257 2304 δέονται
3296 2246 3441 2305 οὗτοι
3478 2253 3695 2307 λαϐεῖν·
3723 2257 3751 2308 6
3783 2256 3840 2311 δὲ
3868 2256 4049 2311 δοῦναι

2470 2334 2767 2405 δυνάμενος
2797 2336 2995 2391 διδόναι
3049 2340 3349 2411 ἐπιθυμεῖς
3380 2344 3566 2408 Οὕτως
3590 2348 3640 2399 οἱ
3663 2348 3754 2401 τὸν
3777 2348 4051 2419 ἁγιασμδν

2472 2430 2580 2482 τῶν
2613 2432 2799 2502 δώρων
2838 2437 2903 2505 τῇ
2939 2437 3071 2507 εὐχῇ
3114 2439 3478 2505 πιστεύοντες,
3515 2442 3639 2495 οὐτε
3675 2444 3768 2498 τοῦ
3799 2446 4051 2513 Σωτῆρος

2472 2525 2568 2587 τὰς
2600 2528 2784 2594 φωνάς
2812 2530 3139 2599 περιορῶσιν
3165 2530 3311 2603 [οὔτε
3335 2535 3548 2599 ἑαυτοῖς
3570 2536 3909 2609 θαῤῥοῦσιν],
3928 2538 4051 2591 οὐτε

2472 2618 2774 2686 ἀμφιϐόλου
2829 2621 3154 2691 πράγματος
3208 2625 3269 2677 τὸ
3302 2629 3605 2697 μυστήριον
3642 2626 3913 2699 ἐξαρτῶσι
3951 2632 4054 2701 τῆς

2473 2710 2821 2781 ἀνθρωπίνης
2854 2714 3037 2783 εὐχῆς,
3066 2715 3142 2778 ὡς
3174 2717 3223 2768 οἱ
3250 2718 3469 2770 Λατῖνοι
3514 2719 3691 2788 μάτην
3720 2722 3855 2791 ἡμῖν
3883 2722 4053 2788 ἐγκα-

2473 2799 2680 2866 λοῦσιν,
2711 2802 2835 2855 ἐπεὶ
2887 2806 2981 2858 καὶ
3028 2805 3089 2858 τδ
3118 2806 3382 2876 πανάγιον
3418 2809 3607 2879 μύρον,
3638 2811 3667 2863 ὃ
3698 2814 3762 2882 τῇ
3795 2812 3915 2882 θείᾳ.
3942 2830 4043 2866 κοι·

2480 2895 2650 2965 νωνίᾳ
2689 2898 2718 2948 6
2755 2896 3029 2967 μακάριος
3059 2900 3334 2963 Διονύσιός
3367 2919 3535 2970 φησιν
3576 2905 3849 2972 ὁμοταγές
3883 2901 4051 2967 εἶναι,

2476 2989 2541 3056 τῇ
2566 2986 2696 3057 εὐχῇ
2716 2987 2949 3041 τελεῖται
2995 2989 3087 3043 καὶ
3112 2991 3418 3059 ἁγιάζεται.
3451 2994 3560 3047 Καὶ
3572 2996 3645 3057 ὼς
3661 2996 3747 3063 εἴη
3771 2996 4055 3067 τελεστικὴ

2479 3081 2574 3134 καὶ
2615 3081 2931 3151 άγιαστικὴ,
2983 3080 3208 3148 οὐδεμία
3232 3086 3345 3149 τοῖς
3390 3084 3671 3138 εὐσεϐέσιν
3714 3084 4052 3155 άμφιδολῖαθ

806 3175 1029 3239 Γιιῖο,οι
1053 3173 1352 3230 sacerdotis
1370 3182 1426 3229 ct
1447 3172 1720 3243 pontiﬁcis
1735 3174 2001 3229 ordinatio
2024 3174 2188 3228 simili
2215 3173 2377 3230 modo
2407 3212 2450 3270 ο
2481 3188 2493 3225 π

2367 3191 2377 3228 t
2407 3212 2450 3270 ο
2481 3172 2575 3270 καὶι
2670 3172 2763 3226 τοῦ
2798 3174 2986 3270 ἱερέως
3013 3176 3322 3270 χειροτονία
3358 3175 3451 3270 τὸν
3491 3176 3607 3230 ἴσον
3637 3174 3857 3248 τρόπεν,
3879 3177 3987 3270 καὶ
4020 3178 4054 3249 ἡ

809 3285 904 3338 per
954 3269 1256 3323 orationem
1313 3268 1613 3337 peragitur.
1656 3285 1675 3319 ι
1714 3266 1950 3322 Oremus
1975 3268 2143 3333 enim,
2173 3269 2370 3336 inquit,

808 3379 906 3432 pro
932 3366 1068 3432 ipso,
1095 3373 1153 3414 ιιι
1178 3360 1360 3415 veniat
1395 3362 1447 3414 in
1483 3362 1657 3429 ipsum
1688 3360 1864 3430 gratia
1899 3361 2227 3416 sanctissimi
2251 3360 2375 3432 Spi-

811 3458 988 3520 ritus;
1028 3474 1046 3506 ›
1088 3463 1209 3522 post
1252 3454 1651 3522 impositionem
1685 3469 1900 3519 manus,
1922 3455 1967 3508 is
1995 3456 2087 3523 qui
2135 3456 2374 3521 ordinat,

809 3550 873 3603 ad
904 3550 1109 3602 clerum
1162 3546 1403 3610 clamat;
1432 3556 1485 3599 et
1520 3547 1572 3599 in
1609 3560 1671 3600 ea
1708 3560 1830 3615 qua:
1879 3545 1936 3600 fit
1969 3547 2021 3599 in
2054 3546 2374 3602 Latinorum

811 3640 1051 3695 Ecclesia
1108 3638 1383 3708 pontificis
1431 3639 1801 3703 ordinatione,
1836 3648 2127 3709 postquam
2176 3640 2375 3694 infudit

811 3740 1145 3799 unguentum
1184 3727 1237 3781 in
1281 3736 1447 3797 caput
1491 3727 1613 3797 ejus
1644 3729 1735 3796 qui
1770 3731 2078 3794 ordinatur,
2105 3731 2197 3799 qui
2229 3730 2375 3785 ordi-

813 3830 924 3885 nat,
939 3827 1090 3890 optat
1109 3818 1431 3887 locupletem
1456 3820 1634 3872 sancti
1658 3818 1896 3889 Spiritus
1915 3820 2146 3890 gratiam
2173 3823 2227 3875 in
2249 3837 2373 3877 eum

810 3912 1162 3969 descendere.
1191 3910 1547 3965 Peccatorum
1580 3926 1799 3981 quoque
1824 3913 2076 3969 remissio
2104 3914 2376 3984 poeniten-

812 4007 965 4061 tibus
1002 4004 1161 4058 datur
1184 4018 1281 4072 per
1309 4004 1614 4057 orationem
1642 4005 2015 4071 sacerdotum,
2046 4015 2100 4061 et
2128 4008 2375 4062 ultimum

812 4098 919 4153 olei
976 4103 1381 4152 sacramentum
1454 4094 1709 4149 similiter
1764 4096 1979 4167 perficit
2028 4099 2375 4153 sacerdotum

817 4188 1033 4243 oratio:
1072 4184 1220 4255 quod
1262 4184 1426 4239 etiam
1462 4185 1768 4253 corporalis
1799 4186 1975 4241 morbi
2023 4188 2288 4243 medelam
2322 4196 2377 4242 et

817 4288 1164 4347 peccatorum
1201 4276 1585 4332 remissionem
1620 4276 1712 4330 dat
1752 4278 1818 4332 iis
1841 4278 2043 4347 quibus
2074 4280 2375 4350 peragitur,

819 4377 877 4422 ut
903 4367 1065 4422 habet
1097 4367 1397 4438 apostolica
1423 4366 1648 4422 traditio
1674 4384 1687 4421 :
1718 4386 1737 4419 ι
1775 4367 2082 4424 Infirmatur
2113 4370 2256 4423 enim
2280 4371 2379 4424 ali-

818 4462 943 4531 quis
979 4462 1034 4514 in
1066 4460 1247 4525 vobis,
1283 4460 1480 4529 inquit,
1517 4469 1767 4514 accersat
1808 4463 2160 4530 presbyteros
2195 4462 2380 4517 Eccleo

2480 3261 2575 3316 τοῦ
2603 3264 2923 3334 ἀρχιερέως,
2948 3264 3036 3318 διά
3061 3266 3159 3335 τῆς
3180 3266 3349 3337 εὐχῆς
3378 3269 3760 3339 ἱερουργεῖται.
3809 3285 3830 3320 ι
3874 3268 4058 3335 ergo.

2479 3356 2619 3424 μεθα
2655 3358 2783 3425 γάρ,
2815 3358 3000 3425 φησιν,
3032 3358 3174 3429 ὑπὲρ
3203 3359 3392 3423 αὐτοῦ,
3422 3359 3508 3412 ἵνα
3543 3360 3685 3413 ἔλθοι
3718 3361 3805 3413 ἐπ’
3832 3361 3999 3415 αὐτὸν
4021 3363 4057 3430 ἡ

2477 3447 2637 3518 χάρις
2665 3446 2761 3500 τοῦ
2788 3449 3057 3517 παναγίου
3083 3450 3398 3519 Πνεύματος
3423 3467 3439 3483 ο
3471 3470 3491 3503 ι
3525 3451 3662 3521 μετὰ
3684 3451 3782 3523 τὴν
3809 3453 4055 3506 ἐπίθεσιν

2476 3539 2576 3608 τῆς
2602 3540 2782 3610 χειρὸς
2814 3541 2843 3594 6
2868 3542 3191 3611 χειροτονῶν
3233 3543 3371 3611 πρὸς
3407 3542 3502 3596 τὸν
3549 3544 3747 3614 κλῆρον
3797 3545 3915 3617 βοᾷ.
3947 3544 4064 3598 Καὶ

2476 3630 2535 3682 ἐν
2565 3633 2630 3700 τῇ
2668 3632 2778 3683 τῶν
2811 3631 3060 3686 Λατίνων
3096 3632 3154 3686 δὲ
3200 3633 3498 3704 Ἐκκλησία
3531 3635 3832 3706 τελουμένη
3870 3654 4061 3707 χειρο-

2475 3718 2628 3788 τονίᾳ
2661 3717 2755 3771 τοῦ
2791 3720 3000 3790 ἱερέως,
3034 3721 3174 3790 μετὰ
3204 3720 3266 3775 τὸ
3293 3723 3509 3792 ἐπιχέαι
3546 3724 3608 3775 τὸ
3645 3723 3818 3793 μύρον
3846 3726 3941 3777 ἐπὶ
3963 3727 4064 3796 τῆς

2477 3810 2719 3881 κεφαλῆς
2760 3812 2854 3864 τοῦ
2887 3816 3386 3885 χειροτονουμένου,
3426 3819 3454 3867 ὁ
3483 3815 3657 3871 τελῶν
3695 3815 3920 3886 εὔχεται
3954 3819 4061 3887 τὴν

2476 3902 2639 3973 χάριν
2663 3905 2752 3957 τοῦ
2778 3904 2935 3973 ἁγίου
2960 3906 3275 3975 Πνεύματος
3298 3908 3384 3960 ἐπ’
3400 3908 3467 3961 αὐ
3481 3907 3561 3961 ιδν
3585 3909 3868 3963 κατελθεῖν
3897 3910 4069 3965 πλου-

2479 3996 2598 4049 σίαν
2617 4012 2632 4027 ·
2665 3998 2760 4050 καὶ
2787 3997 2984 4068 ἄφεσις
3018 4000 3304 4070 ἁμαρτιῶν
3327 4003 3440 4065 τοῖς
3468 4004 3790 4073 μετανοοῦσι
3837 4004 3926 4058 διά
3956 4007 4063 4075 τῆς

2476 4088 2645 4157 εὐχῆς
2694 4089 2806 4143 τῶν
2861 4090 3053 4159 ἱερέων
3087 4091 3320 4146 δίδοταιο
3368 4096 3465 4148 καὶ
3508 4094 3569 4147 τὸ
3614 4094 3922 4150 τελευταῖον
3965 4100 4067 4151 τοῦ

2479 4180 2659 4233 ἐλαίου
2717 4183 3021 4255 μυστήριον
3056 4183 3319 4247 ὡσαύτως
3346 4185 3380 4253 ἡ
3409 4184 3520 4239 τῶν
3556 4186 3747 4253 ἱερέων
3785 4188 3922 4257 εὐχὴ
3966 4206 4066 4243 τε-

2484 4273 2794 4343 λεσιουργεῖ
2819 4290 2835 4306 ο
2870 4274 2900 4326 δ
2931 4275 3031 4328 καὶ
3058 4275 3204 4328 ιασιν
3257 4276 3578 4347 σωματικῆς
3610 4280 3768 4331 νόσου
3802 4279 3898 4332 καὶ
3930 4282 4073 4349 ἄφε-

2483 4380 2568 4417 σιν
2596 4364 2883 4435 ἁμαρτιῶν
2913 4369 3025 4429 τοῖς
3054 4368 3405 4437 τελουμένοις
3447 4369 3673 4425 δυνάται
3694 4415 3708 4437 ,
3741 4373 3816 4436 ὡς
3847 4375 3881 4443 ἠ
3927 4377 4075 4429 ἀπο-

2482 4455 2705 4525 στολικὴ
2735 4458 3034 4527 παράδοσις
3066 4459 3203 4529 ἔχει.
3236 4479 3254 4511 ι
3292 4460 3534 4515 Ἀσθενεῖ
3561 4464 3670 4532 γάρ
3698 4480 3784 4527 τις
3822 4468 3879 4517 ἐν
3905 4468 4073 4537 ὑμῖν,

818 4553 934 4614 sire,
968 4560 1021 4604 ct
1053 4559 1210 4603 orent
1245 4565 1341 4618 pro
1374 4550 1515 4620 ipso,
1550 4561 1815 4621 uugeutes
1843 4565 1969 4607 eum
2000 4552 2145 4618 oleo,
2174 4563 2228 4607 et
2257 4568 2382 4608 ora-
2414 4558 2459 4614 D
2486 4564 2505 4615 ς

2414 4558 2459 4614 ι)
2486 4547 3107 4618 φησὶ,προσκαλέσασθε
3125 4552 3252 4614 τοὺς
3276 4554 3679 4623 πρεσϐυτέρους
3700 4555 3800 4625 τῆς
3831 4557 4077 4629 Ἐκκλη.

820 4647 894 4698 tio
936 4644 1055 4696 fidei
1104 4642 1344 4697 servabit
1398 4642 1777 4711 laborantem,
1806 4651 1860 4699 ct
1912 4645 2203 4700 suscitabit
2254 4659 2381 4702 eum

824 4735 1084 4789 llotnintts
1111 4749 1127 4797 ;
1158 4743 1232 4799 et,
1276 4732 1322 4787 si
1357 4742 1578 4802 peccata
1619 4731 1830 4802 fecerit,
1862 4735 2210 4790 remittentur
2239 4736 2311 4790 ci.
2352 4753 2373 4787 ι

820 4829 921 4893 Qui
960 4841 1092 4895 ergo
1124 4824 1429 4880 orationem
1478 4826 1531 4879 ia
1564 4826 1925 4880 sacramentis
1968 4828 2279 4896 rcprobant,
2314 4828 2380 4882 ad

823 4923 934 4974 hinc
965 4920 1091 4988 quid
1125 4918 1347 4971 dicent?
1377 4917 1432 4970 Si
1479 4920 1625 4973 enim
1669 4928 1753 4973 est
1788 4921 2055 4973 incertum
2087 4921 2231 4988 quod
2264 4921 2321 4973 lit
2351 4934 2382 4973 a

821 5011 1094 5078 precibus,
1128 5019 1187 5063 ut
1226 5010 1333 5079 ipsi
1365 5011 1581 5075 dicunt,
1617 5012 1885 5064 incertum
1933 5012 2153 5080 quidem
2184 5020 2271 5066 est
2314 5025 2382 5065 an

822 5102 872 5154 id
905 5103 975 5156 sit
1006 5102 1263 5156 sacerdos
1292 5103 1436 5170 qttod
1467 5117 1586 5155 esse
1618 5102 1861 5167 dicitur;
1895 5104 2163 5158 incertum
2198 5112 2380 5157 autem

822 5210 887 5246 an
926 5202 1265 5261 unguentum
1319 5193 1488 5260 possit
1523 5193 1907 5259 sauctiticare;
1941 5200 1994 5246 et
2040 5196 2114 5247 ita
2152 5208 2253 5247 nec
2289 5208 2381 5248 sa-

822 5285 1158 5338 tit-amentum
1186 5284 1404 5354 quidem
1443 5295 1701 5341 constare
1728 5295 1907 5354 potest
1938 5301 2110 5341 sacrae
2140 5301 2385 5341 commu—

821 5378 1022 5442 nionis,
1054 5392 1178 5431 cum
1226 5392 1400 5446 neque
1442 5379 1514 5431 sit
1565 5393 1692 5431 vere
1742 5378 2025 5445 sacerdos,
2056 5394 2157 5432 nec
2191 5380 2381 5434 altare.

819 5465 1003 5534 Neque
1050 5468 1194 5521 enim
1241 5466 1468 5520 verbum
1505 5467 1738 5529 Domini,
1776 5468 1842 5519 ali
1895 5470 2059 5520 idiota
2108 5470 2384 5538 privatave

819 5572 1048 5626 persona
1085 5559 1309 5621 dictum,
1339 5558 1604 5612 cllieicntli
1642 5560 1969 5612 sacramenti
2011 5562 2113 5612 vim
2150 5562 2252 5631 ipsi
2294 5562 2387 5615 ha-

822 5652 948 5704 here
1011 5652 1290 5715 dirorint,
1348 5668 1522 5720 neque
1586 5654 1703 5704 sine
1766 5653 1943 5705 altari.
1993 5654 2176 5708 Altarc
2240 5657 2382 5709 cniut

822 5757 982 5809 supra
1021 5744 1162 5808 quod
1226 5744 1379 5809 panis
1430 5745 1710 5811 ponendus
1762 5754 1882 5806 cst,
1917 5756 2198 5813 unguento
2252 5762 2385 5800 San-

822 5836 1144 5887 ctttiratur:
1201 5836 1339 5903 quod
1413 5835 1630 5903 Quidcm
1711 5846 2046 5905 unguentum
2127 5839 2385 5908 precibus

2490 4638 2633 4701 σίας,
2673 4639 2767 4691 καὶ
2795 4641 3289 4709 προσευξάσθωσαν
3341 4644 3483 4716 ὑπὲρ
3518 4647 3703 4709 αὐτοῦ,
3738 4648 4079 4718 ἀλείψαντες

2488 4730 2651 4782 αὐτὸν
2691 4732 2873 4799 ἐλαίῳ,
2905 4735 2963 4783 ἐν
2990 4734 3068 4802 τῷ
3091 4734 3316 4804 ὀνόματι
3355 4735 3449 4787 τοῦ
3483 4737 3709 4807 Κυρίου,
3742 4742 3836 4794 καὶ
3866 4742 3899 4811 ἡ
3934 4744 4080 4814 εὐχὴ

2488 4817 2589 4886 τῆς
2615 4818 2849 4880 πίστεως
2886 4820 3049 4872 σώσει
3075 4822 3165 4873 τὸν
3196 4822 3467 4891 καμόντα,
3503 4827 3598 4878 καὶ
3629 4827 3817 4896 ἐγερεῖ
3842 4830 4014 4881 αὐτὸν
4052 4834 4083 4883 6

2488 4908 2712 4980 Κύριος,
2743 4911 2847 4962 κᾶν
2869 4912 3143 4982 ἁμαρτίας
3230 4914 3565 4983 πεποιηκὼς,
3599 4917 3941 4987 ἀφεθήσεται
3971 4925 4085 4975 αὐ-

2488 5001 2588 5071 τῷ.
2633 5021 2651 5054 ι
2688 5006 2751 5054 ΟΞ
2783 5006 2962 5056 τοίνυν
2996 5006 3095 5075 τὴν
3127 5006 3293 5075 εὐχὴν
3323 5010 3381 5059 ἐν
3412 5015 3523 5071 τοῖς
3561 5012 3884 5080 μυστηρίοις
3928 5017 4086 5068 ἀπο-

2488 5095 2891 5164 δοκιμάζοντες,
2922 5096 2972 5148 τί
3002 5099 3133 5164 πρ³>ς
3155 5099 3329 5150 ταῦτα
3356 5100 3610 5169 ἐροῦσιν;
3646 5101 3705 5155 Εἰ
3739 5105 3850 5173 γὰρ
3870 5106 4090 5177 ἄδηλον

2488 5186 2550 5238 τὸ
2576 5188 2727 5256 παρὰ
2754 5188 2863 5238 τῶν
2888 5188 3087 5256 εὐχῶν,
3118 5190 3194 5251 ώς
3220 5192 3373 5242 αὐτοὶ
3403 5191 3671 5258 λέγουσιν,
3696 5195 3890 5263 ἄδηλον
3924 5201 4036 5265 μὲν
4060 5204 4092 5253 6

2493 5279 2692 5347 ἱερεὺς,
2749 5281 2795 5329 εί
2836 5279 2992 5332 τοῦτο
3037 5280 3183 5333 ἔστιν
3237 5283 3264 5334 6
3319 5284 3606 5336 καλεῖται·
3658 5286 3855 5355 ἄδηλον
3904 5290 3969 5343 δὲ
4022 5295 4093 5345 τὸ

2495 5372 2686 5441 μύρον,
2743 5371 2790 5422 εἰ
2844 5370 3069 5424 δύναται
3123 5374 3402 5439 ἁγιάζεινο
3461 5378 3554 5428 καὶ
3611 5377 3784 5441 οὕτως
3830 5380 3964 5433 οὐδὲ
4022 5384 4096 5436 τὸ

2496 5466 2793 5533 μυστήριον
2833 5467 3155 5518 συνεστάναι
3185 5467 3410 5521 δύναται
3441 5469 3540 5537 τῆς
3570 5471 3723 5541 ἱερᾶς
3757 5475 4095 5537 κοινωνίας.

2491 5556 2611 5609 οὐτε
2658 5559 2846 5627 ἱερέως
2882 5559 3093 5627 άληθῶς
3126 5561 3297 5623 ὄντος,
3331 5562 3453 5614 οὐτε
3481 5564 3899 5634 θυσιαστηρίου.
3937 5567 4097 5619 Οὔτε

2492 5653 2599 5719 γὰρ
2629 5653 2777 5720 παρὰ
2807 5651 3015 5703 ἰδιώτου
3056 5652 3345 5721 λεγόμενον
3377 5658 3466 5707 τὸν
3514 5656 3607 5708 τοῦ
3645 5658 3853 5727 Κυρίου
3914 5658 4100 5724 λόγον

2493 5744 2899 5811 τελεσιουργίαν
2927 5746 3090 5811 φαῖεν
3142 5746 3207 5797 ἂν
3236 5747 3343 5798 οὐδ’
3391 5748 3565 5813 αὐτοὶ,
3607 5747 3732 5801 οὐτε
3773 5752 3956 5819 χωρὶς
3993 5752 4103 5804 τοῦ

2496 5835 2899 5904 θυσιαστηρίου.
2934 5836 3037 5889 Καὶ
3071 5842 3177 5907 γάρ
3206 5840 3294 5892 καὶ
3329 5843 3383 5891 τὸ
3419 5842 3806 5913 θωιαστῇριον
3834 5844 3892 5895 ἰν
3927 5837 3979 5913 ᾧ
4008 5843 4106 5897 δεῖ
