4272 6446
251 386 366 456 433

1464 403 1864 464 LlTUliGlJ‘l
1903 403 2332 464 EXI'OSITIO.

3424 402 3530 464 434

252 505 465 557 τιθέναι
503 506 593 556 τδιν
624 507 811 572 ἄρτον.
850 507 923 575 τῷ
958 509 1114 577 ςι·’ρτ;›
1151 511 1465 577 ἁγιάζεται,
1497 516 1525 566 ὃ
1576 518 1639 586 δὴ
1681 521 1855 588 μύρον

1924 519 2270 582 ,εοιιῐίεἱιιιικ
2307 517 2573 572 Prtetcrea
2619 527 2799 571 autem
2858 528 3202 586 pereatorum
3254 521 3534 574 remissio-

252 598 342 648 διὰ
371 599 482 647 τῶν
503 598 678 666 εὐχῶν
705 599 1193 668 τελεσιουργεῖται.
1218 606 1338 656 Ἐτι
1369 608 1422 658 δὲ
1447 610 1538 662 καὶ
1564 611 1850 681 ἁμαρτιῶν

254 689 460 754 ἄφεσιν
491 689 576 750 τίς
610 691 746 757 ἡμῖν
776 689 939 743 δώσει
973 692 1226 760 βεῦαἶως,
1267 698 1376 749 τῶν
1409 701 1598 767 ter,ng
1630 706 1720 755 καὶ
1751 707 1850 775 τῆς

255 779 442 830 αὐτῶν
489 779 728 850 δεήσεως
775 785 1304 855 ἀμφιϐαλλομένων;
1362 792 1472 843 Καὶ
1523 793 1675 845 οὐδὲν
1725 797 1852 850 ἄλλο

253 876 467 940 λοιπον,
515 878 544 944 ἦ
580 881 761 931 πάντα
795 881 886 932 τὸν
927 883 1356 955 Χριστιανισμδν
1398 891 1458 940 ἐκ
1494 890 1658 958 μέσου
1693 893 1852 960 ποιῆ-

259 987 370 1027 σαι,
409 973 524 1030 ταῖς
555 975 934 1041 καινοτομίαις
967 977 1397 1041 ἀκολουθοῦντας
1425 983 1628 1036 αὐτῶν.
1659 986 1851 1037 Φαίνε-

251 1074 345 1108 ται
406 1061 590 1111 τοίνυν
634 1062 709 1124 ὡς
747 1064 977 1126 ἐκείνοις
1024 1068 1225 1134 μΞῖ-λον
1268 1070 1317 1121 οἳ
1365 1071 1539 1124 ταῦτα
1585 1074 1849 1138 ἀξιοῦσιν,

253 1151 315 1198 ἑν
355 1151 660 1222 ἀμφιϐολῖα
695 1156 871 1206 κεῖται
908 1158 974 1208 τὰ
1008 1159 1103 1226 τῆς
1139 1161 1363 1232 ἀρετῆς,
1402 1164 1497 1215 καὶ
1533 1166 1698 1219 πολὺν
1737 1168 1851 1236 ἔχει

253 1239 319 1289 τὶ
352 1241 591 1306 πρᾶγμα
625 1243 890 1304 κίνδυνον,
922 1246 1183 1318 ἀλλότρια
1213 1250 1320 1302 τῶν
1354 1256 1640 1322 πατρικῶν
1674 1275 1852 1323 παρα·

250 1329 461 1383 δόσεων
500 1334 593 1384 γαὶ
654 1339 752 1402 τῆς
815 1340 870 1387 ἐν
936 1340 1126 1402 αὐταῖς
1175 1343 1476 1409 ἀσφαλείας
1521 1348 1849 1404 ἐπινοοῦσιν.

255 1423 382 1475 ’Ὀτι
414 1425 517 1488 μὲν
551 1425 659 1493 γὰρ
693 1430 720 1476 ὁ
753 1428 884 1484 0:2}:
921 1431 1214 1498 εὐχόμενος
1246 1435 1505 1498 ἐπινεύει,
1546 1439 1642 1490 καὶ
1671 1440 1852 1496 δίδωσι

255 1513 483 1582 Πνεῦμα
517 1517 670 1582 ἂγιον
705 1522 819 1580 τοῖς
848 1522 1094 1575 αἰτοῦσιν
1125 1527 1313 1589 αὑτὸν,
1349 1531 1442 1580 καὶ
1475 1531 1628 1582 οὐδὲν
1660 1533 1855 1585 ἀδυνα-

249 1607 339 1655 τεῖ
386 1610 495 1667 τοῖς
531 1610 669 1673 μετᾶ
703 1611 939 1671 πίστεως
967 1613 1131 1666 αὐτοῦ
1171 1617 1470 1684 δεομένοις,
1508 1621 1668 1682 αὐτὸς
1701 1618 1854 1675 εἶπεν

251 1700 278 1747 ὁ
338 1699 501 1760 Θεός·
551 1703 644 1753 καὶ
685 1704 912 1773 οὐδεμία
955 1710 1172 1779 μηχανὴ
1220 1711 1314 1762 τοῦ
1364 1711 1438 1783 μὴ
1481 1714 1657 1784 ἀληθῆ
1701 1715 1853 1769 ταῦτ’

250 1785 417 1846 εἶναι.
451 1793 572 1845 Ὀτι
608 1795 661 1847 δὲ
696 1796 1078 1867 διηγουμένοις
1110 1804 1289 1857 ὁτιοῦν
1318 1806 1425 1858 τῶν
1457 1807 1654 1876 λογίων
1717 1829 1855 1880 συμ-

251 1884 432 1936 ϐαίνει
475 1905 523 1938 τι
556 1889 816 1955 τοιοῦτον,
842 1894 1055 1963 οἰδαμῆ
1081 1897 1324 1963 λέγεται.
1356 1902 1462 1952 Καὶ
1485 1901 1543 1952 τὸ
1567 1903 1668 1971 μὲν
1721 1907 1852 1974 εὑχῇ

249 1976 320 2027 τὰ
367 1982 612 2044 μυστικὰ
642 1982 818 2036 τελεῖν
844 1985 893 2036 οἱ
935 1988 1178 2057 Πατέρες
1212 1992 1541 2059 παρέδοσαν,
1600 1995 1709 2049 ἀπὸ
1747 1999 1856 2052 τῶν

250 2069 578 2124 ἀποστόλων
614 2077 708 2126 καὶ
748 2077 856 2128 τῶν
895 2078 1139 2144 ἐκείνους
1182 2084 1558 2154 ἐκδεξαμένων
1601 2092 1854 2160 παραλα-

249 2160 482 2224 ίὸντες·
517 2164 588 2216 τά
625 2181 684 2218 τε
727 2168 885 2232 ἄλλα,
933 2171 1188 2241 γαϐἀτιερ
1235 2174 1394 2247 ἔφην,
1434 2181 1527 2232 καὶ
1559 2182 1659 2251 τὴν
1705 2183 1856 2251 ἱερὰν

248 2255 636 2327 εὐχαρίστιαν,
675 2263 817 2328 μετά
853 2264 1087 2330 πολλοὺς
1113 2267 1309 2332 ἄλλους
1341 2273 1436 2324 καὶ
1478 2275 1651 2342 μέγας
1690 2277 1853 2330 Βασί-

247 2351 420 2413 λειος,
457 2354 552 2404 καὶ
594 2353 847 2425 Ἰωάννης
891 2357 919 2408 ὁ
953 2360 1366 2431 Χρυσόστομος,
1401 2365 1449 2416 οἱ
1488 2366 1715 2434 μεγάλοι
1757 2370 1854 2438 τῆς

261 2441 601 2510 Ἐκκλησίας
644 2445 996 2502 διδάσκαλοι·
1027 2446 1109 2512 οἷς
1146 2453 1272 2515 τοὺς
1315 2454 1701 2521 ἀντιλέγοντας
1735 2461 1855 2513 οὐδὲ

247 2533 422 2600 λόγου
462 2536 607 2599 τινὸς
649 2537 833 2601 ἀξιοῦν
869 2539 997 2610 χρὴ,
1035 2542 1159 2606 τοὺς
1190 2545 1436 2601 εὐσεϐεῖν
1470 2548 1848 2620 βουλομένους.

249 2630 362 2682 Τὸν
398 2631 456 2683 δὲ
492 2631 588 2684 τοῦ
636 2635 843 2706 Κυρίου
881 2637 1013 2705 περὶ
1044 2637 1154 2689 τῶν
1203 2640 1524 2709 μυστηρίων
1575 2643 1752 2710 λόγον,
1798 2647 1859 2698 ἐν

246 2725 386 2776 εἴδει
434 2726 748 2796 διηγήσεως
777 2727 1091 2796 λεγόμενον,
1129 2731 1265 2800 πρὸς
1309 2733 1401 2785 τὸν
1431 2733 1704 2804 ἀγιασμδν
1746 2738 1856 2791 τῶν

244 2816 448 2884 δώρων
495 2819 728 2887 ἀρκεῖν,
775 2819 992 2886 οὐδεὶς,
1047 2820 1174 2876 οὗτε
1225 2822 1335 2876 τῶν
1378 2827 1691 2880 ἀπόστολων
1732 2827 1855 2881 οὔτε

247 2909 366 2959 τῶν
419 2909 767 2964 διδασκάλων
821 2912 992 2966 εἰπὼν
1017 2914 1268 2982 φαίνεται
1298 2933 1312 2946 ’
1338 2916 1557 2971 ἀλλ’·ὃτι
1582 2921 1681 2989 μὲν
1707 2921 1856 2988 am:

245 3002 360 3054 ὑπὸ
391 3003 491 3056 τοῦ
522 3005 733 3074 Κυρίου
760 3004 997 3075 λεχθεὶς,
1024 3008 1171 3079 αὐτῷ
1199 3009 1275 3078 τῷ
1324 3011 1417 3064 ὑπ’
1450 3013 1658 3066 ἐκείνου
1704 3015 1855 3083 λέγε-

250 3096 407 3160 οΟαι,
459 3097 537 3159 ὡς
578 3101 605 3150 ὁ
644 3098 1046 3168 δημιουργικὺς
1091 3100 1246 3170 λόγος
1285 3104 1371 3157 ἀεὶ
1417 3106 1651 3176 ἐνεργεῖ,
1699 3110 1795 3160 καὶ
1827 3109 1858 3162 ὁ

250 3191 534 3259 μακάριός
553 3209 687 3262 φησι
734 3193 1012 3262 Ἰωάννης.
1047 3195 1174 3249 ’Ὁτι
1203 3197 1258 3250 δὲ
1292 3197 1388 3250 νῦν
1415 3198 1518 3251 ὑπὸ
1543 3201 1636 3253 τοῦ
1663 3201 1853 3270 ἱερέως

245 3282 577 3350 λεγόμενος,
643 3283 734 3337 διὰ
790 3285 850 3336 τὸ
915 3287 1006 3338 ὑπ’
1072 3287 1285 3340 ἐκείνου
1343 3287 1632 3356 λέγεσθαι,
1683 3289 1844 3343 τοῦτο

242 3373 502 3439 δύναται,
533 3374 837 3443 οὐδαμόθεν
890 3377 1006 3428 ἐστι
1056 3376 1251 3446 μαθεῖν
1279 3393 1293 3408 ⁸
1324 3379 1446 3432 ἐπεὶ
1472 3379 1582 3432 οὐδ’
1615 3378 1780 3442 αὐτὸς
1817 3381 1844 3432 ὁ

1969 627 2088 662 nem
2119 615 2245 679 quis
2278 611 2536 663 sacerdos
2565 610 2724 663 nobis
2757 619 2908 663 certo
2950 611 3121 673 dabit,
3163 613 3205 663 si
3242 612 3308 663 de
3342 622 3530 663 eorum

1961 704 2211 754 oratione
2257 701 2587 755 dubitetur?
2619 703 2681 754 Et
2715 703 2847 754 nihil
2899 702 3125 755 omnino
3179 703 3324 754 aliud
3367 711 3534 755 restat

1967 810 2130 861 quam
2165 803 2223 846 ut
2257 797 2476 846 omnem
2507 793 2994 846 Christianismum
3030 794 3095 845 de
3125 793 3304 845 medio
3334 794 3531 845 tollant

1961 885 2054 948 qui
2091 899 2283 937 eorum
2310 885 2577 937 novitates
2613 893 2940 951 sequuntur.
2976 881 3200 936 Videtur
3231 897 3360 948 ergo
3391 883 3533 948 quod

1965 977 2074 1029 illis
2111 978 2319 1044 potius,
2355 977 2398 1028 si
2432 978 2501 1028 ita
2533 983 2785 1040 censent,
2821 979 2873 1028 in
2903 976 3066 1027 dubio
3090 976 3263 1028 virtus
3299 975 3399 1027 sita
3429 984 3533 1035 est,

1965 1083 2161 1136 resque.
2191 1069 2242 1119 in
2275 1084 2468 1136 magno
2494 1069 2736 1137 periculo
2757 1076 3006 1121 versatur
3035 1069 3205 1135 iisqui
3238 1083 3264 1118 a
3296 1066 3538 1135 paternis

1965 1159 2358 1212 traditionibus
2395 1169 2447 1213 et
2479 1178 2597 1228 qum
2645 1163 2697 1214 in
2754 1163 2818 1214 iis
2849 1172 2933 1214 est
2987 1161 3306 1222 securitate,
3359 1161 3534 1214 aliena

1924 1288 1936 1300 .
1964 1254 2300 1320 excogitant.
2341 1253 2494 1315 Quod
2536 1254 2681 1306 enim
2739 1253 3085 1305 orationibus
3128 1250 3269 1304 Deus
3323 1254 3536 1312 annuit,

1964 1357 2016 1397 et
2048 1347 2137 1399 dat
2194 1348 2462 1414 Spiritum
2512 1358 2762 1400 sanetum
2797 1347 2864 1397 iis
2893 1347 2984 1413 qui
3020 1346 3198 1413 ipsum
3236 1354 3448 1413 petunt,
3482 1354 3536 1398 et

1964 1439 2099 1491 nihil
2129 1439 2200 1492 sit
2231 1440 2574 1508 impossibile
2607 1441 2671 1493 iis
2700 1441 2791 1508 qui
2821 1455 2942 1494 eum
2976 1441 3076 1493 (ide
3103 1440 3281 1506 ipsum
3319 1447 3532 1506 rogant,

1966 1533 2080 1601 ipse
2116 1534 2252 1586 dixit
2288 1534 2470 1596 Deus;
2508 1549 2604 1585 nec
2642 1535 2746 1587 ulla
2798 1534 3013 1586 ratione
3055 1533 3167 1585 ﬁeri
3202 1541 3379 1601 potest
3404 1533 3533 1600 quin

1967 1626 2083 1680 hme
2125 1642 2248 1679 vera
2286 1626 2418 1678 sint.
2451 1626 2605 1690 Quod
2647 1635 2828 1679 autem
2865 1627 2971 1678 tale
3012 1626 3141 1692 quid
3174 1627 3423 1680 evenerit
3471 1626 3538 1680 iis

1964 1719 2058 1786 qui
2090 1718 2374 1787 quidpiam
2399 1735 2460 1773 ex
2488 1719 2726 1788 eloquiis
2751 1729 2997 1782 narrant,
3020 1735 3289 1786 nusquam
3313 1719 3532 1773 dicitur.

1964 1809 2027 1863 Et
2064 1812 2313 1864 oratione
2339 1811 2559 1879 quidem
2595 1821 2939 1864 sacramenta
2975 1827 3257 1880 peragere,
3288 1811 3537 1863 tradide—

1964 1913 2091 1957 runt
2129 1903 2319 1959 l'atres
2342 1946 2355 1969 ,
2383 1907 2473 1973 qui
2507 1905 2574 1956 ab
2607 1905 2870 1973 apostolis
2899 1914 2949 1957 et
2987 1907 3076 1973 qui
3116 1908 3193 1958 eis
3225 1921 3538 1959 sueccssse-

1968 2006 2114 2061 runt,
2166 2005 2520 2063 acceperunt,
2563 2007 2616 2050 et
2681 1997 2786 2049 alia
2835 1999 2977 2050 sicut
3026 1997 3182 2062 dixi;
3218 2007 3272 2050 et
3323 2013 3535 2051 sacram

1967 2090 2397 2153 Eucharistiam,
2434 2099 2558 2160 post
2609 2090 2811 2146 multos
2854 2089 2993 2144 alios
3026 2098 3080 2144 ot
3121 2105 3350 2160 magnus
3386 2089 3538 2142 Basi-

1963 2184 2069 2238 lius
2119 2192 2171 2238 et
2223 2182 2464 2238 Joannes
2518 2183 2965 2253 Chrysostomus,
3020 2198 3229 2248 inagna:
3279 2181 3538 2237 Ecclesia:

1963 2275 2244 2337 domet-es,
2282 2275 2491 2342 quibus
2519 2275 2612 2343 qui
2650 2274 3059 2334 Contradicunt,
3096 2287 3286 2326 eorum
3327 2273 3533 2326 nullam

1965 2367 2234 2420 rationem
2281 2366 2482 2420 ducere
2526 2373 2741 2432 oportet
2788 2380 2884 2418 eos
2921 2365 3011 2432 qui
3049 2364 3119 2432 pii
3154 2380 3277 2419 esse
3327 2365 3533 2417 volunt.

1963 2458 2121 2526 Quod
2169 2470 2350 2513 autem
2389 2474 2572 2512 sermo
2613 2457 2854 2523 Domini,
2891 2457 2983 2526 qui
3035 2457 3101 2510 de
3151 2458 3424 2526 mysteriis
3484 2459 3534 2511 in

1965 2553 2138 2607 forma
2196 2552 2530 2606 narrationis
2583 2551 2826 2614 dicitur,
2879 2549 3114 2604 semciat
3165 2550 3233 2604 ad
3267 2550 3536 2602 donorum

1965 2644 2492 2706 sanctiﬁcatioucm,
2562 2643 2744 2696 nullus
2809 2656 2987 2710 neeue
3056 2639 3372 2709 apostolus,
3438 2656 3537 2694 nec

1962 2736 2152 2789 doctor
2192 2734 2393 2787 dixisse
2426 2733 2693 2786 cernitur.
2732 2731 2836 2786 Sed
2871 2731 3014 2800 quod
3047 2731 3215 2786 semel
3244 2747 3270 2784 a
3305 2729 3536 2787 Doni-ilio

1962 2821 2161 2885 dictus,
2195 2836 2259 2875 co
2289 2821 2408 2892 ipso
2438 2820 2584 2890 quod
2612 2821 2676 2873 ab
2708 2820 2801 2874 illo
2839 2820 3024 2875 dictus
3053 2823 3143 2883 sit,
3174 2822 3318 2876 sicut
3352 2823 3534 2892 epilex

1965 2929 2184 2978 sermo,
2239 2929 2456 2982 semper
2502 2921 2786 2982 operatur,
2835 2922 2891 2967 et
2943 2913 3080 2968 dicit
3122 2917 3286 2969 etiam
3345 2916 3537 2971 beatus

1962 3007 2224 3064 Joannes.
2261 3008 2414 3074 Quod
2448 3017 2633 3062 autem
2666 3022 2814 3061 nunc
2853 3008 3036 3062 dictus
3071 3023 3099 3061 a
3135 3009 3443 3074 sacerdote,
3472 3025 3538 3063 eo

1962 3103 2105 3173 quod
2130 3103 2198 3158 ab
2224 3103 2341 3172 ipso
2368 3101 2606 3168 dicatur,
2627 3101 2731 3154 hoc
2765 3100 2957 3170 possit,
2989 3101 3137 3156 nullo
3161 3117 3225 3155 ex
3260 3102 3378 3157 loco
3407 3103 3533 3157 sciri

1965 3205 2140 3266 potest
2162 3214 2176 3261 -,
2198 3192 2640 3264 quandoquidem
2669 3209 2768 3247 nec
2788 3193 2901 3260 ipsc
2933 3207 3112 3246 sermo
3144 3191 3321 3260 opifex
3347 3208 3540 3262 Opera-

1963 3295 2074 3348 tur,
2109 3287 2253 3357 quod
2283 3288 2337 3342 in
2370 3301 2703 3356 unoquoque
2721 3299 2909 3340 eorum
2938 3299 3062 3354 qua;
3087 3283 3328 3349 liunt,ab
3351 3286 3537 3353 aliquo

1955 3379 2178 3433 homine
2208 3380 2449 3442 dicatur,
2484 3379 2577 3434 sed
2608 3377 2750 3446 quod
2793 3377 2959 3431 semel
3000 3392 3028 3429 a
3077 3375 3184 3431 Deo
3219 3377 3399 3430 dictus
3435 3379 3528 3433 sit.

243 3471 650 3540 ὅημιουργικδς
678 3470 838 3539 λόγος
872 3473 1107 3541 ἐνεργεῖ,
1136 3473 1218 3526 ὅτι
1258 3474 1342 3543 ἐφ’
1378 3474 1625 3529 ἑκάστων
1650 3475 1966 3543 γενόμενος,
2012 3475 2117 3528 ὑπό
2157 3491 2299 3538 τινος
2330 3473 2622 3543 ἀνθρώπου
2665 3472 2908 3540 λέγεται,
2941 3472 3056 3524 ἀλλ’
3096 3473 3177 3525 ὃτι
3209 3473 3356 3525 ἐστὶν
3386 3474 3534 3540 ἅπαξ

244 3567 354 3619 ὑπὸ
391 3566 491 3620 τοῦ
525 3566 730 3635 Κυρίου
763 3567 1072 3638 εἰρημένος.

868 3661 1115 3718 ΚΕΦΑΑ.
1168 3664 1248 3719 Λ’.

250 3775 506 3830 Ὀτίκαὶ
527 3775 602 3844 τῇ
626 3776 963 3848 Ἐκκλησία
982 3780 1257 3831 Λατίνων
1273 3778 1311 3846 ἠ
1335 3778 1547 3848 τελετὴ
1571 3777 1724 3833 κατὰ
1747 3779 1854 3837 τὸν

576 3848 768 3899 αὐτὸν
815 3847 962 3914 ἡμῖν
986 3848 1245 3902 τελεῖται
1278 3847 1545 3917 τρόπον.
1770 3864 1780 3872 ’

325 3942 396 3991 Ὀ
446 3939 507 3991 δὲ
562 3939 847 4002 παντελῶς
894 3939 1094 4003 αὐτοὺς
1138 3942 1503 4012 ἐπιστομίζει,
1549 3946 1630 3999 ὅτι
1682 3945 1775 4002 καὶ
1819 3947 1853 4016 ἡ

250 4033 513 4085 Λατίνων
551 4032 874 4100 Ἐκκλησία,
912 4033 992 4095 είς
1025 4034 1091 4104 ῆν
1115 4035 1412 4103 ἀναφέρειν
1445 4036 1680 4102 δοκοῦσι,
1717 4040 1858 4109 μετὰ

244 4126 340 4177 τὸν
372 4125 472 4178 τοῦ
507 4125 720 4193 Κυρίου
759 4124 943 4191 λόγον,
975 4124 1233 4195 εὔχεσθαι
1269 4127 1409 4197 ὑπὲρ
1437 4129 1546 4181 τῶν
1575 4130 1763 4200 δώρων
1794 4132 1854 4184 οὐ

250 4217 680 4290 παραιτοῦνται.
724 4217 994 4271 Δανθάνει
1039 4218 1098 4272 δὲ
1142 4219 1360 4282 αὐτοὺς,
1410 4222 1493 4274 ὅτι
1541 4223 1640 4276 οὐκ
1695 4224 1856 4289 εὐθὺς

249 4313 393 4378 μετᾶ
418 4311 514 4363 τὸν
540 4309 702 4376 λόγον
726 4309 1004 4380 εὔχονται,
1037 4309 1134 4363 καὶ
1159 4311 1242 4364 ὃτι
1274 4310 1335 4363 οὐ
1367 4313 1552 4380 capti);
1583 4313 1856 4381 ἀγιασμὸν

246 4405 560 4468 αἰτοῦνται,
581 4408 674 4457 καὶ
701 4401 1006 4474 μεταϐολὴν
1030 4404 1109 4466 είς
1128 4402 1488 4482 τδθκυριακδν
1511 4405 1672 4474 σῶμα
1691 4446 1706 4469 ,
1736 4386 1855 4459 ιῖλλ⁹

246 4500 468 4566 ἑτέροις
493 4497 740 4566 χρῶνται
764 4496 995 4564 ὀνόμασι
1019 4495 1158 4564 πρὸς
1190 4495 1346 4547 τοῦτο
1381 4495 1629 4564 φέρουσι,
1662 4497 1756 4549 καὶ
1785 4498 1855 4550 τὰ

243 4590 393 4641 αὐτὰ
417 4586 769 4654 δυναμένοις.
799 4584 894 4645 Τίς
921 4585 978 4638 δὲ
1004 4585 1136 4654 εὐχή
1162 4602 1176 4649 ;
1208 4602 1227 4635 ι
1256 4585 1528 4638 Κέλευσον
1555 4587 1844 4656 ἀνενεχοῆο
1878 4581 1920 4641 D

243 4699 333 4735 ναι
359 4681 432 4733 τὰ
459 4678 615 4748 δῶρα
643 4675 821 4729 ταῦτα
853 4677 912 4728 ὲν
934 4678 1081 4746 χειρὶ
1112 4677 1373 4744 ἀγγέλου,
1408 4681 1486 4739 εἰς
1518 4678 1578 4730 τὸ
1609 4678 1847 4747 ὕπερον-

247 4772 446 4841 ρᾶνιόν
473 4786 572 4822 σου
596 4768 1017 4836 ουσιαστήριον.
1051 4787 1069 4819 ι
1103 4769 1426 4835 Λεγέτωσαν
1462 4771 1589 4838 γὰρ,
1616 4771 1668 4821 τί
1701 4773 1849 4823 ἐστιν

244 4864 382 4918 αὖτὸ
406 4863 491 4925 τὸ,
519 4879 538 4911 ι
577 4859 942 4929 ἀνενεχθῆναι
968 4859 1036 4912 τὰ
1062 4860 1210 4927 δῶρα
1235 4862 1439 4922 ταῦτα;
1469 4880 1486 4912 ι
1519 4862 1587 4913 Ἢ
1622 4862 1730 4932 γὰρ
1763 4879 1850 4913 το-

243 4955 419 5023 πικὴν
445 4953 747 5022 μετάθεσιν
765 4949 1236 5019 αὑτοῖςζεῦχονται,
1259 4951 1366 5004 ἀπὺ
1391 4954 1485 5020 τῆς
1506 4953 1607 5022 γῆς
1626 4953 1719 5006 καὶ
1740 4953 1846 5005 τῶν

244 5046 401 5098 κατω
433 5043 623 5096 τόπων
659 5042 738 5102 εἰς
768 5039 863 5091 τὸν
901 5040 1156 5109 οὐρανὸν,
1189 5040 1220 5110 ἢ
1255 5042 1408 5104 ἀξίαν
1443 5045 1587 5105 τινὰ,
1623 5045 1718 5096 καὶ
1747 5044 1847 5113 τὴν

244 5139 356 5190 ἀπὸ
381 5136 496 5188 τῶν
525 5132 938 5202 ταπεινοτέρων
963 5134 1056 5184 ἐπὶ
1087 5133 1156 5184 τὰ
1189 5133 1499 5205 ὑψηλότερα
1521 5134 1842 5203 μεταϐολήν.

246 5228 392 5282 Ἀλλ’
419 5224 469 5279 ἐξ
504 5225 608 5293 μὲν
635 5225 696 5277 τὸ
730 5225 1022 5293 πρότερον,
1050 5225 1103 5278 τί
1140 5225 1334 5294 ὄφελος
1359 5226 1563 5296 ταύτης
1591 5229 1724 5296 ἡμῖν
1747 5229 1844 5298 τῆς

244 5323 418 5389 εὐχῆς
445 5316 545 5386 ἀφ’
571 5317 735 5387 ἡμῶν
754 5316 992 5386 ἀρθῆναι
1024 5319 1092 5369 τὰ
1118 5317 1272 5385 ἅγια,
1299 5319 1335 5372 ἆ
1368 5321 1496 5389 παρ’
1528 5321 1657 5389 ἡμῖν
1683 5317 1842 5385 εἶναι,

245 5416 340 5465 καὶ
362 5415 422 5466 ἐν
459 5412 598 5480 ἡμῖν
630 5409 841 5477 μένειν.
870 5407 964 5460 καὶ
999 5409 1274 5479 εὐχόμεθα
1333 5412 1429 5463 καὶ
1479 5411 1843 5481 πιστεύομεν,

240 5505 317 5568 ὡς
351 5504 518 5558 τοῦτο
545 5501 607 5553 ὃν
642 5502 705 5553 τὸ
741 5496 885 5554 εἶναι
915 5501 1006 5553 τὸν
1054 5502 1292 5570 Χριστὸν
1342 5501 1463 5572 μεθ’
1502 5503 1686 5572 ἡμῶν,
1736 5503 1846 5567 ἓως

244 5597 345 5665 τῆς
380 5593 713 5656 συντελείας
749 5594 845 5646 τοῦ
896 5594 1133 5658 αἱῶνος;
1196 5593 1320 5657 Πῶς
1360 5594 1415 5647 δὲ
1456 5596 1515 5647 οὐ
1556 5596 1844 5649 πιστεύου-

246 5703 355 5750 σιν,
380 5687 432 5738 εί
462 5686 636 5753 σῶμα
668 5683 911 5754 Χριστοῦ
943 5683 1105 5736 τοῦτο
1139 5686 1567 5753 γιγνώσκουσιν,
1631 5689 1712 5740 ὅτι
1744 5689 1842 5740 καὶ

245 5783 306 5831 ἐν
335 5781 475 5849 ἡμῖν
508 5782 655 5844 ἐστι,
691 5779 786 5830 καὶ
814 5777 1213 5847 ὑπερουράνιόν
1255 5782 1394 5842 ἐστι,
1451 5783 1542 5833 καὶ
1578 5782 1635 5834 ἐν
1691 5781 1844 5852 δοξιᾷ

241 5872 340 5925 ,τοῦ
369 5872 597 5942 Πατρὶς
628 5871 867 5941 κάθηται
902 5912 915 5939 ,
944 5873 1145 5942 τρόπον
1180 5872 1242 5925 ὃν
1277 5871 1418 5926 οἶδεν
1473 5875 1632 5940 αὐτὸς
1669 5891 1682 5942 ;
1721 5875 1840 5940 ιΙῶς

2560 3662 2714 3718 CAP.
2760 3661 2930 3718 XXX.

2029 3783 2183 3850 Quod
2212 3782 2373 3836 etiam
2408 3783 2462 3835 in
2496 3764 2804 3833 Latinorum
2847 3779 3083 3850 Ecclesia
3150 3781 3330 3833 eodem
3362 3796 3464 3848 quo

2072 3857 2215 3923 aput.l
2247 3870 2338 3906 nos
2363 3851 2516 3904 modo
2543 3868 2750 3903 sacrum
2784 3849 3082 3903 celebratur
3103 3851 3429 3920 mysterium.

2029 3947 2184 4016 Quod
2227 3957 2407 4000 autem
2460 3959 2522 3996 os
2571 3943 2652 3996 eis
2701 3944 2926 3995 omnino
2979 3941 3238 4001 obstruit.
3274 3945 3533 4011 estquod

1958 4043 2124 4096 etiam
2160 4039 2484 4094 Latinorum
2518 4035 2789 4100 Ecclesia,
2828 4035 2893 4087 ad
2927 4049 3089 4101 quam
3126 4049 3184 4087 se
3217 4033 3426 4089 referre
3452 4040 3533 4088 vi-

1959 4134 2178 4196 dentur,
2215 4139 2337 4200 post
2367 4129 2592 4182 verbum
2627 4126 2866 4188 Domini,
2912 4141 3013 4194 pro
3043 4126 3205 4178 donis
3235 4141 3394 4180 orare
3424 4142 3529 4180 non

1959 4232 2200 4277 recusat.
2254 4222 2292 4276 li
2343 4231 2524 4273 autem
2563 4218 2689 4272 ideo
2720 4217 3006 4282 falluntur,
3035 4218 3180 4286 quod
3215 4217 3390 4272 Latini
3424 4234 3528 4273 non

1957 4320 2140 4374 statim
2180 4324 2302 4386 post
2350 4314 2564 4368 Domini
2600 4314 2873 4381 prolatum
2909 4325 3217 4365 sermonem
3262 4320 3444 4376 orant,
3476 4320 3531 4365 et

1956 4411 2101 4480 quod
2149 4425 2257 4462 non
2294 4415 2481 4477 aperte
2524 4415 2716 4473 petunt
2768 4402 3258 4458 sanetiﬁcationem
3303 4412 3356 4455 et
3411 4419 3531 4455 mu-

1954 4501 2214 4554 tationem
2254 4499 2306 4551 in
2340 4513 2542 4565 corpus
2596 4495 2960 4557 Dominicutn,
3001 4493 3092 4546 sed
3139 4494 3268 4546 ajiis
3301 4503 3529 4546 utuntur

1951 4591 2266 4646 nominibus
2293 4605 2356 4644 eo
2387 4588 2780 4648 ferentibus,et
2806 4601 2927 4653 qua:
2957 4585 3293 4637 tantumdem
3320 4585 3526 4638 valent.

1953 4682 2084 4748 Quae
2121 4691 2205 4736 est
2245 4689 2428 4734 autem
2461 4678 2688 4733 oratio?
2725 4697 2742 4728 ι
2785 4677 2924 4730 Jube
2956 4691 3181 4728 sursum
3215 4675 3342 4729 ferri
3383 4675 3525 4729 dona

1952 4772 2068 4826 haec
2091 4773 2141 4824 in
2167 4785 2330 4824 manu
2363 4770 2539 4837 angeli
2573 4770 2636 4820 ad
2664 4766 3056 4836 SIIpCI‘CtBlCSlc
3092 4775 3240 4818 tuum
3270 4767 3461 4820 altare.
3503 4786 3521 4817 ι

1951 4864 2145 4920 Dicant
2166 4863 2335 4928 enim,
2361 4862 2490 4930 quid
2520 4861 2619 4914 hoc
2639 4869 2744 4921 est,
2773 4879 2788 4910 ι
2813 4859 3042 4912 Sursum
3070 4859 3210 4912 dona
3236 4858 3433 4913 deferri
3458 4861 3478 4911 ?
3499 4880 3518 4910 ι

1950 4954 2046 5010 γει
2067 4955 2207 5009 enim
2227 4953 2456 5008 localem
2482 4953 2560 5005 eis
2579 4951 2996 5004 translationem
3017 4960 3354 5019 precantura
3381 4964 3522 5004 terra

1949 5055 2004 5101 et
2032 5045 2394 5100 inferioribus
2422 5046 2557 5098 locis
2586 5046 2636 5097 in
2663 5044 2886 5108 cadum,
2924 5043 3004 5097 vel
3039 5044 3256 5108 dignam
3286 5044 3521 5111 aliquam

1948 5148 2003 5191 et
2042 5137 2108 5190 ab
2156 5137 2540 5190 humilioribus
2584 5137 2648 5188 ad
2694 5136 2885 5188 altiora
2922 5136 3303 5188 mutationem.
3339 5136 3442 5188 Sed
3477 5137 3522 5189 si

1949 5227 2182 5296 primum
2217 5228 2461 5296 quidem,
2486 5228 2614 5295 quid
2649 5229 2748 5280 hac
2784 5227 2947 5281 nobis
2986 5228 3242 5281 oratione
3267 5243 3406 5296 opus
3436 5237 3523 5280 est

1949 5328 2006 5373 ut
2059 5336 2086 5372 a
2143 5321 2297 5374 nobis
2335 5323 2595 5375 tollantur
2624 5328 2833 5382 sancta,
2866 5334 2987 5386 qua}
3024 5319 3165 5385 apud
3221 5334 3320 5372 nos
3376 5334 3522 5385 esse,

1946 5421 2002 5466 et
2037 5413 2090 5466 in
2128 5413 2286 5468 nobis
2318 5427 2538 5466 manere
2580 5419 2634 5463 et
2683 5425 2899 5463 oramus
2927 5420 2980 5462 et
3037 5409 3311 5464 credimus
3350 5449 3362 5472 ,
3397 5418 3524 5461 tan-

1947 5521 2109 5573 quam
2145 5507 2246 5560 hoe
2294 5505 2384 5569 sit,
2419 5520 2537 5557 esse
2589 5503 2866 5557 Christum
2909 5501 3192 5555 nobiseum
3240 5517 3411 5569 usque
3453 5501 3519 5553 ad

1947 5597 2472 5650 consummationem
2542 5594 2761 5648 smeuli?
2819 5593 3104 5657 Quomodo
3170 5600 3352 5645 autem
3412 5605 3519 5643 non

1949 5690 2198 5754 eredunt,
2226 5689 2268 5742 si
2294 5688 2394 5741 hoc
2425 5688 2625 5740 Christi
2659 5701 2859 5755 corpus
2890 5693 3262 5754 cognoscunt,
3288 5684 3432 5750 quod
3468 5694 3522 5737 et

1949 5782 2001 5834 in
2041 5782 2196 5833 nobis
2229 5790 2330 5842 est,
2367 5792 2422 5832 et
2454 5793 2537 5836 est
2588 5778 3003 5847 superrmloste,
3033 5785 3086 5830 et
3117 5776 3270 5828 sedet
3295 5775 3359 5828 ad
3394 5776 3524 5828 dex—

1949 5886 2117 5931 teram
2152 5874 2350 5941 Patris,
2379 5890 2485 5943 quo
2522 5874 2637 5942 ipse
2691 5871 2841 5927 n‘ovit
2871 5871 3077 5926 modo?
3106 5869 3389 5935 Quomodo
3420 5882 3520 5920 αυτ
