4272 6446
797 368 903 429 ιειὸ

2057 377 2360 442 NICOLAI
2402 386 2487 442 CA
2503 384 2663 442 BASl
2680 382 2789 441 LE

3936 387 4037 461 636

798 490 907 529 tem
956 480 1119 531 l‘ueiit
1148 482 1289 548 q:u:d
1343 486 1583 539 nondum
1617 498 1719 554 est,
1753 495 2144 562 supercmleste
2189 494 2361 563 ipsum
2400 504 2439 556 Α
2470 497 2485 549 ί

2347 510 2361 545 ι
2400 504 2439 556 Α
2470 497 2513 549 δ’
2543 498 2608 549 ἂν
2642 497 2727 566 εἴη
2776 498 3174 567 ὕπερουράνιον
3200 498 3259 550 τὸ
3328 498 3497 568 μήπω
3559 498 3850 569 γενόμενον
3907 505 4033 554 αὖτὴ

798 586 995 640 corpus
1030 574 1257 639 Christi,
1304 580 1445 647 quod
1487 588 1572 633 est
1617 586 2044 651 supercoileste?
2077 586 2363 653 Quomodo

800 674 975 717 autem
1009 667 1170 720 etiam
1202 685 1419 724 sursum
1454 672 1660 727 feretur
1700 677 1753 730 in
1791 692 1951 730 manu
1995 680 2195 747 angeli,
2222 677 2362 745 quod

800 771 965 822 super
995 774 1210 813 onmem
1240 763 1600 834 principatum
1636 779 1691 822 et
1752 778 2076 838 potestatem
2116 780 2171 824 et
2200 772 2365 824 virtu—

799 856 905 900 tem
936 859 987 902 et
1016 865 1178 905 omne
1216 870 1414 909 nomen
1465 860 1609 927 quod
1636 861 1990 916 nominatur?
2030 864 2123 917 Sin
2179 875 2361 917 autem

798 941 1013 1007 dignam
1045 944 1282 1013 aliquam
1310 957 1363 1000 et
1411 949 1464 1002 in
1515 953 1708 1007 melius
1766 956 2122 1009 mutationem
2180 965 2360 1018 orant,

798 1048 906 1083 non
942 1035 1094 1087 video
1125 1040 1397 1104 quomodo
1428 1057 1534 1096 non
1571 1044 1681 1098 sint
1722 1045 1920 1115 insigni
1960 1048 2237 1117 impietate
2276 1049 2361 1101 lu-

799 1134 923 1189 turi,
956 1127 999 1180 si
1028 1128 1193 1182 eiiam
1229 1132 1404 1201 ipsum
1425 1150 1545 1188 esse
1565 1135 1764 1191 Christi
1785 1154 1982 1207 corpus
2010 1149 2360 1208 cognoscant,

794 1230 843 1268 et
878 1220 942 1271 ad
1004 1223 1201 1277 melius
1240 1226 1369 1293 quid
1419 1236 1473 1281 et
1524 1231 1769 1284 sanctius
1829 1232 1881 1285 id
1908 1242 2191 1287 venturum
2244 1248 2364 1288 esse

796 1311 1047 1366 credunt.
1084 1313 1234 1369 Unde
1262 1318 1606 1375 manifestum
1635 1332 1719 1376 est
1748 1338 1841 1376 eos
1871 1327 2099 1378 omnino
2135 1326 2274 1379 scire
2299 1341 2362 1379 ea

798 1402 974 1454 adhuc
1005 1420 1127 1457 esse
1165 1422 1361 1475 panem
1395 1420 1448 1463 et
1476 1412 1660 1465 vinum
1707 1429 1827 1480 qua:
1876 1415 2358 1471 sanctiﬁcationem

798 1494 1036 1546 nomium
1074 1511 1453 1567 susceperunt,
1489 1511 1541 1555 et
1572 1516 1823 1572 proptera
1854 1522 1952 1575 pro
1978 1508 2111 1575 ipsis
2140 1510 2358 1577 quidem

794 1599 972 1652 orant,
1013 1601 1069 1641 ut
1094 1607 1212 1657 qua:
1240 1593 1483 1648 oratione
1503 1595 1681 1650 adhuc
1701 1600 1961 1668 indigent.
1983 1600 2150 1655 Orant
2177 1612 2356 1655 autem

795 1688 854 1730 ut
898 1696 960 1732 ea
1004 1698 1222 1736 sursum
1258 1685 1523 1750 ferantur,
1554 1700 1612 1742 nt
1642 1707 1761 1759 quae
1790 1694 1968 1746 adhuc
1997 1694 2221 1749 inferius
2253 1696 2357 1749 sita

795 1774 925 1825 sint.
955 1784 1006 1825 et
1057 1776 1121 1827 ad
1153 1778 1340 1840 altare,
1381 1790 1439 1833 ut
1478 1798 1597 1850 qua:
1624 1786 1864 1835 nondum
1898 1783 2008 1837 sint
2030 1785 2356 1849 sacriﬁcate,

2466 593 2526 641 τὸ
2580 592 2737 659 σῶμα
2799 593 2891 644 τοῦ
2951 591 3212 660 Χριστοῦ,
3262 590 3322 643 τὸ
3381 592 3822 662 ὑπερουράνιονς
3911 595 4034 654 Πῶς

2465 681 2521 734 δὲ
2593 682 2686 733 καὶ
2741 681 3161 750 ἀνενεχθήσεται
3216 681 3275 731 ὲν
3318 681 3462 751 χειρὶ
3498 680 3759 747 ἀγγέλου,
3800 681 3860 733 τὸ
3895 683 4033 748 ὑπὲρ

2470 777 2650 826 πᾶσαν
2695 775 2867 842 ἀρχὴν
2908 775 3003 826 καὶ
3039 772 3310 840 ἐξουσίαν,
3370 772 3464 825 καὶ
3488 771 3718 841 δύναμιν
3772 772 3866 825 καὶ
3924 774 4034 823 πᾶν

2464 867 2633 936 ὄνομα
2694 864 3097 935 ὀνομαζόμενον
3141 865 3248 927 ;Εί
3313 864 3369 916 δὲ
3438 864 3597 928 ἀξίαν
3658 863 3781 916 τινὰ
3846 863 4033 924 αὐτοῖς

2466 960 2714 1031 εὔχονται
2785 963 2879 1013 καὶ
2927 959 3026 1028 τήν
3052 957 3143 1010 ἐπὶ
3177 958 3238 1010 τὸ
3282 957 3495 1026 βέλτιον
3548 954 3874 1024 μεττιτοὲὴν,
3933 954 4031 1005 οὐκ

2465 1047 2584 1105 οἶδα
2613 1051 2666 1103 εί
2682 1068 2800 1102 τινα
2824 1050 3243 1116 καταλείψουσιν
3271 1046 3525 1105 ἀσεϐείας
3549 1044 3877 1113 ὑπερϐολήν,
3902 1046 4031 1110 είγε

2466 1146 2559 1196 καὶ
2591 1142 2721 1195 αὐτὸ
2744 1143 2805 1194 τὸ
2829 1142 2984 1209 σῶμα
3022 1139 3115 1192 τοῦ
3148 1139 3356 1210 Κυρίου
3389 1138 3627 1208 Χριστοῦ
3657 1132 3795 1189 εἶναι
3838 1138 4032 1199 ιΞιναγι⁹

2466 1235 2755 1297 νώσκουσι,
2788 1236 2883 1288 καὶ
2919 1236 3011 1286 ἐπὶ
3042 1233 3103 1285 τὸ
3136 1233 3342 1301 βέλτιον
3368 1233 3464 1285 καὶ
3513 1230 3817 1299 ἁγιώτερον
3880 1229 4033 1293 ἥξειν

2466 1331 2603 1384 αὐτὰ
2633 1328 3001 1381 πιστεύουσιν.
3039 1326 3204 1378 Ὅθεν
3225 1325 3373 1395 δῆλοι
3398 1325 3614 1386 πάντως
3642 1322 3803 1386 εἰσιν,
3866 1324 4032 1387 ἄρτον

2465 1423 2544 1476 ἔτι
2585 1423 2679 1476 καὶ
2709 1417 2850 1474 οἶνον
2876 1421 3040 1489 μήπω
3066 1418 3338 1487 δεξάμενα
3362 1416 3454 1469 τὸν
3482 1414 3773 1484 ἁγιασμδν,
3830 1414 4031 1474 είδὸτες

2464 1515 2603 1568 αὐτά
2626 1531 2639 1545 ·
2667 1514 2762 1566 καὶ
2789 1512 2876 1566 διὰ
2904 1511 3063 1564 τοῦτο
3093 1509 3348 1579 εὔχονται
3384 1508 3485 1578 μὲν
3532 1508 3675 1577 ὑπὲρ
3721 1507 3920 1567 αὐτῶν,
3955 1505 4031 1564 ὡς

2464 1606 2544 1659 ἔτι
2586 1604 2858 1673 δεομένων
2883 1603 3074 1674 εὐχῆς,
3131 1601 3462 1671 εὔχονταιδὲ
3519 1598 3900 1667 ἀνενεχθῆναι,
3955 1599 4029 1658 ὡς

2463 1698 2543 1751 ἔτι
2574 1698 2801 1766 κείμενα
2835 1697 3005 1755 κάτω,
3034 1695 3127 1747 καὶ
3153 1696 3234 1755 είς
3262 1694 3322 1745 τὸ
3343 1691 3734 1761 θυσιαστήριον
3756 1690 3831 1751 ὡς
3861 1692 4029 1759 μήπω

2461 1788 2778 1856 τεθυμένα,
2812 1786 2898 1838 ἵνα
2937 1786 3056 1836 ἐκεῖ
3118 1784 3343 1836 τεθέντα
3396 1781 3625 1835 τυθῶσι.
3678 1782 3859 1832 Δείται
3920 1780 4033 1846 γὰρ

797 1872 855 1915 ιιι
891 1864 997 1917 illic
1058 1869 1233 1930 posita
1276 1872 1674 1925 sacriﬁcentur.
1726 1875 1870 1941 Opus
1922 1886 2103 1929 autem
2160 1869 2484 1931 habenth

2342 1869 2697 1944 ῑΒάγγέλου
2765 1877 2947 1946 χειρδς
3005 1874 3080 1935 ὡς
3129 1876 3224 1941 τῆς
3289 1873 3548 1942 δευτέρας
3607 1871 3889 1939 ἱεραρχίας
3930 1872 4028 1936 τῆς

796 1969 958 2006 manu
1012 1958 1206 2026 angeli,
1256 1977 1446 2028 nempe
1497 1963 1640 2029 quod
1673 1964 1922 2018 secunda:
1956 1965 2205 2021 humanae
2246 1968 2358 2021 bic—

798 2048 1050 2112 rarehi.e,
1080 2062 1137 2102 ut
1172 2052 1287 2104 vult
1327 2053 1543 2105 divinus
1573 2054 1888 2125 Dionysius,
1928 2073 1956 2110 τι
1997 2060 2167 2127 prima
2193 2074 2361 2127 ange-

795 2140 973 2194 lorum
1030 2142 1337 2198 hierarchia
1394 2148 1660 2200 auxilium
1727 2148 1951 2203 feratur.
1999 2150 2123 2204 Haec
2184 2153 2361 2205 oratio

800 2232 933 2286 nihil
974 2235 1119 2287 aliud
1180 2235 1391 2290 confert
1446 2239 1603 2293 donis
1676 2256 1835 2309 quam
1897 2244 2250 2297 mutationem
2306 2245 2358 2299 in

798 2340 998 2394 corpus
1027 2335 1081 2381 et
1115 2330 1432 2397 sanguinem
1473 2329 1706 2385 Domini.
1742 2331 1858 2386 Non
1902 2338 2045 2387 enim
2082 2336 2235 2390 locus
2265 2352 2351 2390 su-

797 2432 896 2485 per
926 2419 1091 2472 cmlos
1124 2420 1233 2472 Deo
1258 2432 1541 2487 separatus
1565 2424 1618 2475 in
1646 2440 1754 2493 quo
1786 2435 2000 2494 oportet
2028 2428 2357 2494 sacriﬁcare,

795 2508 964 2561 altare
1018 2510 1147 2564 illud
1211 2514 1634 2567 existimandum
1688 2524 1789 2569 est.
1828 2516 1899 2570 Ea
1948 2518 2091 2571 enim
2151 2520 2360 2573 ratione

795 2614 904 2653 non
930 2601 1158 2655 multum
1188 2602 1501 2658 diﬂ‘eremus
1522 2606 1677 2659 abiis
1696 2607 1786 2675 qui
1823 2609 1875 2661 in
1897 2618 2075 2664 monte
2101 2609 2361 2666 Samaria:

796 2692 983 2746 dicunt
1027 2708 1147 2748 esse
1176 2694 1353 2748 locum
1393 2696 1482 2750 ubi
1521 2708 1735 2767 oportet
1770 2699 2021 2767 adorare,
2059 2703 2141 2755 vel
2168 2703 2358 2756 lliero-

795 2784 1037 2853 Solymis.
1071 2786 1175 2840 Sed
1206 2790 1489 2855 quoniam,
1516 2800 1575 2842 ut
1601 2796 1676 2843 alt
1705 2791 1896 2845 beatus
1923 2790 2142 2859 Paulus,
2168 2810 2186 2845 ι
2219 2810 2360 2848 unus

797 2871 962 2936 Deus,
994 2890 1134 2929 unus
1160 2877 1324 2931 etiam
1358 2879 1688 2934 intercessor
1728 2880 1820 2934 Dei
1862 2892 1915 2936 et
1960 2882 2241 2936 hominum
2273 2883 2361 2937 Je-

794 2981 890 3019 sus
920 2966 1195 3031 Christus,
1228 2988 1245 3021 ι
1282 2970 1465 3024 omnia
1490 2987 1609 3039 qua:
1637 2972 2006 3027 intercedendi
2034 2975 2140 3028 vim
2162 2975 2360 3029 habent

792 3070 847 3113 et
890 3062 1564 3120 sanctiﬁcationemnobis
1609 3067 1868 3134 praebent,
1920 3068 2072 3122 solus
2111 3076 2195 3121 est
2246 3070 2360 3137 ipse

794 3150 1073 3206 Servator.
1132 3152 1390 3219 Quanam
1445 3171 1578 3224 ergo
1633 3167 1760 3210 sunt
1811 3174 1931 3227 qua:
1989 3160 2354 3214 intercedendi

799 3245 907 3297 vim
970 3245 1169 3301 habent
1217 3256 1272 3300 et
1335 3248 1725 3303 sanctiﬁcant?
1796 3250 2081 3312 Sacerdos,
2157 3252 2356 3316 hostia,

797 3335 987 3391 altare.
1024 3334 1236 3391 Etenim
1264 3347 1319 3392 et
1364 3340 1535 3394 altare
1565 3342 1887 3406 sanctiﬁcat,
1945 3352 2000 3396 ut
2038 3342 2148 3396 vult
2180 3358 2360 3398 sermo

799 3426 1034 3480 Domini.
1056 3445 1074 3478 ι
1101 3428 1284 3482 Altare
1312 3430 1481 3494 enim,
1509 3431 1705 3499 inquit.
1731 3432 1977 3500 estquod
2005 3434 2203 3486 donum
2234 3449 2361 3487 san-

794 3519 1016 3574 ctiﬁcat.
1032 3539 1049 3571 ι
1076 3521 1212 3590 Ergo
1228 3522 1489 3590 quoniam
1513 3524 1665 3577 solus
1686 3524 1799 3591 ipse
1820 3526 2009 3594 estqui
2034 3526 2355 3592 sanctiﬁcat,

795 3611 947 3664 solus
970 3610 1131 3663 fuerit
1156 3612 1411 3667 sacerdos
1430 3620 1484 3667 et
1507 3614 1683 3667 hostia
1712 3623 1767 3668 et
1792 3614 1979 3669 altare.
2007 3616 2073 3669 Et
2096 3617 2241 3685 quod
2268 3632 2360 3671 sa-

796 3703 992 3758 cerdos
1034 3705 1256 3773 quidem
1317 3715 1372 3760 et
1406 3705 1605 3773 hostia,
1653 3706 1767 3775 ipse
1796 3705 1977 3763 dixit:
2016 3726 2035 3759 ι
2090 3706 2195 3763 Pro
2226 3709 2359 3778 ipsis

795 3796 981 3875 enim”
1002 3796 1197 3867 inquit,
1253 3812 1352 3868 ego
1382 3799 1663 3855 sanctiﬁco
1694 3802 1983 3869 mcipsum.
2023 3820 2041 3851 ι
2075 3799 2231 3865 Quod
2262 3817 2361 3855 au-

797 3896 904 3941 tem
931 3890 1095 3941 etiam
1131 3889 1323 3953 altare,
1368 3892 1752 3947 sanctissimus
1784 3902 2011 3947 testatur
2044 3893 2358 3963 Dionysius,

795 3979 984 4033 dicens
1007 3980 1060 4033 in
1091 3979 1231 4033 libro
1271 3980 1345 4034 De
1392 3994 1654 4051 unguento
1686 4000 1704 4037 :
1748 4002 1767 4035 ι
1810 3984 1867 4038 Si
1901 3985 2045 4038 enim
2081 3996 2165 4039 est
2216 3986 2359 4038 diri-

798 4071 1087 4125 nissimum
1133 4082 1384 4127 nostrum
1419 4074 1593 4130 altare
1612 4075 1796 4138 Jesus,
1827 4076 2011 4130 divina
2048 4076 2357 4130 divinarum

800 4163 1060 4216 mentium
1107 4165 1469 4228 consecratio,
1528 4165 1745 4236 inquo,
1791 4175 1852 4220 ut
1903 4167 2017 4219 vult
2063 4167 2359 4235 eloquium,

795 4257 1098 4310 consecrati
1128 4267 1183 4311 et
1216 4259 1441 4327 mystice
1475 4269 1734 4330 tanquam
1763 4260 2141 4315 holocaustum
2183 4260 2360 4315 sacri-

798 4348 942 4400 tieati
980 4350 1311 4403 oblationem
1352 4351 1635 4416 habemus,
1684 4355 2150 4420 supermundanis
2184 4353 2360 4407 oculis

795 4441 1125 4508 aspiciamus
1167 4441 1343 4509 ipsum
1385 4443 1785 4500 divinissimum
1832 4445 2022 4497 altare.
2066 4462 2084 4496 ι
2123 4444 2201 4498 Ad
2257 4444 2361 4498 hoc

2465 1968 2832 2039 ἀνθρωπίνης,
2857 1966 2997 2019 κατὰ
3017 1966 3105 2018 τὸν
3122 1966 3296 2034 μέγαν
3319 1963 3614 2021 Διονύσιον,
3636 1960 3743 2014 ὑπὸ
3759 1964 3855 2031 τῆς
3877 1960 4029 2030 πρὼ-

2459 2077 2558 2128 τής
2594 2061 2879 2128 ἱεραρχίας
2901 2058 3009 2109 τῶν
3043 2057 3293 2123 ἀγγέλων
3318 2052 3707 2123 βοηθουμένων
3743 2067 3759 2082 ·
3808 2051 3948 2117 αὐτὴ
3994 2052 4028 2118 ἡ

2462 2152 2595 2220 εὐχὴ
2624 2151 2775 2204 οὐδὲν
2810 2150 2999 2220 ἕτερόν
3032 2150 3146 2199 ἐστι
3185 2146 3459 2213 δυναμένη
3491 2147 3604 2206 τοῖς
3627 2144 3841 2213 δώροιςν
3874 2143 4030 2213 ἧτὴν

2461 2248 2541 2307 είς
2569 2245 2627 2296 τὸ
2660 2243 2933 2313 Κυριακὺν
2963 2242 3121 2306 σῶμα
3158 2241 3249 2293 καὶ
3281 2234 3416 2307 αἷμα
3448 2238 3769 2305 μ.ετα6ο).ήν.
3806 2238 3879 2289 Οὐ
3920 2240 4031 2305 γὰρ

2460 2339 2524 2407 δὴ
2553 2340 2717 2389 τόπον
2746 2335 2865 2387 τινὰ
2893 2335 3034 2403 ὑπὲρ
3063 2336 3152 2386 τὸν
3180 2330 3410 2402 οὐρανδν
3459 2331 3819 2401 ἐξῃρημένον,
3881 2331 3939 2381 ὲν
3983 2324 4031 2394 ᾧ

2460 2430 2539 2482 δεῖ
2572 2427 2739 2491 θύειν,
2779 2426 2838 2478 τὸ
2862 2426 3255 2493 θυσιαστήριον
3282 2425 3460 2475 ἐκεῖνο
3500 2422 3807 2490 νομιστέον.
3869 2422 4031 2474 υῦτω

2461 2521 2570 2590 γὰρ
2589 2520 2648 2571 οὐ
2678 2517 2813 2569 πολὺ
2864 2516 3177 2584 διοισόμεθα
3224 2512 3333 2567 τῶν
3383 2515 3440 2564 ὲν
3484 2512 3882 2580 Ἰεροσολύμοις
3944 2511 4031 2561 λε-

2463 2609 2726 2681 γόντωνῆ
2764 2610 2818 2660 ὲν
2847 2607 2923 2676 τῷ
2964 2608 3081 2678 όρει
3110 2608 3207 2675 τῆς
3245 2604 3559 2675 Σαμαρείας
3602 2605 3689 2658 τὸν
3743 2606 3909 2657 τόπον
3947 2600 4030 2656 εἵ-

2461 2721 2549 2757 ναι
2578 2704 2711 2756 ὅπου
2737 2701 2815 2753 δεῖ
2842 2700 2973 2751 Θεὸν
3010 2700 3357 2770 προσκυνεῖν.
3405 2697 3547 2750 Ἀλλ’
3583 2695 3725 2759 ἐπεὶ,
3761 2694 3901 2749 κατὰ
3937 2695 4032 2745 τὸν

2464 2795 2729 2864 μακάριον
2764 2791 2996 2853 Παῦλον,
3045 2808 3063 2841 ι
3095 2785 3174 2853 εἷς
3200 2789 3353 2853 Θεὸς,
3385 2784 3464 2851 εἷς
3498 2788 3593 2840 καὶ
3632 2788 3856 2857 μεσίτης
3889 2784 4030 2838 Θεοῦ

2460 2888 2555 2938 καὶ
2587 2883 2890 2954 ἀνθρώπων
2944 2880 3151 2951 Ἰησοῦς
3211 2881 3468 2952 Χριστὸς,
3506 2896 3525 2930 ι
3556 2880 3735 2933 πάντα
3772 2877 3839 2931 τὰ
3872 2895 4033 2945 μεσι-

2459 2976 2609 3029 τείαν
2638 2976 2936 3043 δυνάμενα,
2960 2974 3050 3026 τὸν
3091 2972 3365 3041 ἁγιασμδν
3392 2973 3526 3041 ⁴ήμίν
3578 2970 3797 3041 ἔχοντα,
3866 2971 4030 3038 μόνος

2461 3070 2607 3121 ἐστὶν
2642 3068 2803 3130 αὐτὸς
2829 3067 2858 3117 6
2884 3067 3093 3135 Σωτήρ.
3120 3066 3257 3117 Τίνα
3272 3066 3326 3118 δὲ
3365 3065 3433 3117 τὰ
3459 3064 3736 3132 μεσιτείαν
3766 3064 4030 3130 συνεί-γον⁴

2460 3177 2547 3224 τα,
2574 3158 2667 3210 καὶ
2682 3156 2932 3225 ἀγιάζειν
2959 3144 3230 3223 δυνάμενα
3257 3172 3271 3219 ;
3314 3156 3512 3226 Ὶερεὺς
3532 3198 3548 3211 .
3576 3156 3794 3225 ἱερεῖον,
3834 3154 4034 3207 θυσιαο

2464 3256 2703 3326 στήριον.
2728 3254 2839 3307 Καὶ
2866 3251 2974 3319 γὰρ
2998 3252 3058 3303 τὸ
3091 3250 3476 3320 θυσιαστήριον
3501 3249 3741 3316 ἁγιάζει,
3765 3248 3912 3301 κατὰ
3937 3248 4031 3301 τὸν

2463 3347 2665 3417 Κυρίου
2682 3346 2857 3412 λόγον,
2881 3343 2939 3397 τὸ
2955 3342 3331 3410 θυσιασθῆναι·
3360 3360 3377 3391 ι
3399 3340 3472 3393 Τὸ
3492 3340 3878 3408 θυσιαστήριον
3898 3340 4033 3406 γὰρ,

2462 3439 2696 3509 (meum
2720 3436 2943 3506 ἁγιάζον
2967 3436 3026 3487 τὸ
3046 3434 3272 3503 δῶρον.»
3304 3434 3510 3487 Οὐκοῦν
3533 3435 3654 3487 ἐπεὶ
3680 3433 3841 3502 μόνος
3864 3432 4032 3493 αὑτός

2462 3534 2610 3583 ἐστιν
2635 3529 2663 3578 6
2685 3526 2956 3595 ἁγιάζων,
2989 3526 3153 3595 μόνος
3177 3525 3242 3577 ἂν
3273 3526 3361 3591 εἴη
3390 3523 3417 3575 6
3452 3526 3651 3593 ἱερεὺς,
3690 3525 3786 3577 καὶ
3818 3525 4029 3593 ἱερεῖον

2461 3627 2557 3676 καὶ
2586 3622 2993 3688 θυσιαστήριον.
3025 3617 3134 3669 Καὶ
3160 3617 3242 3668 ὅτι
3269 3616 3372 3685 μὲν
3395 3617 3423 3667 6
3450 3616 3629 3686 ἱερεὺς
3668 3616 3761 3667 καὶ
3804 3616 4028 3683 ἱερεῖον,

2461 3714 2621 3777 αὐτὸς
2645 3708 2819 3765 εἷπεψ
2843 3729 2863 3763 ι
2884 3710 3056 3782 ’Υπὲρ
3096 3708 3275 3763 αὐτῶν
3302 3709 3433 3779 γὰρ,
3461 3712 3649 3777 φησιν,
3674 3707 3785 3774 ἐγὼ
3814 3704 4032 3773 ἁγιάζω

2461 3805 2722 3874 ἐμαυτόνο
2738 3822 2757 3855 ι
2782 3803 2862 3857 ὅτι
2880 3802 2936 3856 δὲ
2957 3803 3047 3855 καὶ
3071 3801 3482 3869 θυσιαστήριον,
3520 3800 3549 3849 6
3571 3797 3869 3868 ἱερώτατος
3890 3815 4031 3865 μαρ-

2460 3897 2617 3963 τυρεῖ
2643 3892 2939 3955 Διονύσιος,
2963 3891 3139 3958 λέγων
3168 3892 3225 3942 ιν
3246 3887 3323 3958 τῷ
3346 3887 3483 3956 Περὶ
3507 3888 3612 3941 τοῦ
3634 3889 3828 3956 μύρου
3846 3887 3991 3952 λόγῳ
4013 3900 4027 3913 ·

2468 4006 2487 4039 ι
2521 3988 2585 4040 Ei
2606 3986 2715 4055 γάρ
2745 3988 2861 4039 ἐστι
2894 3985 2955 4039 τὺ
2987 3984 3335 4036 θειότατατον
3372 3981 3532 4051 ήμῶν
3579 3981 3975 4048 θυσιαστήριον
4004 3981 4034 4031 6

2460 4078 2670 4147 Ἰησοῦς
2693 4117 2709 4142 ,
2745 4079 2779 4146 ή
2802 4075 3070 4146 θεαρχικὴ
3098 4075 3208 4128 τῶν
3247 4073 3409 4126 θείων
3430 4072 3568 4125 νὸων
3614 4073 3937 4141 ἀφιέρωσις,
3972 4072 4033 4122 ἐν

2460 4164 2505 4239 ᾧ
2540 4169 2681 4223 κατὰ
2702 4170 2762 4221 τὸ
2791 4168 2971 4235 λόγιον
2995 4167 3409 4238 ἀφιερούμενοι,
3440 4166 3536 4220 καὶ
3577 4162 3851 4232 μυστικῶς
3909 4163 4033 4213 ὁλο-

2462 4252 2961 4329 καυτούμενοι,τὴν
2986 4256 3354 4326 προσαγωγὴν
3375 4257 3599 4325 ἔχομεν,
3630 4253 4032 4322 ὑπερκοσμίοες

2461 4352 2761 4422 ὀφθαλμοῖς
2792 4347 3223 4417 ἑποπτεύσωμεν
3256 4348 3318 4399 τὸ
3338 4347 3619 4400 θειότατον
3656 4345 3792 4398 αὐτὸ
3839 4344 4030 4396 θυσια-

2465 4446 2706 4516 στήριον.
2749 4462 2768 4494 ιι
2798 4444 2893 4505 Εἰς
2914 4441 3075 4496 τοῦτο
3104 4441 3167 4494 τὸ
3189 4440 3577 4510 θυσιαστήριον
3627 4440 3690 4492 τὸ
3720 4439 4034 4507 ὑπερουρά-

797 4535 1184 4601 supercmleste
1243 4535 1414 4587 altare
1461 4545 1581 4588 orat
1639 4537 1895 4591 sacerdos
1953 4537 2093 4590 dona
2134 4551 2355 4591 sursum
2394 4546 2436 4601 D
2464 4557 2484 4591 ν

2348 4553 2355 4590 |
2394 4546 2436 4601 D
2464 4555 2576 4591 νιον
2623 4536 2692 4589 τὰ
2739 4535 2889 4607 δῶρα
2907 4533 3123 4605 εὔχεται
3160 4532 3514 4602 ἀνενεχθῆναι
3547 4532 3575 4583 6
3630 4532 3830 4600 ἱερεὺς,
3891 4531 4035 4596 ὅπερ

798 4626 951 4687 l'erri,
983 4627 1126 4693 quod
1157 4634 1241 4677 est
1281 4626 1631 4688 sanctillcari,
1669 4629 1721 4681 in
1757 4628 1934 4697 ipsum
1968 4628 2358 4696 supercueleste

793 4717 994 4773 Christi
1027 4735 1224 4787 corpus
1257 4720 1455 4772 nmtari
1503 4738 1516 4773 :
1550 4736 1660 4774 non
1696 4722 1876 4774 locum
1914 4720 2197 4784 mutantia,
2246 4729 2298 4774 et
2328 4734 2360 4774 a

798 4824 936 4862 terra
973 4811 1235 4863 translata
1270 4811 1323 4864 in
1375 4810 1572 4865 cmlum
1614 4826 1628 4862 :
1663 4813 1921 4881 quoniam
1964 4810 2207 4863 videmus
2243 4810 2357 4877 ipsa

798 4903 977 4956 adhuc
1006 4902 1149 4971 apud
1187 4918 1282 4957 nos
1305 4919 1447 4964 esse,
1481 4914 1535 4957 et
1577 4912 1697 4971 post
1736 4905 2036 4956 orationem
2070 4903 2242 4956 nihilo
2272 4918 2360 4956 se-

798 4996 935 5047 cius.
1000 4992 1271 5060 Quoniam
1336 4997 1477 5049 enim
1529 4996 1696 5049 aitare
1745 4997 2052 5049 sanctiﬁcat
2106 4994 2245 5046 dona
2308 4994 2359 5047 ei

801 5080 1246 5157 snp'erimposita,
1296 5089 1435 5142 idem
1474 5097 1557 5143 est
1615 5104 1774 5141 orare
1837 5099 1895 5141 ut
1946 5089 2086 5140 dona
2123 5087 2362 5140 sanctiﬁ-

799 5188 1014 5245 centur,
1068 5189 1121 5235 et
1169 5179 1223 5234 in
1286 5180 1441 5235 altari
1500 5180 1674 5249 posita
1733 5195 1875 5234 esse.
1909 5178 2040 5244 Quae
2068 5185 2150 5232 est
2179 5186 2357 5231 autem

797 5272 1197 5334 sanctiﬁcatio,
1251 5286 1370 5340 quae
1431 5270 1605 5325 altare
1667 5270 2015 5325 sanctiﬁcat?
2055 5269 2201 5323 Dona
2256 5270 2361 5321 im-

763 5358 973 5433 .‘iiosita
1016 5375 1070 5418 ct
1123 5378 1233 5432 quo
1272 5356 1387 5432 ipse
1436 5364 1694 5418 sacerdos
1758 5363 1995 5430 seipsqu
2062 5361 2362 5416 sanctiﬁca-

796 5440 922 5519 i‘it,
965 5457 1141 5510 oblata
1198 5470 1321 5510 esse
1373 5452 1485 5509 Deo
1528 5456 1669 5509 dona
1728 5464 1780 5508 et
1832 5456 2154 5509 sacrillrata.
2211 5452 2359 5518 Quo-

798 5553 940 5602 niam
986 5549 1129 5602 enim
1180 5547 1322 5601 idem
1369 5556 1453 5600 est
1499 5558 1552 5601 et
1610 5547 1887 5608 sacerdos,
1946 5554 1998 5598 et
2062 5546 2254 5609 altare,
2308 5553 2364 5598 et

801 5639 997 5703 hostia,
1032 5639 1171 5692 idem
1201 5648 1283 5692 est
1331 5649 1384 5690 et
1414 5654 1443 5690 ιι
1476 5645 1761 5691 sacerdote
1810 5636 2175 5691 sacriﬁcatum
2216 5650 2360 5700 esse,

797 5740 847 5779 ct
888 5728 940 5781 in
970 5728 1202 5782 hostiam
1232 5729 1375 5781 illam
1404 5735 1666 5779 muluium
1693 5742 1833 5786 esse,
1868 5735 1919 5778 et
1955 5725 2006 5778 in
2039 5724 2131 5777 illo
2163 5739 2357 5794 super-

802 5818 1005 5877 coclcsti
1068 5820 1313 5891 aligripo
1346 5819 1418 5873 ita
1465 5830 1514 5875 et
1568 5819 1809 5876 ιιεόεριιῑει
1866 5833 2006 5873 esse.
2065 5817 2362 5887 Propterea

2464 4634 2613 4684 ἐστὶν
2642 4627 2991 4695 ἁγιασθῆναι,
3019 4629 3099 4688 εἰς
3147 4625 3281 4680 αὐτὸ
3306 4626 3368 4678 τὸ
3422 4624 3817 4693 ὑπερουράνιον
3870 4624 4035 4689 σῶμα

2462 4722 2556 4776 τοῦ
2593 4720 2795 4790 Κυρίου
2846 4718 3254 4789 μεταϐληθῆναι
3286 4735 3301 4749 ·
3358 4719 3419 4771 οὐ
3465 4718 3635 4773 τόπον
3689 4716 4035 4786 ἀμείψαντα,

2464 4814 2559 4867 καὶ
2615 4812 2721 4865 ἁπδ
2767 4810 2867 4879 τῆς
2912 4813 3016 4881 γῆς
3041 4810 3308 4879 γενόμενα
3351 4811 3430 4873 εἰς
3480 4809 3575 4862 τὸν
3620 4809 3870 4877 οὐρανὸν,
3907 4810 4039 4861 ἐπεὶ

2462 4902 2679 4973 ὁρῶμεν
2713 4899 2849 4952 αὐτὰ
2878 4901 3006 4967 παρ’
3046 4900 3180 4968 ήμῖν
3210 4898 3337 4951 όντα
3385 4898 3490 4962 ἔτι,
3516 4898 3608 4950 καὶ
3642 4897 3780 4966 μετὰ
3806 4897 3903 4966 τὴν
3938 4899 4037 4948 εὖ-

2463 4993 2564 5062 χὴν
2593 4992 2744 5044 οὐδὲν
2772 4986 2955 5061 ἧττον.
2994 4990 3148 5042 Ἐπεὶ
3174 4989 3281 5061 γὰρ
3307 4990 3369 5042 τὸ
3421 4989 3809 5059 θυσιαστήριον
3871 4990 4036 5056 ἁγιά-

2464 5085 2547 5147 ζει
2570 5086 2637 5136 τὰ
2686 5081 2910 5135 τεθέντα
2937 5081 3086 5150 αὐτῷ
3112 5080 3281 5152 δῶρα,
3316 5081 3514 5135 ταύτόν
3549 5083 3720 5142 ἐστιν,
3764 5079 4037 5145 εὖξασθαι

2463 5179 2572 5238 τοῖς
2604 5175 2796 5243 δώροις
2828 5174 3174 5244 ἁγιασθῆναι,
3205 5175 3298 5227 καὶ
3324 5176 3381 5226 ἐν
3413 5174 3491 5243 τῷ
3522 5172 3895 5243 θυσιαστηρίῳ
3935 5191 4038 5226 τε⁴

2464 5267 2644 5334 θῆναι.
2668 5266 2763 5326 Τίς
2788 5265 2845 5316 δὲ
2883 5268 2910 5319 ό
2939 5265 3211 5335 ἁγιασμὸς
3240 5266 3300 5317 ὃν
3350 5265 3568 5332 ἁγιάζει
3618 5267 3680 5318 τὸ
3729 5267 4038 5337 θυσιαστή-

2465 5374 2615 5427 ριον;
2649 5358 2729 5410 Τὰ
2785 5358 3007 5409 τεθέντα
3044 5357 3192 5427 αὐτῷ
3225 5358 3407 5427 δῶρα’
3442 5359 3501 5411 ὃν
3559 5361 3721 5422 αὐτὸς
3772 5361 3799 5411 6
3848 5361 4036 5429 ἱερεὺς

2465 5450 2693 5517 ἡγίασεν
2745 5448 2962 5513 ἑαυτὸν,
3013 5448 3090 5518 τῷ
3149 5448 3579 5519 προσενεχθῆναι
3632 5448 3709 5519 τῷ
3758 5448 3881 5519 Θεῷ
3936 5451 4038 5504 καὶ

2465 5540 2706 5610 τεθῆναι.
2783 5540 2938 5592 Ἐπεὶ
2986 5541 3095 5610 γὰρ
3142 5542 3170 5593 6
3222 5541 3384 5603 αὐτός
3430 5543 3546 5595 ἐστι
3578 5545 3673 5598 καὶ
3697 5542 3904 5612 ἱερεὺς,
3936 5544 4041 5596 καὶ

2466 5631 2858 5700 θυσιαστήριον
2889 5633 3224 5702 καὶίερεῐον,
3258 5634 3452 5702 ταυτόν
3488 5636 3654 5699 ἐστιν,
3679 5635 3785 5687 ὑπὸ
3820 5636 3918 5688 τοῦ
3957 5637 4044 5686 ἱε-

2471 5723 2609 5792 ρέως
2661 5724 2870 5775 ἐκείνου
2926 5724 3370 5794 ἱερουργηθῆναι,
3434 5727 3529 5777 καὶ
3582 5727 3661 5787 εἰς
3709 5726 3770 5778 τὸ
3833 5729 4045 5794 ἱερεῖον

2469 5817 2645 5869 ἐκεῖνο
2665 5816 3091 5887 μεταϐληθῆναι,
3112 5819 3203 5871 καὶ
3235 5819 3291 5870 ὲν
3323 5816 3402 5888 τῷ
3433 5817 3805 5888 θυσιαστηρίῳ
3837 5820 4044 5890 ἐκείνῳ
