4272 6446
757 412 860 470 437;
2014 414 2309 475 NICOLAI
2357 416 2441 476 CA

2304 420 2309 469 ι
2357 416 2441 476 CA
2458 415 2737 478 assum;
3884 414 3991 486 ιιο

1336 524 1486 578 σειν.
1534 523 1746 578 XXXII.
2366 531 2407 585 Λ
3020 575 3023 583 ι

2366 531 2407 585 Λ
3020 532 3247 585 ΚΕΦΛᾹ
3260 572 3272 585 .
3314 532 3351 582 Λ
3364 529 3435 583 η’.

742 638 833 705 De
870 641 1135 708 sacri/icio
1172 643 1305 708 ipso,
1337 650 1385 695 ει
1417 642 1540 709 quid
1575 652 1648 693 est
1673 643 1811 709 quod
1848 640 2174 709 sacriﬁcium
2206 656 2327 693 sus-

2306 670 2327 681 -
2440 647 2579 713 Περί
2616 646 2724 713 τῆς
2763 646 2982 709 θυσίας
3021 643 3233 707 αὐτῆς,
3276 644 3374 695 καὶ
3417 642 3473 695 τί
3500 642 3629 695 ἐστι
3658 639 3723 694 τὸ
3760 638 3993 709 ὃεχόμιε

1472 713 1617 779 cipit.
2400 783 2409 790 _
2959 732 3070 767 νον
3099 715 3159 777 τὶ

2400 783 2409 790 ,
2959 732 3070 767 νον
3099 715 3215 779 τὴν
3243 714 3486 767 θυσίην.

828 804 903 857 De
935 804 1054 873 ipso
1088 814 1266 857 autem
1304 804 1574 859 sacriﬁcio
1600 818 1775 872 operm
1812 803 2044 872 pretium
2085 812 2167 856 est
2193 802 2324 857 illud
2511 812 2515 861 ι

2295 802 2324 854 ά
2511 809 2644 877 Περὶ
2671 810 2725 861 δὲ
2756 810 2854 877 τῆς
2897 807 3085 870 Θυσίας
3134 806 3306 875 αὐτῆς
3375 806 3528 869 ἄξιον
3579 807 3756 858 ἐκεῖνο
3797 806 3982 873 ζητεῖν

752 909 1018 959 quaerere.
1057 893 1193 958 Quia
1231 896 1376 947 enim
1432 910 1541 947 non
1592 895 1776 963 ﬁgura:
1833 893 2111 959 sacriﬁcii,
2151 908 2326 961 neque
2436 906 2439 914 ‘

2317 909 2326 946 ε
2436 904 2591 955 Ἐπεὶ
2647 904 2754 972 γὰρ
2806 902 2869 955 ού
2901 901 3069 964 τύπος
3119 899 3311 963 θυσίας
3358 900 3481 954 οὐδὲ
3529 898 3762 967 αἵματος
3820 898 4004 959 είκὼν,

756 987 1046 1056 sanguinis
1085 988 1283 1055 imago,
1318 987 1413 1040 sed
1460 1001 1586 1040 vere
1626 997 1708 1040 est
1739 988 1993 1039 mactatio
2034 997 2087 1040 et
2119 986 2327 1041 sacriﬁ-
2378 978 2385 987 ’
2437 1019 2443 1046 ε

2313 1015 2327 1027 ’
2378 978 2385 987 δ
2437 996 2572 1048 ἀλλὰ
2605 995 2825 1064 άληθῶς
2864 995 3048 1064 σφαγὴ
3077 993 3172 1045 καὶ
3204 992 3387 1055 θυσία,
3427 990 3680 1061 ζητῶμεν
3709 990 3760 1043 τί
3793 990 3851 1042 τὸ
3884 988 4000 1041 θυὸσ

756 1080 921 1141 cium,
973 1094 1281 1147 qua-ramus
1320 1078 1451 1146 quid
1492 1086 1575 1131 cst
1611 1077 2003 1140 sacriﬁcatum,
2052 1077 2210 1144 panis
2257 1092 2322 1128 an
2439 1108 2443 1155 γ

2319 1098 2322 1126 ι
2439 1104 2626 1155 μενον,
2664 1087 2691 1137 ὁ
2724 1086 2884 1155 ἄρτος
2924 1084 2956 1153 ἢ
3014 1084 3076 1136 τὸ
3127 1081 3221 1135 τοῦ
3273 1082 3479 1153 Κυρίου
3526 1082 3720 1151 σῶμας
3761 1079 4006 1149 δηλονότι

756 1186 956 1239 corpus
984 1170 1239 1223 Domini?
1278 1171 1524 1224 videlicet
1560 1169 1778 1237 quando
1827 1170 1968 1223 dona
2014 1168 2327 1223 sacriﬁcan-
2437 1196 2443 1212 ι

2320 1198 2327 1207 ·
2437 1179 2567 1230 πότε
2600 1178 2668 1230 τά
2700 1177 2849 1244 δῶρα
2878 1175 3090 1239 θύεται,
3138 1174 3245 1245 πρὸ
3274 1173 3369 1226 τοῦ
3402 1173 3751 1241 ἀγιασθῆναι,
3784 1170 3816 1240 ἢ
3868 1170 4007 1240 μετά

759 1276 869 1326 lttt',
912 1265 1231 1332 priusquam
1270 1266 1381 1319 sint
1440 1264 1802 1327 sanctiﬁcata,
1853 1280 1919 1317 an
1953 1275 2157 1332 postea.
2192 1261 2325 1315 Ειεί
2434 1288 2446 1319 ι

2315 1262 2325 1314 ί
2434 1272 2494 1324 τὸ
2531 1269 2899 1339 ἄγιασθῆναις
2938 1269 3046 1322 Καὶ
3097 1269 3145 1319 εί
3186 1266 3284 1335 μὲν
3330 1268 3357 1319 ὁ
3395 1267 3558 1335 ἄρτος
3608 1264 3669 1317 τὸ
3716 1264 4002 1331 θυόμενον,

757 1353 914 1418 panis
940 1354 1158 1420 quidem
1196 1365 1276 1408 est
1310 1354 1453 1422 quod
1488 1354 1851 1413 sacriﬁcatur,
1904 1355 2139 1421 primum
2204 1352 2327 1419 qui-
2437 1383 2444 1396 ι

2316 1381 2327 1391 ·
2437 1363 2652 1432 πρῶτον
2682 1362 2778 1430 μὲν
2812 1361 2891 1416 τίς
2916 1362 3081 1429 ἄρτου
3110 1360 3269 1411 θυσία
3301 1358 3497 1424 γένοιτ’
3524 1360 3589 1412 ἄν
3615 1374 3629 1421 ;
3654 1356 3911 1415 Ἔπειτα.
3943 1354 4003 1405 ού

756 1445 874 1495 dem
903 1444 1173 1510 quodnam
1208 1444 1372 1498 fuerit
1407 1446 1561 1513 panis
1596 1445 1957 1497 sacriﬁcium:
1994 1445 2187 1497 deinde
2218 1459 2322 1496 non
2432 1470 2443 1487 ι

2314 1460 2322 1495 |
2432 1452 2590 1506 τοῦτο
2627 1454 2757 1522 ἡμῖν
2794 1453 2910 1503 ἐστι
2939 1452 2997 1503 τὸ
3034 1451 3356 1521 μυστήριον,
3391 1450 3555 1517 ἄρτον
3600 1449 3730 1503 ίδεῖν
3767 1446 4001 1514 σφαττᾶ·

755 1544 837 1586 cst
872 1536 974 1589 hoc
999 1537 1153 1590 nobis
1179 1538 1517 1605 mysterium,
1545 1536 1728 1590 videre
1772 1550 1965 1605 panem
2004 1544 2323 1597 mactatum,
2436 1560 2442 1609 ι

2317 1573 2323 1595 ι
2436 1558 2618 1609 μενον,
2653 1539 2787 1592 ἀλλὰ
2830 1538 2922 1591 τὸν
2971 1539 3164 1607 Ἀμνὸν
3201 1537 3291 1590 τοῦ
3343 1536 3500 1599 Θεοῦ,
3550 1536 3641 1590 τὸν
3675 1535 3904 1605 αἴροντα
3936 1535 4004 1603 τῇ

755 1627 849 1679 Sed
888 1628 1097 1692 Agnum
1129 1627 1240 1692 Dei,
1271 1631 1361 1697 qui
1393 1645 1487 1683 sua
1515 1636 1686 1682 urorte
1712 1628 2083 1697 tollitpeccata
2115 1626 2320 1679 mundi.
2435 1654 2442 1683 ε

2315 1664 2320 1676 ι
2435 1635 2620 1703 σφαγῇ
2653 1632 2755 1703 τὴν
2786 1631 3061 1703 ἁμαρτίαν
3086 1631 3179 1683 τοῦ
3211 1630 3439 1699 κόσμου.
3474 1630 3536 1683 Εἰ
3567 1630 3624 1681 δὲ
3650 1627 3782 1683 αὐτὸ
3813 1626 4002 1678 θύεται

757 1718 851 1770 Sin
886 1727 1067 1772 autem
1100 1720 1275 1788 ipsum
1333 1718 1676 1773 Dominicum
1729 1734 1929 1786 corpus
1963 1718 2322 1781 sacriﬁcatur,
2431 1745 2444 1778 ιι

2318 1758 2322 1776 .
2431 1726 2491 1779 τὸ
2524 1725 2804 1795 κυριακὸν
2834 1724 3015 1793 σῶμα,
3053 1723 3288 1793 μάλιστα
3321 1722 3418 1791 μὲν
3446 1722 3566 1775 οὐδὲ
3590 1719 3816 1775 δυνατόν
3838 1736 3849 1747 ·
3884 1718 4005 1771 οὐδὲ

757 1810 857 1861 Ιιοε
913 1818 1058 1861 certe
1090 1826 1156 1863 ne
1191 1811 1305 1863 ﬁeri
1357 1811 1576 1880 quidem
1618 1820 1813 1879 potest.
1857 1808 1974 1864 Non
2011 1812 2153 1863 enim
2201 1825 2323 1863 am-
2432 1836 2444 1850 -

2319 1837 2323 1848 ·
2432 1820 2540 1888 γάρ
2597 1815 2872 1886 σφαγῆναι
2907 1815 3055 1885 ἓτιῆ
3102 1814 3379 1883 πληγῆναι
3430 1814 3688 1875 δύναται,
3728 1812 4006 1880 ἀκήρατον

756 1901 898 1967 ptius
922 1902 1099 1953 occidi
1124 1904 1203 1953 νει
1232 1904 1439 1971 percuti
1476 1912 1671 1971 potest,
1707 1918 1829 1956 cum
1860 1902 1969 1971 jam
2005 1902 2074 1957 ab
2105 1902 2325 1955 interitu
2360 1904 2400 1959 Β
2429 1914 2443 1965 1

2319 1920 2325 1955 ι
2360 1904 2400 1959 Β
2429 1912 2527 1981 ἤδη
2560 1913 2653 1964 καὶ
2690 1910 2958 1963 ἀθάνατον
2993 1909 3309 1978 γενόμενον.
3339 1908 3398 1959 Εἰ
3423 1906 3479 1959 δὲ
3513 1907 3641 1975 ἐξῆν
3674 1922 3726 1957 τι
3757 1903 4006 1956 τοιοῦτον

754 1991 1178 2058 etcorruptiouc
1225 1992 1461 2044 alienum
1501 2001 1549 2045 et
1604 1993 1912 2045 immortale
1941 1989 2191 2045 cﬁ'ectum
2231 1993 2327 2046 sit.
2430 2023 2441 2056 ι

2320 2030 2327 2046 ι
2430 2002 2561 2056 αὐτὸ
2592 2005 2859 2071 ἐνεγκεῖν,
2896 2001 3005 2054 ἔδει
3028 1999 3121 2053 καὶ
3152 2000 3279 2062 τοὺς
3320 1998 3691 2069 σταυροῦντας
3718 1992 3877 2058 εἶναι,
3910 1996 4007 2047 καὶ

755 2080 910 2145 Quod
945 2083 989 2137 si
1026 2084 1138 2137 ﬁeri
1196 2096 1378 2153 posset
1411 2097 1467 2138 ut
1497 2086 1677 2139 adhuc
1728 2085 1933 2154 aliquid
1960 2084 2065 2139 tale
2115 2092 2330 2154 patere-
2429 2114 2442 2147 τ

2321 2112 2330 2125 ’
2429 2096 2599 2150 τᾶλλα
2632 2093 2911 2147 συνελθεῖν
2944 2094 3182 2155 ἄπαντα,
3226 2090 3262 2146 ἃ
3292 2091 3390 2162 τὴν
3421 2090 3613 2143 ουσίαν
3646 2089 3864 2156 ἐκείνην
3893 2089 4008 2154 εἰρ-

758 2182 869 2239 tur,
893 2185 1173 2242 Oporlerel
1225 2191 1344 2232 csse
1381 2187 1433 2230 et
1480 2176 1573 2246 qui
1616 2177 2015 2245 cruciﬁgercnt,
2050 2184 2104 2231 ct
2146 2176 2328 2231 omnia
2429 2204 2445 2256 π

2319 2194 2328 2229 ι
2429 2187 2704 2257 γάσαντοο
2775 2186 2889 2253 εἴγε
2956 2184 3017 2238 ού
3075 2183 3245 2246 τύπος
3308 2184 3543 2251 σφαγῆς,
3617 2180 3755 2233 ἀλλὰ
3821 2180 4006 2246 σφαγῆ

757 2266 862 2320 alia
898 2269 1195 2322 convenire
1228 2285 1343 2338 qua:
1378 2270 1509 2323 illud
1543 2269 1869 2323 sacriﬁcium
1903 2268 2223 2334 cﬁecerunt,
2250 2266 2325 2321 si-
2429 2282 2444 2333 ε

2319 2296 2325 2307 ’
2429 2280 2634 2351 ἀληθὴς
2695 2277 2979 2331 ὑπόκειται
3040 2273 3204 2330 εἶναι.
3258 2275 3491 2328 Ἔπειτα
3538 2272 3656 2333 πῶς
3705 2274 3732 2325 ὁ
3767 2271 4006 2341 Χριστὸς

758 2360 980 2430 quidem
1015 2376 1123 2414 non
1170 2362 1337 2430 ﬁgura
1372 2362 1737 2423 mactatiouis,
1787 2361 1880 2414 sed
1918 2376 2043 2415 vera
2072 2360 2330 2415 mactatio
2430 2374 2445 2428 ε

2321 2378 2330 2412 ⁵
2430 2372 2576 2437 ἄπαξ
2608 2371 2865 2433 ἀπέθανε,
2892 2371 2985 2425 καὶ
3012 2369 3279 2438 ἐγερθεὶς.
3308 2368 3495 2421 οὐκέτι
3525 2365 3883 2434 ἀποθνήσκει,
3911 2365 4008 2415 καὶ

760 2468 884 2507 esse
907 2452 1147 2520 ponitur.
1192 2452 1394 2507 Deinde
1413 2469 1527 2523 quo
1558 2454 1722 2507 modo
1746 2452 2001 2507 Christus
2049 2452 2216 2507 semel
2247 2460 2333 2507 est
2430 2466 2447 2521 ε

2322 2460 2333 2507 ί
2430 2465 2582 2531 ἄπαξ
2626 2464 2829 2518 ἔπαθεν
2864 2466 2957 2516 ἐπὶ
2990 2463 3277 2532 συντελείᾳ,
3323 2461 3417 2513 τοῦ
3453 2459 3672 2524 αἰῶνος,
3717 2457 3811 2509 καὶ
3859 2456 4009 2520 ἄπαξ

763 2555 1035 2609 mortuus,
1098 2556 1151 2600 et
1216 2548 1533 2611 suscitatus,
1592 2562 1700 2601 non
1730 2547 1961 2616 amplius
1995 2546 2245 2611 moritur,
2279 2554 2332 2602 et
2429 2558 2450 2611 )

2326 2560 2332 2601 ἰ
2429 2558 2648 2627 λέγεται
2704 2555 3110 2626 προσενεχθεὶς.
3164 2557 3245 2617 εἰς
3294 2554 3355 2606 τὸ
3419 2551 3632 2604 πολλῶν
3688 2550 4013 2615 ἀνενεγκεῖν

761 2640 927 2692 semel
976 2654 1169 2707 passus
1199 2648 1283 2693 est
1322 2641 1377 2694 in
1414 2640 1887 2695 consummatione
1916 2641 2121 2701 saeculi,
2166 2647 2219 2694 et
2248 2654 2335 2695 εει
2434 2654 2448 2707 ε

2323 2666 2335 2682 ’
2434 2652 2707 2723 ἁμαρτίας
2735 2666 2751 2715 ;
2781 2650 2843 2703 Ei
2873 2650 2981 2719 γὰρ
3012 2647 3133 2702 καθ’
3168 2647 3407 2716 ἑκάστην
3441 2645 3661 2713 τελετὴν
3695 2641 3857 2703 αὐτὸς
3887 2640 4010 2694 06s-

758 2732 864 2787 mcl
905 2732 1106 2787 dicitur
1134 2733 1369 2799 oblatus,
1405 2744 1464 2787 ut
1492 2736 1786 2789 multorum
1823 2745 2043 2803 peccata
2072 2732 2332 2787 offerret?
2432 2761 2445 2796 οι

2321 2732 2332 2785 ί
2432 2761 2545 2807 ται,
2592 2741 2714 2794 καθ’
2749 2740 2987 2807 ἑκάστην
3018 2736 3378 2807 ἀποθνήσκει.
3417 2734 3481 2787 Τί
3529 2733 3623 2787 οὖν
3667 2731 3801 2801 πρὸς
3834 2730 4008 2783 ταῦτα

762 2825 819 2879 Si
849 2828 997 2882 enim
1033 2828 1086 2881 in
1146 2843 1476 2898 unaquaque
1525 2828 1771 2899 mysterii
1812 2827 2182 2883 celebratione
2217 2827 2335 2895 ipse
2434 2836 2449 2889 |

2325 2842 2335 2880 Ξ
2434 2836 2582 2889 ἔστιν
2618 2834 2821 2897 εἱπεῐν;
2860 2830 2927 2885 'H
2957 2828 3115 2883 θυσία
3145 2828 3269 2881 οὔτε
3303 2826 3410 2897 πρὸ
3435 2824 3530 2879 τοῦ
3561 2822 3897 2894 ἀγιασθῆναι
3920 2822 4012 2873 τὸν

760 2918 1121 2985 sacriﬁcatur,
1183 2919 1429 2988 quotidie
1491 2921 1742 2973 moritur.
1765 2918 1903 2985 Quid
1941 2920 2007 2973 ad
2041 2919 2155 2974 haec
2204 2932 2335 2989 ergo
2434 2926 2447 2980 ε

2326 2935 2335 2970 ι
2434 2926 2621 2995 ἄρτον,
2651 2921 2773 2975 οὔτε
2810 2921 2949 2992 μετά
2996 2921 3059 2975 τδ
3094 2918 3426 2989 ἄγιασθῆναι
3462 2914 3720 2981 τελεῖται,
3780 2910 3899 2966 ἀλλ’
3952 2913 4013 2963 ἐν

763 3011 1054 3064 dicendum
1087 3012 1585 3067 cstrSacriﬁcium
1626 3026 1805 3081 neque
1841 3021 2133 3081 antequam
2178 3009 2335 3080 panis
2435 3034 2450 3070 ι

2324 3025 2335 3064 ι
2435 3014 2583 3085 αὐτῷ
2630 3014 2707 3083 τῷ
2763 3011 3109 3081 ἄγιάζεσθαι.
3161 3010 3318 3064 Οὕτω
3358 3010 3471 3080 γάρ
3524 3007 3737 3077 ἀνάγκη
3798 3004 4011 3067 πάντας

762 3104 1153 3170 sanctiﬁcetur,
1215 3119 1394 3173 neque
1450 3114 1740 3174 postquam
1800 3114 1881 3159 cst
1943 3102 2333 3167 sancliﬁcatus,
2438 3126 2449 3161 ι

2320 3145 2333 3167 .
2438 3105 2824 3177 συντηρεῖσθαι
2848 3105 2976 3167 τοὺς
2998 3105 3129 3175 περὶ
3152 3104 3317 3173 αὐτῆς
3340 3099 3765 3171 πιστευομένους
3790 3098 4006 3167 λόγους,

763 3197 1065 3264 peragitur,
1087 3199 1181 3250 sed
1209 3211 1272 3250 eo
1293 3198 1409 3266 ipso
1434 3205 1679 3266 tempore
1701 3212 1806 3266 quo
1826 3196 2220 3251 sanctiﬁcatur.
2244 3194 2333 3248 Sic
2365 3256 2400 3267 _
2436 3218 2450 3252 π

2329 3213 2333 3245 ε
2365 3256 2400 3267 _
2436 3200 2533 3252 καὶ
2568 3197 2773 3267 μηδένα
2802 3196 3044 3249 πίπτειν.
3072 3194 3239 3259 Τίνας
3273 3195 3338 3265 δὴ
3367 3194 3511 3261 λέγω
3542 3192 3770 3259 λόγουςς
3807 3190 3881 3242 Τὺ
3909 3188 4016 3259 τὴν

762 3288 908 3340 enim
958 3302 1181 3343 necesse
1224 3297 1306 3341 est
1354 3288 1539 3341 omnia
1576 3302 1700 3358 qua:
1752 3287 1820 3341 de
1865 3286 1977 3341 Deo
2013 3287 2330 3350 creduntur,
2357 3256 2403 3322 ο
2439 3296 2449 3346 ι

2327 3256 2403 3343 .C
2439 3256 2644 3348 θυσίαν.
2683 3290 2890 3361 ταύτην
2948 3290 3022 3359 μὴ
3062 3256 3244 3343 εἰκόνα
3291 3256 3386 3343 καὶ
3414 3256 3581 3341 τύπον
3610 3256 3761 3339 εἷναι
3793 3256 4014 3347 θυσίας,

764 3380 1097 3442 conservari,
1125 3390 1176 3434 et
1208 3380 1342 3434 nihil
1374 3381 1601 3435 omnino
1636 3380 1910 3436 excidere.
1951 3379 2211 3445 Quaenam
2239 3392 2336 3431 au-
2436 3388 2451 3439 ε

2326 3405 2336 3417 '
2436 3384 2572 3439 ἀλλά
2603 3383 2797 3437 θυσίαν
2844 3382 3127 3450 ἀληθινὴν,
3172 3380 3231 3434 τὸ
3267 3379 3342 3451 μὴ
3389 3380 3551 3449 ἄρτον
3587 3371 3729 3430 εἶναι
3759 3375 3820 3429 τὸ
3848 3375 4013 3427 τεθυ-

768 3482 872 3525 lem
905 3488 967 3527 ea
999 3473 1164 3527 sunt?
1220 3473 1556 3527 Sacriﬁcium
1588 3475 1689 3527 hoc
1734 3484 1845 3528 n‘on
1876 3488 1997 3528 esse
2040 3472 2333 3541 imaginem
2439 3495 2455 3545 ι

2325 3488 2333 3524 ι
2439 3476 2623 3545 μένον,
2656 3473 2772 3527 ἀλλ’
2798 3472 2931 3526 αὐτὸ
2958 3471 3019 3523 τὸ
3048 3468 3145 3522 τοῦ
3172 3468 3407 3539 Χριστοῦ
3430 3468 3494 3522 τὸ
3522 3466 3682 3537 σῶμα
3702 3482 3714 3495 ·
3750 3467 3843 3517 καὶ
3871 3464 4012 3533 πρὸς

764 3575 819 3618 et
851 3565 1076 3633 ﬁguram
1140 3566 1417 3630 sacriﬁcii,
1450 3566 1543 3621 sed
1578 3581 1764 3620 verum
1824 3564 2193 3627 sacriﬁcium;
2226 3578 2333 3618 non
2435 3586 2451 3621 ι

2324 3580 2333 3616 I
2435 3574 2668 3631 τούτοις.
2712 3566 2775 3619 τὸ
2822 3565 2952 3635 μίαν
3003 3558 3145 3617 εἶναι
3198 3564 3300 3632 τὴν
3345 3562 3438 3615 τοῦ
3505 3558 3704 3629 ’Δμνοῦ
3734 3558 3829 3613 τοῦ
3870 3557 4011 3611 Θεοῦ

765 3673 887 3713 esse
916 3673 1111 3727 panem
1144 3658 1192 3713 id
1217 3659 1362 3728 quod
1395 3658 1764 3724 sacrilicatur,
1799 3659 1892 3713 sed
1926 3658 2105 3727 ipsum
2132 3654 2336 3711 Christi
2436 3664 2452 3716 ι

2325 3654 2336 3709 Ῐ
2436 3662 2649 3720 θυσίαν,
2674 3660 2768 3713 καὶ
2802 3658 2952 3723 ἅπαξ
2974 3656 3372 3727 γεγενημένην.
3398 3655 3507 3709 Καὶ
3535 3653 3751 3723 πρῶτον
3781 3652 4012 3719 ἴδωμεν.

767 3766 968 3818 corpus
998 3791 1013 3815 ,
1049 3760 1105 3804 et
1134 3760 1394 3819 praeterea
1419 3765 1587 3803 unum
1612 3764 1732 3805 esse
1756 3749 1889 3819 Λειιὶ
1909 3747 2255 3811 sacriﬁcium,
2284 3754 2339 3802 ει
2436 3772 2454 3808 ε

2329 3755 2339 3802 ι
2436 3757 2485 3808 εἰ
2515 3754 2590 3825 μὴ
2618 3753 2810 3815 τύπος,
2844 3749 2978 3803 ἀλλὰ
3008 3750 3243 3820 πρᾶγμα
3268 3747 3462 3810 θυσίας
3488 3748 3521 3817 ή
3543 3744 3755 3814 τελετή.
3776 3742 3875 3805 Τίς
3900 3742 4016 3808 γὰρ

766 3844 910 3910 quod
934 3842 1097 3897 smne]
1122 3840 1328 3895 factum
1348 3850 1448 3897 est.
1478 3840 1540 3895 Et
1570 3841 1802 3909 primum
1826 3839 2126 3905 videmnus,
2139 3855 2207 3894 an
2229 3854 2336 3894 non
2437 3848 2453 3900 ει

2327 3856 2336 3893 I
2437 3844 2586 3917 ὴτοῦ
2630 3843 2906 3914 προϐάτου
2958 3840 3137 3905 θυσία,
3182 3841 3219 3911 ἡ
3259 3839 3369 3894 ἀπὸ
3411 3838 3507 3892 τοῦ
3554 3837 3632 3908 μὴ
3660 3835 4014 3905 ισφαγμένου

770 3936 963 4003 ligula,
1014 3934 1107 3988 sed
1149 3933 1327 4003 reipsa
1359 3934 1685 3989 sacriﬁcium
1716 3933 2047 4005 sitmysterii
2094 3931 2336 3987 celebra-
2436 3957 2457 3992 ς

2329 3960 2336 3971 ·
2436 3939 2654 3999 πάντως
2693 3937 2772 3997 είς
2800 3935 2859 3987 τὸ
2892 3933 3236 4002 ἐσφαγμένον
3268 3929 3563 4001 μεταϐολὴ,
3591 3928 3750 3981 τοῦτο
3788 3930 3884 3980 καὶ
3922 3928 4016 3979 δν-

771 4027 863 4080 tio.
889 4023 1043 4089 Quod
1061 4025 1203 4077 enim
1227 4034 1312 4078 est
1336 4026 1455 4078 ovis
1473 4022 1824 4087 sacriﬁcium,
1844 4038 1967 4091 qua:
2010 4023 2076 4075 ab
2096 4036 2160 4075 eo
2193 4019 2335 4091 quod
2435 4047 2458 4083 τ

2323 4019 2335 4073 Ι
2435 4026 2879 4095 ταῦθα,γίνεται.
2920 4023 2982 4079 ’0
3016 4023 3125 4094 γὰρ
3158 4021 3318 4093 ἄρτος
3345 4020 3541 4083 ἄθυτος
3570 4018 3647 4072 ὣν
3678 4017 4010 4086 μεταϐάλλει

770 4134 875 4173 non
903 4126 985 4173 est
1005 4118 1228 4171 omnino
1248 4116 1490 4172 occisum
1519 4117 1571 4169 in
1597 4116 1838 4171 occisum
1873 4114 1933 4168 ﬁt
1956 4112 2206 4175 mutatio,
2234 4112 2337 4166 hoc
2437 4140 2457 4173 τ

2321 4126 2337 4166 3
2437 4124 2558 4173 τότε
2606 4120 2686 4180 είς
2716 4117 2777 4170 τὺ
2811 4114 3129 4184 τεθυμένον.
3173 4112 3517 4168 Μεταϐάλλει
3563 4112 3672 4181 γὰρ
3700 4109 3807 4163 ἀπὸ
3837 4109 4008 4178 ἄρτου

769 4210 932 4261 etiam
978 4209 1064 4263 hic
1109 4207 1186 4262 ﬁt.
1238 4206 1405 4261 Panis
1452 4206 1599 4261 enim
1633 4207 1726 4276 qui
1774 4216 1859 4261 est
1911 4202 2332 4265 insacriﬁcatus,
2441 4230 2456 4283 γ

2326 4242 2332 4265 ι
2441 4212 2515 4283 μὴ
2563 4210 2907 4279 ἐσφαγμένου
2958 4210 3037 4271 είς
3084 4206 3220 4261 αὐτὸ
3268 4204 3331 4259 τὸ
3360 4204 3525 4275 σῶμα
3567 4202 3665 4255 τοῦ
3713 4202 3921 4272 Κυρίου
3949 4202 4013 4253 τ’)

770 4308 1014 4353 mutatur
1039 4310 1169 4352 tunc
1196 4298 1249 4351 iu
1283 4297 1335 4351 id
1372 4300 1515 4367 quod
1544 4306 1629 4352 est
1673 4297 2062 4352 sacriﬁcatum.
2090 4294 2337 4348 Mutatur
2439 4321 2457 4357 ε

2323 4309 2337 4346 Γ
2439 4303 2645 4371 σφαγὶν
2668 4300 2901 4369 ἀληθῶς.
2941 4298 3105 4351 ὐθεν
3133 4297 3385 4367 καθάπερ
3414 4295 3507 4348 ἐπὶ
3536 4292 3632 4348 τοῦ
3668 4292 3945 4363 προϐάτου
3972 4293 4010 4359 ἡ

768 4392 913 4444 enim
950 4406 979 4443 a
1012 4405 1151 4456 pane
1182 4404 1290 4443 non
1324 4396 1562 4442 mactato
1596 4389 1649 4441 in
1677 4388 1855 4457 ipsum
1877 4403 2079 4455 corpus
2108 4387 2336 4451 Christi,
2442 4413 2455 4464 γ

2321 4424 2336 4451 ν
2442 4392 2713 4464 μεταϐολὴ
2769 4392 2964 4444 θυσίαν
3002 4388 3222 4460 ἀληθῶς
3270 4386 3585 4457 ἐργάζεται,
3615 4385 3760 4439 οὕτω
3787 4385 3881 4437 καὶ
3920 4387 4008 4436 ὲν-

768 4486 915 4553 quod
961 4498 1086 4537 vere
1136 4491 1429 4535 mactatum
1480 4490 1582 4534 est.
1621 4478 1771 4535 Unde
1795 4479 2249 4549 quemadmodum
2282 4479 2333 4531 in
2436 4503 2455 4538 ιι

2325 4495 2333 4530 |
2436 4484 2752 4547 ταῦθα,διὰ
2811 4482 2911 4553 τὴν
2969 4480 3301 4551 μεταϐολὴν,
3356 4478 3520 4532 θυσία
3569 4477 3629 4531 τι
3677 4474 4012 4545 τελούμενον

770 4589 871 4626 ove
929 4572 1180 4635 Munatio,
1235 4587 1359 4625 vere
1403 4572 1730 4625 sacriﬁcium
1778 4579 2039 4640 operatur
2074 4588 2087 4623 :
2119 4569 2193 4622 ita
2225 4569 2333 4638 jam
2368 4578 2457 4658 De

2329 4590 2333 4620 |
2368 4599 2415 4658 ι)
2441 4576 2638 4647 ἀληθές
2664 4593 2677 4607 ·
2726 4574 3052 4645 μεταϐάλλει
3106 4572 3214 4642 γάρ
3249 4572 3351 4624 ούκ
3395 4572 3476 4632 εἰς
3516 4569 3707 4631 τύπον,
3762 4567 3881 4619 ἀλλ’
3929 4569 4016 4629 εἰς

772 4667 857 4718 hic
885 4675 1105 4735 propter
1162 4667 1301 4718 hanc
1334 4666 1689 4718 mutationem
1738 4664 1802 4717 id‘
1835 4664 1978 4733 quod
2037 4663 2331 4731 peragitur,
2441 4688 2459 4722 ιι

2324 4701 2331 4723 ι
2441 4672 2674 4741 πρᾶγμα
2728 4667 2978 4738 σφαγῆς,
3022 4667 3102 4729 είς
3150 4664 3283 4719 αὐτὸ
3341 4663 3402 4716 τὸ
3440 4662 3599 4733 σῶμα
3659 4660 3753 4712 τοῦ
3799 4660 4011 4730 Κυρίου

770 4773 956 4809 verum
990 4765 1073 4810 cst
1103 4756 1431 4810 sacriﬁcium
1465 4771 1481 4820 ;
1511 4764 1755 4809 mutatur
1801 4755 1944 4807 cnim
1983 4768 2087 4806 non
2121 4754 2171 4805 in
2199 4751 2336 4820 ﬁgu-
2438 4778 2457 4814 ιι

2325 4779 2336 4792 ’
2438 4761 2501 4814 τὸ
2533 4746 2852 4827 τεθυμένον.
2900 4756 3042 4810 Ἀλλ’
3086 4756 3137 4810 εί
3187 4755 3287 4824 μὶν
3340 4754 3507 4824 ἄρτος
3565 4752 3746 4823 μένων
3786 4752 4012 4819 ἐγένετο

772 4867 911 4912 ram,
975 4850 1070 4903 sed
1129 4848 1180 4903 in
1244 4864 1356 4903 rem
1395 4848 1762 4909 mactationis,
1818 4849 1869 4901 in
1923 4847 2100 4915 ipsum
2135 4858 2336 4913 corpus
2438 4869 2459 4905 οι

2322 4859 2336 4898 5
2438 4850 2755 4919 τεθυμένος,
2792 4850 2820 4902 ὁ
2852 4848 3016 4918 ἄρτος
3040 4845 3106 4899 ἄν
3139 4840 3209 4917 ἦν
3250 4845 3279 4897 ὁ
3311 4845 3605 4915 δεξάμενος
3636 4843 3735 4913 τὴν
3767 4843 4009 4912 σφαγὴν,

771 4941 977 4994 Christi
1008 4939 1151 5005 quod
1182 4940 1551 4994 sacriﬁcatum
1580 4948 1683 4992 est.
1720 4937 1829 4992 Sed
1853 4937 1898 4991 si
1930 4937 2088 5005 panis
2112 4934 2333 5004 quidem
2439 4963 2458 4999 ,

2327 4952 2333 4987 |
2439 4946 2535 4999 καὶ
2566 4940 2635 5015 ἦν
2664 4942 2731 4996 ἂν
2764 4943 2796 5012 ἡ
2826 4940 3009 5009 σφαγὴ
3040 4939 3160 4992 τότε
3191 4938 3358 5009 ἄρτου
3398 4937 3581 4991 θυσία.
3628 4936 3781 4989 Ἐπεὶ
3814 4936 3870 4989 δὲ
3903 4938 4014 5006 ἄμ-

771 5051 999 5089 manens
1019 5035 1209 5090 fuisset
1227 5036 1583 5101 sacriﬁcatus,
1605 5034 1760 5101 panis
1782 5042 1925 5087 esset
1944 5032 2035 5101 qui
2057 5030 2339 5085 mactatio-
2440 5054 2458 5103 ς

2327 5058 2339 5070 ·
2440 5035 2644 5103 φότερα
2683 5031 3010 5102 μετεϐλήθη,
3055 5032 3150 5084 καὶ
3176 5030 3235 5082 τὸ
3263 5028 3460 5083 ἄθυτον
3494 5029 3592 5082 καὶ
3620 5030 3648 5081 ὁ
3677 5028 3860 5096 ἄρτος,
3916 5028 4014 5079 καὶ

774 5144 895 5182 nem
930 5128 1190 5197 suscepit,
1221 5137 1275 5181 ct
1306 5127 1498 5181 fuisset
1518 5126 1773 5180 mactatio
1796 5133 1922 5178 tunc
1943 5123 2100 5193 panis
2126 5120 2337 5176 sacriﬁ-
2439 5144 2461 5195 γ

2325 5150 2337 5162 -
2439 5129 2667 5195 γέγονεν
2700 5125 2824 5178 ἀντὶ
2856 5124 2958 5195 μὲν
2990 5122 3193 5177 ἀθύτου
3234 5121 3555 5188 τεθυμένος,
3592 5120 3713 5175 ἀντὶ
3742 5120 3799 5174 δὲ
3837 5121 4012 5190 ἄρτου

772 5221 939 5273 rium.
973 5220 1242 5284 Quoniam
1272 5226 1695 5287 autemntraque
1726 5226 1928 5270 mutata
1953 5223 2102 5279 sunt,
2122 5223 2169 5267 ct
2196 5213 2341 5266 insa-
2439 5237 2459 5271 ς

2330 5240 2341 5252 ·
2439 5220 2500 5271 τὸ
2533 5220 2691 5288 σῶμα
2721 5216 3088 5285 Χριστοῦ,διά
3127 5212 3287 5268 τοῦτο
3318 5216 3349 5285 ἠ
3380 5216 3565 5284 σφαγὴ
3599 5213 3787 5283 ἐκείνη
3817 5213 3918 5266 οὐκ
3952 5214 4017 5265 ὲν

772 5311 1071 5365 criﬁcatum
1097 5321 1148 5364 ct
1186 5313 1363 5379 panis,
1394 5320 1448 5362 et
1481 5309 1658 5362 factus
1701 5318 1780 5362 est
1826 5324 1923 5377 pm
1974 5304 2345 5361 insacriﬁcato
2440 5328 2459 5362 σε

2327 5319 2345 5356 ι
2440 5310 2516 5378 τῷ
2546 5309 2714 5380 ἄρτῳ,
2757 5308 2871 5361 ἀλλ’
2914 5309 2988 5371 ὡς
3040 5311 3099 5361 ἐν
3144 5307 3492 5377 ὑποκειμένῳ
3543 5307 3894 5376 θεωρουμένη
3930 5305 4014 5374 τῷ

772 5406 984 5469 quidem
1013 5403 1376 5466 sacriﬁcatus,
1397 5416 1495 5468 pro
1528 5416 1666 5469 pane
1690 5411 1870 5453 autem
1896 5412 2095 5467 corpus
2112 5395 2335 5459 Christi,
2444 5422 2459 5456 ε

2323 5436 2335 5459 ν
2444 5403 2656 5473 σώματι
2690 5402 2783 5455 τοῦ
2815 5401 3149 5471 Χριστοῦ,ού
3180 5400 3274 5454 τοῦ
3297 5400 3487 5470 ἄρτου,
3509 5399 3643 5453 ἀλλά
3663 5398 3758 5451 τοῦ
3799 5398 4010 5466 Ἀμνοῦ

775 5496 1053 5564 prbpterea
1081 5493 1339 5546 mactatio
1363 5492 1451 5545 illa
1473 5506 1579 5546 non
1608 5492 1659 5543 in
1679 5505 1837 5564 pane,
1870 5490 1967 5543 sed
2000 5496 2257 5554 tanquam
2283 5487 2345 5539 in.
2438 5514 2462 5548 τ

2326 5502 2345 5539 Ι·
2438 5495 2535 5548 τοῦ
2585 5494 2721 5546 Θεοῦ
2783 5494 2941 5546 ουσία
2991 5494 3086 5546 καὶ
3139 5493 3253 5545 ἔστι
3313 5495 3408 5546 καὶ
3470 5491 3708 5559 λέγεται.
3767 5491 4013 5557 Φανερὸν

773 5586 1015 5651 subjecto
1044 5584 1409 5647 considerata,
1434 5598 1662 5651 corpore
1683 5562 1904 5645 Christi,
1924 5596 2026 5633 non
2052 5578 2225 5648 panis,
2245 5579 2335 5632 sed
2439 5587 2460 5638 ε

2327 5579 2335 5630 Ι
2439 5586 2495 5638 δὲ
2528 5588 2608 5639 ὃτι
2634 5584 2837 5638 τούτων
2861 5584 3258 5651 ὑποκειμένων,
3289 5583 3440 5649 οἰδὲν
3468 5581 3770 5649 ἀναγκάζει
3805 5581 4014 5645 πολλὰς

772 5677 907 5745 Agni
931 5676 1019 5730 Dei
1047 5674 1377 5729 sacriﬁcium
1400 5684 1454 5727 ct.
1474 5684 1555 5728 cst
1583 5675 1871 5728 ctdicitur.
1897 5672 2115 5727 Clarum
2141 5684 2220 5727 est
2239 5690 2334 5726 au-
2440 5694 2459 5743 η

2325 5701 2334 5713 ι
2440 5676 2684 5743 γίνεσθαι
2719 5677 2816 5737 τὰς
2862 5677 3231 5745 προσαγωγὰς
3269 5674 3358 5727 τοῦ
3406 5673 3686 5743 Κυριακοῦ
3727 5673 4012 5742 σώματος.

776 5784 880 5822 tem
901 5769 1044 5837 quod
1066 5767 1148 5820 his
1188 5767 1400 5835 positis,
1430 5766 1560 5819 nihil
1606 5782 1825 5820 necesse
1866 5774 1949 5818 est
1987 5766 2184 5819 multas
2223 5766 2335 5817 ﬁeri
2453 5770 2463 5789 ‘

2327 5766 2335 5817 i
2453 5768 2608 5821 Ἐπεὶ
2641 5769 2815 5837 γὰρὴ
2863 5769 3025 5821 θυσία
3066 5770 3202 5837 αὐτὴ
3237 5768 3472 5835 γίνεται,
3519 5768 3579 5820 οὗ
3630 5768 4014 5836 σφαττομένου

773 5863 1072 5917 oblationes
1099 5862 1339 5927 corporis
1376 5860 1753 5927 Domini.Quia
1779 5859 1920 5915 enim
1946 5859 2002 5913 ﬁt
2036 5858 2137 5913 hoc
2163 5860 2335 5914 sacti-
2442 5878 2460 5912 τ

2331 5889 2335 5898 ›
2442 5859 2741 5929 τηνικαῦτα
2771 5860 2859 5912 τοῦ
2899 5858 3121 5929 ’Δμνσῦ,
3169 5860 3301 5913 ἀλλὰ
3344 5859 3433 5913 τοῦ
3466 5860 3631 5931 ἄρτου
3671 5858 4018 5929 μεταϐαλλο-
