4272 6446
290 412 401 475 4i!

1498 423 1785 485 Ll'l‘UBG
1805 424 1895 484 ΙᾸΞ
1928 425 2023 483 EX
2042 426 2358 491 POSl'l‘lO.

3445 431 3554 500 “2

294 528 464 596 μένου
498 526 576 588 είς
604 524 693 578 τὸν
728 528 1008 594 σιραγέντα
1047 529 1263 611 Ἀμιιὶν,
1308 534 1571 602 πρόδηλον
1602 538 1675 598 ὼς
1709 540 1739 604 ή
1772 542 1870 605 μὲν
1909 545 1947 595 Α

1863 556 1870 584 ν
1909 545 1947 595 Δ
1982 538 2185 604 ﬁcium,
2220 542 2372 611 Agun
2408 560 2511 597 non
2545 553 2675 597 tunc
2710 544 2919 607 occiso,
2946 545 3037 598 sed
3088 560 3223 601 taue
3257 556 3466 600 mutato
3495 550 3550 601 in

296 617 576 687 μεταϐολὴ
607 618 841 685 γίνεται,
874 623 905 689 ἡ
939 621 994 673 δὲ
1024 608 1220 693 οφαγὴθ
1262 622 1321 677 οὐ
1355 627 1563 693 γίνεται
1594 631 1738 691 τότε,
1781 634 1873 683 καὶ

289 708 440 764 οὕτω
470 711 533 763 τὸ
570 710 669 779 μὲν
707 712 1204 783 μεταϐαλλόμενον,
1242 718 1431 779 πολλὰ,
1489 723 1581 773 καὶ
1628 724 1656 790 ἠ
1714 740 1875 782 μετα-

291 806 429 875 δολὴ
478 805 774 866 πολλάκις·
824 806 885 857 τὸ
935 807 993 859 δὲ
1050 812 1127 870 εἰς
1167 810 1194 862 ὃ
1244 814 1662 878 μεταόάλλεεαι,
1720 816 1872 867 οὐδὲν

291 899 523 961 κωλύει,
554 895 738 949 ἕν’καὶ
768 896 825 949 τὸ
857 898 989 951 αὐτὸ
1017 897 1178 967 εἶναι,
1217 904 1469 972 καθάπερ
1506 906 1665 971 σῶμα
1691 907 1747 958 ἓν
1781 910 1873 959 καὶ

297 992 480 1054 οὕτως
522 990 616 1043 τοῦ
669 993 925 1059 σώματος
960 993 1173 1063 σφαγὴν
1211 996 1489 1064 μίαν.Καὶ
1535 998 1705 1051 ταῦτα
1777 1000 1873 1067 μὲν

293 1101 362 1135 πε
374 1083 431 1152 pi.
460 1082 685 1135 τούτων.

894 1180 1139 1233 ΚΕΦΛΛ.
1186 1180 1306 1231 Al".

294 1272 441 1338 Rep}
477 1274 595 1329 τῶν
617 1276 767 1345 μετὰ
812 1276 925 1340 τὴν
966 1277 1190 1327 θιισιάν
1226 1275 1444 1342 εὐχῶν,
1474 1278 1567 1328 καὶ
1602 1277 1689 1339 τίς
1718 1279 1749 1329 ὀ
1771 1278 1872 1328 λό-

371 1360 480 1409 γος
518 1348 647 1400 καθ’
684 1347 751 1398 ὃν
807 1347 1069 1399 ἐνταῦθα
1100 1347 1462 1410 μνημονεύει
1495 1345 1612 1397 τῶν
1666 1346 1872 1411 ἁγίων,

370 1416 472 1467 καὶ
519 1416 630 1482 τῆς
672 1418 981 1483 Παναγίας
1026 1415 1359 1481 ἐξαιρέτως.

398 1508 442 1558 0
473 1508 528 1559 ίὲ
565 1510 761 1578 ἱερεὺς,
790 1510 883 1574 τῖς
909 1508 1097 1570 θυσίας
1129 1507 1499 1573 τελεσθείσης,
1548 1510 1641 1561 καὶ
1674 1510 1735 1561 τὸ
1766 1510 1875 1559 ἐνέ-

291 1611 467 1662 χυρον
539 1596 639 1663 τῆς
703 1598 796 1649 τοῦ
858 1598 995 1649 Θεοῦ
1050 1598 1460 1667 φιλανθρωπίας
1518 1600 1875 1668 προκείμενον

291 1688 579 1751 optim,th
617 1689 814 1757 ’Apubv
839 1690 1028 1749 αὐτοῦ,
1064 1692 1137 1752 ὼς
1180 1690 1279 1759 ἤδη
1325 1691 1418 1741 τοῦ
1462 1690 1682 1757 μεσίτου
1719 1692 1877 1744 λαϐὸ-

296 1794 488 1844 μενος,
526 1780 619 1831 καὶ
662 1781 781 1845 μεθ’
811 1780 1004 1833 ἑαυτοῦ
1046 1780 1134 1833 τὸν
1166 1784 1518 1849 παράκλητον
1553 1782 1713 1849 ἔχων,
1740 1799 1877 1848 γνω-

297 1870 445 1936 ρίζει
492 1873 559 1922 τὰ
593 1873 788 1924 ἑαυτοῦ
820 1875 1100 1941 αίτήμστα
1135 1872 1269 1944 πρὸς
1296 1873 1390 1926 τὸν
1417 1874 1569 1938 Θεὸν,
1606 1876 1756 1943 ἐκχεῖ
1778 1876 1876 1944 τὴν

1980 630 2191 697 Agnum
2232 634 2494 697 occisum,
2531 636 2735 688 clarum
2780 646 2858 688 est
2892 636 3036 705 quod
3082 635 3138 688 lit
3165 638 3382 703 quidem
3436 654 3551 690 mn-

1984 727 2140 786 tatio.
2163 728 2252 780 sed
2286 742 2391 780 non
2425 739 2555 782 tunc
2592 729 2647 782 lit
2674 730 2879 783 occisio
2918 749 2930 783 :
2975 738 3028 783 et
3056 729 3136 782 sic
3173 729 3221 781 id
3251 731 3392 796 quod
3433 746 3552 782 mu-

1984 826 2132 868 tatur
2160 819 2398 883 quidem,
2431 819 2618 881 mum,
2651 828 2702 871 et
2738 820 2963 873 nnnatio
2997 834 3171 886 srrpe;
3199 818 3249 870 id
3281 831 3461 871 autem
3496 822 3552 873 in

1978 910 2118 978 quod
2153 920 2390 963 mutatur
2435 912 2567 965 nihil
2600 911 2847 980 prohibet
2893 928 3061 965 unum
3090 921 3145 964 et
3186 912 3327 967 idem
3374 927 3495 965 esse
3532 954 3545 974 ,

1978 1002 2118 1055 sicut
2146 1018 2311 1056 unum
2339 1016 2558 1071 corpus,
2620 1002 2689 1056 ita
2724 1004 2888 1056 etiam
2918 1004 3255 1057 occisionem
3299 1005 3547 1071 corporis

1985 1110 2170 1148 unam.
2206 1095 2269 1149 Et
2292 1096 2406 1149 haec.
2432 1096 2647 1164 quidem
2680 1097 2746 1150 de
2774 1097 2879 1150 his.

2544 1187 2693 1241 CAP,
2733 1186 2979 1241 XXXIII.

1984 1278 2057 1332 De
2117 1281 2443 1333 orationibus
2510 1289 2627 1347 post
2677 1281 3022 1347 sacriﬁcium,
3082 1289 3131 1331 et
3177 1296 3417 1348 quanam
3474 1292 3551 1331 est

2052 1352 2239 1408 Oratio.
2273 1364 2481 1416 propter
2526 1366 2683 1417 quam
2718 1350 2800 1401 hic:
2833 1351 3068 1402 meminit
3124 1362 3448 1415 sanctorum,
3503 1362 3550 1401 et

2052 1422 2312 1487 prmcipne
2341 1420 2722 1474 Sanctissimw.

2055 1510 2321 1561 Sacerdos
2348 1521 2547 1571 autem,
2571 1520 2786 1575 peracto
2820 1512 3119 1571 sacriﬁcio,
3151 1523 3199 1565 et
3230 1512 3424 1580 pignus
3461 1514 3548 1564 Dei

1985 1601 2331 1669 benignitatis
2382 1602 2585 1667 videns,
2635 1605 2843 1670 Agnqu
2876 1604 2993 1669 ejus
3027 1606 3387 1672 propositum,
3425 1616 3548 1659 tan-

1982 1705 2142 1757 quam
2171 1691 2281 1757 jam
2331 1691 2693 1744 intercessore
2750 1702 2992 1760 accepto,
3029 1704 3081 1747 et
3110 1710 3291 1748 secum
3345 1697 3551 1751 habens

1982 1780 2325 1843 adrncatum,
2361 1789 2514 1832 notas
2564 1780 2693 1835 facit
2731 1797 2857 1835 suas
2893 1785 2957 1837 ad
3015 1784 3182 1838 Deum
3223 1788 3550 1854 petitiones;

1983 1869 2207 1924 ell‘undit
2243 1888 2429 1940 preces
2453 1888 2576 1925 cum
2612 1873 2749 1927 bona
2775 1875 2883 1943 jam
2912 1886 2963 1928 et
2997 1877 3147 1929 lirma
3179 1892 3306 1945 spe;
3336 1889 3387 1932 et
3417 1897 3554 1947 qun-

292 1961 491 2031 δέησιν
525 1964 663 2031 μετὰ
695 1966 941 2034 χρηστῆς
974 1966 1072 2036 ἤδη
1114 1968 1208 2019 καὶ
1241 1967 1466 2036 βεϐαίας
1503 1968 1737 2032 ἐλπίδος,
1786 1971 1879 2020 καὶ
1917 1973 1954 2025 Β

1868 1978 1879 2020 ι
1917 1973 1954 2025 Β
1986 1981 2128 2025 rum,
2165 1981 2331 2033 panes
2386 1982 2716 2035 proponens,
2746 1971 3011 2036 meminit,
3072 1983 3125 2025 ct
3197 1989 3293 2041 pro
3355 1976 3555 2042 quibus

291 2049 373 2107 ὧν
406 2058 693 2124 προτιθεὶς
734 2060 825 2112 τὸν
869 2061 1035 2130 ἄρτον
1068 2062 1341 2133 ἐμνήσθη,
1373 2064 1465 2116 καὶ
1506 2063 1643 2133 ὑπὲρ
1675 2056 1750 2116 ὧν
1779 2062 1876 2126 τὰς

291 2150 655 2217 προτελείους
712 2153 878 2222 εὐχὰς
926 2155 1241 2226 ἐποιήσατο,
1295 2158 1388 2209 καὶ
1426 2158 1492 2209 τὰ
1525 2156 1673 2226 δῶρα
1710 2174 1879 2225 προσ-

291 2243 529 2309 ήνεγκε,
588 2243 683 2295 καὶ
739 2245 1141 2316 προσδεχθῆναι
1199 2248 1373 2300 ταῦτα
1426 2249 1656 2312 ἱκέτευε,
1708 2248 1882 2303 ταῦτα

290 2332 709 2401 προσδεχθέντα
738 2334 958 2405 εὐχεται
993 2338 1071 2399 είς
1116 2337 1278 2405 ἔργον
1326 2338 1617 2408 προϐῆναι.
1649 2336 1784 2390 Τίνα
1824 2337 1880 2389 δὲ

288 2422 510 2487 ταῦτα;
545 2425 717 2477 Κοινὰ
738 2426 835 2478 καὶ
868 2424 1003 2491 {iam
1032 2429 1126 2480 καὶ
1160 2428 1476 2490 ἀπελθοῦσι,
1510 2432 1569 2481 τὸ
1598 2428 1695 2499 τὴν
1720 2429 1881 2499 χάριν

287 2519 897 2589 ᾲντικαταπεμφθῆναι
951 2522 1074 2588 ἀντὶ
1114 2520 1224 2574 τῶν
1266 2520 1452 2589 δώρων
1486 2521 1637 2591 παρὰ
1668 2520 1763 2573 τοῦ
1796 2521 1880 2575 δε-

290 2609 546 2678 ξαμένου
582 2612 757 2666 ταῦτα
791 2612 925 2666 Θεοῦ
949 2629 962 2644 ⁶
1002 2614 1107 2685 ίδίᾳ
1153 2614 1207 2667 δὲ
1254 2617 1365 2677 τοῖς
1419 2614 1518 2683 μὲν
1556 2615 1877 2681 ἀπελθοῦσι,

290 2702 495 2772 ψυχῶν
538 2704 868 2768 ἀνάπαυσιν,
904 2704 999 2758 καὶ
1034 2704 1311 2774 βασιλείας
1343 2706 1708 2774 κληρονομίαν
1741 2704 1884 2775 μετὰ

292 2793 413 2847 τῶν
442 2794 886 2861 τετελειωμένων
936 2796 1140 2864 ἁγίων·
1176 2800 1288 2859 τοῖς
1328 2797 1384 2849 δὲ
1416 2796 1572 2860 ζῶσι.
1609 2797 1669 2851 τὸ
1719 2814 1885 2865 μετα-

294 2892 459 2957 σχεῖν
517 2892 617 2959 τῆς
691 2890 847 2958 ἱερᾶς
897 2888 1202 2959 τραπέζης,
1252 2892 1344 2943 καὶ
1396 2890 1743 2961 ἁγιασθῆναι,
1790 2890 1886 2943 καὶ

296 2978 519 3047 μηδένα
553 2981 632 3040 είς
664 2979 845 3048 κρίμα
879 2983 1206 3050 μετασχεῖν·
1243 2981 1437 3048 ἄφεσιν
1466 2982 1772 3050 ἁμαρτιῶν,
1804 2984 1884 3035 εί-

294 3074 505 3141 ρήνην,
564 3073 892 3141 εὐετηρίαν,
955 3072 1226 3142 χορηγίαν
1277 3072 1384 3124 τῶν
1441 3074 1778 3139 ἀναγκαίων,
1822 3074 1884 3126 τὸ

290 3164 641 3227 τελευταῖον,
676 3164 958 3235 βασιλείας
980 3166 1167 3231 ἀξίους
1198 3166 1433 3236 φανῆναι
1465 3167 1613 3237 παρά
1642 3168 1718 3238 τῷ
1739 3168 1883 3238 Θεῷ.

309 3258 476 3312 Ἐπεὶ
514 3258 571 3310 δὲ
611 3258 672 3310 οὐ
717 3259 882 3327 μόνον
924 3259 1131 3322 ίκέσιος
1181 3259 1322 3330 αὐτὴ
1354 3261 1387 3330 ἡ
1421 3262 1762 3331 προσαγωγη
1788 3264 1884 3333 τῆς

296 3351 525 3413 θυσίας,
550 3350 689 3404 ἀλλὰ
713 3352 808 3403 καὶ
834 3354 1210 3421 χαριστήριος,
1235 3354 1486 3425 καθάπερ
1524 3357 1581 3407 έν
1613 3357 1724 3418 τοῖς
1756 3372 1885 3424 προσ

293 3441 507 3509 οιμίοις
538 3440 637 3511 τῆς
673 3441 898 3509 τελετῆς
919 3482 934 3505 ,
971 3443 1186 3512 ἡνίκαό
1209 3442 1390 3513 ίερείις
1418 3443 1491 3507 ὼς
1522 3444 1673 3513 δῶρα
1701 3444 1889 3497 ἀνατί-

295 3534 433 3601 θησι
485 3532 565 3602 τῷ
601 3532 723 3603 Θεῷ
774 3535 1193 3604 προσαγόμενα,
1242 3536 1337 3588 καὶ
1385 3536 1486 3604 τὴν
1527 3536 1887 3606 εὐχαριστίαν

294 3624 567 3695 ἐμφαίνει
607 3626 705 3679 καὶ
738 3626 839 3695 τὴν
884 3626 1128 3679 ἱκεσίαν·
1165 3626 1308 3680 οὕτω
1356 3629 1450 3681 καὶ
1484 3627 1582 3679 νῦν
1614 3628 1889 3681 τυθέντων

298 3721 403 3774 καὶ
453 3718 857 3771 τελειωθέντων
911 3718 1023 3770 τῶν
1074 3718 1285 3787 δώρων,
1342 3719 1438 3772 καὶ
1477 3720 1791 3789 εὐχαριστεῖ
1820 3720 1887 3774 δι’

299 3812 492 3867 αὐτῶν
516 3810 597 3880 τῷ
626 3810 747 3880 Θεῷ
763 3812 868 3863 καὶ
897 3811 1114 3864 ξκεσίαν
1142 3812 1431 3878 προσάγει,
1457 3814 1553 3866 καὶ
1581 3812 1759 3881 τίθησι
1788 3813 1888 3881 μὲν

296 3908 403 3967 τὰς
461 3905 725 3974 ἀφορμὰς
773 3905 872 3972 τῆς
908 3902 1287 3973 εὐχαριστίας,
1334 3904 1669 3974 προστίθησι
1702 3904 1758 3957 δὲ
1797 3907 1891 3957 καὶ

294 3998 402 4059 τὰς
436 3996 731 4058 ὑποθέσεις
764 3996 865 4063 τῆς
922 3994 1156 4055 ίκεσίας.
1198 3995 1307 4047 Καὶ
1362 3996 1509 4058 τίνες
1544 3996 1599 4048 al
1643 3995 1892 4065 ἀφορμαὶ

294 4088 406 4155 τῆς
460 4086 866 4156 εὐχαριστίας;
914 4084 980 4138 Ol.
1012 4085 1181 4153 ἅγιοι,
1210 4085 1465 4156 καθάπερ
1506 4086 1599 4139 καὶ
1625 4086 1891 4157 πρότερον

299 4179 555 4249 εἴρηται.
598 4177 689 4232 Ἐν
713 4175 929 4239 τούτοις
960 4176 1073 4247 γὰρ
1102 4178 1134 4243 ἠ
1177 4175 1476 4245 Ἐκκλησία
1519 4176 1579 4230 τῦ
1623 4176 1894 4248 ζητούμε-

300 4291 398 4325 νον
432 4266 590 4340 εὗρε,
624 4269 847 4339 καὶτῆς
908 4269 1081 4337 εὐχῆς
1109 4268 1268 4338 ἔτυχε
1310 4268 1412 4335 τῆς
1463 4268 1741 4338 βασιλείας
1782 4270 1893 4323 τῶν

300 4361 591 4432 οὐρανῶν.
635 4360 795 4421 Τίνες
834 4359 893 4413 δὲ
946 4359 1041 4412 καὶ
1080 4360 1136 4413 αί
1186 4359 1476 4422 ὑποθέσεις
1519 4361 1620 4430 τῆς
1666 4360 1895 4434 Ἐκκλη-

301 4457 472 4519 σίας;
525 4454 589 4507 Ol
633 4454 807 4522 μήπω
855 4452 1275 4517 τελειωθέντες,
1316 4455 1365 4505 oi
1417 4452 1659 4521 δεόμενοι
1706 4455 1889 4525 εὐχῆς.

301 4548 418 4600 Καὶ
456 4546 590 4615 περὶ
631 4545 732 4612 μὲν
784 4542 895 4595 τῶν
948 4543 1123 4611 ἁγίων
1172 4543 1273 4610 ἔτι,
1320 4561 1339 4595 ι
1382 4543 1739 4612 Προσάγομέν
1784 4562 1889 4609 σοι,

1985 2072 2171 2125 preces
2203 2058 2256 2111 in
2295 2059 2605 2113 celebrandi
2674 2063 2911 2131 mysterii
2966 2068 3360 2131 praparatione
3407 2063 3552 2131 fecit,

1983 2160 2035 2203 et
2056 2149 2195 2202 dona
2232 2151 2453 2217 obtnl't,
2484 2162 2536 2205 et
2562 2163 2617 2205 ut
2650 2168 2713 2207 ea
2743 2155 3175 2223 susciperentur.
3208 2158 3550 2225 supplicavit,

1981 2263 2043 2302 ea
2107 2248 2328 2317 hisjam
2364 2249 2655 2318 susceptis,
2714 2260 2769 2302 ut
2832 2251 2882 2302 in
2945 2265 3085 2319 opus
3134 2263 3357 2311 ext-ant,
3413 2263 3551 2306 oral.

1982 2339 2242 2407 Quaenam
2269 2352 2448 2395 autem
2492 2353 2618 2397 sunt
2646 2343 2759 2397 [nec
2776 2341 3177 2407 ?‘Gommunia,
3211 2354 3264 2396 et
3298 2344 3454 2404 vivis,
3501 2354 3556 2397 et

1984 2432 2052 2487 iis
2084 2432 2173 2501 qui
2205 2442 2600 2489 excesserunt:
2634 2442 2691 2485 ut
2730 2448 2827 2501 pro
2851 2433 3008 2486 donis
3034 2435 3211 2501 gratia
3238 2434 3556 2487 demittatur

1983 2540 2013 2579 a
2046 2523 2150 2577 Deo
2178 2525 2268 2593 qui
2297 2523 2386 2578 illa
2417 2524 2656 2591 suscepit
2682 2541 2695 2585 ;
2738 2526 3031 2592 separatim
3075 2530 3252 2578 autem
3283 2519 3556 2579 defunctis

1983 2615 2202 2685 quidem
2240 2615 2552 2668 animarum
2586 2614 2852 2683 requiem,
2879 2624 2932 2667 et
2988 2615 3134 2685 regni
3186 2616 3553 2668 limreditatem

1985 2722 2108 2762 cum
2160 2708 2367 2761 sanctis
2411 2708 2849 2770 consummatis;
2888 2707 3026 2760 vivis
3082 2716 3288 2771 autem,
3356 2717 3415 2760 ut
3448 2708 3556 2762 sint

1985 2809 2191 2855 sancta:
2215 2812 2415 2853 mensae
2442 2798 2756 2867 participes.
2787 2808 2839 2851 et
2862 2798 3293 2863 sanctiﬁcentur,
3324 2808 3373 2851 et
3399 2813 3565 2852 nemo

1985 2890 2055 2945 sit
2084 2889 2202 2959 ejus
2239 2889 2577 2958 injudicium
2611 2888 2691 2943 vel
2717 2890 3227 2944 condemnationem
3254 2890 3554 2959 particeps:

1986 2980 2365 3036 remissionem
2407 2992 2781 3049 peccatorum,
2820 2996 3033 3050 pacem,
3070 2980 3431 3043 fertilitatem,
3469 2998 3557 3035 re-

1986 3090 2106 3129 rum
2139 3073 2575 3129 necessariarum
2615 3076 3120 3143 suppeditationem
3158 3094 3169 3128 :
3208 3085 3257 3128 et
3282 3086 3558 3145 postremo

1989 3176 2047 3220 ut
2080 3182 2245 3235 regno
2276 3166 2421 3235 digni
2455 3168 2598 3235 apud
2635 3168 2800 3220 Deum
2838 3178 3156 3235 appareant.
3184 3166 3321 3233 Quia
3374 3176 3552 3221 autem

1989 3256 2191 3309 oblatio
2247 3255 2500 3310 sacriﬁcii
2543 3270 2647 3310 non
2704 3257 2880 3312 solum
2922 3268 3172 3311 versatur
3240 3259 3290 3310 iu
3350 3260 3559 3325 supplic

1992 3348 2230 3411 catione,
2280 3347 2373 3402 sed
2407 3350 2567 3401 etlam
2606 3350 2899 3417 gratiarum
2926 3352 3163 3407 actiOne.
3192 3350 3563 3419 quemadmov

1991 3440 2119 3494 dum
2181 3440 2234 3492 iu
2299 3442 2566 3508 prooemio
2618 3440 3007 3495 celebrationis
3039 3443 3305 3511 mysterii,
3336 3441 3557 3511 quando

1990 3536 2245 3589 sacerdos
2298 3543 2554 3604 tanquam
2592 3536 2731 3587 dona
2772 3532 2881 3587 Deo
2932 3534 3142 3588 dedicat
3170 3551 3288 3603 quae
3317 3534 3556 3588 olferun-

1993 3636 2103 3687 tnr,
2153 3634 2208 3679 et
2241 3627 2536 3693 gratiarum
2582 3626 2851 3678 actionem
2888 3626 3127 3680 ostendit
3186 3636 3240 3681 et
3286 3627 3563 3695 supplicac

1991 3716 2192 3770 tionem
2228 3734 2241 3771 ε
2274 3718 2346 3769 ita
2382 3717 2542 3769 etiam
2572 3731 2717 3770 nunc
2740 3716 3065 3771 saerilicatis
3092 3724 3144 3769 et
3170 3715 3423 3785 perfectis
3457 3717 3556 3769 do-

1991 3810 2096 3867 llis.
2120 3819 2173 3861 et
2196 3825 2289 3878 per
2320 3824 2383 3861 ea
2426 3808 2535 3863 Deo
2574 3808 2778 3878 gratias
2815 3809 2928 3878 agi!
2965 3818 3019 3863 et
3067 3808 3227 3864 oﬂert
3284 3808 3558 3878 supplica-

1991 3903 2217 3969 tionem,
2264 3909 2319 3955 et
2382 3902 2533 3969 ponit
2589 3900 2809 3969 quidem
2864 3901 3159 3969 gratiarum
3220 3902 3554 3971 agendarum

1991 4006 2213 4053 causas,
2274 3991 2460 4059 adjicit
2496 4003 2676 4045 autem
2734 3991 2897 4045 etiam
2938 3991 3351 4060 supplicationis
3385 4003 3557 4045 mate-

1993 4087 2149 4139 riam.
2198 4084 2265 4138 Et
2317 4099 2566 4152 quamam
2628 4092 2755 4138 sunt
2813 4099 2993 4138 causa;
3060 4085 3250 4154 agendi
3311 4085 3565 4154 gratias?

1993 4173 2205 4235 Sancti.
2238 4174 2377 4228 sicut
2410 4176 2558 4242 prius
2596 4176 2800 4228 dictum
2835 4184 2940 4229 est.
2996 4174 3050 4228 In
3084 4177 3151 4229 iis
3185 4175 3329 4229 etaim
3377 4174 3560 4228 Eccle-

1993 4269 2073 4323 sia
2107 4265 2477 4335 invenitquod
2515 4267 2751 4334 petebat,
2795 4276 2848 4319 et
2887 4266 3030 4334 quod
3060 4268 3269 4324 orabat.
3306 4278 3555 4319 assecuta

1993 4367 2094 4422 est,
2128 4370 2318 4423 nempe
2343 4370 2563 4422 regnum
2597 4356 2887 4408 emlorum.
2928 4352 3057 4420 Quae
3089 4366 3171 4408 est
3209 4365 3385 4408 autem
3444 4370 3558 4407 ma-

1996 4451 2129 4504 teria
2172 4446 2622 4517 supplicationis?
2667 4446 2768 4511 Qui
2820 4448 3059 4499 nondum
3121 4455 3247 4499 sunt
3302 4461 3559 4498 consum-

1996 4540 2150 4604 mati,
2180 4540 2271 4608 qui
2302 4554 2438 4608 opus
2484 4539 2685 4591 habent
2713 4538 2978 4591 oratione.
3026 4536 3095 4589 Et
3122 4538 3187 4589 de
3210 4538 3416 4590 sanctis
3439 4539 3561 4604 qni-

301 4639 466 4708 φησὶ,
524 4638 631 4706 τὴν
682 4636 915 4706 λογικὴν
961 4635 1167 4705 ταύτην
1215 4635 1474 4704 λατρείαν
1506 4637 1645 4704 ὑπὲρ
1690 4637 1799 4690 τῶν
1831 4640 1890 4692 ὲν
1922 4646 1966 4702 ι)

1872 4657 1890 4692 ν
1922 4646 1966 4702 ι)
1993 4634 2113 4687 dent
2146 4651 2159 4686 :
2197 4651 2215 4684 ι
2256 4630 2522 4685 Praeterea
2553 4628 2834 4683 oﬂ'erimus
2864 4629 2983 4695 tibi,
3017 4629 3213 4697 inquit,
3263 4630 3559 4682 rationabi-

299 4734 496 4786 πίστει
522 4727 1154 4799 προαναπαυσαμένων,
1186 4728 1461 4797 πατέρων,
1499 4730 1889 4800 προπατόρων,

302 4820 696 4891 πατριαρχῶν,
732 4820 1055 4890 προφητῶν,
1095 4819 1522 4887 εὐαγγελιστῶν,
1554 4821 1891 4886 ἀποστόλων,

300 4914 601 4985 κηρύκων,
664 4910 1045 4980 ὀμολογητῶν,
1098 4912 1505 4978 ἐγκρατευτῶν,
1558 4912 1649 4964 καὶ
1694 4914 1893 4977 παντδς

305 5006 627 5072 πνεύματος
660 5004 721 5055 ὲν
767 5002 954 5054 πίστει
988 5001 1437 5070 τετελειωμένον,
1470 5002 1763 5073 ἐξαιρέτως
1796 5005 1894 5071 τῆς

305 5100 614 5166 παναγίας,
682 5096 976 5164 ἀχράντου,
1032 5095 1591 5165 ὖπερευλογημένης,
1642 5096 1889 5161 ἐνδόξου,

304 5193 615 5260 Δεσποίνης
661 5190 823 5256 ἡμῶν
886 5187 1153 5241 Θεοτόκου
1219 5188 1312 5239 καὶ
1354 5188 1723 5255 ἀειπσρθένου
1772 5190 1893 5242 Μα-

305 5289 455 5358 ρίας,
507 5302 527 5335 ι
569 5281 671 5334 καὶ
705 5279 834 5346 ἑξῆς
881 5278 1177 5345 καταλέγει
1206 5279 1300 5331 τὸν
1327 5278 1438 5331 τῶν
1471 5280 1642 5344 ἁγίων
1677 5278 1893 5332 ἅπαντα

304 5375 598 5440 σύλλογον.
637 5364 802 5423 Οὗτοί
832 5370 975 5420 είοιν
1016 5370 1268 5438 ἀφορμαὶ
1314 5368 1415 5437 τῆς
1466 5368 1604 5437 πρὸς
1634 5369 1764 5421 Θεὸν
1809 5368 1892 5419 εὖ-

303 5462 605 5535 χαριστίας
656 5461 724 5529 τῇ
788 5457 1112 5526 Ἐκκλησία.
1161 5456 1331 5528 Ὑπὲρ
1377 5456 1580 5510 τούτων
1631 5457 1893 5525 προσάγει

302 5557 402 5625 τὴν
438 5550 678 5619 λογικὴν
723 5549 933 5617 ταύτην
978 5548 1260 5617 λατρείαν,
1292 5547 1366 5610 ὼς
1415 5549 1768 5617 χαριστήριον
1818 5546 1895 5615 τῷ

304 5648 429 5715 Θεῷ
453 5663 467 5677 ’
499 5645 597 5697 καὶ
639 5642 863 5694 πάντων
899 5640 1195 5710 ἐξαιρέτως
1235 5641 1342 5692 τῶν
1372 5641 1568 5705 ἄλλων,
1616 5640 1755 5707 ὑπὲρ
1797 5640 1895 5709 τῆς

308 5735 600 5807 μακαρίας
642 5730 741 5785 τοῦ
796 5730 935 5783 Θεοῦ
988 5732 1215 5801 μητρὸς,
1264 5730 1338 5793 ὡς
1386 5730 1551 5799 οὐσης
1588 5730 1895 5801 ἁγιωσύνης

308 5834 575 5885 ἐπέκεινα
612 5826 816 5894 πάσης.
871 5824 968 5877 Διά
1001 5824 1159 5877 τοῦτο
1191 5824 1344 5877 οὐδὲν
1386 5825 1570 5886 αὐτοῖς
1619 5822 1835 5891 εὔχεται
1868 5826 1894 5876 ὁ

311 5919 536 5993 ιιερεύς·
595 5918 969 5986 ἁλλὰ-μᾶλλον
1021 5916 1181 5979 αὐτὸς
1236 5916 1362 5986 παρ’
1399 5917 1620 5969 ἐκείνων
1666 5918 1743 5979 εἰς
1800 5917 1894 5979 τὰς

1994 4724 2096 4777 lem
2134 4723 2280 4776 hunc
2324 4721 2547 4782 cultum,
2594 4735 2691 4787 pro
2725 4721 2792 4774 iis
2816 4720 2985 4788 quiin
3020 4719 3124 4773 ﬁde
3160 4722 3309 4789 prius
3347 4722 3560 4785 requie-

1990 4826 2206 4878 verunt,
2288 4814 2424 4875 avis,
2493 4812 2762 4879 patribus,
2840 4811 3187 4879 patriarchis,
3275 4815 3557 4881 apostolis,

1992 4902 2290 4972 prophetis,
2378 4900 2749 4967 evangelistis,
2837 4901 3196 4970 martyribus,
3280 4902 3555 4956 confesso-

1991 4994 2184 5057 ribus,
2247 4991 2703 5055 continentibus,
2775 5000 2827 5045 et
2909 4994 3157 5062 quolibet
3232 4997 3425 5062 Spiritu
3504 4997 3557 5048 in

1993 5098 2126 5153 pace
2176 5093 2575 5145 consummato,
2628 5084 2899 5152 praecipue
2964 5094 3143 5139 autem
3187 5087 3558 5148 sanctissima,

1996 5177 2343 5237 intemerata,
2372 5174 2595 5229 domina
2652 5185 2840 5229 nostra
2876 5175 3103 5246 Deipara
3129 5188 3184 5231 et
3213 5193 3425 5246 semper
3454 5180 3564 5230 vir—

1996 5268 2121 5335 gine
2169 5266 2369 5329 Maria;
2418 5283 2435 5316 ι
2472 5274 2525 5319 et
2582 5266 2843 5335 deinceps
2867 5277 3150 5321 enumerat
3191 5283 3405 5321 onmem
3436 5285 3564 5323 san-

1996 5372 2207 5413 ctorum
2244 5368 2470 5412 emtum.
2520 5356 2584 5411 lli
2618 5370 2749 5414 sunt
2787 5358 3040 5413 Ecclesiae
3080 5360 3408 5429 agendarum
3455 5362 3566 5419 Deo

1996 5456 2289 5523 gratiarum
2374 5468 2576 5507 causae.
2651 5454 2759 5508 Pro
2831 5454 2895 5507 iis
2954 5452 3114 5507 offert
3183 5456 3561 5509 rationabilem

2002 5547 2145 5600 hunc
2192 5545 2422 5608 cultum,
2483 5554 2740 5615 tauquam
2782 5545 2891 5599 Deo
2938 5546 3230 5614 gratiarum
3272 5550 3566 5611 actionem,

1998 5652 2050 5694 et
2088 5655 2197 5708 pra:
2226 5639 2438 5693 caeteris
2490 5639 2743 5692 omnibus
2786 5653 2881 5705 pro
2930 5637 3087 5691 beata
3151 5642 3238 5693 Dei
3292 5638 3461 5692 Matre
3501 5655 3559 5693 ιι.

1998 5746 2118 5800 qua:
2173 5745 2389 5784 omnem
2420 5730 2760 5782 sanctitatem
2807 5729 3050 5782 excedat.
3104 5729 3393 5797 Propterea
3426 5728 3567 5781 nihil

2000 5838 2094 5889 pro
2124 5822 2204 5876 eis
2226 5830 2344 5874 orat
2372 5821 2646 5883 sacerdos,
2682 5821 2773 5874 sed
2801 5821 2978 5888 potius
3002 5838 3093 5873 eos
3120 5831 3263 5887 orat,
3294 5831 3351 5875 ut
3383 5822 3449 5875 ab
3479 5822 3567 5878 eis

2000 5917 2053 5971 iu
2080 5914 2423 5971 orationibus
2450 5913 2757 5983 adjuvetur.
2794 5912 2927 5979 Quia
2966 5924 3071 5966 non
3109 5913 3176 5968 ad
3207 5914 3560 5983 supplicatio-
