4272 6446
293 403 411 473 445

1513 403 1792 462 Ll'l'Ulit‘.
1812 404 1900 459 LE
1947 400 2038 458 [ΣΧ
2054 401 2368 461 POSI'I‘IO.

3447 393 3556 456 “6

297 525 663 592 οινθρωπενων
696 522 902 575 κακῶν.
954 522 1112 574 Ἀλλὰ
1140 521 1390 586 καθάπερ
1421 524 1446 573 ὁ
1477 520 1743 587 ἁγιασμὸς
1776 518 1842 568 αὖ
1905 523 1943 576 Α
1977 533 1984 566 ε

1905 523 1943 576 Α
1977 519 2343 570 sanctificatio
2405 534 2509 570 non
2575 527 2656 570 cst
2716 517 2960 569 lmmauze
3014 515 3228 566 virtutis
3268 529 3405 580 opus
3439 531 3450 564 :
3482 514 3551 564 ita

294 613 410 664 τῶν
437 614 538 664 οῦκ
570 613 718 664 ἐστιν
745 614 1093 683 ἀνθρωπίνης
1122 617 1325 681 ἀρετῆς
1379 614 1564 681 ἔργον.
1592 612 1761 672 οὕτως
1792 611 1879 660 οἰ-

293 703 387 753 δὲν
423 703 731 754 κωλύεσθαι
766 704 991 756 δυνατὸν
1021 693 1180 758 αὑτὸν
1209 689 1314 756 ὑπὸ
1368 705 1576 757 κακιῶν
1606 701 1876 768 ἀνθρωπί-

296 813 428 846 νων.
478 795 537 845 Ὀ
565 794 812 864 δεύτερος
868 797 923 848 δὲ
960 798 1054 848 καὶ
1076 798 1171 862 τῆς
1205 798 1480 865 ἡμετέρας
1515 796 1682 847 δεῖται
1716 810 1877 846 σπου-

295 883 415 950 δῆς,
458 885 555 936 Διά
583 885 740 937 τοῦτο
765 885 856 938 καὶ
895 887 1003 940 ὑπὸ
1046 888 1146 954 τῆς
1189 888 1347 956 ἡμῶν
1388 885 1655 938 κωλύεται
1711 883 1876 954 ρᾳθυ-

300 979 453 1042 μίας.
502 975 747 1042 Ἀγιάζει
775 977 882 1045 γὰρ
919 978 950 1044 ἡ
997 977 1154 1046 χάρις
1195 979 1282 1029 διὰ
1335 978 1440 1030 τῶν
1489 977 1678 1046 δώρων
1710 977 1876 1045 ημᾶς,

299 1070 397 1119 ἐὰν
435 1069 570 1136 πρὸς
600 1071 692 1120 τὶν
737 1071 1008 1139 ἁγιασμδν
1059 1071 1380 1139 ἐπιτηδείως
1419 1070 1639 1138 ἔχοντας
1701 1067 1839 1136 λάδῃ
1865 1083 1876 1095 ·

297 1161 396 1211 ἐὰν
427 1160 480 1210 δὲ
516 1162 1025 1228 ἀπαρασκευάστοις
1063 1162 1301 1233 ἐμπέσῃ,
1326 1161 1448 1214 οὔτε
1505 1159 1693 1228 δςςελος
1716 1159 1877 1228 ἠνεγο

296 1271 397 1304 κεν
440 1253 614 1316 οὐδὲν,
649 1256 741 1306 καὶ
795 1256 989 1323 μυρίαν
1034 1258 1164 1323 ἡμῖν
1204 1257 1426 1324 ἐνέθηκε
1471 1255 1696 1323 βλάϐην.
1731 1253 1876 1305 Ταύ-

294 1362 399 1413 την
437 1346 536 1413 τὴν
570 1347 748 1416 χάριν,
786 1347 899 1398 εἴτε
948 1347 1141 1414 ἄφεσις
1177 1348 1284 1399 τῶν
1308 1347 1593 1416 ἁμαρτιῶν
1626 1347 1742 1397 ἔστι
1779 1345 1875 1414 μο-

298 1452 411 1496 νον,
443 1439 554 1487 εἴτε
590 1435 705 1504 μετ’
735 1435 947 1505 ἐκείνης
982 1438 1076 1489 καὶ
1108 1438 1239 1507 άλλη
1268 1437 1442 1504 δωρεὰ
1487 1436 1736 1504 διδομένη
1770 1436 1876 1496 τοῖς

301 1527 443 1593 μετᾶ
476 1525 719 1596 καθαροῦ
775 1528 1075 1588 συνειδότος
1128 1527 1184 1578 τὸ
1215 1527 1360 1596 ἱερὸν
1407 1525 1564 1578 τοῦτο
1609 1523 1876 1577 δειπνούν-

297 1634 408 1670 των
447 1620 686 1683 δεῖπνον,
718 1620 942 1687 εὔχεται
972 1620 1000 1670 ὁ
1050 1621 1228 1688 ἱερεὺς
1287 1620 1359 1688 μὴ
1403 1617 1712 1684 κωλυθῆναι
1771 1615 1876 1666 (zz-.3

295 1711 409 1760 τῶν
455 1711 669 1779 δώρων,
719 1712 797 1772 ὡς
837 1713 1142 1782 δυναμένην
1212 1710 1524 1776 κωλυθῆναι
1557 1709 1621 1761 δι’
1669 1708 1878 1777 ἀνθρω-

300 1805 469 1868 πίνην
503 1804 723 1858 κακίαν.
765 1805 980 1872 Ταύτην
1019 1804 1118 1870 τὴν
1168 1803 1332 1871 εὐχὴν
1386 1802 1602 1872 εὔχεται
1634 1801 1729 1854 καὶ
1761 1801 1874 1868 μετ’

1987 627 2087 662 nec
2128 613 2238 663 tieri
2281 621 2454 680 potest
2482 619 2539 662 ut
2573 626 2690 663 eam
2725 610 3007 662 hominum
3036 609 3223 659 vitium
3247 607 3555 671 prohibeat.

1987 701 2273 754 Sornndus
2303 711 2480 753 autem
2514 710 2704 753 nostro
2740 701 2902 752 etiam
2947 696 3128 750 studio
3179 695 3554 759 et.tliligoirti:t

1986 793 2208 860 indiget.
2265 791 2372 845 Nos
2407 793 2549 844 enim
2582 791 2752 857 gratia
2809 805 2901 858 per
2943 790 3085 841 dona
3133 785 3458 847 sanctiﬁcat,
3508 800 3552 836 ει

1987 899 2083 938 nos
2134 883 2205 937 ad
2235 884 2720 936 sanctiticatinnem
2789 893 2944 948 aptos
2996 888 3048 933 ct
3109 877 3554 931 accommodatos

1985 980 2185 1044 ceperit
2219 995 2232 1031 :
2271 977 2352 1030 sin
2380 988 2555 1029 autem
2586 977 2638 1028 in
2674 989 2777 1027 nos
2803 975 3096 1040 imparatos
3130 969 3401 1028 inciderit,
3457 980 3554 1019 nec

1987 1069 2149 1121 ullam
2187 1069 2470 1121 utilitatem
2509 1068 2772 1127 attulerit,
2810 1074 2866 1117 ct
2918 1064 3209 1131 plurimum
3264 1063 3426 1113 etiam
3463 1059 3554 1110 dc-

1988 1163 2302 1214 trimcntum
2328 1160 2697 1226 dammnnque
2726 1158 2957 1212 dederit.
2986 1155 3138 1208 Hanc
3162 1154 3414 1222 gratiam,
3440 1151 3553 1202 sive

1984 1266 2066 1305 est
2099 1253 2274 1305 solum
2307 1252 2558 1305 remissio
2588 1260 2956 1319 peccatorum,
2979 1249 3094 1300 sive
3129 1261 3248 1299 cum
3278 1245 3363 1295 illa
3389 1244 3549 1295 etiam

1984 1345 2125 1398 aliud
2173 1345 2374 1397 donum
2435 1343 2578 1412 quod
2636 1344 2797 1396 datur
2862 1341 2927 1394 iis
2959 1341 3051 1407 qui
3087 1354 3210 1392 cum
3243 1351 3374 1405 pura
3415 1345 3549 1388 cou-

1984 1437 2209 1490 ε‹ἰ‹·ιιιίτι
2248 1452 2456 1488 sacram
2501 1436 2640 1487 hanc
2672 1449 2882 1487 (teriam
2918 1439 3160 1492 sumunt,
3191 1437 3312 1481 orat
3372 1441 3552 1480 sacer-

1985 1531 2102 1589 dos,
2138 1545 2201 1581 ne
2233 1544 2262 1581 a
2296 1527 2456 1580 donis
2489 1526 2860 1592 prohibeatur,
2890 1532 2948 1575 ut
2979 1537 3099 1590 qua:
3148 1520 3317 1587 possit
3368 1517 3556 1584 prohi-

1986 1621 2096 1673 beri
2133 1635 2224 1687 per
2274 1620 2570 1671 humanum
2611 1617 2819 1668 vitium.
2865 1613 3014 1666 llanc
3072 1611 3198 1663 facit
3254 1609 3551 1660 orationem

1983 1714 2144 1766 etiam
2182 1711 2340 1778 paul;
2366 1719 2486 1777 post
2516 1723 2638 1760 cum
2671 1707 2921 1758 universa
2953 1701 3317 1756 communiter
3365 1697 3552 1749 mu!ti-

1985 1804 2206 1865 tudine;
2237 1811 2522 1869 postquam
2555 1799 2699 1852 enim
2745 1795 3000 1848 omnibus
3055 1791 3400 1845 concordiam
3431 1804 3554 1856 pre-

295 1894 460 1958 ὖλὶγα
521 1895 615 1944 σὺν
643 1896 806 1946 παντὶ
854 1896 930 1962 τῷ
983 1893 1179 1964 πλήθει
1229 1897 1404 1962 κοινῇ·
1437 1892 1728 1960 εὐξάμενος
1775 1891 1880 1960 γὰρ
1914 1873 1955 1930 Β

1863 1908 1880 1941 9
1914 1873 1955 1930 Β
1986 1904 2139 1948 catus
2167 1904 2269 1956 cst,
2298 1902 2355 1946 ut
2394 1906 2500 1944 uno
2533 1905 2626 1944 ore
2652 1899 2703 1944 et
2736 1890 2899 1942 corde
2925 1886 3089 1939 Deum
3129 1885 3447 1954 gloriﬁcent,
3474 1882 3550 1933 sic

298 1984 515 2034 ἅπασιν
555 1985 831 2052 ὁμόνοιαν,
866 1988 1004 2038 ὥστε
1047 1987 1102 2037 ἐν
1136 1987 1213 2037 ἑνὶ
1249 1985 1475 2050 στόματι
1501 1984 1590 2035 καὶ
1621 1984 1718 2053 μιᾷ
1747 1999 1883 2051 καρ-

295 2077 385 2144 δίᾳ
430 2076 682 2140 δοξάζειν
715 2079 806 2130 τὸν
834 2078 987 2141 Θεῆν,
1041 2080 1133 2131 καὶ
1169 2077 1310 2131 οὕτω
1349 2077 1672 2130 διατεθεῖσιν
1714 2079 1884 2142 ἐπαγ-

297 2169 632 2236 γειλάμενος
662 2171 730 2223 τὰ
781 2172 904 2239 ἑλέη
957 2169 1052 2222 τοῦ
1095 2171 1330 2238 μεγάλου
1381 2170 1512 2223 Θεοῦ
1563 2171 1654 2223 καὶ
1702 2168 1885 2236 Σωτῆ-

294 2276 391 2318 τος
440 2258 597 2325 ἡμῶν
648 2261 824 2327 Ἰησοῦ
884 2261 1143 2330 Χριστοῦ,
1203 2258 1322 2313 εἶτα
1379 2262 1589 2313 κελεύει
1628 2259 1881 2328 δεηθῆναι

293 2349 394 2400 τοῦ
432 2350 568 2400 Θεοῦ
629 2352 727 2418 τὴν
769 2354 1070 2422 εἰρημένην
1106 2354 1292 2422 εὐχὴν,
1333 2355 1399 2425 ἣν
1457 2354 1618 2416 αὐτὸς
1659 2353 1878 2420 ηῦξατο,

303 2441 512 2503 πάντας
555 2445 680 2504 τοὺς
710 2444 900 2511 ἁγίους
932 2446 1012 2507 εἰς
1044 2446 1368 2516 ἐπικουρίαν
1417 2446 1670 2506 καλέσας.
1713 2447 1881 2498 Τοῦτο

295 2535 409 2602 γάρ
438 2538 559 2587 ἐστι
596 2535 658 2587 τὸ
713 2537 1118 2604 μνημνονεῦσαι
1182 2538 1398 2590 πάντων
1444 2538 1553 2590 τῶν
1595 2537 1786 2604 ἁγίων,
1822 2538 1882 2589 τὸ

295 2625 556 2690 καλέσαι,
593 2626 651 2678 τὸ
679 2626 958 2695 δεηθῆναι.
996 2629 1107 2680 Καὶ
1135 2627 1187 2680 τί
1211 2647 1342 2697 φησι
1368 2647 1380 2693 ;
1414 2647 1432 2680 ι
1467 2628 1759 2698 Δεηθῶμεν
1788 2627 1880 2680 τοῦ

297 2717 513 2785 Κυρίου
584 2718 724 2788 ὑπὲρ
767 2718 875 2769 τῶν
914 2719 1287 2784 ἀγιασθέντων
1343 2720 1584 2788 δὼρων,ι
1641 2723 1736 2790 οὐχ
1790 2721 1880 2773 ἵνα

293 2808 443 2858 αὑτά
474 2808 731 2870 δέξωνται
790 2810 881 2861 τὸν
914 2811 1184 2879 ἁγιασμόν
1226 2811 1333 2878 (διά
1388 2811 1544 2863 τοῦτο
1601 2811 1707 2880 γάρ
1763 2812 1883 2878 άγι-

292 2899 539 2951 ασθέντα
575 2901 712 2952 αὐτὰ
762 2897 936 2962 εἷπον,
1002 2901 1089 2953 ἵνα
1125 2901 1198 2972 μὴ
1256 2903 1321 2954 σὺ
1381 2901 1537 2954 τοῦτο
1596 2902 1878 2972 νομίσῃς)⁹

292 2991 416 3042 ἀλλ’
462 2993 548 3044 ἵνα
608 2994 739 3059 ἡμῖν
773 2993 936 3044 αὑτοῦ
973 2995 1282 3062 μεταδοῖεν·
1310 2993 1463 3046 τοῦτο
1490 2995 1598 3063 γάρ
1633 2995 1747 3046 ἔστι
1793 2996 1882 3046 τὶν

293 3082 688 3149 φιλάνθρωπον
743 3083 897 3144 Θεὸν,
954 3086 1045 3134 τὸν
1100 3084 1528 3153 προσδεξάμενον
1575 3084 1732 3149 αὐτὰ,
1787 3086 1882 3155 τὴν

291 3178 464 3244 γάριν
529 3177 664 3243 ἡμῖν
733 3177 1234 3246 ἀντικαταπέμψαι.
1303 3177 1876 3248 ιΕύξώμεθα,φησὶν,

289 3267 440 3333 ὑπὲρ
473 3263 583 3316 τῶν
611 3265 852 3333 δὼρων,ι
894 3265 981 3318 ἵνα
1031 3269 1110 3327 εἰς
1165 3267 1312 3334 ἡμᾶς
1343 3267 1537 3335 ἐνεργὰ
1591 3269 1874 3335 γένωνται,

292 3355 388 3408 ἵνα
422 3357 500 3424 μὴ
524 3356 832 3426 ἀδυνατήσῃ
862 3357 996 3423 πρὸς
1039 3357 1242 3426 ταύτην
1269 3357 1366 3426 τὴν
1400 3357 1578 3426 χάριν,
1628 3358 1877 3428 καθάπερ

290 3451 384 3500 ὅτε
418 3448 562 3516 μετὰ
594 3448 701 3500 τῶν
729 3447 1035 3517 ἀνθρώπων
1077 3449 1328 3517 ἐφαίνετο
1360 3451 1420 3502 τὸ
1481 3453 1582 3502 πᾶν
1612 3451 1672 3502 τὸ
1726 3451 1881 3502 δυνά-

296 3560 468 3608 μενον
497 3541 663 3593 αύτοῦ
724 3541 904 3609 σῶμα,
935 3542 1084 3594 ἐστιν
1134 3544 1192 3594 ἐν
1225 3537 1313 3604 αἷς
1363 3543 1472 3594 τῶν
1517 3545 1722 3595 πόλεων
1782 3544 1881 3596 οὐκ

292 3633 528 3685 ἐδύνατο
574 3633 774 3700 σημεῖα
802 3634 972 3684 ποιεῖν
1003 3631 1090 3684 διὰ
1127 3634 1224 3700 τὴν
1256 3632 1512 3686 ἀπιστίαν
1557 3632 1756 3686 αὐτῶν.
1779 3633 1882 3686 06-

290 3733 378 3775 τω
409 3722 468 3773 δὲ
509 3721 684 3775 ταῦτα
720 3722 859 3791 πρὸς
887 3723 950 3774 τὸ
978 3723 1176 3788 πλῆθος
1211 3724 1434 3793 βοήσας,
1478 3721 1596 3778 εἶτα
1643 3725 1734 3778 καὶ
1787 3727 1883 3779 αὐ-

288 3815 384 3874 1'5;
408 3812 506 3880 ἀφ’
535 3811 731 3864 ἑαυτοῦ
774 3815 952 3882 ἡσυχῇ
988 3811 1228 3882 εὔχεται,
1266 3816 1391 3879 περὶ
1420 3814 1525 3865 τῶν
1563 3812 1742 3867 αὐτῶν
1787 3813 1878 3865 τὸν

291 3905 435 3960 Θεὸν
474 3904 766 3967 ἱκετεύων,
796 3903 938 3956 ὥστε
974 3903 1299 3971 μεταλαϐεϊν
1349 3904 1447 3972 μὲν
1495 3904 1604 3958 τῶν
1639 3904 1883 3972 φρικτῶν

293 3996 645 4068 μυστηρίων,
684 3994 825 4064 μετὰ
847 3995 1090 4062 καθαροῦ
1126 3997 1448 4059 συνειδότος,
1477 3995 1781 4048 ἀπολαῦσαι
1828 3996 1885 4048 δι

287 4089 398 4156 τῆς
458 4089 620 4158 ἱερᾶς
682 4086 890 4150 ταύτης
965 4087 1269 4156 τραπέζης’
1335 4087 1620 4156 ἁμαρτιῶν
1671 4087 1882 4154 ἀφισιν,

291 4179 628 4247 Πνεύματος
665 4177 823 4244 ἁγίου
871 4178 1188 4240 κοινωνίαν,
1247 4177 1524 4246 βασιλείας
1563 4179 1885 4248 κληρονομί-

290 4289 383 4330 αν,
411 4272 508 4321 καὶ
543 4268 620 4337 μὴ
652 4269 730 4329 είς
771 4268 948 4335 κρίμα
991 4268 1024 4337 ἢ
1057 4272 1135 4332 εἰς
1188 4271 1527 4339 κατάκριμα.
1558 4268 1691 4322 Εἶτα
1726 4271 1886 4336 εὐξά-

291 4380 464 4431 μενος
497 4361 705 4415 ἅπασιν
763 4360 862 4427 τὴν
886 4358 980 4412 τοῦ
1014 4359 1148 4413 Θεοῦ
1180 4359 1428 4429 βοήθειαν
1479 4363 1569 4412 καὶ
1618 4360 1885 4426 φυλακὴν,

286 4453 514 4507 κελεύει
543 4450 743 4512 αὐτοὺς
778 4446 1036 4513 εὖξασθαι
1062 4449 1160 4517 τὴν
1191 4448 1398 4518 ἡμέραν
1441 4450 1621 4502 πᾶσαν
1649 4448 1885 4512 τελείαν,

1983 1999 2200 2054 quoque
2229 1982 2508 2051 dispositis
2541 1980 2870 2033 annuntians
2909 1975 3337 2028 miscricordiam
3370 1969 3551 2038 magni

1985 2077 2075 2132 Dei
2111 2087 2164 2129 cl.
2192 2075 2497 2129 Servatoris
2545 2073 2716 2125 nostri
2763 2071 2889 2124 Jcsu
2927 2068 3150 2128 Christi,
3185 2066 3376 2118 deinde
3403 2063 3554 2128 jubet

1982 2189 2076 2226 eos
2105 2187 2296 2240 rogare
2324 2170 2516 2232 Deum,
2551 2176 2606 2221 et
2667 2166 2730 2218 ad
2776 2181 2896 2218 eum
2931 2165 3110 2216 lacere
3162 2160 3305 2212 illam
3349 2157 3552 2209 oratio-

1984 2280 2131 2329 ncm,
2167 2278 2329 2332 quam
2390 2261 2545 2323 dixit,
2597 2258 2840 2312 omnium
2899 2263 3211 2308 sanctorum
3268 2249 3554 2316 implorato

1982 2356 2186 2411 auxilio
2226 2372 2240 2409 :
2276 2354 2381 2407 hoc
2410 2352 2578 2414 enim,
2613 2351 2821 2404 scilicet
2860 2351 3178 2401 memoriam
3209 2345 3388 2396 facere
3438 2356 3553 2391 om-

1983 2449 2132 2503 nium
2169 2456 2509 2508 sanctorum,
2547 2453 2626 2496 est
2681 2443 2956 2503 iniocare,
2994 2453 3172 2491 orare.
3211 2435 3273 2489 Et
3316 2434 3442 2503 quid
3477 2433 3557 2484 di-

1983 2540 2091 2596 cit?
2127 2560 2144 2591 ι
2180 2538 2410 2594 Oremus
2450 2536 2734 2589 Dominum
2773 2549 2869 2601 pro
2897 2531 3056 2584 donis
3093 2525 3446 2579 sanctiﬁcatis
3477 2543 3487 2584 ;
3532 2541 3550 2571 ι

1983 2651 2088 2687 non
2142 2641 2282 2686 utea
2331 2626 2817 2684 sanctiﬁcatiunem
2879 2622 3182 2689 Sttscipiuttl
3247 2618 3552 2686 (propterea

1981 2730 2128 2782 enim
2183 2725 2293 2778 dixi
2327 2738 2390 2776 ea
2431 2719 2797 2780 sanctiﬁcata,
2834 2732 2900 2770 ne
2928 2716 3107 2768 tuboc
3154 2714 3422 2780 putares),
3461 2708 3552 2759 scd

1984 2830 2041 2872 ut
2077 2819 2252 2887 ipsam
2311 2814 2466 2868 nobis
2498 2811 2811 2881 impertiant
2846 2827 2859 2862 :
2894 2809 2992 2862 hoc
3031 2808 3172 2861 enim
3241 2813 3345 2868 est,
3403 2803 3558 2856 beni—

1983 2927 2144 2980 guunt
2174 2917 2231 2962 et
2265 2907 2594 2959 clementem
2633 2904 2827 2964 Deum,
2870 2900 2959 2967 qui
3009 2914 3069 2952 ea
3122 2896 3383 2965 suscepit,
3431 2908 3555 2962 gra-

1985 3003 2112 3056 tiam
2152 3001 2308 3054 nobis
2359 2997 2599 3052 vicissim
2635 2996 2934 3049 remittere.
2977 3011 2994 3043 ι
3051 2989 3304 3053 Oremus,
3353 2986 3551 3055 inquit,

1985 3110 2082 3162 pro
2118 3093 2301 3156 donis,
2342 3109 2358 3141 ι
2402 3099 2459 3143 ιιι
2491 3089 2542 3141 in
2576 3103 2673 3141 nos
2706 3095 3024 3155 operentur,
3059 3097 3125 3136 ne
3165 3081 3230 3135 ad
3257 3084 3395 3134 hanc
3431 3093 3556 3145 gra-

1986 3187 2114 3240 tiam
2150 3201 2254 3238 non
2298 3184 2369 3238 sit
2403 3191 2596 3252 potens
2628 3198 2641 3233 :
2702 3180 2846 3232 sicut
2895 3177 3114 3246 quando
3146 3189 3271 3230 cum
3319 3170 3546 3226 homini-

1933 3271 1951 3290 ¹
1984 3279 2086 3334 bus
2113 3276 2432 3332 versabatur
2457 3277 2558 3329 hoc
2590 3273 2932 3338 omnipotens
2962 3284 3186 3337 corpus,
3223 3269 3278 3320 in
3325 3264 3552 3318 nonnul~

1984 3372 2050 3426 lis
2091 3369 2403 3424 civitatibus
2462 3382 2568 3420 non
2627 3373 2838 3435 poterat
2892 3363 3044 3430 signa
3094 3361 3294 3422 facere,
3337 3363 3556 3426 propter

1982 3477 2169 3517 eorum
2194 3459 2652 3514 incredulitatem.
2678 3457 2812 3510 Cum
2834 3465 3013 3508 autem
3051 3453 3164 3506 haec
3192 3449 3259 3504 ad
3291 3451 3552 3519 populum

1984 3559 2063 3611 sic
2087 3554 2361 3617 clamavit,
2391 3551 2584 3606 deinde
2611 3553 2725 3618 ipse
2777 3561 2992 3617 quoque
3036 3559 3129 3613 per
3178 3557 3238 3597 se
3282 3539 3554 3596 submisso

1983 3657 2105 3702 orat
2150 3647 2214 3700 de
2267 3645 2458 3698 iisdem
2497 3641 2664 3694 Deum
2713 3654 2960 3709 precans,
3009 3647 3069 3691 ut
3115 3636 3223 3689 sint
3277 3633 3554 3688 venerabi-

1984 3741 2116 3794 lium
2141 3737 2518 3808 mysteriorum
2549 3731 2841 3802 participes
2872 3746 2994 3785 cum
3017 3730 3158 3783 bona
3183 3726 3545 3788 conscientia,

1985 3823 2237 3880 fruantur
2288 3833 2466 3876 autem
2497 3835 2651 3876 sacra
2695 3835 2902 3880 mensa.
2935 3827 3282 3888 peccatorum
3359 3816 3552 3870 remis-

1987 3918 2162 3980 sione,
2205 3915 2442 3983 Spiritus
2477 3912 2650 3967 sancti
2699 3911 3140 3980 participatione,
3187 3909 3339 3978 regni
3379 3909 3556 3963 haere-

1986 4010 2179 4072 ditate,
2204 4016 2258 4062 et
2289 4021 2398 4060 non
2435 4006 2486 4059 in
2516 4005 2787 4072 judicium
2821 4003 2905 4055 vel
2931 4001 2984 4054 in
3012 4001 3550 4055 condemnationem.

1992 4097 2214 4162 Deinde,
2249 4107 2541 4165 postquam
2569 4102 2823 4162 precatus
2849 4102 2931 4148 est
2958 4093 3212 4146 omnibus
3257 4091 3347 4144 Dei
3393 4092 3554 4144 auxi-

1988 4191 2119 4242 lium
2151 4198 2204 4242 et
2227 4187 2556 4246 custodiam,
2585 4186 2735 4253 jubet
2779 4186 2941 4236 etiam
2975 4199 3070 4237 eos
3099 4197 3257 4236 orare
3294 4191 3351 4235 ut
3383 4191 3550 4234 totum

1989 4281 2154 4342 diem,
2186 4277 2512 4347 perfectum,
2555 4285 2831 4335 sanctum,
2863 4274 3168 4343 paciﬁcum,
3195 4283 3247 4327 et
3293 4273 3411 4327 sine
3444 4273 3554 4326 ullo

1993 4379 2213 4440 peccato
2265 4370 2592 4435 transigant,
2651 4368 2910 4420 habentes
2968 4367 3248 4420 custodem
3301 4366 3549 4433 angelum

1992 4460 2160 4528 pacis,
2184 4457 2417 4519 ﬁdelem,
2446 4465 2663 4524 propter
2700 4456 2951 4523 angelum
2986 4456 3275 4516 mendacii,
3325 4456 3412 4508 cui
3445 4472 3550 4508 non

285 4546 486 4613 ἁγίαν,
523 4541 830 4610 εἰρηνικὴν,
860 4540 951 4592 καὶ
975 4539 1354 4609 ἀναμάρτητον
1379 4539 1690 4606 διενεγκεῖν,
1719 4556 1881 4608 φρου-
1917 4568 1966 4627 D

1869 4571 1881 4576 ·
1917 4558 2076 4627 Dest
2116 4560 2290 4603 tutum
2333 4563 2430 4602 sua
2485 4549 2721 4600 credere.
2780 4546 3010 4601 Oramus
3059 4555 3234 4598 autem
3268 4561 3363 4612 pro
3415 4548 3555 4598 Ιιυιιιι

298 4640 397 4702 etv
433 4636 662 4703 ἔχοντας
688 4631 921 4698 ἄγγελον
949 4633 1169 4699 εἰρήνης
1196 4631 1404 4693 πιστὸν,
1435 4631 1522 4682 διὰ
1542 4634 1630 4682 τὸν
1655 4630 1884 4697 ἄγγελον

285 4727 390 4781 τοῦ
446 4726 707 4796 ψεύδους,
744 4719 789 4792 ᾧ
820 4723 890 4775 τὰ
932 4724 1113 4777 αὐτῶν
1152 4724 1428 4777 πιστεύειν
1472 4724 1571 4776 οὐκ
1623 4724 1880 4789 ἀσφαλές.

287 4818 592 4889 Εῦχόμεθα
623 4817 676 4869 δὲ
712 4814 844 4884 περὶ
882 4815 974 4867 τοῦ
1009 4815 1245 4884 φύλακος
1271 4816 1524 4883 ἀγγέλου,
1554 4815 1650 4883 οὐχ
1696 4815 1782 4868 ἵνα
1803 4815 1887 4866 τό·

287 4929 354 4965 τε
401 4913 546 4980 ἡμῖν
588 4908 756 4976 δοθῇ·
795 4908 1002 4960 δέδοται
1050 4908 1159 4975 γὰρ
1185 4906 1243 4970 ὲξ
1290 4906 1461 4976 ἀρχῆς
1508 4906 1725 4975 ἑκάστῳ
1777 4904 1882 4958 τῶν

286 5001 516 5056 πιστῶν
566 4999 835 5066 ἄγγελος·
877 4996 1101 5051 ἀλλ’ἵνα
1142 4996 1360 5065 ἐνεργὸς
1390 4993 1444 5068 ᾖ,
1472 4997 1564 5048 καὶ
1608 4997 1676 5048 τὰ
1718 4995 1883 5048 αὑτοῦ

288 5097 454 5163 ποιῇ,
488 5091 587 5143 καὶ
623 5093 859 5159 φρουρῇ,
890 5093 983 5142 καὶ
1011 5089 1146 5158 πρὸς
1173 5089 1272 5158 τὴν
1319 5089 1533 5141 εὐθεῖαν
1581 5088 1698 5140 ὁδὸν
1738 5089 1885 5158 ἡμᾶς

287 5181 618 5251 ὁδηγῇ,ιιαὶ
660 5179 734 5248 μὴ
785 5180 994 5246 ἀποστῇ
1050 5177 1282 5245 μηνίσας
1330 5176 1418 5228 διὰ
1465 5176 1562 5237 τὰς
1611 5175 1885 5245 ἁμαρτίας

1995 4641 2208 4710 angelo.
2241 4656 2348 4693 non
2392 4649 2450 4691 ut
2487 4649 2612 4690 tunc
2647 4638 2800 4690 nobis
2849 4636 3006 4689 detur
3037 4654 3051 4690 :
3088 4639 3244 4690 datus
3281 4646 3362 4690 est
3410 4637 3552 4688 enim

1993 4732 2061 4786 ab
2087 4732 2238 4785 initio
2264 4729 2558 4797 unicuique
2584 4728 2820 4781 fidelium
2855 4727 3114 4797 angelus:
3141 4729 3231 4779 sed
3270 4737 3326 4779 ut
3360 4741 3556 4796 Opere-

1995 4827 2104 4883 tur,
2131 4827 2184 4874 et
2215 4835 2313 4872 suo
2337 4817 2513 4872 oﬂicio
2552 4818 2808 4883 iungatur
2843 4826 2894 4870 et
2931 4817 3220 4879 custodiat,
3273 4825 3326 4871 et
3362 4833 3459 4870 nos
3488 4820 3554 4869 ad

1992 4912 2132 4965 viam
2158 4910 2396 4964 divinam
2422 4909 2674 4970 dedurat,
2708 4919 2758 4960 et
2797 4925 2902 4960 non
2924 4908 3202 4971 abscedat,
3225 4921 3552 4961 succensens

1995 5013 2214 5073 propter
2244 5014 2427 5057 nostra
2449 5012 2672 5070 peccata
2708 5020 2719 5054 :
2756 5001 2822 5054 ad
2853 5001 2963 5055 [nec
2995 5001 3366 5054 remissionem
3431 5015 3556 5070 pec-

1996 5105 2266 5156 catorum,
2314 5104 2366 5146 et
2392 5094 2570 5146 omnia
2603 5109 2722 5161 quae
2751 5101 2878 5145 sunt
2901 5093 3040 5146 bona
3076 5101 3128 5145 et
3161 5093 3313 5145 utilia
3351 5091 3556 5145 nostris

1995 5186 2303 5246 animabus,
2337 5195 2388 5237 et
2422 5186 2628 5236 mundo
2675 5200 2885 5253 parem,
2922 5193 2971 5236 et
3014 5193 3271 5252 pra-terea
3307 5184 3360 5236 in
3412 5184 3556 5236 futu-

284 5281 322 5344 ἡ
337 5275 457 5343 μῶν
479 5289 500 5307 ο
533 5270 672 5342 πρὸς
694 5270 906 5330 τούτοις
929 5270 1122 5335 ἄφεσιν
1153 5270 1460 5339 ἁμαρτιῶν,
1481 5267 1574 5320 καὶ
1617 5269 1796 5320 πάντα
1817 5269 1884 5320 τά

288 5367 443 5420 καλά
472 5365 572 5417 καὶ
613 5362 962 5430 συμφέροντα
1001 5363 1120 5422 ταῖς
1142 5361 1341 5431 ψυχαῖς
1374 5360 1549 5429 ἡμῶν,
1594 5360 1687 5412 κα)⁴
1738 5360 1885 5428 etp!)-

285 5478 394 5528 νην
425 5457 511 5526 τῷ
550 5456 768 5524 κόσμῳ,
802 5454 896 5505 καὶ
921 5453 1002 5505 ἔτι
1030 5455 1167 5524 πρὸς
1219 5453 1281 5506 τὸ
1331 5452 1523 5523 μέλλον
1556 5451 1879 5520 ἀσφάλειαν,

285 5557 356 5604 ἐν
383 5550 586 5620 εἰρήνῃ
619 5551 716 5600 καὶ
760 5545 1021 5615 μετανοίᾳ
1063 5546 1441 5610 διενεγκόντας
1467 5545 1556 5596 τὸν
1592 5545 1883 5596 ὑπόλοιπον

283 5645 394 5711 τῆς
421 5643 572 5709 ζωῆς
591 5640 809 5708 χρόνον,
826 5638 967 5691 ὥστε
991 5635 1128 5691 εἶναι
1151 5638 1219 5690 τά
1232 5638 1360 5706 τέλη
1383 5637 1472 5690 τοῦ
1493 5637 1608 5707 βίου
1623 5639 1884 5704 Χριστια-

283 5736 408 5786 soi:
443 5731 757 5799 πρέποντα,
790 5723 911 5781 εἶτα
939 5730 1106 5781 ἑαυτὰ
1137 5728 1481 5798 παραθέσθαι
1507 5729 1585 5798 τῷ
1626 5728 1745 5796 Θεῷ
1789 5731 1882 5781 καὶ

283 5823 595 5890 ἀλλήλους,
629 5821 720 5872 καὶ
749 5821 930 5872 πᾶσαν
960 5820 1059 5888 τὴν
1090 5819 1254 5890 ζωὴν,
1292 5819 1386 5882 τὴν
1416 5818 1640 5885 ἐνὸτητα
1663 5818 1760 5885 τῆς
1789 5816 1876 5873 πί-

281 5932 467 5978 στεως
500 5913 594 5963 καὶ
629 5913 724 5982 τὴν
759 5911 1042 5967 κοινωνίαν
1072 5912 1166 5966 τοῦ
1192 5913 1349 5980 ἁγίου
1382 5909 1695 5978 lin-3,1030;
1725 5911 1877 5979 αἰτη-

1992 5291 2110 5329 rum
2145 5276 2515 5336 securitatem,
2560 5274 2612 5327 in
2653 5290 2785 5342 pace
2809 5281 2862 5327 et
2915 5274 3226 5340 pmiiitetitia
3278 5281 3556 5327 transacto

1991 5368 2202 5436 reliquo
2245 5368 2365 5420 vita:
2405 5375 2673 5428 tempore,
2713 5377 2769 5419 ut
2800 5367 2870 5420 sit
2923 5366 3247 5420 Christianis
3277 5367 3397 5420 tinis
3453 5365 3553 5434 qui

1993 5460 2074 5515 eis
2101 5460 2375 5519 convenit.
2418 5457 2612 5512 deinde
2640 5468 2696 5511 ut
2721 5458 2927 5526 scipsos
2954 5467 3007 5510 ct
3050 5459 3186 5511 inter
3231 5473 3287 5510 se
3319 5456 3550 5512 invicem

1995 5548 2105 5604 Deo
2132 5549 2537 5609 commendent,
2567 5558 2618 5601 et
2649 5564 2741 5616 per
2765 5558 2928 5600 totam
2958 5564 3144 5602 eorum
3184 5548 3344 5599 vitam
3375 5547 3554 5601 unita-

1994 5650 2097 5694 tem
2133 5640 2252 5693 lidei
2287 5652 2338 5693 et
2387 5640 2556 5694 sancti
2587 5639 2823 5708 Spiritus
2869 5640 3419 5694 communicationem
3461 5655 3551 5706 pr.-

1989 5740 2186 5787 tentcs.
2217 5731 2354 5798 Quid
2386 5745 2567 5785 autem
2615 5732 2716 5785 sibi
2748 5733 2858 5785 vult
2900 5733 3015 5786 fidei
3056 5732 3254 5792 unitas,
3289 5740 3342 5785 et
3377 5729 3546 5783 sancti

1991 5824 2228 5892 Spiritus
2258 5824 2698 5884 communicatio,
2730 5835 2783 5877 et
2801 5838 2964 5891 quam
2995 5825 3066 5879 ob
3099 5837 3315 5884 causam
3357 5823 3422 5877 iis
3469 5820 3548 5874 iu-

1989 5916 2253 5987 digemus,
2286 5918 2491 5989 prolixe
2531 5929 2652 5973 ante
2684 5918 2886 5973 dictum
2931 5928 3033 5972 est.
