4272 6446
736 380 835 441 451

1995 377 2303 438 NICOLAI
2349 374 2609 434 CABASI
2626 374 2737 433 Ι.ιΕ

3883 363 3986 429 452

727 491 1103 560 gniﬁcandum
1140 486 1312 542 sancti
1341 486 1576 554 Spiritus
1612 485 1676 538 ad
1732 484 2030 539 Iﬂttclesiant
2067 485 2303 549 ,descen-
2333 490 2374 543 Α
2407 483 2414 531 l

2333 490 2374 543 Α
2407 482 2568 533 ἕνεκα
2602 477 2701 548 τῆς
2733 478 2825 531 τοῦ
2859 478 3013 546 ἁγίου
3041 477 3358 549 Πνεῦματος
3389 476 3484 531 ἐπὶ
3524 476 3621 547 τὴν
3666 475 3989 548 Ἐκκλησίαν

731 603 877 638 sunt.
943 581 1230 635 Descendit
1284 579 1427 631 enim
1493 586 1623 629 tunc
1684 576 1937 629 universa
1994 572 2300 628 incarnatio

736 676 1015 729 Dominica
1049 681 1263 741 peracta
1313 671 1615 723 tet-onomia
1650 686 1663 721 :
1704 683 1847 722 nunc
1885 676 2085 731 autem.
2118 666 2302 720 oblato

735 768 1027 830 sacriﬁcio,
1064 774 1117 817 et
1152 762 1549 817 consummatis
1580 760 1762 826 denis,
1800 769 2047 814 versatur
2080 774 2203 813 cum
2236 758 2302 811 iis

735 860 826 928 qui
859 858 1018 925 digne
1046 855 1267 909 fuerunt
1299 867 1486 908 cormn
1515 852 1826 921 participes.
1863 850 2128 906 Universa
2155 850 2301 903 enim

734 953 988 1004 humana:
1041 964 1068 1000 a
1117 947 1337 1001 Christo
1398 954 1668 1013 suscepta:
1720 952 1928 996 natura:
1977 942 2301 1003 temnenda,

737 1047 791 1098 in
820 1057 975 1095 sacro
1013 1040 1376 1093 Eucharislize
1413 1037 1696 1108 mysterio.
1743 1035 1797 1089 in
1843 1051 2002 1105 pane,
2039 1044 2301 1102 tanquam

735 1138 791 1191 in
834 1135 1040 1197 tabula,
1075 1132 1337 1202 inscripta
1376 1130 1526 1200 (nam
1558 1140 1609 1183 et
1659 1129 1919 1183 infantem
1955 1129 2153 1198 ipsum,
2180 1137 2314 1182 tatt~

733 1243 898 1296 quam
950 1226 1004 1279 in
1038 1227 1206 1293 ﬁgura
1252 1222 1683 1291 centemplantur
1718 1238 1730 1273 :
1759 1230 1811 1275 et
1835 1221 1897 1275 ad
1948 1231 2175 1275 mortem
2204 1221 2303 1273 titt-

740 1330 890 1372 ctutn
927 1328 980 1371 et
1014 1318 1358 1376 cruciﬁxum,
1388 1322 1441 1368 et
1474 1314 1524 1366 in
1575 1314 1739 1366 latere
1764 1320 2060 1380 punctum;
2110 1311 2307 1366 deinde

737 1414 899 1462 etiam
932 1410 1104 1476 ipsum
1141 1421 1358 1474 panem,
1392 1406 1443 1457 in
1484 1404 1611 1456 illud
1649 1402 2057 1457 sanctissimum
2082 1417 2303 1469 corpus,

739 1504 880 1571 quod
921 1502 1031 1553 lia-c
1078 1514 1201 1552 vere
1231 1497 1511 1558 sustinuit,
1545 1506 1597 1548 et
1646 1494 1965 1557 resurrexit,
1999 1505 2051 1548 et
2078 1510 2303 1549 assum-

734 1602 888 1662 ptum
956 1600 1057 1652 est,
1124 1598 1177 1640 ct
1224 1587 1373 1641 sedet
1432 1588 1496 1639 ad
1564 1586 1841 1639 dexteram
1894 1583 2092 1646 Patris,
2127 1592 2306 1636 mula-

738 1682 901 1747 tuin),
939 1680 1223 1748 Oportebat
1275 1679 1436 1730 etiam
1474 1675 1666 1728 horum
1708 1675 1951 1727 omnium
1990 1674 2148 1727 ﬁnem
2187 1680 2307 1741 post

738 1776 850 1826 haue
890 1771 1210 1838 signiﬁcari,
1250 1779 1307 1819 ut
1353 1776 1498 1821 esset
1531 1768 1738 1836 integra
1791 1766 2031 1837 mysterii
2066 1764 2308 1818 celebra—

737 1867 837 1924 tio,
894 1865 1144 1917 universo
1197 1870 1410 1930 negotio
1458 1868 1514 1913 et
1563 1858 1958 1912 incarnationis
2022 1857 2306 1926 dispensa-

735 1956 868 2010 tioni
903 1956 1007 2008 ﬁne
1050 1954 1358 2022 aﬂ‘ectuquc
1390 1952 1623 2020 adjecto.
1658 1950 1811 2015 Quod
1840 1958 1922 2003 est
1966 1950 2111 2003 enim
2148 1963 2301 2017 opus,

734 2062 788 2102 et
835 2051 959 2119 quis
1008 2047 1231 2101 etii-ctus
1288 2046 1488 2100 Christi
1537 2045 1849 2114 passionum
1897 2052 1950 2097 et
1994 2058 2216 2113 nperttm
2250 2049 2305 2096 et

736 2142 1047 2197 dictorum?
1080 2141 1137 2194 Si
1173 2141 1294 2206 quis
1329 2154 1416 2203 ea,
1454 2138 1594 2206 quod
1631 2138 1696 2189 ad
1744 2151 1842 2191 nos
1868 2135 2078 2198 attinet,
2120 2135 2300 2188 consi.

732 2237 912 2295 derat.
966 2234 1096 2286 nihil
1148 2234 1291 2285 aliud
1343 2242 1469 2285 sunt
1521 2246 1680 2299 quam
1732 2229 1909 2284 sancti
1960 2227 2196 2295 Spiritus
2250 2228 2302 2281 in

741 2326 1038 2377 Ecclesiam
1076 2325 1361 2376 adventus.
1396 2321 1695 2391 Oportebat
1736 2334 1863 2388 ergo
1895 2334 2017 2373 eum
2057 2326 2178 2388 post
2216 2318 2302 2370 illa

740 2416 1059 2482 significari.
1094 2416 1269 2483 Atque
1302 2415 1348 2467 is
1379 2414 1599 2479 quidem
1646 2411 1981 2480 signiﬁcatur
2033 2426 2172 2479 aqua
2213 2426 2304 2462 ca-

741 2506 848 2558 lida
905 2506 956 2556 in
1003 2504 1255 2575 mysteria
1301 2503 1499 2555 infusa.
1543 2501 1667 2555 Ilznc
1714 2503 1859 2555 enim
1891 2516 2054 2570 aqua,
2097 2510 2305 2554 cumet

2406 572 2657 625 καθόδου.
2686 571 2933 639 Κατῆλθε
2961 571 3069 640 γὰρ
3096 571 3215 622 τότε
3247 569 3347 639 τῆς
3374 570 3686 638 οἰκονομίας
3717 568 3992 622 τελεσθείη

2407 682 2506 733 σης
2545 663 2640 717 τοῦ
2670 663 2919 733 Σωτῆρος
2960 664 3209 731 ἀπάσηςο
3245 661 3341 715 νῦν
3366 662 3725 731 δὲςὲπιδημεῖ,
3764 662 3862 731 τῆς
3890 664 3991 713 θυ-

2408 760 2530 819 σίας
2576 757 2978 826 ἀνενεχθείσης,
3036 758 3129 807 καὶ
3169 755 3571 809 τελειωθέντων
3621 757 3729 809 τῶν
3779 754 3992 826 δώρων

2405 854 2516 914 τοῖς
2572 867 2636 919 γε
2693 850 2862 914 ἀξίως
2914 846 3265 901 κοινωνοῦσιν
3317 847 3520 901 αὐτῶν.
3569 848 3680 916 Τῆς
3743 847 3851 915 γὰρ
3893 846 3993 899 τοῦ

2406 944 2646 1012 Χριστοῦ
2680 942 2993 1012 οἰκονομίας
3030 940 3248 1009 ἀπάτης
3279 944 3420 993 κατά
3452 938 3551 1009 τὴν
3584 940 3736 1009 ἱερὰν
3767 939 3863 1009 τῆς
3901 939 3996 990 εὖ-

2407 1035 2693 1104 χαριστίας
2739 1034 2984 1104 τελετὴν,
3027 1034 3086 1088 ἐν
3119 1032 3197 1105 τῷ
3231 1032 3381 1103 ἄρτῳ
3425 1030 3678 1100 καθάπερ
3713 1033 3771 1083 ἐν
3802 1031 3991 1083 πίνακι

2407 1128 2764 1198 γραφομένης
2796 1129 2911 1197 (καὶ
2940 1126 3049 1195 γὰρ
3083 1127 3177 1179 καὶ
3209 1125 3406 1196 βρέφος
3437 1123 3601 1185 αὐτὸς
3637 1123 3712 1185 ὡς
3745 1124 3802 1174 ὲν
3832 1121 3992 1191 τύτῳ

2408 1222 2743 1292 θεωροῦμεν,
2776 1220 2870 1272 καὶ
2898 1221 2976 1282 εἰς
3006 1219 3235 1272 θάνατον
3266 1217 3557 1287 ἀγόμενον,
3589 1216 3684 1268 καὶ
3720 1214 3991 1285 σταυροῦ-

2411 1330 2589 1383 μινον,
2621 1313 2713 1365 καὶ
2742 1313 2842 1380 τὴν
2873 1310 3111 1381 πλευρὰν
3143 1310 3496 1375 κεντοῦμενον
3521 1323 3534 1335 ·
3561 1304 3679 1359 εἶτα
3708 1309 3799 1359 καὶ
3825 1307 3992 1357 αὑτὸν

2409 1404 2498 1456 τὸν
2533 1402 2694 1472 ἄρτον
2738 1404 2817 1462 εἰς
2859 1402 3036 1453 έκεῖνο
3069 1400 3128 1453 τὸ
3175 1401 3444 1469 πανάγιον
3485 1399 3664 1467 σῶμα,
3713 1399 3773 1451 το
3816 1397 3993 1450 ταῦτα

2409 1495 2622 1564 ἀληθῶς
2652 1496 2975 1564 ὑπομεῖναν,
3005 1496 3095 1546 καὶ
3122 1493 3381 1557 ἀναστὰν,
3409 1492 3505 1547 καὶ
3534 1490 3864 1560 ἀναληφθὲν,
3895 1493 3993 1542 καὶ

2410 1588 2719 1658 καθήμενον
2766 1589 2823 1639 ἐν
2864 1586 3014 1657 δεξιᾷ
3061 1586 3154 1639 τοῦ
3205 1586 3435 1656 Πατρδς,
3467 1581 3988 1655 μετασαλλόμενον),

2410 1680 2515 1733 ἔδει
2535 1682 2627 1734 καὶ
2651 1680 2712 1734 τδ
2743 1680 2894 1743 τέλος
2924 1680 3131 1733 τούτων
3150 1679 3408 1733 ἁπάντων
3441 1677 3579 1747 μετά
3611 1674 3784 1728 ταῦτα
3811 1676 3992 1727 πάντα

2412 1771 2807 1840 σημαίνεσθαι,
2858 1771 2947 1823 ἴνα
2990 1770 3283 1839 ὁλόκληρος
3319 1770 3353 1839 ή
3390 1767 3590 1838 μύησις
3633 1768 3859 1837 γένηται
3892 1765 3989 1817 τοῦ

2413 1863 2750 1933 μυστηρίουο
2781 1866 2843 1933 τῇ
2881 1863 3231 1933 πραγματεία
3269 1863 3425 1933 πάσῃ
3458 1863 3549 1914 καὶ
3576 1859 3859 1930 οἰκονομίᾳ
3893 1858 3990 1910 τοῦ

2407 1955 2845 2025 ἀποτελέσματος
2888 1954 3299 2023 προστεθέντος.
3337 1954 3402 2006 Τί
3450 1954 3560 2023 γὰρ
3607 1952 3668 2004 τὸ
3698 1950 3858 2022 ἔργον
3893 1952 3989 2002 καὶ

2407 2046 2753 2116 ἀποτέλεσμα
2791 2046 2900 2099 τῶν
2927 2046 3023 2099 τοῦ
3050 2045 3289 2116 Χριστοῦ
3316 2046 3529 2108 παθῶν,
3558 2044 3655 2098 καὶ
3686 2044 3860 2111 λόγων
3890 2043 3989 2095 καὶ

2408 2139 2623 2206 ἑργων;
2659 2138 2724 2190 Εἴ
2742 2156 2827 2200 τις
2859 2139 2994 2209 πρὸς
3027 2140 3171 2208 ἡμᾶς
3205 2138 3344 2191 αὐτὰ
3377 2136 3595 2208 θεωρεῖ,
3622 2136 3773 2189 οὑὸὲν
3799 2136 3991 2205 ἕτερον

2406 2231 2438 2301 ἣ
2466 2229 2554 2282 τοῦ
2581 2230 2737 2297 ἁγίου
2764 2229 3079 2300 Πνεύματος
3107 2231 3184 2293 εἰς
3213 2231 3313 2300 τὴν
3345 2230 3677 2298 Ἐκκλησίαν
3697 2228 3989 2297 ἐπιδημία.

2407 2322 2619 2375 υὺκοῦν
2646 2322 2751 2375 ἔδει
2786 2322 2901 2391 μετ’
2936 2325 3120 2376 ἐκεῖνα
3155 2321 3498 2392 σημανθῆναι
3523 2322 3618 2374 καὶ
3652 2321 3844 2389 αὐτήν.
3877 2321 3993 2374 Καν.

2406 2412 2470 2483 δὴ
2525 2415 2848 2483 σημαίνεται
2885 2414 2975 2467 τοῦ
3015 2414 3228 2478 ζέοντος
3269 2414 3461 2475 ὓδατος
3507 2415 3833 2483 ἐκχεομένου
3877 2416 3991 2474 τοῖς

2410 2508 2753 2577 μυστηρίοις.
2789 2506 2859 2560 Τὸ
2897 2509 2996 2577 μὲν
3044 2509 3153 2577 γὰρ
3184 2506 3351 2576 ὕδωρ,
3381 2506 3513 2561 αὑτό
3552 2522 3609 2557 τε
3653 2503 3811 2557 τοῦτο
3842 2502 3992 2576 ῦδωρ

741 2612 878 2665 aqua
915 2596 1005 2659 sit,
1033 2606 1083 2648 et
1128 2595 1266 2663 ignis
1297 2595 1370 2647 sit
1399 2595 1695 2662 particeps.
1744 2593 2013 2661 signiﬁcat
2054 2606 2301 2647 sanctum
2398 2598 2428 2651 ὓ

2398 2598 2485 2662 ὒν,
2517 2601 2609 2652 καὶ
2632 2599 2802 2669 πυρὸς
2828 2599 3075 2669 μετέχον,
3104 2600 3166 2652 τὸ
3196 2598 3419 2666 Πνεῦμα
3444 2597 3699 2669 σημαίνει
3724 2597 3783 2649 τὸ
3808 2597 3988 2663 ἅγιον,

742 2690 1026 2756 Spititum.
1060 2688 1150 2754 qui
1179 2686 1341 2739 etiam
1375 2701 1514 2753 aqua
1542 2685 1766 2750 dicitur,
1792 2693 1845 2738 et
1878 2697 2132 2753 tanquam
2165 2686 2304 2752 ignis

742 2781 988 2848 apparuit
1017 2780 1066 2830 in
1094 2778 1299 2832 Clu-isti
1332 2778 1634 2846 discipulos
1660 2778 1929 2844 dilapsus.
1976 2778 2091 2831 Hoc
2123 2788 2302 2831 autem

742 2887 956 2939 tempus
991 2871 1122 2923 illud
1158 2879 1371 2938 tempus
1399 2870 1703 2939 signiﬁcat;
1731 2880 1859 2923 tunc
1899 2871 2043 2922 enim
2074 2871 2299 2924 desern-

738 2966 836 3025 dit,
867 2974 1153 3032 postquam
1190 2963 1370 3015 omnia
1411 2978 1531 3030 qua:
1554 2963 1619 3016 ad
1656 2962 1933 3015 Christum
1968 2963 2301 3030 spectabant,

732 3065 955 3121 peracta
974 3062 1151 3105 erant.
1178 3050 1331 3105 Nune
1354 3062 1532 3105 autem
1560 3050 1815 3120 perfectis
1838 3062 1889 3105 et
1910 3054 2304 3105 consummatis

2404 2686 2432 2737 ὃ
2466 2688 2555 2738 καὶ
2583 2687 2727 2756 ὕδωρ
2752 2686 2989 2755 λέγεται,
3022 2689 3117 2740 καὶ
3144 2688 3218 2749 ὡς
3250 2686 3361 2758 πῦρ
3395 2688 3569 2757 ὲιράνη
3597 2688 3720 2739 τότε
3750 2689 3866 2746 τοῖς
3895 2685 3991 2737 τοῦ

2407 2768 2662 2845 Χριστοῦ⁴
2680 2779 2950 2848 μαθηταῖς
2980 2779 3245 2849 ἐμπεσόν.
3285 2777 3349 2834 Ὀ
3381 2780 3436 2832 δὲ
3488 2779 3677 2849 καιρὸς
3718 2772 3873 2841 οὗτος
3898 2778 3992 2829 τὸν

2407 2870 2595 2940 καιρὸν
2623 2872 2830 2922 ἐκεῖνον
2857 2870 3135 2939 σημαίνει.
3159 2872 3293 2924 Τότε
3324 2872 3424 2939 μὲν
3461 2873 3562 2939 γὰρ
3589 2870 3822 2940 κατῆλθε
3848 2870 3992 2938 μετᾶ

2404 2963 2465 3013 τὸ
2491 2961 2845 3031 πληρωθῆναι
2877 2964 2943 3016 τὰ
2968 2964 3109 3016 κατά
3132 2964 3224 3017 τὸν
3250 2966 3489 3033 Χριστὸν
3513 2967 3752 3028 ἅπαντα,
3782 2964 3877 3015 νῦν
3906 2964 3989 3028 δὲ,

2404 3052 2802 3106 τελειωθέντων
2819 3054 2929 3107 τῶν
2950 3053 3161 3125 δώρων,
3178 3056 3237 3107 τὸ
3258 3056 3401 3124 ὕδωρ
3423 3055 3777 3122 ἐπεισάγεται
3803 3055 3989 3107 τοῦτο.

739 3144 895 3195 donis
950 3144 1063 3196 hazc
1113 3156 1254 3210 aqua
1307 3142 1643 3197 immittitur.
1675 3141 1776 3196 Per
1825 3144 2079 3213 mysteria
2120 3154 2299 3196 autem
2327 3147 2426 3225 CA

2327 3164 2374 3225 ο
2406 3144 2507 3197 Διά
2535 3144 2587 3197 δὲ
2611 3145 2718 3198 τῶν
2756 3145 3071 3215 μυστηρίων
3103 3149 3194 3199 καὶ
3225 3148 3258 3216 ἡ
3296 3146 3596 3215 Ἐκκλησία
3638 3146 3992 3215 σημαίνεται,

740 3234 1079 3302 signiﬁcatur
1116 3233 1379 3298 Ecclesia,
1414 3248 1536 3302 quae
1558 3244 1612 3288 et
1643 3243 1771 3289 tunc
1798 3236 2008 3305 accepit
2036 3235 2297 3305 Spiritum

740 3332 990 3377 sanctum
1043 3312 1061 3377 ι
1093 3332 1148 3377 et
1182 3333 1466 3392 postquam
1495 3323 1747 3378 Christus
1779 3326 1831 3379 in
1869 3326 2039 3380 C(PJOS
2089 3342 2304 3381 assum-

741 3426 866 3484 ptus
904 3425 1010 3478 est,
1052 3415 1212 3469 etiam
1244 3431 1389 3468 nunc
1420 3415 1615 3483 accipit
1643 3416 1847 3471 donum
1881 3416 2135 3486 Spiritus,
2174 3434 2297 3473 sns—

738 3506 912 3574 ceptis
938 3506 1094 3558 donis
1123 3506 1177 3558 in
1208 3505 1366 3558 altari
1401 3507 1803 3573 supercmlesti,
1839 3507 1889 3561 id
1922 3510 2083 3564 nobis
2111 3520 2302 3564 contra

742 3597 1048 3651 remittente
1076 3596 1209 3661 Deo,
1258 3598 1351 3665 qui
1384 3597 1474 3651 illa
1524 3601 1751 3668 accepit,
1797 3610 1856 3654 ut
1901 3611 2057 3655 antea
2097 3604 2302 3657 dictum

739 3698 847 3751 est,
879 3689 1021 3756 quod
1074 3688 1217 3742 idem
1260 3697 1347 3743 est
1377 3690 1706 3745 intercessor
1728 3698 1782 3747 et
1808 3701 1957 3760 tunc,
1980 3702 2033 3748 et
2056 3710 2221 3759 nunc,
2252 3703 2307 3749 et

744 3779 887 3833 idem
924 3779 1183 3843 Spiritus.
1395 3769 1405 3777 ’

1285 3959 1439 4015 CAP.
1481 3958 1769 4017 XXXVIII.

818 4097 1064 4163 Quanam
1090 4097 1295 4151 ratione
1325 4097 1576 4167 mysteria
1606 4097 1907 4167 signiﬁcant
1936 4097 2251 4154 Ecclesium.

823 4251 1179 4322 Signiﬁcatur
1237 4260 1414 4305 autem
1471 4250 1715 4306 Eet'iesia
1762 4253 1818 4307 in
1869 4255 2163 4324 mysteriis,
2202 4271 2309 4310 non

752 4356 1005 4413 tanquam
1041 4343 1093 4395 in
1121 4342 1315 4408 signis,
1350 4344 1442 4397 sed
1478 4352 1738 4411 tanquam
1777 4345 1828 4399 in
1847 4347 2011 4400 corde
2042 4348 2310 4411 membra,

750 4446 801 4491 et
826 4438 876 4489 in
907 4434 1122 4487 arboris
1150 4434 1333 4487 radice
1363 4448 1572 4495 ramus,
1598 4444 1650 4487 et
1691 4435 1832 4490 sicut
1861 4436 1997 4490 dixit
2029 4437 2308 4500 Dominus,

2413 3236 2568 3306 σῶμα
2598 3236 2730 3289 οῦσα
2763 3236 2999 3307 Χριστοῦ
3027 3238 3121 3291 καὶ
3150 3239 3287 3308 μέλη
3319 3241 3383 3292 ὲκ
3441 3238 3677 3309 μέρουςο
3708 3239 3828 3308 ἥτις
3866 3242 3994 3290 τότε

2411 3322 2626 3389 ἐδέξατο
2656 3322 2878 3393 Πνεῦμα
2911 3325 2971 3377 τὸ
3010 3324 3187 3393 ἅγιον,
3223 3326 3362 3394 μετά
3394 3327 3452 3380 τὸ
3477 3327 3859 3397 ἀναληφθῆναι
3897 3327 3993 3379 τὸν

2413 3415 2651 3483 Χριστὸν
2677 3416 2755 3476 εἰς
2785 3415 2911 3478 τοὺς
2942 3416 3205 3487 οὐρανούς
3226 3434 3240 3449 ο
3270 3419 3364 3471 καὶ
3396 3417 3493 3471 νῦν
3527 3418 3739 3489 δέχεται
3765 3419 3864 3489 τὴν
3890 3421 3995 3471 δω-

2412 3524 2469 3575 ρε
2480 3508 2543 3559 ἀν
2559 3505 2651 3558 τοῦ
2675 3505 2829 3573 ἀγίου
2844 3508 2981 3559 Πνεύ
2992 3526 3181 3577 ματος,
3197 3509 3635 3580 προσδεχθέντων
3650 3510 3759 3563 τῶν
3775 3510 3994 3581 δώρων,

2408 3597 2562 3658 sine
2582 3599 2682 3650 ὺπε
2692 3599 2969 3668 ρουράνιον
2991 3600 3395 3670 θυσιαστήριον,
3415 3602 3994 3672 ἀντικαταπέμποντος

2411 3690 2582 3759 αὑτὴν
2611 3692 2742 3760 ημῖν
2768 3689 2861 3742 τοῦ
2895 3691 3343 3762 προσδεξαμένου.
3368 3694 3539 3747 ταῦτα
3567 3694 3723 3754 Θεοῦ,
3747 3694 3889 3749 κατά
3921 3695 3994 3749 τὰ

2415 3781 2807 3848 προειρημένα,
2836 3780 2918 3833 ὅτι
2953 3782 3177 3853 μεσίτης
3208 3785 3235 3835 ό
3258 3783 3439 3849 αὐτὸς,
3460 3785 3555 3839 καὶ
3582 3785 3707 3837 τότε
3740 3788 3837 3838 καὶ
3868 3784 3988 3850 νῦν,

2416 3873 2506 3924 καὶ
2536 3872 2595 3924 τὸ
2622 3872 2755 3925 αὐτὸ
2786 3872 3031 3945 Πνεῦμα.

2982 3987 3242 4042 ΚΕΦΑΔ.
3275 3989 3403 4044 AH'.

2424 4098 2565 4152 Tim
2586 4100 2776 4167 λόγον
2799 4102 2869 4154 τὰ
2886 4103 3191 4186 μυστήρια
3216 4108 3557 4228 (ξηραντικὰ
3583 4107 3654 4175 τῆ
3673 4128 3691 4142 τ
3732 4109 3994 4165 Ἔκκλιη-

3043 4188 3187 4228 mae
3213 4191 3241 4225 ε
3268 4192 3307 4226 σ
3337 4213 3351 4228 .

3043 4188 3187 4229 mae
3213 4188 3351 4229 εισι.

3043 4193 3149 4226 ma
3213 4193 3351 4229 εισι.

2487 4260 2819 4331 Σημαίνεται
2841 4262 2898 4315 δὲ
2921 4265 2955 4334 ή
2978 4193 3276 4335 Ἐκκλτῖσία
3300 4268 3359 4322 ἐν
3380 4270 3491 4331 τοῖς
3519 4270 3862 4340 μυστηρίοις,
3889 4272 3993 4342 οὐχ

2419 4351 2494 4413 ὡς
2537 4354 2596 4404 ὲν
2630 4352 2940 4419 συμϐόλοις,
2979 4353 3094 4407 ἀλλ’
3128 4354 3203 4419 ὡς
3250 4358 3308 4410 ὲν
3345 4359 3544 4429 καρδίᾳ
3580 4360 3742 4430 μέλην,
3783 4360 3877 4413 καὶ
3914 4362 3992 4423 ὼς

2419 4445 2476 4495 εν
2504 4444 2631 4514 ῥίζῃ
2665 4444 2758 4496 τοῦ
2790 4444 2962 4513 φυτοῦ
2991 4446 3172 4500 κλάδοι
3195 4487 3212 4511 ,
3250 4450 3342 4503 καὶ
3380 4451 3632 4522 καθάπερ
3662 4452 3767 4524 ἔφη
3801 4455 3829 4507 ὁ
3879 4453 3997 4505 Κό-

750 4540 1010 4595 tanquam
1046 4525 1099 4578 in
1139 4524 1247 4578 vite
1276 4525 1549 4594 palmites.
1586 4524 1701 4578 Non
1734 4527 1879 4580 enim
1912 4538 1997 4582 est
2017 4529 2107 4583 hic
2135 4530 2308 4583 solum
2346 4521 2387 4575 Ι)
2420 4554 2437 4603 ι

2346 4521 2387 4575 Ι)
2420 4553 2552 4603 ρως,
2606 4536 2682 4596 ὡς
2726 4537 2783 4588 ἓν
2837 4537 3071 4608 ἀμπέλῳ
3118 4539 3393 4609 κλήματα.
3444 4543 3520 4595 οὐ
3574 4521 3995 4613 γάρνὸνόματος

752 4618 989 4672 nominis
1025 4617 1361 4680 communio,
1417 4617 1499 4669 vel
1542 4617 1802 4687 analogia:
1853 4618 2169 4683 similitudo,
2217 4620 2311 4675 sed

754 4725 840 4762 res
871 4708 1081 4762 eadem.
1124 4706 1332 4760 Etenim
1368 4721 1567 4774 corpus
1608 4708 1806 4762 Christi
1846 4719 1899 4761 et
1942 4711 2163 4779 sanguis
2192 4727 2310 4783 my-

751 4800 943 4863 steria,
971 4798 1064 4853 sed
1098 4796 1351 4851 Ecclesiae
1380 4799 1491 4851 lucc
1524 4810 1651 4852 sunt
1681 4800 1836 4854 cibus
1870 4809 1923 4855 ct
1944 4816 2106 4856 verus
2130 4812 2310 4872 potus,

751 4898 807 4942 et
832 4903 1020 4942 eorum
1046 4888 1320 4956 particeps
1349 4888 1566 4954 effecta,
1604 4906 1712 4943 non
1740 4906 1802 4943 ea
1835 4902 2006 4945 mutat
2038 4893 2092 4946 in
2116 4908 2313 4964 corpus

758 4981 1054 5035 humanum
1080 4981 1240 5035 veluti
1272 4981 1504 5042 aliquem
1539 4982 1704 5036 alium
1737 4984 1942 5047 cibum,
1983 4986 2075 5039 sed
2112 4987 2225 5055 ipsa
2260 4989 2313 5041 in

754 5072 846 5127 illa
882 5081 1123 5126 mutatur
1146 5072 1487 5128 vincentibus
1518 5072 1587 5127 iis
1609 5089 1728 5143 quae
1760 5084 1887 5129 sunt
1911 5080 2311 5145 praestantiora.

753 5164 890 5219 Nam
923 5165 1085 5218 etiam
1136 5163 1340 5218 ferrum
1389 5182 1511 5219 cum
1543 5167 1666 5235 igne
1712 5167 1917 5221 habens
1962 5172 2316 5225 consuetudi-

755 5272 904 5320 nem,
938 5258 995 5310 ﬁt
1024 5257 1184 5327 igttis,
1222 5272 1328 5312 non
1363 5268 1544 5311 autem
1580 5259 1673 5312 dat.
1719 5259 1826 5328 igni
1871 5268 1931 5313 ut
1959 5260 2029 5315 sit
2066 5261 2310 5326 ferrum;

664 5363 668 5369 '
758 5361 811 5404 et
847 5350 1299 5418 quemadmodum
1344 5353 1545 5405 ferrum
1593 5351 2010 5418 inﬂammatum,
2063 5370 2168 5408 non
2208 5355 2317 5408 fer-

759 5457 905 5505 rum,
938 5441 1029 5493 sed
1060 5443 1239 5510 ignem
1267 5452 1451 5511 aperte
1499 5443 1770 5508 videmus,
1804 5443 1931 5497 ferri
1979 5445 2321 5514 proprietati-

757 5532 860 5585 bus
892 5534 1115 5585 omnino
1142 5535 1209 5586 ab
1245 5533 1369 5603 igne
1407 5534 1597 5590 deletis
1626 5552 1641 5589 :
1675 5536 1745 5589 ita
1777 5536 1940 5590 etiam
1984 5521 2182 5591 Christi
2224 5539 2319 5590 Ec-

757 5622 981 5675 clesium
1030 5624 1075 5676 si
1134 5625 1257 5691 quis
1303 5626 1485 5679 videre
1532 5627 1786 5695 potuerit,
1819 5643 1882 5681 eo
1934 5627 2049 5697 ipso
2080 5630 2222 5697 quod
2265 5635 2313 5687 ei

757 5714 915 5767 unita
945 5727 1043 5775 eat,
1082 5724 1237 5770 etest
1284 5718 1402 5784 ejus
1439 5719 1623 5772 carnis
1661 5720 1953 5789 particeps,
2000 5722 2133 5775 nihil
2169 5725 2315 5780 aliud

761 5805 958 5860 videbit
999 5820 1158 5873 quam
1195 5807 1371 5874 ipsum
1420 5822 1620 5878 corpus
1652 5811 1881 5865 Domini.
1914 5811 2144 5881 I’ropter
2178 5815 2317 5870 hanc

2411 4625 2648 4678 ἐνταῦθα
2674 4629 2937 4682 κοινωνία·
2952 4628 3131 4697 μόνον,
3157 4630 3188 4699 ἢ
3215 4632 3475 4700 ἀναλογία
3489 4636 3827 4704 ὁμοιότητος,
3854 4634 3995 4688 ἀλλά

2415 4716 2739 4785 πράγματος
2793 4718 3084 4787 ταυτότης.
3144 4722 3256 4774 Καὶ
3309 4722 3420 4792 γὰρ
3484 4724 3644 4791 σῶμα
3703 4725 3795 4777 καὶ
3850 4720 3994 4793 αἷμα

2415 4808 2649 4878 Χριστοῦ
2684 4808 2752 4861 τὰ
2792 4812 3107 4880 μυστήρια·
3139 4811 3273 4865 ἀλλὰ
3311 4816 3377 4884 τῇ
3426 4805 3719 4885 Ἐκκλησία
3758 4815 3994 4884 Χριστοῦ

2415 4898 2585 4950 ταῦτα
2640 4896 2839 4969 βρῶσίς
2870 4901 2985 4952 ἐστι
3035 4903 3128 4953 καὶ
3162 4902 3316 4964 πόσις
3354 4903 3614 4973 ἀληθινήο
3649 4907 3743 4958 καὶ
3781 4906 3997 4959 τούτων

2422 4990 2742 5058 μετέχουσα,
2794 4993 2856 5043 οὐ
2905 4992 3039 5062 πρὸς
3089 4993 3431 5065 ἀνθρώπινον
3468 4998 3609 5051 αὖτά
3662 5001 3996 5067 μεταϐάλλει

2422 5080 2601 5149 σῶμα,
2636 5081 2887 5152 καθάπερ
2922 5083 3052 5135 ἄλλο
3082 5102 3134 5137 τι
3167 5087 3357 5149 σιτίον,
3394 5088 3511 5141 ἀλλ’
3543 5090 3683 5161 αὐτὴ
3717 5091 3997 5159 μεταϐαλ-

2419 5172 2567 5225 λεται
2610 5173 2687 5231 εἰς
2733 5176 2950 5241 ἐκεῖνα,
3005 5176 3113 5228 τῶν
3169 5181 3496 5244 κρειττόνων
3544 5181 3995 5249 ῦπερνικώντων.

2432 5262 2585 5316 Ἐπεὶ
2604 5266 2699 5318 καὶ
2721 5267 2939 5335 σίδηρος
2967 5269 3229 5338 ὁμιλήσας
3251 5273 3401 5340 πυρὶ,
3429 5272 3590 5337 αὐτὸς
3618 5274 3831 5342 γίνεται
3859 5276 3995 5345 πῦρ,

2421 5358 2482 5409 οὐ
2517 5356 2591 5427 τῷ
2623 5363 2756 5429 πυρὶ
2790 5360 3002 5413 δίδωσιν
3035 5359 3172 5415 εἶναι
3207 5365 3423 5433 σίδηρον
3444 5382 3457 5395 ·
3492 5366 3585 5419 καὶ
3621 5366 3873 5436 καθάπερ
3903 5369 3998 5421 τὸν

2422 5451 2845 5518 πυρακτωθέντα
2868 5454 3104 5524 σίδηρον,
3130 5456 3189 5508 οὐ
3214 5456 3450 5527 σίδηρον,
3474 5458 3608 5511 ἀλλά
3626 5458 3736 5528 πῦρ
3755 5461 3997 5531 auxi-Fu;

2424 5545 2655 5612 ὁρῶμεν,
2704 5545 2810 5597 τῶν
2839 5545 2931 5597 τοῦ
2969 5547 3188 5615 σιδήρου
3221 5548 3524 5618 ἰδιωμάτων
3552 5550 3657 5602 ὑπὸ
3685 5550 3779 5603 τοῦ
3823 5552 3998 5620 πυρὶς

2425 5635 2704 5697 παντελῶς
2726 5637 3154 5705 ἀφανιζομένων.
3185 5638 3325 5691 οὕτω
3356 5640 3446 5693 καὶ
3474 5642 3572 5709 τὴν
3598 5639 3836 5707 Χριστοῦ
3876 5644 4001 5695 Ἑκ-

2428 5728 2654 5796 κλησίαν
2684 5728 2842 5790 εἴτις
2880 5729 3004 5780 ἰδεῖν
3036 5728 3313 5798 δυνηθείη,
3357 5731 3477 5784 κατ’
3512 5733 3645 5786 αὐτὸ
3676 5734 3839 5787 τοῦτο
3874 5733 3998 5786 καθ’

2429 5819 2551 5871 ὅσον
2592 5817 2736 5887 αὑτῷ
2763 5819 2990 5887 ἥνωται,
3030 5822 3123 5871 καὶ
3156 5820 3263 5871 τῶν
3292 5822 3455 5874 αὑτοῦ
3493 5827 3710 5892 μετέχει
3748 5829 3999 5894 σαρδίων,
