4272 6446
734 356 839 420 455

1992 360 2287 417 NECULAI
2338 358 2718 415 li.\il.\f~lli..l§

3889 357 3991 421 456

739 468 971 520 tentiam
1006 467 1323 527 exhiberet,
1364 476 1736 534 paupertatem
1789 482 1952 534 quam
2003 482 2100 534 pro
2152 468 2311 519 nobis
2346 469 2426 526 A1

2307 502 2311 515 μ
2346 469 2384 526 Λ
2417 466 2567 535 πήσῃ
2619 464 2845 532 μᾶλλον,
2882 464 2977 530 τῆς
3039 464 3308 533 πτωχείας
3346 466 3407 530 ῆν
3444 465 3581 534 ὑπὲρ
3632 467 3784 535 ἡμῶν
3818 470 3994 523 ἐκτῶ-

736 560 1014 623 sustinuit,
1046 560 1093 611 ci
1126 560 1177 611 in
1213 568 1444 609 mentem
1490 574 1771 612 revocans.
1814 557 1921 611 Pro
1967 573 2056 619 eo,
2101 559 2306 625 inquit,

737 661 786 701 te
818 664 940 711 oro,
976 649 1120 717 quod
1172 650 1288 718 ipse
1330 648 1639 703 sustinuisti
1692 660 1742 702 te
1786 663 1906 701 esse
1950 664 2073 703 cum
2117 650 2308 711 servis,

736 752 789 796 ιιι
821 743 1136 796 mandatum
1187 743 1438 811 accipere
1464 784 1477 803 ,
1511 752 1566 797 et
1597 754 1741 796 stare
1771 756 1893 796 cum
1931 741 1998 795 iis
2035 741 2128 810 qui
2165 742 2310 794 aecio

740 835 913 900 piunt,
939 850 1061 888 cum
1110 836 1292 888 omnia
1324 836 1562 900 habeas;
1596 847 1647 889 et
1697 828 1960 904 appellari
1998 837 2191 898 haeres,
2221 834 2311 889 cui

741 928 876 980 nihil
903 938 986 982 est
1010 928 1363 996 acquisitum,
1398 931 1632 982 maxime
1666 942 1788 983 eum
1824 929 2164 997 perfectioris
2202 944 2313 983 rne-

744 1020 971 1071 minisse
1008 1030 1209 1072 nostra:
1241 1035 1366 1073 cum
1405 1020 1627 1074 Christo
1662 1010 2101 1083 necessitudinis,
2142 1020 2315 1087 magis

741 1110 915 1174 ipsum
957 1121 1135 1164 movet
1169 1110 1235 1163 ad
1276 1111 1730 1165 misericnrdiam.
1768 1110 1865 1165 Est
1912 1124 2094 1164 autem
2144 1112 2317 1165 luere-

741 1205 906 1266 ditas,
938 1204 1107 1256 multo
1129 1204 1405 1257 creatione
1441 1204 1733 1272 perfectior
1757 1204 2120 1257 necessitudo.
2150 1203 2316 1257 Multo

742 1298 885 1347 enim
925 1298 1159 1364 amplius
1203 1305 1256 1349 ct
1303 1298 1496 1350 melius
1530 1313 1631 1349 nos
1671 1297 1916 1364 possedit
1969 1296 2141 1349 haeres
2186 1295 2318 1348 ech~

743 1397 884 1448 ctus,
920 1403 1083 1455 quam
1137 1388 1287 1455 prius
1343 1388 1529 1440 habuit
1575 1403 1700 1441 cum
1752 1396 1833 1441 est
1886 1386 2204 1440 fabricatus.
2237 1385 2317 1439 Ex

744 1481 1019 1533 creatione
1068 1482 1212 1532 enim
1270 1483 1520 1533 humana:
1596 1478 1939 1532 solummodo
1975 1486 2185 1531 naturae
2221 1465 2317 1530 do-

748 1571 974 1625 minium
1013 1572 1266 1625 obtinuit.
1310 1571 1381 1623 Ex
1419 1570 1734 1624 haereditate
1768 1580 1971 1635 autem,
2005 1568 2230 1623 rationis
2266 1579 2322 1623 et

750 1662 1048 1717 voluntatis
1082 1662 1345 1716 Dominus
1377 1662 1711 1716 constitutus
1744 1669 1829 1715 est
1851 1699 1867 1725 ,
1903 1660 2047 1729 quod
2081 1669 2165 1714 est
2198 1674 2322 1712 rere

749 1755 1066 1811 hominibus
1101 1755 1390 1824 imperare.
1439 1754 1570 1808 Illud
1619 1752 1763 1808 enim
1811 1762 1893 1808 est
1939 1766 2233 1806 commune
2266 1760 2321 1807 et

2415 575 2627 625 χευσεν,
2682 557 3000 625 ἀναμνήσας
3041 556 3220 609 αὐτόν.
3271 557 3445 628 ’Υπὲρ
3499 558 3706 611 τούτων
3741 562 3995 616 ἱκετεύω.

2413 652 2597 719 φησὶν,
2654 650 2796 719 ὑπὲρ
2838 645 2911 703 ὧν
2962 650 3124 713 αὐτὸς
3174 650 3403 719 ἠνέσχου
3451 650 3591 718 μετᾶ
3624 652 3733 704 τῶν
3786 652 3994 705 δούλων

2413 743 2689 809 γενέσθαι,
2723 744 2817 797 καὶ
2848 745 3035 797 λαϐεῖν
3065 745 3309 810 ἐντολὴν,
3351 746 3444 798 καὶ
3485 746 3683 813 στῆναι
3715 747 3852 816 μετὰ
3879 746 3989 799 τῶν

2412 837 2823 906 λαμδανόντων,
2858 841 2883 889 ὁ
2911 840 3093 890 πάντα
3118 837 3255 907 ἔχων
3275 850 3289 865 ⁸
3328 839 3423 890 καὶ
3472 838 3704 891 ἀκοῦσαι
3734 837 3994 908 κληρονό-

2417 945 2513 997 μος
2545 922 2588 995 ᾧ
2641 929 2808 997 μηδὲν
2865 930 3195 998 ἐπίκτητονο
3246 930 3422 992 ἄλλως
3456 947 3547 993 τε,
3588 932 3647 983 τὸ
3680 930 3993 999 μνησθῆναι

2413 1020 2513 1089 τῆς
2540 1021 2937 1090 ἀκριϐεστέρας
2962 1022 3289 1086 οίκειὼσεως
3327 1024 3483 1091 ήμῶν
3518 1023 3653 1092 πρὸς
3699 1023 3788 1074 τὸν
3832 1021 3988 1086 Θεὸν,

2417 1115 2497 1176 είς
2538 1114 2686 1166 ἔλεον
2718 1114 2881 1167 αὐτὸν
2916 1116 3208 1180 ἐφέλκεται
3240 1115 3465 1183 μᾶλλον.
3516 1113 3902 1186 ’Δκριὸεστέρα
3934 1113 3993 1166 δὲ

2418 1206 2713 1271 οἰκείωσις,
2772 1206 3188 1276 ήκληρονομία,
3239 1207 3339 1276 τῆς
3385 1206 3771 1276 δημιουργίας
3812 1205 3994 1274 πολλῷ

2419 1298 2498 1367 τῷ
2534 1300 2682 1368 μέσῳ
2726 1300 2823 1352 καὶ
2884 1299 3020 1351 πολὺ
3053 1298 3260 1368 βέλτιον
3292 1301 3441 1368 ἡμᾶς
3494 1300 3762 1367 ἐκτήσατο
3795 1300 4001 1367 κληρο·

2421 1391 2689 1457 νομήσας,
2726 1389 2758 1459 ἢ
2791 1389 3060 1459 πρότερον
3094 1385 3206 1460 εἶχε
3250 1388 3690 1459 δημιουργήσας.
3733 1388 3865 1440 Ἀπὸ
3897 1389 3999 1457 μὲν

2421 1480 2529 1547 γὰρ
2548 1478 2643 1547 τῆς
2668 1478 3053 1548 δημιουργίας,
3073 1479 3172 1545 τῆς
3197 1477 3411 1556 φύσεως
3436 1478 3623 1539 ἁπλῶς
3644 1477 3752 1529 τῶν
3779 1478 3997 1547 ἀνθρώ.

2424 1588 2541 1623 πων
2573 1569 2821 1639 ἐκράτει,
2869 1569 2976 1624 ἀπὸ
3028 1570 3084 1621 δὲ
3135 1570 3235 1637 τῆς
3269 1566 3660 1638 κληρονομίας,
3710 1565 3998 1633 τοῦλόγου

2423 1662 2519 1714 καὶ
2548 1661 2648 1729 τῆς
2670 1662 3046 1732 προαιρέσεως
3072 1660 3309 1729 κατέστη
3341 1662 3618 1727 Δεσπότης
3639 1703 3656 1726 ,
3682 1663 3817 1727 ὅπερ
3849 1659 4004 1711 ἐστὶν

2426 1750 2733 1819 ἀνθρώπων
2778 1750 2995 1819 ἄρχειν,
3045 1750 3120 1813 ὡς
3153 1748 3396 1819 ἀληθῶς.
3440 1751 3649 1805 Ἐκεῖνο
3681 1749 4003 1821 γὰρ’κοινόν

749 1846 816 1901 iis
843 1862 963 1915 quae
994 1823 1187 1901 carent
1227 1845 1456 1910 ratione,
1496 1853 1550 1899 ct
1590 1844 1655 1898 iis
1691 1857 1814 1913 qua:
1837 1851 1966 1898 sunt
2000 1842 2319 1897 inanimata.
2358 1823 2399 1877 π
2428 1846 2436 1897 i

2315 1882 2319 1895 .
2358 1823 2399 1877 Β
2428 1846 2543 1897 ἐστι
2578 1843 2674 1897 καὶ
2700 1844 2813 1907 τοῖς
2843 1842 3058 1911 ἀλόγοις
3088 1844 3184 1898 καὶ
3215 1846 3327 1907 τοῖς
3371 1845 3626 1915 ἀψύχοις.
3676 1848 3843 1898 Φύσει
3891 1846 4002 1911 γὰρ

748 1937 941 1994 Omnia
970 1938 1116 1993 enim
1157 1946 1354 1993 natura
1404 1938 1510 1992 Deo
1559 1936 1951 2006 subjiciuntur,
1982 1943 2042 1990 ut
2066 1950 2187 2006 qua:
2213 1937 2326 1991 sint

748 2031 863 2099 ejus
883 2045 1070 2100 Opera.
1103 2029 1207 2085 Sed
1240 2030 1516 2100 quomodo
1549 2044 1644 2099 per
1668 2027 2040 2083 haereditatem
2098 2028 2324 2084 rationis

749 2132 802 2177 et
832 2122 1133 2178 voluntatis
1166 2122 1494 2177 constitutus
1527 2132 1610 2178 est
1666 2121 1971 2176 Dominus?
2015 2120 2156 2187 Quia
2194 2135 2323 2175 cum

752 2217 806 2270 in
829 2227 1027 2270 terram
1053 2216 1353 2279 descendit,
1385 2226 1439 2270 et
1463 2214 1768 2271 crucifixus
1785 2223 1891 2279 est,
1920 2222 1974 2269 et
2001 2212 2322 2277 resurrexit,

749 2308 798 2361 ei
853 2317 1101 2362 nostram
1166 2308 1433 2361 rationem
1488 2306 1823 2375 subiecimus
1864 2315 1919 2361 et
1968 2305 2323 2360 voluntatem.

754 2399 1039 2454 liatiouem
1080 2398 1329 2468 quidem.
1368 2397 1513 2467 quod
1539 2413 1664 2452 eum
1695 2395 1862 2453 Deum
1895 2413 2084 2451 vrrum
2119 2414 2327 2467 cogno-

755 2492 929 2545 vimus
953 2499 1008 2544 et
1040 2490 1311 2545 universae
1350 2496 1613 2544 creatura:
1632 2486 1948 2553 Dominum;
1982 2488 2325 2543 voluntatem

753 2590 960 2646 autem,
993 2582 1120 2651 quia
1152 2597 1274 2636 eum
1311 2580 1606 2635 dileximus
1643 2588 1696 2635 et
1741 2581 1860 2650 ejus
1890 2580 2194 2636 dominium
2226 2620 2239 2641 .
2277 2586 2331 2634 et

749 2674 939 2742 jugqu
979 2674 1099 2742 ejus
1143 2688 1268 2727 cum
1306 2672 1502 2741 gaudio
1551 2672 1798 2727 humeris
1835 2672 2184 2727 sustulimus.
2241 2673 2319 2726 Ita

758 2768 903 2821 Deus
935 2766 1185 2820 homines
1221 2763 1458 2834 perfecte
1502 2764 1730 2834 accepit,
1779 2764 1852 2821 ita
1898 2779 2026 2820 vere
2058 2764 2326 2834 possedit.

758 2862 907 2919 Hatic
949 2864 1351 2932 possessionem
1392 2858 1564 2915 Isaias
1596 2859 1864 2929 propheta
1895 2858 2056 2930 longe
2082 2866 2207 2915 ante
2239 2856 2332 2916 de-

757 2956 1009 3010 siderans
1036 2994 1050 3016 ,
1085 2953 1322 3015 diccbat.
1363 2971 1383 3005 ι
1426 2951 1658 3007 Domine
1690 2948 1836 3005 Deus
1871 2959 2080 3015 noster,
2116 2946 2333 3020 posside

750 3064 880 3113 nos.
927 3067 945 3099 ι
992 3045 1113 3101 llaec
1146 3056 1230 3101 est
1262 3044 1538 3115 possessio
1567 3053 1622 3098 et
1656 3044 1967 3109 hereditas,
1995 3058 2155 3112 quam
2189 3043 2332 3098 dici-

2426 1938 2606 1990 πάντα
2636 1934 3010 1990 ὑποτάσσεται
3039 1934 3116 2005 τῷ
3138 1935 3282 2006 Θεῷ,
3314 1935 3391 2001 ὡς
3429 1936 3895 2008 δημιουργήματα
3925 1934 4005 2003 τῷ

2425 2026 2763 2100 δημιουργῷ.
2825 2026 2983 2083 Ἀλλὰ
3024 2027 3141 2091 πῶς
3184 2028 3332 2082 κατὰ
3368 2028 3467 2099 τὴν
3498 2028 3867 2099 κληρονομίαν
3904 2027 4004 2080 rei

2425 2121 2585 2191 λόγου
2642 2123 2734 2174 καὶ⁵
2776 2122 2876 2193 τῆς
2933 2121 3311 2191 προαιρέσεως
3378 2123 3616 2192 κατέστη
3687 2121 4003 2191 Δεσπότης;

2428 2216 2555 2269 Ὅτι
2582 2215 2901 2268 κατελθόντι
2936 2215 3015 2276 εἰς
3040 2214 3139 2285 τὴν
3172 2214 3280 2283 γῆν
3332 2215 3427 2268 καὶ
3478 2214 3869 2286 σταυρωθέντι,
3906 2214 4007 2267 καὶ

2426 2309 2743 2372 ἀναστάντι,
2761 2306 2851 2361 τὸν
2871 2305 3032 2375 λόγον
3046 2307 3141 2357 τὸν
3160 2306 3434 2375 ἡμέτερον
3453 2304 3802 2375 ὑπετάξαμεν
3850 2305 4006 2375 αὐτῷ

2430 2400 2525 2452 καὶ
2555 2400 2652 2469 τὴν
2682 2399 2930 2469 θέλησιν·
2963 2399 3056 2453 τὸν
3093 2400 3192 2468 μὲν
3220 2398 3400 2467 λόγον,
3429 2400 3513 2452 ὅτι
3554 2399 3801 2470 ἔγνωμεν
3836 2398 4007 2454 αὑτὸν

2428 2493 2564 2546 Θεὸν
2594 2491 2853 2558 ἀληθινὸν
2914 2494 3008 2546 καὶ
3041 2492 3142 2560 τῆς
3176 2492 3406 2554 κτίσεως
3434 2492 3654 2559 ἁπάσης
3689 2492 3967 2561 Δεσπότην
3987 2508 4003 2521 ·

2429 2587 2533 2655 τὴν
2583 2586 2639 2639 δὲ
2690 2586 2928 2657 θέλησιν,
2969 2587 3051 2640 ὅτι
3110 2587 3485 2657 ἠγαπήσαμεν
3534 2585 3719 2648 αὐτὸν,
3771 2585 3866 2638 καὶ
3908 2587 4011 2653 τὴν

2430 2676 2595 2729 αὑτοῦ
2633 2676 2961 2732 δεσποτείαν
2987 2678 3082 2731 καὶ
3120 2678 3212 2731 τὸν
3245 2678 3412 2731 αὐτοῦ
3441 2675 3607 2746 ζυγὸν
3637 2677 3774 2744 μετὰ
3827 2680 4009 2748 χαρᾶς

2432 2770 2523 2822 ἰπὶ
2555 2771 2662 2823 τῶν
2702 2770 2949 2841 αὐχένων
2998 2770 3340 2843 ἠνέγκαμεν.
3396 2769 3557 2824 Οὕτω
3604 2771 3824 2832 τελείως
3874 2772 4010 2834 τοὺς·

2431 2861 2754 2931 ἀνθρώπους
2775 2868 2802 2916 ὁ
2831 2861 2961 2927 Θεὸς
2996 2861 3213 2926 ἔλαϐεν,
3265 2861 3440 2925 οὕτως
3468 2862 3685 2930 ἀληθῶς
3710 2862 4011 2930 ἐκτήσατο.

2434 2952 2655 3025 Ταύτης
2678 2955 2779 3024 τῆς
2806 2955 3057 3026 κτήσεως
3089 2955 3323 3018 Ἡσαΐας
3350 2956 3377 3007 ὁ
3399 2956 3690 3026 προφήτης
3718 2955 4012 3026 πόρρωθεν

2435 3043 2718 3114 ἐπιθυμῶν
2776 3046 2966 3113 ελεγεο
3038 3046 3213 3118 Κύριε
3276 3048 3305 3101 ὁ
3364 3048 3497 3105 Θεὸς
3552 3046 3734 3118 ήμῶν,
3806 3049 4014 3114 κτῆσαι

763 3150 849 3192 tur
885 3136 1217 3204 Unigenitus
1250 3152 1280 3192 a
1313 3135 1475 3192 Patre
1520 3135 1787 3205 accipere.
1819 3135 1883 3190 Et
1932 3136 2056 3191 talis
2106 3135 2326 3205 quidem
2360 3136 2450 3228 ci

2360 3169 2406 3228 ο
2434 3136 2606 3205 ἡμᾶς.
2648 3154 2668 3187 ι
2704 3135 2875 3189 Τοῦτο
2898 3137 2930 3203 ή
2962 3137 3299 3208 κληρονομία
3315 3138 3381 3209 ἣν
3401 3137 3621 3205 λέγεται
3646 3136 3835 3189 λαϐεῖν
3858 3138 4013 3207 παρὰ

759 3243 840 3287 est
869 3230 1067 3286 oratio.

1388 3342 1541 3398 CAP.
1571 3342 1708 3399 XLI.

833 3436 907 3490 De
938 3437 1229 3507 gratiarum
1265 3436 1474 3489 actione
1523 3445 1571 3487 et
1617 3433 2001 3504 gloriﬁcatioue
2042 3450 2161 3505 qua
2204 3432 2265 3503 ﬁt

1464 3513 1663 3574 postea.

837 3597 934 3652 llic
964 3608 1143 3652 autem
1163 3597 1501 3652 universum
1545 3596 1851 3667 completur
1882 3594 2212 3651 sacrificium
2238 3637 2253 3661 ,
2283 3602 2337 3650 et

763 3689 961 3742 tlirittzt:
994 3687 1355 3741 Eueharistia:
1389 3688 1712 3757 mysterium
1752 3689 1913 3742 tinem
1944 3687 2166 3755 accipit.
2200 3685 2335 3740 Nam

763 3790 817 3833 ct
845 3781 985 3833 dona
1020 3788 1148 3833 sunt
1177 3779 1515 3834 sanctificata
1546 3789 1600 3833 et
1642 3784 1979 3834 sacerdotem
2024 3779 2337 3834 sanctifica-

767 3881 912 3933 runt,
947 3880 1002 3924 et
1039 3885 1258 3924 omnem
1300 3870 1394 3939 qui
1422 3886 1545 3925 eum
1589 3870 1946 3926 circumsistit
1986 3870 2250 3936 chorum;
2284 3879 2338 3924 et

769 3978 862 4030 per
914 3963 1061 4030 ipsos
1108 3962 1383 4030 reliquum
1442 3962 1701 4016 Ecclesia:
1751 3971 1953 4015 emtum
2005 3963 2240 4031 perfecit
2285 3972 2340 4016 et

768 4055 1151 4109 sanctificavit.
1182 4055 1473 4123 Propterea
1507 4054 1562 4107 in
1602 4052 1697 4107 Dei
1728 4054 2031 4120 gratiarum
2067 4056 2337 4109 actionem

767 4157 817 4199 et
850 4146 1301 4212 gloriﬁcationem
1349 4156 1404 4200 et
1441 4146 1559 4215 ipse
1607 4146 1867 4200 sacerdos
1905 4146 2128 4211 desinit,
2159 4156 2213 4201 et
2246 4147 2337 4214 qui

769 4252 893 4288 eum
931 4236 1348 4289 circumsistunt
1381 4235 1583 4288 fideles.
1616 4234 1681 4287 Et
1715 4234 1804 4288 ille
1834 4235 2078 4303 quidem,
2125 4253 2143 4286 ι
2169 4236 2340 4289 Bene-

770 4329 950 4381 dictus
979 4327 1143 4389 Deus,
1185 4327 1380 4395 inquit,
1410 4341 1557 4381 nunc
1586 4334 1640 4380 et
1687 4341 1924 4395 semper,
1960 4336 2013 4382 et
2054 4328 2106 4381 in
2143 4326 2339 4381 sarcula

769 4418 1115 4471 sutculorum.
1145 4416 1337 4469 Amen.
1377 4434 1395 4467 ι

2435 3222 2530 3277 τοῦ
2553 3224 2763 3295 Πατρὸς
2792 3226 2821 3279 ὁ
2848 3225 3179 3295 Μονογενής.
3210 3227 3320 3280 Καὶ
3342 3226 3567 3297 τοιαύτη
3599 3226 3701 3296 μὲν
3727 3228 3761 3297 ἠ
3790 3227 3948 3297 εὐχή.

3012 3339 3263 3393 ΚΕΦΔΛ.
3300 3337 3439 3396 MA'.

2438 3429 2578 3500 Περὶ
2602 3428 2709 3500 τῆς
2719 3432 2872 3501 μετὰ
2888 3431 3074 3487 ταῦτα
3091 3433 3483 3503 εὐχαριστίας
3497 3431 3599 3487 καί
3616 3431 4013 3504 δοξολοτίας.

2523 3585 2790 3639 Ἐνταῦθα
2825 3586 2884 3640 δὲ
2926 3588 2960 3655 ἡ
3003 3586 3292 3658 ίερουργία
3336 3587 3757 3659 συμπληροῦται
3796 3588 4013 3653 ἅπασα,

2440 3677 2709 3750 καὶήτῆς
2741 3678 2890 3743 θείας
2911 3679 3266 3752 εὐχαριστίας
3295 3682 3487 3753 τελετὴ
3516 3683 3689 3752 πέρας
3719 3682 4016 3751 λαμὸἀνει.

2440 3774 2575 3827 Τότε
2633 3775 2743 3841 γὰρ
2792 3773 2942 3845 δῶρα
2979 3775 3268 3842 ἡγίασται,
3314 3776 3537 3830 καὶτὸν
3594 3777 3743 3848 ἱερέα
3789 3777 4014 3847 ήγίασε,

2441 3869 2537 3919 καὶ
2568 3867 2744 3922 πάντα
2775 3867 2869 3921 τὸν
2917 3869 3050 3938 περὶ
3076 3867 3242 3921 αὑτὸν
3272 3868 3455 3937 χορὸν,
3496 3871 3592 3921 καὶ
3625 3868 3693 3921 δι’
3724 3869 3905 3922 αὐτῶν
3952 3869 4019 3922 τὸ

2440 3960 2632 4013 λοιπὸν
2655 3962 2753 4029 τῆς
2785 3959 3118 4030 Ἐκκλησίας
3141 3960 3357 4014 ἐτέλεσε
3382 3963 3475 4012 καὶ
3492 3961 3687 4030 ήγίασε
3715 3961 4016 4029 πλήρωμα.

2440 4050 2540 4103 Διὰ
2573 4050 2729 4104 τοῦτο
2764 4053 2844 4114 είς
2870 4052 3223 4121 εὐχαριστίαν
3251 4050 3345 4105 τοῦ
3374 4050 3511 4105 Θεοῦ
3562 4054 3658 4105 καὶ
3706 4052 4019 4119 δοξολογίαν

2442 4142 2603 4203 αὑτός
2661 4158 2719 4193 τε
2774 4144 2802 4194 ὁ
2853 4142 3031 4211 ἱερεὺς
3086 4141 3387 4211 καταλήγει
3426 4143 3520 4196 καὶ
3554 4144 3603 4195 οἱ
3651 4144 4017 4211 περιεστῶτες

2446 4233 2650 4286 πιστοί.
2716 4234 2827 4285 Καὶ
2875 4233 2905 4285 ὀ
2948 4233 3069 4302 μὲν,
3138 4251 3158 4284 ι
3219 4232 3533 4305 Εὐλογητὸς
3587 4235 3615 4285 ὁ
3667 4235 3820 4297 Θεὸς,
3857 4237 4017 4305 φησὶ,

2444 4324 2700 4386 πάντοτε,
2757 4323 2853 4379 νῦν
2913 4327 3012 4379 καὶ
3061 4325 3172 4391 ἀεὶ,
3205 4327 3300 4379 καὶ
3343 4327 3423 4389 είς
3487 4327 3611 4388 τοὺς
3654 4326 3858 4389 αίῶνας
3909 4326 4020 4380 τῶν

2443 4415 2677 4471 αἰώνων.
2715 4416 2906 4487 Ἀμήν.
2946 4435 2966 4469 ι

841 4506 1078 4576 Populus
1128 4517 1307 4560 autem
1346 4508 1492 4561 canit
1550 4507 1879 4576 prommiurn
1930 4508 2127 4562 cantici
2178 4521 2335 4561 acee-
2375 4527 2418 4580 ο
2518 4507 2528 4524 ’

2375 4527 2418 4580 ο
2518 4507 2592 4559 Τὸ
2628 4507 2685 4560 δὲ
2716 4507 2921 4575 πλῆθος
2948 4507 3136 4579 ᾄδουσι
3169 4506 3229 4560 τὸ
3259 4508 3546 4578 προοίμιον
3584 4510 3680 4579 τῆς
3708 4510 3875 4580 ᾠδῆς,
3914 4511 4022 4564 ἀπὸ

772 4609 922 4668 ptum
956 4614 1020 4652 ex
1055 4598 1217 4652 dictis
1248 4600 1612 4668 propheticis:
1643 4619 1661 4651 ι
1688 4598 2061 4668 lmpleaturos
2094 4610 2338 4653 nostrum

776 4691 955 4755 laude,
988 4690 1233 4755 Domine,
1267 4700 1324 4744 ut
1353 4692 1692 4745 eclehremus
1718 4693 1948 4760 gloriam
1984 4700 2184 4746 tuam.»
2220 4691 2337 4745 Non

774 4797 988 4846 smnus,
1026 4783 1222 4851 inquit,
1264 4781 1630 4843 subicientes.
1688 4780 1938 4843 Domine.
1973 4799 2040 4836 ne
2082 4785 2339 4854 hymnum

776 4875 993 4942 quidem
1042 4887 1097 4928 et
1144 4875 1358 4929 laudem
1411 4874 1505 4928 tibi
1541 4874 1734 4927 offerre
1762 4914 1777 4937 ,
1815 4889 1911 4941 pro
1948 4874 2106 4927 bonis
2135 4874 2339 4943 quibus

777 4983 876 5020 nos
908 4968 1165 5034 dignatus
1219 4982 1300 5029 es;
1357 4967 1448 5020 sed
1496 4976 1552 5019 tu
1604 4966 1708 5018 hoc
1739 4980 1959 5032 quoque
1990 4966 2142 5019 nobis
2175 4966 2340 5019 dona.

779 5060 1024 5123 Quonam
1081 5059 1283 5113 modo?
1340 5050 1573 5126 Implens
1628 5073 1690 5111 os
1743 5068 1989 5111 nostrum
2048 5057 2240 5123 laude;
2294 5066 2347 5112 rt

780 5148 1239 5218 quemadmodum
1276 5148 1371 5201 das
1421 5150 1722 5202 orationem
1768 5147 2075 5209 orantibus,
2108 5156 2169 5201 ut
2209 5149 2347 5201 scia-
2378 5168 2391 5181 -

782 5257 903 5294 mus
934 5257 1177 5309 quamam
1212 5248 1426 5308 oportet
1450 5248 1504 5293 et
1531 5240 1803 5308 quomodo
1828 5250 2010 5308 petere
2037 5255 2050 5290 ε
2084 5239 2155 5292 ita
2181 5240 2343 5292 etiam

779 5333 846 5388 ad
878 5332 1091 5387 laudem
1134 5341 1278 5385 tuam
1312 5331 1380 5385 da
1432 5330 1510 5385 ori
1545 5331 1880 5386 facultatem.
1915 5330 2120 5384 Deinde
2151 5342 2343 5395 orant,

784 5436 842 5479 ut
869 5441 1028 5492 quam
1058 5433 1386 5493 acceperunt
1417 5424 1907 5477 sanctificationem
1933 5424 2197 5478 habentes
2230 5440 2345 5493 pcr-

784 5527 1062 5579 mam-ant,
1091 5528 1142 5571 et
1173 5518 1403 5585 gratiam
1430 5532 1537 5570 non
1565 5518 1811 5586 perdant,
1836 5532 1934 5571 nec
1960 5518 2161 5569 donum
2187 5518 2348 5569 aruit-

784 5622 916 5672 tant,
946 5614 1014 5665 ab
1063 5610 1182 5680 ejus
1238 5625 1402 5663 manu
1442 5609 1632 5675 adjuti.
1680 5627 1698 5661 ι
1735 5611 2005 5662 (Ionserva
2043 5624 2141 5662 nos
2172 5609 2224 5661 in
2260 5618 2348 5661 tua

782 5703 1235 5758 sanctificatione.
1259 5720 1275 5750 ι
1306 5701 1443 5765 Quid
1463 5701 1721 5769 agentes?
1755 5700 1990 5767 (Etenim
2020 5698 2087 5751 iis
2127 5715 2346 5768 quoque

785 5810 904 5861 quae
941 5809 970 5846 α
1010 5794 1167 5848 nobis
1204 5792 1647 5864 proficiscuntur,
1680 5807 1818 5860 opus
1863 5790 1989 5857 est.)
2037 5807 2052 5841 ι
2097 5789 2232 5845 Τυιο
2259 5792 2349 5847 die

2445 4598 2554 4649 τῶν
2583 4598 2937 4667 προφητικῶν
2955 4598 3114 4652 τοῦτο
3138 4599 3392 4661 λαϐόντες
3417 4601 3704 4669 ῥημάτων,
3735 4618 3755 4652 ι
3794 4604 4025 4673 Πληρω-

2448 4688 2597 4755 Οήτω
2651 4689 2710 4739 τὸ
2759 4690 2934 4758 στόμα
2983 4687 3141 4757 ἡμῶν
3172 4689 3456 4751 αἰνέσεως,
3500 4690 3698 4759 Κύριε,
3752 4693 3903 4753 ὅπως
3955 4692 4023 4745 ἂν

2448 4781 2778 4850 ὑμνήσωμεν
2802 4780 2900 4851 τὴν
2917 4780 3073 4847 δόξαν
3099 4798 3216 4835 σου.
3252 4799 3270 4832 ι
3300 4781 3414 4834 Οὐκ
3438 4781 3603 4850 ἐσμὲν
3630 4782 3827 4845 ἱκανοὶ,
3862 4786 4023 4851 φησι,

2447 4874 2710 4934 Δέσποτα,
2748 4872 2868 4925 οὐδὲ
2901 4871 3071 4941 ὕμνον
3107 4890 3191 4926 σοι
3254 4876 3666 4944 προσενεγκεῖν,
3726 4875 3869 4943 ὑπὲρ
3912 4876 4023 4927 τῶν

2446 4961 2668 5027 ἀγαθῶν
2694 4955 2769 5015 ὧν
2800 4964 2947 5032 ἡμᾶς
2979 4963 3241 5032 ἠξίωσας,
3293 4964 3433 5017 ἀλλὰ
3462 4965 3525 5016 σὺ
3573 4964 3668 5017 καὶ
3696 4963 3877 5018 ’τοῦτο
3910 4966 3969 5020 δό
3990 4985 4020 5021 ·.

2449 5054 2582 5105 Τίνα
2614 5054 2811 5123 τρόπον
2840 5073 2853 5120 ;
2908 5055 3205 5124 ιιληρώσας
3238 5057 3297 5108 τὸ
3330 5057 3500 5124 στόμα
3545 5056 3703 5125 ήμῶν
3734 5056 4023 5121 αἰνέσεως,

2447 5148 2542 5198 καὶ
2570 5144 2756 5215 ὥσπερ
2776 5148 2940 5216 εὐχὴν
2969 5146 3125 5210 δίδως
3159 5149 3273 5210 τοῖς
3305 5148 3640 5216 εὐχομένοις,
3679 5146 3748 5199 ἵν’
3783 5146 4027 5216 εἰδῶμεν

2448 5238 2568 5291 τίνα
2614 5240 2695 5292 δεῖ
2751 5241 2842 5292 καὶ
2900 5242 3048 5302 ὅπως
3085 5239 3390 5293 αἰτεῖσθαι·
3450 5238 3593 5292 οὕτω
3626 5239 3719 5293 καὶ
3753 5240 3892 5309 πρὸς
3935 5240 4028 5292 τὸν

2451 5332 2621 5400 ὕμνον
2680 5332 2774 5383 τὸν
2831 5332 2918 5385 σὸν
2977 5332 3118 5385 δίδου
3175 5331 3406 5401 δύναμιν
3466 5331 3541 5401 τῷ
3608 5332 3857 5397 στόματι.
3899 5329 4031 5385 Εἶτα

2450 5420 2698 5490 εὔχονται
2726 5422 2816 5474 τὸν
2863 5422 3164 5492 ἁγιασμὸν,
3214 5422 3274 5475 δν
3315 5422 3505 5477 ἔλαϐον
3536 5423 3772 5494 ἔχοντες,
3820 5427 4027 5493 μεῖναι,

2453 5519 2548 5568 καὶ
2590 5516 2666 5586 μὴ
2704 5516 2998 5586 προδοῦναι
3056 5517 3152 5589 τὴν
3202 5520 3385 5589 χάριν.
3428 5520 3561 5589 μηδὲ
3612 5522 3880 5573 ἀπολέσαι
3928 5522 4031 5592 τὴν

2451 5610 2681 5677 δωρεὰν,
2745 5610 2849 5663 ὑπὸ
2918 5609 3019 5679 τῆς
3092 5611 3304 5665 ἐκείνου
3378 5604 3729 5683 βοηθουμενοι
3797 5614 4027 5681 1:296;-

2460 5717 2477 5748 ι
2510 5700 2762 5767 Τήρηςον
2787 5700 2931 5769 ἡμᾶς
2963 5704 3017 5751 ὲν
3040 5700 3114 5768 τῷ
3140 5702 3215 5768 σῷ
3242 5703 3499 5771 ἁγιασμῷ
3526 5720 3540 5733 ο
3575 5720 3592 5752 ι
3621 5704 3674 5754 τί
3698 5702 4027 5766 ποιοῦνταςς

2456 5792 2568 5862 (Δ;ί
2598 5792 2705 5859 γὰρ
2738 5797 2824 5843 καὶ
2854 5792 2961 5848 τῶν
2994 5792 3124 5863 παρ’
3150 5794 3353 5864 ἡμῶν.)
3391 5814 3408 5846 ι
3451 5794 3622 5863 ’Ὀλην
3667 5794 3764 5864 τὴν
3814 5793 4032 5864 ἡμέραν
