4272 6446
766 406 878 467 459

1993 400 2301 458 ΝΙΟΟΙ.Λ1
2351 401 2740 462 CABASlL/E

3931 411 4035 483 460

775 521 918 578 Nihil
947 518 1192 574 omnino.
1226 515 1362 586 Ergo
1396 513 1594 568 dixerit
1624 513 1929 583 quispiam:
1968 513 2021 565 Si
2045 514 2172 581 quis
2192 515 2354 567 etiam
2388 518 2462 572 Αι

2345 530 2354 566 ι
2388 518 2429 572 Α
2458 533 2540 581 τις
2573 519 2798 571 καὶτῶν
2838 519 3064 585 ζώντων
3094 523 3160 576 τά
3195 525 3294 594 μὲν
3318 526 3376 578 ἐν
3405 530 3466 597 τῇ
3505 527 3653 600 ψυχῇ
3709 529 3889 597 ἀγαθὰ
3918 532 4032 601 ἔχοι

775 613 1017 665 vivorum
1090 609 1225 660 bona
1270 607 1489 675 qui-lem
1535 619 1654 672 qum
1707 604 1851 656 dicta
1899 611 2026 656 sunt
2077 603 2130 655 in
2170 603 2350 655 anima

777 703 1009 759 habeat,
1046 699 1111 752 ad
1150 699 1405 768 mysteria
1464 705 1642 748 autem
1709 711 1814 748 non
1851 695 2091 756 accedat,
2134 695 2354 751 habebit

779 795 925 848 illinc
957 793 1130 846 nihilo
1153 806 1309 845 secus
1359 789 1845 844 sanctiﬁcationem
1869 792 1892 839 ’ί
1927 787 2043 839 Non
2078 787 2308 855 quilibet
2337 803 2353 850 ;

781 885 874 938 sed
909 884 951 938 si
982 884 1108 952 quis
1139 897 1245 935 non
1297 891 1476 950 potest
1522 879 1876 948 corporaliter
1902 879 2181 940 accedere,
2215 878 2357 930 sicut

925 993 940 1028 ι
966 997 974 1007 ·
1004 991 1159 1028 orum
1193 973 1406 1029 animae.
1431 972 1618 1040 quales
1657 969 1878 1022 [tierunt
1901 969 1936 1021 ii
1968 968 2059 1036 qui
2086 969 2136 1019 in
2169 968 2355 1020 deser-

781 1070 853 1120 tis
889 1083 1010 1120 erra
1058 1082 1123 1118 au
1175 1064 1452 1118 montibus
1476 1079 1570 1117 seu
1618 1062 1891 1131 speluncis
1921 1071 1973 1114 et
1997 1058 2357 1113 foraminibus

781 1175 958 1224 terrm,
989 1161 1080 1229 qui
1107 1163 1275 1212 altare
1310 1168 1404 1211 aut
1434 1156 1770 1210 sacerdotem
1797 1155 1945 1207 nullo
1978 1153 2142 1207 modo
2175 1153 2360 1210 Videre

783 1262 1054 1323 pntcrant.
1084 1252 1190 1304 Eos
1212 1250 1358 1302 enim
1386 1248 1632 1302 Christus
1661 1247 1775 1316 ipse
1802 1249 1898 1299 hac
1923 1242 2361 1300 sanctiﬁcatione

783 1346 1138 1399 invisibiliter
1198 1341 1590 1397 sanctrhcabat.
1649 1339 1926 1394 Undenam
1979 1345 2134 1405 potes
2183 1335 2365 1390 scire?

783 1437 938 1503 Quod
973 1438 1135 1490 vitam
1172 1437 1311 1489 intra
1343 1449 1401 1489 se
1465 1433 1758 1493 habebant,
1807 1446 1917 1484 non
1966 1428 2204 1484 habituri
2255 1425 2364 1480 nisi

787 1532 949 1599 hujus
1015 1538 1201 1583 essent
1252 1526 1582 1582 sacramenti
1661 1522 1980 1594 participes.
2043 1523 2166 1591 Ipse
2219 1519 2364 1574 enim

786 1624 1038 1679 Christus
1069 1623 1226 1685 dixit,
1268 1640 1284 1670 ι
1328 1619 1445 1673 Nisi
1479 1616 1819 1673 comederitis
1846 1629 2066 1670 carnem
2104 1612 2228 1666 Filii
2262 1612 2366 1666 bo-

788 1718 970 1778 miuis,
1019 1723 1073 1768 ct
1103 1713 1498 1781 biberitiscjus
1531 1711 1880 1779 sanguinem,
1937 1722 2047 1761 non
2095 1704 2368 1759 habebitis

2452 613 2523 662 τὰ
2570 613 2859 682 εἰρημένα,
2925 614 2999 685 μὴ
3060 618 3346 685 προσέλθοι
3403 621 3457 673 δὲ
3506 621 3624 680 τοῖς
3687 623 4030 693 μυστηρίοις,

2456 701 2566 765 ἕξει
2620 703 2712 756 τὸν
2768 705 2981 759 ἀκεῖθεν
3028 708 3301 778 ἀγιασμδ)
3347 711 3502 764 οὐδὲν
3532 706 3725 782 ἦττονς
3775 715 3852 765 Οὐ
3889 716 4034 776 πᾶς·

2453 795 2570 850 ἀλλ’
2601 797 2653 848 εί
2673 813 2758 859 τις
2804 798 2864 850 οὐ
2901 798 3135 852 δύναται
3159 803 3443 871 προσιέναι
3466 805 3812 873 σωματικῶς,
3843 804 4035 873 ῶσπερ

2458 887 2514 939 at
2559 888 2668 944 τῶν
2725 887 3066 958 τεθνηκότων
3105 890 3310 960 ψυχσίο
3339 887 3466 946 ⁶οἷοι
3521 896 3834 963 γεγόνασιν,
3888 899 3936 948 at
3976 898 4034 947 έν

2460 977 2717 1046 ἐρημίαις
2742 976 3106 1047 πλανώμενοι,
3146 981 3239 1033 καὶ
3261 979 3432 1048 ὕρεσι,
3464 984 3560 1035 καὶ
3594 981 3901 1048 σπηλαίοις,
3937 983 4034 1034 καὶ

2460 1074 2582 1134 ταῖς
2605 1072 2764 1134 ὀπαῖς
2785 1072 2883 1140 τῆς
2911 1075 3034 1140 γῆς,
3061 1067 3140 1135 οἷς
3162 1072 3548 1145 θυσιαστήριον
3576 1078 3669 1129 καὶ
3699 1077 3848 1146 ίερέα
3902 1078 4034 1129 ίδεῖν

2458 1163 2746 1232 ἀμήχανον
2806 1158 2896 1234 ἧν.
2949 1164 3185 1227 Τούτους
3239 1169 3350 1234 γὰρ
3398 1167 3559 1228 αὐτὸς
3591 1170 3618 1218 6
3653 1167 3889 1235 Χριστὸς
3941 1167 4035 1219 τὸν

2465 1257 2734 1325 ἁγιασμδν
2763 1257 2986 1325 ἀφανῶς
3013 1257 3204 1328 ἡγίαζς
3231 1263 3446 1314 τοῦτον.
3484 1259 3654 1314 Πόθεν
3681 1260 3872 1329 δῆλον;
3904 1260 4037 1316 Ὀτι

2465 1348 2611 1418 ζωὴν
2646 1343 2791 1418 εἶχον
2831 1351 2888 1403 ὲν
2923 1351 3164 1413 ἑαυτοῖς·
3205 1352 3266 1404 ού
3299 1353 3408 1421 γὰρ
3447 1353 3684 1421 ἔχοντες,
3739 1354 3786 1404 εί
3822 1355 3898 1422 μὴ
3937 1351 4035 1406 τοῦ

2470 1441 2774 1510 μυστηρίου
2825 1443 3016 1495 τούτου
3076 1445 3348 1513 μετεῖχον.
3400 1445 3571 1506 Αὐτὸς
3601 1445 3710 1511 γὰρ
3739 1445 3766 1497 6
3799 1444 4037 1514 Χριστὸς

2469 1530 2652 1586 εἶπεν·
2691 1552 2709 1585 ι
2761 1533 2889 1586 Ἐὰν
2925 1535 3000 1605 μὴ
3029 1537 3243 1606 φάγητε
3272 1535 3371 1606 τὴν
3429 1535 3606 1607 σάρκα
3646 1537 3741 1590 τοῦ
3772 1537 3901 1589 Υίοῦ
3943 1537 4040 1589 τοῦ

2469 1622 2783 1691 ἀνθρώπου,
2814 1627 2910 1678 καὶ
2939 1626 3101 1694 πίητε
3133 1626 3299 1681 αὐτοῦ
3323 1627 3382 1678 τὸ
3408 1621 3566 1696 αἷμα,
3594 1626 3693 1679 οὐκ
3721 1625 3872 1696 ἔχετε
3897 1625 4045 1694 ζωὴν

2470 1716 2529 1768 ὲν
2556 1716 2789 1776 ἑαυτοῖς.
2846 1733 2865 1767 ι
2921 1716 3031 1768 Καὶ
3080 1717 3169 1769 ἵνα
3218 1716 3379 1770 τοῦτο
3408 1717 3651 1786 σημάνῃ,
3684 1717 3898 1781 πολλοῖς
3933 1719 4048 1770 τῶν

789 1812 955 1864 vitam
986 1810 1039 1863 in
1086 1808 1292 1862 vobis.»
1338 1805 1400 1859 Et
1436 1814 1494 1858 ut
1528 1805 1629 1858 hoc
1668 1803 2024 1872 signiﬁcaret,
2057 1796 2243 1851 multis
2275 1797 2370 1848 ho—
2401 1857 2442 1881 η
2473 1835 2476 1857 ,

2358 1823 2370 1838 ’
2401 1857 2442 1881 η
2473 1808 2645 1874 ἀγίων
2667 1809 2875 1862 τούτων
2927 1809 3190 1877 ἀγγέλους
3214 1810 3422 1879 ἔπεμψε
3440 1811 3509 1864 τὰ
3525 1809 3674 1881 δῶρα
3692 1811 4045 1880 κομίζοντας.

791 1917 909 1952 rum
941 1909 1256 1952 sanctorum
1306 1895 1456 1950 misit
1511 1893 1735 1963 angelos
1789 1892 1928 1946 dona
1989 1891 2243 1944 ferentes.
2306 1883 2364 1938 Si

789 1994 909 2058 quis
936 2002 1114 2046 autem
1149 2005 1274 2046 cum
1310 1997 1516 2059 posset,
1542 1988 1605 2042 ad
1633 2003 1869 2041 mensam
1902 2001 2010 2040 non
2046 1981 2362 2046 accesserit,

791 2085 905 2139 ﬁeri
933 2100 1040 2139 non
1075 2092 1252 2154 potest
1305 2092 1362 2136 ut
1391 2095 1510 2150 qua:
1542 2097 1604 2134 ex
1647 2080 1725 2134 eis
1762 2078 2009 2148 provenit
2062 2074 2365 2130 sanctiﬁca-

791 2179 993 2230 tioucm
1027 2185 1386 2243 assequatur;
1426 2189 1532 2229 non
1559 2174 1702 2242 quod
1756 2187 1864 2226 non
1890 2169 2122 2224 accessit
2158 2166 2362 2221 solum-

791 2269 971 2331 modo,
1009 2266 1101 2321 sed
1143 2267 1288 2334 quod
1312 2281 1435 2320 cum
1469 2273 1676 2343 posset,
1711 2280 1819 2319 non
1855 2259 2126 2324 accessit;
2157 2266 2212 2312 et
2237 2272 2364 2327 pro-

792 2371 974 2428 pterea
1027 2362 1230 2414 clarum
1258 2369 1364 2421 est,
1430 2359 1572 2428 quod
1641 2359 1798 2412 bonis
1832 2371 1950 2426 quae
1978 2353 2244 2408 debentur
2278 2367 2366 2405 sa-

791 2454 1106 2518 cramentis,
1136 2468 1363 2509 vacuam
1406 2452 1568 2506 habet
1591 2452 1855 2504 animam.

861 2549 992 2614 Quae
1034 2555 1118 2602 est
1144 2547 1288 2602 enim
1326 2546 1393 2599 ad
1431 2559 1674 2599 mensam
1743 2541 2047 2597 adeundam
2086 2539 2364 2601 alacritas,

795 2639 1014 2708 etquod
1042 2638 1370 2692 desiderium
1409 2636 1462 2690 in
1493 2651 1558 2690 eo
1598 2636 1842 2704 quicum
1895 2635 2050 2689 facile
2081 2641 2259 2702 potest
2302 2634 2367 2685 ad

795 2750 914 2788 cam
949 2733 1229 2793 accedere,
1264 2747 1371 2786 non
1413 2731 1563 2784 vult?
1602 2731 1861 2796 Quaenam
1893 2739 1974 2782 est
2011 2737 2190 2782 autem
2238 2725 2369 2779 ﬁdes

799 2825 852 2877 in
896 2825 1063 2876 Deum
1096 2824 1238 2893 apud
1269 2837 1391 2876 cum
1423 2822 1518 2891 qui
1557 2837 1667 2875 non
1717 2823 1871 2875 timet
1916 2821 2089 2873 minas
2141 2833 2261 2885 qua:
2314 2817 2368 2870 in

802 2917 1022 2970 Domini
1052 2916 1229 2970 verbis
1258 2916 1376 2970 sitae
1408 2924 1556 2978 sunt,
1600 2915 1864 2969 adversus
1929 2928 2024 2967 eos
2080 2912 2173 2981 qui
2235 2912 2372 2963 hanc

801 3023 1011 3061 comam
1045 3007 1450 3062 contemnunt?
1498 3005 1786 3071 Quomodo
1814 3012 1992 3058 autem
2024 3017 2208 3057 amare
2256 3017 2374 3054 cre-

801 3101 980 3161 detur,
1015 3098 1102 3152 cui
1128 3113 1251 3152 cum
1286 3097 1447 3151 liccat
1473 3097 1744 3166 accipere,
1792 3110 1898 3149 non
1950 3093 2205 3162 accepit?
2236 3093 2370 3145 Pro-

2477 1903 2535 1955 El
2579 1900 2635 1953 δέ
2681 1917 2762 1964 τις
2822 1901 3121 1972 δυνάμενος
3179 1903 3240 1955 οὐ
3299 1901 3590 1973 προσέλθοι
3641 1905 3707 1972 τῇ
3758 1902 4044 1972 τραπέζῃ,

2471 1993 2658 2046 τοῦτον
2690 1993 2784 2046 τοῦ
2815 1994 2948 2064 παρ’
2983 1994 3166 2057 αὐτοῖς
3209 1994 3490 2064 ἀγιασμοῦ
3529 1997 3716 2064 τυχεῖν
3757 1994 4047 2055 παντελῶς

2473 2086 2768 2140 ἀδύνατονο
2834 2086 2932 2155 οὐχ
2989 2087 3070 2138 ὅτι
3104 2086 3164 2138 ού
3209 2086 3520 2157 προσῆλθεν
3555 2087 3763 2150 ἁπλῶς,
3811 2085 3930 2138 ἀλλ’
3960 2085 4047 2137 ὅτι

2473 2178 2772 2246 δυνάμενος
2798 2179 2856 2230 ού
2888 2177 3166 2249 προσῆλθε
3192 2193 3206 2208 ο
3241 2178 3337 2232 καὶ
3357 2177 3446 2231 διὰ
3493 2177 3655 2232 τοῦτο
3678 2177 3838 2246 δῆλός
3868 2178 4047 2238 ἐστιν,

2473 2271 2680 2323 ὅτιτῶν
2703 2270 3070 2340 ὀφειλομένων
3089 2269 3311 2339 ἀγαθῶν
3325 2273 3436 2335 τοῖς
3464 2271 3807 2344 μυστηρίοις,
3831 2270 4043 2341 ερημον

2474 2363 2559 2434 ἔχε
2573 2381 2589 2414 ι
2616 2363 2714 2434 τὴν
2745 2363 2944 2433 ψυχήν.

2545 2544 2642 2607 Τίς
2679 2546 2786 2616 γὰρ
2819 2545 2963 2614 ὁρμὴ
2998 2544 3091 2598 καὶ
3120 2545 3400 2616 προθυμία
3439 2546 3568 2614 περὶ
3620 2544 3718 2614 τὴν
3762 2545 4056 2614 τράπεζαν

2477 2638 2629 2706 παρὰ
2656 2637 2732 2704 τῷ
2769 2637 3054 2706 δυναμένῳ
3084 2637 3282 2706 ῥαδίως
3319 2637 3548 2706 δραμεῖν
3585 2638 3673 2688 ἐπ’
3713 2637 3906 2705 αὐτὴν,
3955 2637 4056 2689 καὶ

2481 2730 2553 2799 μὴ
2583 2729 2924 2798 βουλομένοις
2957 2729 3054 2790 Τίς
3082 2729 3134 2780 δὲ
3164 2729 3346 2790 πίστις
3363 2730 3497 2799 πρὸς
3532 2729 3664 2781 Θεδν
3690 2730 3838 2798 παρά
3866 2727 3943 2797 τῷ
3975 2729 4054 2797 μὴ

2478 2821 2802 2891 φοϐουμένῳ
2827 2821 2925 2884 τὴν
2959 2824 3015 2874 ὲν
3037 2823 3149 2882 τοῖς
3181 2823 3389 2891 ῥήμασι
3421 2821 3514 2873 τοῦ
3548 2821 3754 2889 Κυρίου
3785 2821 4059 2886 κειμένην

2477 2915 2729 2983 ἀπειλὴν,
2767 2916 2879 2977 τοῖς
2901 2915 2960 2966 τὸ
2983 2915 3201 2967 δεῖπνον
3239 2914 3401 2967 τοῦτο
3449 2913 3792 2984 περιορῶσις
3849 2912 3975 2973 Πῶς
4010 2911 4057 2962 δ’

2478 3005 2544 3058 ἀν
2572 3006 2891 3076 πιστευθείη
2923 3005 3122 3074 φιλεῖν,
3150 3006 3208 3066 ὃς
3232 3005 3423 3059 λαϐεῖν
3459 3005 3597 3068 ὲξδν,
3644 3006 3704 3056 οὐ
3738 3004 4053 3071 λαμεάνει;

2480 3098 2576 3150 Διὰ
2598 3096 2757 3149 τοῦτο
2790 3097 2943 3149 οὐδὲν
2993 3096 3202 3162 καινὸν,
3231 3097 3278 3148 εί
3313 3095 3583 3161 σωμάτων
3614 3095 4054 3162 ἀπολελυμέναις

801 3203 984 3260 pterea
1014 3207 1121 3244 non
1147 3199 1231 3244 est
1259 3205 1480 3254 novum,
1510 3190 1554 3243 si
1594 3189 1794 3243 animis
1825 3204 1854 3242 a
1883 3187 2207 3257 corporibus
2241 3186 2377 3239 libc—
2403 3214 2446 3276 C
2479 3205 2488 3234 ι

2370 3214 2446 3276 -C
2479 3189 2676 3257 ψυχαῖς
2711 3190 2737 3239 ὁ
2767 3187 3023 3256 Χριστὸς,
3057 3181 3143 3248 αἷς
3172 3185 3429 3256 τοιαύτην
3481 3185 3750 3254 πονηρίαν
3791 3184 4057 3252 οὐδεμίαν

803 3281 962 3344 ratis,
991 3295 1112 3349 qua:
1144 3279 1349 3334 nullius
1371 3278 1683 3346 hujusmodi
1740 3277 1856 3331 vitii
1919 3276 2229 3331 insimulari
2255 3289 2379 3343 pos-

807 3381 955 3434 sunt,
989 3372 1128 3425 hanc
1153 3386 1393 3425 mensam
1423 3371 1675 3425 Christus
1728 3369 2010 3438 impertiit.
2048 3366 2185 3420 Illud
2231 3366 2377 3419 enim

811 3479 1008 3516 novum
1038 3471 1199 3518 estet
1226 3461 1569 3525 admirabile,
1624 3461 1769 3530 quod
1835 3460 1999 3512 homo
2030 3458 2120 3529 qui
2158 3459 2211 3509 in
2262 3470 2381 3508 cor—

809 3555 1066 3623 ruptione
1101 3563 1154 3608 et
1194 3553 1417 3606 interitu
1454 3560 1729 3617 versatur,
1764 3551 1832 3604 ab
1868 3549 2091 3603 interitu
2141 3548 2378 3602 alienum

811 3661 1011 3714 corpus
1038 3644 1314 3699 comedat:
1355 3643 1499 3712 quod
1534 3652 1714 3697 autem
1763 3641 1968 3704 anima,
2000 3654 2121 3710 qua:
2151 3647 2236 3692 est
2284 3637 2383 3689 im-

816 3735 1058 3791 mortalis
1090 3735 1416 3796 substantia,
1449 3734 1520 3788 sit
1561 3733 1682 3802 ejus
1729 3733 1874 3802 quod
1923 3741 2019 3787 .est
2077 3729 2381 3784 immortale

818 3828 1109 3896 particeps,
1149 3827 1311 3881 modo
1331 3826 1436 3881 sibi
1463 3823 1840 3889 conveniente,
1893 3824 2022 3893 quid
2056 3820 2289 3874 mirum?
2324 3817 2382 3873 Si

818 3931 999 3977 autem
1029 3923 1131 3975 hoc
1162 3936 1358 3975 novum
1421 3929 1477 3974 et
1528 3918 1869 3981 admirabile,
1901 3933 1998 3988 per
2051 3915 2381 3970 iucﬁabilcm

822 4013 1210 4068 humanitatem
1248 4021 1301 4066 et
1331 4025 1586 4066 arcanam
1637 4010 1957 4081 sapientiam
2021 4009 2222 4062 invenit
2251 4021 2383 4075 quo-

822 4103 983 4157 modo
1014 4101 1295 4172 perliceret
1318 4141 1335 4166 ,
1372 4102 1425 4155 id
1458 4101 1603 4172 quod
1633 4110 1717 4155 est
1756 4099 2040 4170 probabile
2072 4107 2126 4152 et
2155 4111 2386 4151 consen-

823 4204 1040 4246 taneum
1074 4192 1348 4262 quomodo
1391 4205 1493 4264 non
1525 4190 1706 4246 facere
1738 4189 2040 4245 credetur?

1419 4304 1571 4359 CAP.
1612 4302 1801 4358 XLIII.

861 4399 1013 4464 Quod
1052 4398 1242 4451 anima:
1263 4399 1376 4467 ejus
1405 4398 1492 4466 qui
1524 4398 1902 4467 communicat,
1954 4395 2014 4462 ﬁt
2045 4390 2353 4461 principali-

1421 4479 1500 4521 ter
1530 4465 1898 4532 sanctiﬁcatio.

903 4559 1169 4624 Quoniam
1199 4573 1377 4611 autem
1412 4559 1478 4611 iis
1508 4558 1669 4611 etiam
1713 4558 1806 4622 qui
1832 4557 2008 4608 adhuc
2048 4556 2238 4608 vivunt
2269 4569 2392 4608 cum
2427 4563 2470 4616 Ι)

832 4665 1082 4718 corpore,
1121 4651 1280 4704 datur
1305 4649 1522 4718 quidem
1553 4649 1754 4703 donum
1788 4664 1882 4717 per
1919 4663 2140 4717 corpus,
2172 4647 2262 4703 sed
2296 4648 2401 4714 pri-

842 4758 987 4798 mum
1031 4741 1275 4810 pervadit
1310 4742 1364 4793 in
1416 4741 1610 4794 anima:
1653 4740 2034 4802 substantiam,
2070 4751 2122 4791 et
2156 4753 2251 4809 per
2279 4740 2398 4794 ani-

840 4850 979 4886 mam
1018 4836 1068 4885 in
1124 4848 1322 4900 corpus
1358 4830 1778 4893 transmittitur,
1830 4841 1882 4883 ct
1935 4831 2037 4884 hoc
2089 4828 2399 4897 signiﬁcans

838 4925 1024 4976 beatus
1078 4921 1311 4983 Paulus,
1352 4940 1370 4970 ‹
1413 4919 1513 4986 Qui
1574 4920 1832 4978 adita-ret.
1899 4919 2091 4987 inquit,
2147 4919 2398 4980 Domino,

839 5029 981 5067 unus
1014 5021 1095 5066 est
1125 5013 1368 5081 spiritus,
1398 5030 1415 5062 ι
1455 5019 1638 5079 utpote
1665 5013 1805 5079 quod
1840 5012 1892 5064 in
1924 5012 2098 5065 anima
2145 5011 2320 5080 primo
2348 5019 2398 5064 et

838 5102 1212 5172 principaliter
1243 5103 1355 5154 haec
1389 5103 1519 5155 uuio
1540 5111 1593 5154 et
1618 5101 1934 5170 coujunctio
1955 5101 2237 5154 consistat.

911 5194 1024 5247 Illic
1052 5193 1195 5246 enim
1229 5194 1442 5260 preprie
1500 5192 1710 5255 homo;
1776 5191 1886 5246 illic
1935 5193 2095 5245 etiam
2157 5191 2398 5246 sanctiﬁ-

840 5287 983 5339 catio
1017 5300 1134 5353 quae
1187 5284 1553 5349 proﬁciscitur
1607 5300 1671 5337 ex
1726 5282 2018 5337 virtutibus
2050 5292 2103 5336 et
2159 5284 2399 5337 humano

837 5379 1038 5438 studio,
1067 5387 1121 5428 et
1159 5376 1284 5427 illud
1312 5375 1453 5443 quod
1502 5383 1706 5441 peccat.
1754 5374 1984 5444 Corpori
2008 5385 2185 5429 autem
2218 5377 2400 5428 omnia

839 5471 977 5522 tium
1003 5484 1064 5520 cx
1097 5465 1275 5518 anima
1306 5483 1320 5528 ;
1351 5475 1404 5518 et
1427 5465 1881 5533 quemadmodum
1933 5479 1962 5517 a
2010 5467 2164 5522 malis
2199 5467 2402 5535 cogita-

841 5560 1079 5615 tionibus
1114 5572 1234 5625 quae
1287 5571 1350 5609 ex
1420 5557 1583 5610 corde
1648 5565 1864 5620 exeunt,
1932 5557 2266 5623 inquinatur,
2326 5558 2398 5610 ita

841 5653 999 5704 etiam
1036 5650 1184 5702 illinc
1209 5657 1293 5701 est
1323 5647 1369 5699 ei
1425 5646 1814 5700 sanctiﬁcatio:
1881 5649 2020 5700 sicut
2056 5665 2174 5716 qua:
2205 5664 2232 5702 a
2291 5650 2400 5702 vir-

843 5753 978 5802 tute,
1012 5741 1082 5792 ita
1114 5739 1275 5792 etiam
1304 5752 1424 5806 qua:
1451 5751 1480 5790 a
1513 5737 1906 5792 sacramentis:
1941 5740 2186 5791 nonnulli
2216 5748 2396 5792 autem

846 5829 1019 5886 moriri
1047 5830 1210 5882 etiam
1267 5825 1601 5894 corporales,
1664 5841 1892 5893 quorum
1932 5842 2092 5880 causa
2139 5826 2236 5878 fuit
2278 5826 2395 5879 ani-

2484 3281 2735 3348 ἐγκαλεῖν
2782 3279 2916 3350 ἔχει,
2969 3281 3068 3349 τῆς
3119 3280 3399 3349 τραπέζης
3448 3279 3774 3348 μεταδίδωσι
3823 3277 4057 3346 ταύτης.

2497 3373 2707 3426 Ἐκεῖνο
2763 3371 2862 3442 μὲν
2909 3370 3016 3440 γὰρ
3069 3369 3258 3424 καινὸν
3310 3371 3402 3422 καὶ
3448 3369 3751 3438 ὑπερφυὲς,
3789 3369 3838 3419 εί
3878 3367 4057 3436 φθορᾷ

2487 3464 2668 3531 συζῶν
2707 3463 3016 3536 ἄνθρωπος,
3053 3463 3333 3534 ἀκηράτου
3379 3462 3634 3531 σώματος
3669 3460 3866 3529 φάγοιο
3904 3459 3965 3511 τὸ
4002 3458 4057 3510 δὲ

2484 3555 2674 3608 οὐσίαν
2705 3554 2975 3608 ἀθάνατον
3003 3553 3102 3625 τὴν
3160 3553 3341 3624 ψυχὴν
3384 3553 3657 3607 ἀθανάτου
3703 3551 4058 3621 μεταλαϐεῖν,

2484 3644 2575 3698 τὸν
2607 3644 2943 3715 κατάλληλον
2975 3645 3114 3715 αὐτῇ
3147 3644 3375 3716 τρόπον,
3403 3643 3455 3696 τί
3495 3642 3847 3711 θαυμαστόν;
3902 3639 3962 3693 ΕΞ
4001 3640 4057 3692 δὲ

2486 3734 2546 3787 τδ
2586 3737 2772 3787 καινὸν
2825 3735 2986 3788 τοῦτο
3039 3736 3136 3788 καὶ
3177 3735 3456 3804 ὑπερφυὲς
3500 3735 3588 3789 διὰ
3642 3733 4058 3802 φιλανθρωπίαν

2487 3827 2717 3896 ἀφατον,
2748 3830 2843 3882 καὶ⁵
2879 3828 3075 3898 σοφίαν
3097 3830 3413 3900 ἀπόρρητον
3433 3827 3655 3899 ἐξεῦρεν
3681 3830 3828 3890 ὅπως
3857 3829 4055 3896 ἀνύσῃ,

2486 3920 2549 3973 τὸ
2577 3920 2723 3987 είκδς
2753 3922 2851 3976 καὶ
2872 3921 2933 3976 τδ
2963 3923 3260 3978 ἀκόλουθον
3289 3924 3488 3988 ποιεῖν,
3518 3921 3635 3986 πῶς
3667 3922 3726 3976 ού
3763 3919 4060 3974 πιστευθὲ-

2492 4026 2682 4077 σεται;

3056 4301 3310 4356 ΚΕΦΑΛ.
3357 4303 3490 4358 ΜΓ.

2496 4391 2617 4445 Ὅτι
2657 4389 2729 4460 τῇ
2766 4391 2949 4467 ψυχῇ,
3000 4393 3106 4446 τοῦ
3150 4395 3707 4467 μεταλαμϐάνοντος
3762 4408 4064 4467 προτιμυ-

2877 4462 3071 4530 μένως
3102 4467 3134 4518 ό
3157 4466 3448 4532 ἁγιασμὸς
3469 4465 3705 4519 ἐνίεται.

2583 4552 2738 4606 Ἐπεὶ
2771 4553 2866 4605 καὶ
2901 4555 3084 4616 αὐτοῖς
3122 4557 3235 4617 τοῖς
3277 4557 3356 4608 ἔτι
3425 4555 3565 4622 μετά
3623 4557 3878 4627 σώματος
3929 4559 4069 4621 ζῶσι

2502 4641 2704 4694 δίδοται
2739 4643 2838 4710 μὲν
2869 4642 2929 4695 τδ
2953 4643 3124 4712 δῶρον
3150 4643 3238 4695 διὰ
3260 4645 3356 4697 τοῦ
3386 4644 3663 4714 σώματος,
3699 4646 3818 4698 ἀλλ’
3852 4650 3933 4709 είς
3965 4651 4068 4718 τὴν

2503 4734 2692 4786 οὐσίαν
2727 4734 2942 4800 πρῶτον
2972 4738 3142 4803 χωρεῖ
3170 4737 3268 4803 τῆς
3295 4735 3496 4805 ψυχῆς,
3525 4737 3616 4788 καὶ
3644 4737 3730 4789 διά
3758 4738 3858 4806 τῆς
3885 4739 4070 4808 ψυχῆς

2504 4827 2596 4878 ἐπὶ
2620 4826 2680 4878 τδ
2709 4826 2866 4896 σῶμα
2895 4826 3161 4879 διαϐαίνει
3187 4843 3202 4858 ·
3228 4827 3321 4880 καὶ
3347 4826 3505 4880 τοῦτο
3533 4827 3714 4896 δηλῶν
3733 4831 3761 4881 6
3794 4834 4067 4900 μακάριος

2515 4917 2841 4979 ’Λπόστολος
2863 4958 2876 4982 ,
2920 4937 2938 4969 ι
2986 4918 3045 4969 '0
3079 4917 3416 4986 κολλώμενος
3446 4918 3524 4986 τῷ
3553 4919 3762 4988 Κυρίῳ.
3789 4921 3980 4988 φησιν,
4011 4923 4073 4973 ἓν

2504 5008 2724 5078 πνεῦμά
2751 5009 2929 5061 ἐστιν’
2981 5028 2999 5060 ι
3035 5009 3109 5070 ὡς
3145 5011 3201 5062 δν
3237 5012 3300 5078 τῇ
3325 5009 3471 5080 ψυχῇ
3503 5012 3935 5080 προηγουμένως
3973 5016 4072 5082 τῆς

2504 5100 2749 5163 ένὼσεως
2789 5101 3014 5169 ταύτης,
3047 5102 3139 5154 καὶ
3175 5103 3272 5170 τῆς
3301 5103 3595 5170 συναφείας
3636 5108 4070 5175 συνισταμένης.

2588 5194 2736 5245 Ἐκεῖ
2764 5195 2871 5262 γὰρ
2904 5193 3107 5260 κυρίως
3139 5195 3166 5245 6
3209 5193 3528 5264 ἄνθρωπος’
3565 5197 3681 5247 ἐκεῖ
3725 5196 3820 5247 καὶ
3853 5198 3882 5247 ὁ
3911 5199 4075 5266 ἁγισ-

2458 5289 2472 5302 “
2505 5284 2641 5352 σμὸς
2705 5286 2732 5335 6
2788 5283 2897 5336 ἀπὸ
2946 5283 3055 5335 τῶν
3109 5284 3341 5353 ἀρετῶν,
3401 5285 3493 5337 καὶ
3546 5287 3646 5354 τῆς
3707 5285 4072 5358 ἀνθρωπίνης

2505 5373 2773 5437 σπουδῆς·
2813 5372 2905 5424 καὶ
2949 5373 3007 5424 τὸ
3047 5373 3357 5443 ἁμαρτάνον
3393 5376 3529 5439 ἐκεῖ,
3567 5375 3662 5427 καὶ
3703 5375 3766 5427 τὸ
3809 5375 4073 5444 δεόμενον

2503 5464 2601 5531 τῆς
2632 5462 2933 5531 θεραπείας
2962 5462 3068 5515 ἀπδ
3105 5462 3211 5515 τῶν
3243 5462 3453 5533 δώρων,
3488 5466 3685 5518 έκεῖνο.
3726 5465 3815 5535 Τῷ
3853 5466 4072 5534 σώματι

2503 5553 2559 5606 δὲ
2592 5553 2767 5605 πάντα
2793 5553 2900 5605 ἀπὸ
2944 5553 3044 5621 τῆς
3072 5552 3249 5621 ψυχῆς
3279 5554 3487 5622 γίνεται
3511 5569 3525 5584 ⁶
3580 5557 3674 5608 καὶ
3709 5555 3901 5624 ὥσπερ
3961 5557 4073 5607 ἀπὸ

2503 5645 2610 5696 τῶν
2653 5645 2906 5713 πονηρῶν
2952 5645 3336 5714 διαλογισμῶν,
3383 5646 3491 5701 τῶν
3534 5649 3642 5698 ἀπὸ
3680 5648 3781 5715 τῆς
3839 5650 4070 5716 καρδίας

2504 5736 2875 5805 ἐξερχομένων
2905 5735 3214 5804 μολύνεται,
3243 5738 3384 5789 οὕτω
3408 5740 3496 5789 καὶ
3515 5742 3543 5788 6
3559 5739 3835 5808 ἁγιασμὸς
3859 5741 4071 5792 ἐκεῖθεν

2507 5825 2674 5895 αὐτῷ,
2706 5825 2952 5898 καθάπερ
2978 5829 3010 5879 6
3043 5828 3149 5881 ἀπὸ
3194 5830 3286 5897 τῆς
3319 5831 3557 5909 ἀρετῆς·
3615 5831 3759 5883 οὕτω
3819 5835 3915 5885 καὶ
3959 5834 4073 5885 ἀπὸ
