4272 6446
268 431 371 493 461

1466 433 1862 492 [Ιτυιιῦιιε
1908 431 2335 490 EXPOSlTlO.

3395 436 3511 495 462

264 542 375 592 τῶν
402 541 746 609 μωτηρὲων.
797 542 989 603 Ἐνίοις
1020 542 1075 595 δὲ
1113 544 1425 611 σωματικαὶ
1450 545 1593 597 νόσοι
1618 544 1850 617 συμϐαί-
1882 546 1921 599 Δ

1828 572 1850 581 -
1882 546 1921 599 Α
1951 556 2050 593 inae
2087 542 2425 609 improbitas.
2454 541 2605 606 Quod
2645 543 2830 597 volens
2882 543 3193 611 signiﬁcare
3232 542 3511 601 Servatur.

264 647 471 693 νουσιν,
512 632 693 683 uitia-2
729 631 951 700 ἔχουσαι
980 635 1078 705 τὴν
1137 634 1469 702 κακοήθειαν
1506 639 1600 702 τῆς
1624 636 1834 703 ψυχῆς⁸

263 719 291 771 ὃ
319 724 563 789 σημᾶναι
597 723 919 791 βουλόμενος
950 726 976 775 6
1022 725 1230 794 Σωτὴρ,
1264 726 1338 793 τῷ
1371 724 1707 790 θεραπεῦσαι
1744 725 1840 792 τὴν

261 811 358 861 τοῦ
397 812 682 875 νοσοῦντος
718 814 919 883 ψυχὴν,
951 817 1088 885 ὅπερ
1120 810 1185 885 ἦν
1218 816 1325 869 τῶν
1358 817 1639 885 ἁμαρτιῶν
1672 819 1840 881 αὐτὴν

262 902 563 964 ἀπολῦσαι,
611 904 673 956 τὸ
722 905 879 973 σῶμα
920 909 1017 975 τῆς
1068 908 1383 976 ἀρρωστίας
1419 909 1739 975 ἀνέστησεν.
1778 910 1838 960 Εἰ

259 994 448 1045 τοίνυν
478 996 600 1048 οὐδὲ
632 998 771 1065 πρὸς
802 998 898 1068 τὴν
932 1000 1201 1068 ὑποδοχὴν
1230 1000 1325 1051 τοῦ
1361 1000 1637 1067 ἁγιασμοῦ
1670 1000 1837 1053 δεῖται

260 1086 357 1135 τοῦ
387 1087 643 1152 σώματος
673 1090 703 1155 ἡ
728 1088 898 1156 ψυχὴ,
930 1090 1063 1142 ἀλλὰ
1096 1091 1301 1157 ταύτης
1335 1091 1533 1157 μᾶλλον
1562 1092 1755 1154 ἐκεῖνο,
1787 1090 1838 1142 τί

260 1175 430 1225 πλέον
458 1178 556 1244 τῆς
592 1177 819 1245 τελετῆς
852 1178 1069 1247 ἔχουσιν
1103 1180 1156 1231 αἱ
1208 1182 1533 1250 μετέχουσαι
1586 1181 1838 1249 σώματος

254 1265 431 1333 ψυχαὶ
460 1269 569 1318 τῶν
606 1271 1074 1338 ἀπηλλαγμένων,
1130 1273 1211 1324 ότι
1267 1273 1357 1325 τὸν
1410 1276 1559 1341 ἱέρεα
1614 1273 1835 1342 ὁρῶσιν,

259 1361 360 1409 καὶ
392 1360 521 1427 παρ’
556 1360 723 1412 αὐτοῦ
766 1363 829 1413 τὰ
863 1362 1010 1432 δῶρα
1045 1364 1325 1433 δέχονται;
1373 1365 1537 1417 Ἀλλὰ
1586 1367 1837 1417 κάκεῖναι

257 1450 350 1499 τὶν
378 1452 598 1503 αὲώνιον
628 1451 844 1521 ἔχουσιν
871 1455 1020 1523 ἱερέα
1049 1456 1224 1507 πάντα
1273 1457 1443 1508 ταῦτα
1474 1456 1660 1519 αὑταῖς
1693 1456 1838 1523 γινό-

258 1556 447 1607 μενον.
498 1541 554 1603 ὃς
618 1544 712 1595 καὶ
761 1544 871 1597 τῶν
924 1547 1004 1599 ἔτι
1056 1547 1275 1609 ζώντων
1330 1550 1445 1609 τοῖς
1494 1548 1573 1609 ὡς
1618 1548 1836 1615 ἀληθῶς

255 1630 622 1697 λαμόάνουσι,
651 1637 1029 1703 μεταδίδωσιν.
1058 1639 1133 1690 Οὐ
1154 1639 1263 1708 γὰρ
1287 1641 1486 1702 πάντες
1510 1637 1591 1702 οἷς
1624 1640 1837 1694 δίδωσιν

254 1723 283 1773 ⁸5
344 1722 528 1788 ἱερεὺς
584 1724 802 1794 ἀληθῶς
854 1728 1401 1795 μεταλαμόάνουσιν·
1471 1730 1584 1782 ἀλλ’
1636 1735 1835 1783 ἐκεῖνοι

257 1814 414 1883 μόνοι
455 1814 692 1880 πάντως,
725 1814 806 1879 οἷς
850 1818 1013 1882 αὐτὸς
1054 1820 1266 1874 δίδωσιν
1296 1824 1323 1873 6
1352 1823 1602 1892 Χριστός.
1644 1824 1703 1875 '0
1736 1824 1835 1892 μὲν

252 1908 367 1973 γὰρ
428 1908 635 1975 ἱερεὺς,
675 1912 841 1961 πᾶσιν
905 1910 1091 1974 ἁπλῶς
1143 1914 1257 1974 τοῖς
1307 1896 1657 1984 προσιοῦσιν·
1701 1915 1727 1964 6
1780 1915 1837 1968 δὲ

256 1998 525 2065 Χριστὸς,
562 2002 675 2061 τοῖς
706 2000 880 2064 ἀξίοις
905 2002 1000 2055 τοῦ
1038 2008 1350 2075 μετασχεῖν.
1383 2006 1546 2059 Ὅθεν
1575 2006 1732 2075 δῆλον
1760 2007 1833 2071 ὡς

250 2090 279 2138 ό
304 2090 479 2138 τελῶν
508 2090 605 2151 τὰς
631 2090 812 2160 ψυχὰς
846 2092 905 2145 τὸ
936 2097 1261 2165 μυστήριον,
1294 2098 1389 2151 καὶ
1422 2097 1688 2165 ἁγιάζων,
1741 2100 1835 2152 καὶ

250 2180 467 2243 ζῶντας
529 2183 622 2234 καὶ
674 2184 1031 2254 τεθνηκότας,
1094 2189 1251 2257 μόνος
1288 2208 1370 2251 τις
1426 2192 1586 2255 αὐτός
1634 2193 1833 2245 ὲστινό

248 2273 471 2343 Σωτήρ.
549 2276 645 2329 Ἐκ
703 2277 766 2346 δὴ
818 2279 926 2329 ’ὢν
982 2282 1289 2351 εἰρημένων
1339 2285 1597 2339 ἁπάντων
1660 2287 1835 2339 έκεῖνο

248 2364 469 2428 γίνεται
514 2365 695 2433 δῆλον,
728 2366 812 2419 ὅτι
877 2369 1054 2422 πάντα
1104 2371 1205 2423 ὅσα
1258 2374 1336 2435 είς
1376 2374 1474 2442 τὴν
1523 2372 1677 2442 ἱερὰν
1708 2376 1832 2443 ἦκει

246 2456 501 2524 τελετὴν,
538 2457 696 2510 κοινά
726 2460 839 2511 ἐστι
886 2460 981 2512 καὶ
1030 2460 1165 2523 ζῶσι
1202 2463 1296 2515 καὶ
1346 2464 1657 2535 τεθνηκόσι.
1721 2466 1831 2519 Καὶ

245 2546 361 2617 γὰρ
389 2551 458 2600 τὰ
495 2549 644 2600 αἴτια
680 2550 775 2602 τοῦ
808 2551 1108 2619 ἁγιασμοῦ,
1135 2553 1340 2622 ψυχικά
1370 2554 1503 2608 ὄντα
1533 2554 1712 2622 ἀγαθὰ
1736 2554 1830 2609 καὶ

242 2640 589 2707 ἀμφοτέροις
620 2642 885 2709 πρόσεστι
913 2658 927 2673 ⁸
960 2644 1049 2695 καὶ
1076 2646 1137 2696 τὸ
1176 2647 1603 2715 προηγουμένως
1629 2647 1722 2699 καὶ
1755 2648 1831 2700 oi—

244 2731 418 2791 κείως
446 2731 573 2797 ἕχον
601 2732 739 2800 πρὸς
764 2732 855 2784 τὸν
886 2734 1181 2802 ἀγιασμὸν,
1207 2736 1267 2787 τὸ
1293 2737 1423 2789 αὑτό
1451 2751 1465 2767 ⁸
1491 2738 1599 2803 καὶ]
1619 2739 1645 2789 6
1678 2738 1832 2805 ἁγιά-

245 2823 358 2883 ζων
403 2823 610 2890 ἱερεὺς,
663 2826 689 2875 6
718 2825 903 2887 αύτός.
936 2825 1111 2879 Τοῦτο
1143 2829 1305 2895 μόνον
1341 2830 1455 2891 τοῖς
1507 2830 1564 2881 ιν
1618 2830 1827 2897 σώματι

244 2915 386 2974 ζῶσι
441 2916 667 2982 προσὸν,
722 2917 784 2967 ού
852 2917 1076 2985 μέτεστι
1116 2921 1232 2982 τοῖς
1287 2920 1602 2983 ἀπελθοῦσι,
1630 2922 1687 2973 τὸ
1731 2921 1827 2975 καί⁸

238 3009 373 3067 τοῦς
418 3008 675 3072 ἀναξίους
726 3008 835 3059 τῶν
872 3011 1192 3079 μυστηρίων
1247 3010 1573 3080 ἀγιάξεσθαι
1622 3014 1822 3077 δοκεῖν,

237 3101 325 3151 ὅτι
356 3099 426 3151 τὰ
473 3100 624 3167 δῖλρα
674 3099 751 3168 τῷ
787 3100 1000 3168 σώματι
1048 3101 1321 3171 δέχονται.
1368 3104 1519 3155 Ἐκεῖ
1552 3104 1659 3173 γὰρ
1704 3104 1822 3156 οὐδὲ

1870 1871 1909 1926 Β

1946 634 2000 686 in
2024 634 2304 687 liberanda
2334 652 2359 685 ε
2399 636 2592 689 morbo
2638 636 2839 697 anima,
2867 637 3011 705 quod
3040 644 3119 689 est
3152 650 3270 689 eam
3292 638 3517 691 liberare

1944 742 1970 777 a
2000 728 2256 792 peccatis,
2288 742 2315 779 a
2347 742 2578 795 corpore
2638 728 3009 781 inﬁrmitatem
3047 729 3268 797 depulit.
3309 728 3362 781 Si
3388 745 3517 795 ergo

1943 831 2041 871 nec
2070 818 2131 869 ad
2158 818 2601 873 sanctificationis
2655 819 2874 888 quidem
2917 822 3315 887 susceptionem
3358 821 3517 875 habet

1942 909 2121 961 anima
2154 923 2289 977 opus
2322 924 2574 976 corpore,
2610 911 2702 963 sed
2736 909 2868 963 illud
2924 925 2987 963 ea
3019 910 3220 980 potius,
3267 924 3363 963 cur
3394 925 3518 965 sunt

1944 1000 2119 1066 magis
2158 1001 2402 1069 mysterii
2457 1001 2748 1069 participes
2796 1004 2994 1057 anima
3046 1017 3166 1070 qua:
3207 1005 3494 1070 corpusha

1942 1089 2091 1154 bent,
2125 1105 2286 1159 quam
2321 1107 2436 1159 qua:
2464 1093 2530 1147 ab
2550 1106 2614 1145 eo
2644 1101 2772 1145 sunt
2821 1092 3043 1145 liberre?
3079 1092 3232 1157 Quod
3270 1093 3519 1148 sacerdo-

1943 1190 2047 1233 tem
2078 1181 2285 1243 vident,
2318 1191 2373 1234 et
2394 1184 2459 1235 ab
2488 1196 2555 1240 eo
2585 1184 2730 1239 dona
2750 1185 3011 1238 sumunt?
3040 1184 3200 1252 Atqui
3230 1185 3332 1237 illa?
3354 1186 3515 1237 etiam

1943 1270 2145 1324 habent
2178 1281 2439 1325 aiternuin
2479 1274 2847 1337 sacerdotem,
2899 1276 2988 1343 qui
3010 1275 3203 1329 omnia
3230 1275 3310 1329 eis
3341 1274 3518 1330 factus

1940 1370 2042 1423 est,
2080 1361 2173 1430 qui
2208 1362 2367 1414 etiam
2401 1362 2468 1415 iis
2493 1364 2585 1431 qui
2620 1381 2682 1416 ex
2714 1365 2848 1419 vivis
2879 1381 3002 1419 vere
3030 1375 3277 1428 sumunt,
3311 1366 3517 1434 imper-

1940 1452 2024 1506 tit.
2064 1451 2176 1505 Non
2210 1454 2352 1506 enim
2378 1468 2568 1507 omnes
2603 1456 2797 1523 quibus
2843 1457 2933 1510 dat
2965 1458 3246 1519 sacerdos,
3281 1472 3407 1510 vere
3440 1459 3515 1523 (l)

1942 1552 2189 1605 sumunt,
2233 1545 2324 1598 sed
2352 1545 2425 1597 illi
2460 1545 2685 1598 omnino
2740 1548 2836 1599 soli
2870 1549 3068 1615 quibus
3101 1548 3193 1601 dat
3216 1550 3329 1617 ipse
3357 1550 3518 1611 .Chri-

1942 1641 2081 1688 stus.
2122 1633 2390 1689 Sacerdos
2433 1636 2573 1689 enim
2606 1638 2879 1699 omnibus,
2913 1648 2971 1691 ut
3000 1640 3163 1692 semel
3197 1639 3395 1700 dicam,
3425 1643 3512 1707 qui

1940 1727 2223 1788 accedunt,
2252 1724 2504 1781 Christus
2540 1738 2719 1782 autem
2754 1730 2847 1783 dat
2876 1730 2939 1784 iis
3002 1731 3177 1785 solum
3214 1731 3305 1799 qui
3349 1732 3515 1797 parti-

1940 1816 2085 1884 cipes
2114 1831 2232 1871 esse
2254 1818 2400 1885 digni
2434 1829 2580 1874 sunt.
2622 1821 2773 1874 Unde
2816 1822 3023 1875 clarum
3056 1835 3157 1884 est,
3220 1822 3369 1892 quod
3420 1824 3512 1891 qui

1944 1908 2153 1963 animas
2185 1920 2527 1964 sacramento
2593 1913 2803 1981 perﬁcit
2861 1916 3259 1979 etsanctiiicat,
3284 1924 3337 1967 et
3359 1916 3515 1968 vivos

1940 2006 1992 2051 et
2015 2009 2281 2065 mortuos,
2313 2001 2461 2055 solus
2488 2011 2572 2056 est
2604 2003 2716 2072 ipse
2738 2013 3005 2058 servator.
3036 2004 3107 2058 Ex
3142 2004 3301 2059 dictis
3328 2006 3517 2072 utique

1937 2088 2194 2143 omnibus
2248 2090 2305 2142 iit
2332 2090 2461 2144 illud
2491 2092 2862 2159 manifestum,
2907 2095 3051 2165 quod
3081 2111 3419 2164 quaecunque
3448 2098 3513 2149 ad

1936 2181 2079 2235 sacri
2115 2184 2361 2252 mysterii
2387 2184 2809 2240 celebrationem
2856 2189 3148 2256 pertinent,
3217 2198 3512 2243 suntcom-

1936 2272 2122 2326 niunia
2152 2282 2206 2328 et
2236 2273 2373 2328 vivis
2405 2283 2460 2329 et
2495 2278 2747 2333 mortuis.
2789 2279 2979 2335 Causa:
3016 2282 3161 2335 enim
3207 2282 3515 2336 sanctiﬁca—

1938 2363 2128 2429 tionis,
2160 2380 2283 2419 cum
2313 2367 2377 2420 ad
2414 2367 2652 2421 animam
2699 2371 3027 2439 pertineant,
3068 2374 3230 2427 etiam
3264 2374 3514 2443 utrisque

1930 2455 2244 2522 insunt;et
2277 2456 2329 2511 id
2360 2459 2505 2527 quod
2554 2461 2729 2529 primo
2780 2472 2834 2517 et
2878 2465 3250 2533 principaliter
3295 2476 3348 2519 et
3396 2484 3515 2537 ιιι-οο

1933 2546 2051 2614 prie
2118 2549 2605 2605 sanctiticationem
2657 2554 2903 2622 suscipit,
2957 2555 3119 2622 idem,
3148 2566 3205 2611 et
3260 2561 3513 2613 sacerdos

1934 2638 2029 2707 qui
2065 2641 2391 2707 sanctiﬁcat,
2429 2642 2568 2697 idem
2598 2661 2610 2697 :
2645 2648 2788 2713 quod
2836 2648 3011 2701 solum
3042 2650 3194 2704 adest
3219 2651 3283 2705 iis
3314 2654 3404 2721 qui
3440 2654 3515 2703 vi-

1933 2740 2071 2785 vunt
2102 2730 2155 2784 in
2189 2747 2440 2801 corpore,
2478 2749 2582 2788 non
2616 2747 2698 2790 est
2726 2738 2779 2789 in
2846 2738 2910 2792 iis
2954 2740 3046 2808 qui
3085 2743 3277 2799 evivis
3322 2759 3513 2798 exces-

1931 2830 2160 2887 serunt,
2196 2833 2256 2877 ut
2290 2825 2452 2877 etiam
2490 2826 2581 2892 qui
2626 2830 2901 2896 mysteriis
2938 2830 3144 2901 indigni
3190 2844 3334 2898 sunt,
3365 2837 3515 2888 vide-

1930 2921 2095 2966 antur
2133 2915 2483 2980 sanctiﬁcari,
2516 2918 2777 2985 quoniam
2826 2919 2963 2973 dona
2997 2936 3091 2976 ore
3112 2934 3360 2980 sumunt.
3396 2926 3511 2981 lliic

1930 3004 2073 3057 enim
2101 3020 2201 3059 nec
2234 3007 2495 3061 accedere
2526 3008 2744 3076 quidem
2798 3020 2974 3078 potest
3028 3014 3322 3083 quispiam,
3357 3019 3401 3071 si
3444 3020 3512 3071 sit

1928 3095 2247 3163 imparatus,
2272 3097 2365 3151 sed
2391 3098 2523 3153 solis
2546 3099 2612 3153 iis
2636 3100 2727 3169 qui
2762 3101 2905 3171 digni
2950 3112 3097 3167 sunt,
3159 3107 3317 3159 datur
3347 3109 3511 3175 parti—

236 3192 541 3259 ⁴προσιέναι
596 3191 845 3255 δυνατὸν,
892 3192 944 3244 εῐ
996 3209 1081 3254 τις
1134 3194 1645 3264 ἀπαρασκευάστως
1686 3194 1818 3263 ἔχει,
1850 3214 1892 3273 c

1850 3214 1892 3273 ϐ
1927 3187 2165 3255 cipatio;
2200 3189 2303 3243 hoc
2331 3199 2510 3243 autem
2567 3207 2673 3244 non
2706 3193 2894 3246 tribuit
2947 3196 3083 3249 vivis
3126 3199 3507 3252 sanctificatio-

237 3282 383 3334 ά).λά
418 3282 613 3348 μόνοις
634 3281 810 3345 ἔξεστι
835 3283 947 3343 τοῖς
973 3280 1144 3345 ἀξίοις
1179 3284 1213 3350 ἡ
1248 3286 1507 3351 μετουσία
1536 3301 1549 3313 ⁸
1582 3284 1737 3337 τοῦτο
1767 3284 1822 3337 δὲ

235 3372 368 3424 οὐδὲ
405 3372 771 3440 προστίθησιν
794 3372 1069 3440 ἁγιασμόν
1103 3376 1217 3435 τοῖς
1254 3372 1421 3434 ζῶσιν
1453 3391 1465 3405 ⁸
1500 3375 1633 3427 ἀλλά
1656 3376 1823 3427 τούν-

240 3464 438 3518 animi
472 3463 704 3514 κόλασιν
736 3464 848 3532 ἔχει
872 3463 969 3530 τὴν
998 3465 1255 3533 ἐσχάτην.
1290 3466 1400 3518 Καὶ
1424 3467 1513 3518 διὰ
1540 3467 1702 3519 τοῦτο
1730 3466 1825 3519 τοῦ

238 3557 439 3619 γένους
473 3552 599 3605 ’τῶν
632 3551 851 3613 ζώντων
892 3548 1035 3605 εἶναι
1084 3552 1467 3623 πλεονέκτημα
1495 3554 1692 3607 πυλλοῦ
1724 3555 1822 3608 δεῖ.

243 3646 371 3696 Ἐτι
403 3644 461 3696 δὲ
496 3645 591 3695 καὶ
616 3644 685 3695 δι’
708 3645 917 3696 ἐκεῖνον
942 3645 1033 3696 τὸν
1060 3645 1218 3711 λόγον
1244 3648 1478 3715 φανερὸν
1513 3647 1723 3712 γίνεται
1744 3648 1825 3700 ὅτι

239 3740 303 3789 οὐ
348 3737 517 3806 μόνον
546 3736 751 3799 ἔξεστι,
794 3736 887 3787 καὶ
916 3737 1069 3789 οὐδὲν
1093 3737 1208 3805 ἔχει
1258 3737 1508 3807 κώλυμα,
1571 3736 1685 3788 ἀλλ’
1744 3738 1825 3789 ὃτι

238 3831 338 3881 καὶ
368 3829 692 3895 ἀναγκαίως
722 3829 1006 3881 ἀκολουθεί
1030 3832 1147 3891 ταῖς
1164 3830 1365 3898 ψυχαῖς
1394 3832 1629 3891 ἐκείναις
1657 3832 1689 3897 ἡ
1718 3830 1827 3881 τῶν

238 3924 407 3993 ἱερῶν
461 3923 655 3993 δώρων
706 3922 1032 3991 μετάληψις.
1085 3922 1145 3975 Ei
1174 3922 1273 3990 μὲν
1301 3924 1409 3990 γὰρ
1436 3923 1527 3973 καί
1558 3940 1609 3974 τι
1642 3922 1827 3990 ἕτερον

234 4012 305 4085 ἧν
329 4015 390 4069 τὺ
409 4016 513 4076 τὰς
544 4015 727 4086 ψυχὰς
774 4017 1069 4085 εὐφραῖνον
1114 4016 1208 4068 καὶ
1238 4014 1520 4067 ἁναπαῦον
1564 4016 1702 4077 ἐκεῖ,
1758 4011 1827 4083 ἦν

236 4106 302 4159 ἂν
333 4107 520 4158 έκεῖνο
547 4107 718 4174 γέρας
746 4107 867 4168 ταῖς
902 4104 1081 4169 ἀξίαις
1109 4105 1211 4171 τῆς
1277 4104 1673 4172 καθαρότητος,
1730 4105 1825 4155 καὶ

232 4197 339 4251 οὐκ
364 4197 433 4249 ἂν
461 4197 653 4264 ἐδέησε
689 4196 895 4264 ταύτης
924 4198 1023 4264 τῆς
1056 4194 1341 4265 τραπέζης
1373 4194 1432 4258 ἐξ
1462 4197 1706 4263 ἀνάγκης
1730 4195 1825 4246 αύ-

236 4293 379 4351 ταῖς.
438 4288 557 4340 Νῦν
608 4288 665 4339 δὲ
717 4290 777 4340 τὸ
824 4288 1265 4355 «mizqu
1305 4286 1400 4338 καὶ
1445 4286 1825 4354 μακαριότητα

234 4383 349 4442 τοῖς
391 4381 515 4434 ἐκεῖ
542 4380 859 4447 γενομένοις
891 4376 1285 4447 ἐργαζόμενον,
1341 4379 1450 4429 εἴτε
1500 4377 1825 4445 παράδεισον

235 4475 436 4535 εἴποις,
466 4471 578 4523 εῐτε
608 4471 846 4532 κόλπους
882 4470 1155 4538 Ἀϐρααμ,
1184 4469 1292 4520 εῐτε
1317 4467 1494 4536 λύπης
1518 4467 1611 4521 καὶ
1634 4467 1824 4534 ὀδύνης

1929 3294 2077 3340 nem.
2132 3282 2226 3335 sed
2279 3290 2469 3336 contra
2534 3283 2694 3337 habet
2749 3284 2993 3338 ultimum
3046 3288 3393 3355 supplicium,
3450 3279 3508 3345 ει

1929 3380 2211 3440 propterea
2257 3373 2481 3424 multum
2529 3375 2679 3428 abest
2722 3385 2778 3428 ut
2824 3376 3072 3431 vivorum
3133 3394 3302 3447 genus
3331 3381 3502 3435 siteis

1932 3464 2037 3520 hac
2088 3478 2147 3519 re
2191 3452 2475 3530 superius:
2523 3476 2810 3535 ii-opterea
2866 3478 3047 3522 autem
3094 3470 3255 3524 etiam
3284 3483 3508 3541 prome--

1932 3558 2075 3609 illam
2136 3558 2403 3610 rationem
2444 3558 2650 3611 clarum
2677 3568 2782 3619 est,
2837 3562 2978 3628 quod
3011 3573 3119 3615 non
3144 3562 3322 3615 solum
3368 3563 3495 3618 licet

1928 3649 2147 3717 etquod
2179 3648 2315 3703 nihil
2362 3659 2528 3711 vetat,
2562 3651 2653 3703 sed
2688 3652 2851 3704 etiam
2898 3652 3043 3719 quod
3103 3654 3221 3709 illas
3290 3655 3503 3708 animas

1928 3742 2236 3797 necessario
2261 3745 2611 3811 consequitur
2644 3753 2954 3797 sanctorum
3008 3746 3275 3799 donorum
3328 3750 3500 3817 parti-

1928 3832 2148 3899 cipatio.
2187 3830 2243 3883 Si
2273 3834 2415 3885 enim
2453 3844 2597 3887 esset
2621 3834 2829 3902 aliquid
2854 3835 3021 3899 aliud,
3061 3836 3204 3903 quod
3245 3836 3351 3892 illic
3383 3839 3501 3891 ani-

1929 3925 2032 3977 mis
2054 3932 2109 3976 et
2182 3924 2599 3977 delectationem
2636 3935 2690 3979 et
2753 3928 2988 3994 quietem
3028 3929 3308 3997 praberet,
3355 3941 3499 3984 essi‘t

1928 4010 2061 4065 illud
2113 4012 2392 4079 praemium
2437 4014 2503 4066 iis
2549 4029 2669 4081 qua:
2714 4030 2862 4082 purze
2919 4025 3043 4069 sunt
3081 4025 3136 4068 et
3186 4018 3421 4079 mundae,
3444 4028 3502 4071 et

1928 4117 2037 4156 non
2081 4103 2160 4157 eis
2193 4102 2294 4156 hac
2329 4118 2516 4157 mensa
2572 4106 2888 4157 necessario
2945 4119 3083 4174 Opus
3128 4115 3313 4170 esset;
3353 4123 3497 4160 nunc

1929 4202 2105 4246 autem
2145 4193 2195 4245 id
2227 4194 2371 4263 quod
2411 4208 2626 4248 omnem
2661 4196 2990 4262 voluptatem
3023 4204 3077 4248 et
3107 4197 3494 4250 beatitudinem

1928 4287 1995 4340 iis
2028 4284 2117 4353 qui
2149 4287 2255 4339 illic
2294 4297 2441 4351 sunt,
2475 4288 2663 4350 cilia-it,
2701 4288 2815 4341 sive
2846 4288 2996 4341 dicas
3023 4287 3356 4356 paradisum,
3379 4289 3495 4342 sive

1927 4376 2103 4427 sinum
2128 4376 2376 4440 Abrahae,
2398 4377 2509 4429 sive
2532 4378 2599 4429 ab
2619 4378 2766 4429 omni
2814 4377 3003 4431 dolore
3028 4387 3082 4431 et
3114 4378 3328 4431 tristitia
3356 4394 3492 4445 pura

1928 4475 1981 4517 et
2012 4465 2186 4519 lucida
2214 4474 2267 4518 et
2291 4464 2482 4520 viridia
2516 4476 2569 4520 et
2590 4466 2963 4537 refrigerantia
2994 4469 3130 4529 loca,
3169 4468 3284 4520 sive
3307 4468 3489 4536 ipsum

235 4564 462 4631 ἀπάσης
491 4560 773 4629 καθαροὺς
820 4562 913 4613 καὶ
958 4559 1255 4626 φωτεινοὺς
1302 4560 1397 4610 καὶ
1435 4558 1690 4626 χλοεροῦς
1722 4558 1816 4608 καὶ
1850 4550 1895 4605 D

1799 4558 1816 4607 t
1850 4550 1895 4605 υ
1924 4572 2169 4625 regnum,
2196 4558 2330 4610 nihil
2360 4566 2442 4610 est
2471 4557 2615 4611 aliud
2644 4573 2805 4625 quam
2838 4559 2925 4609 hic
2948 4558 3083 4609 calix
3106 4567 3159 4611 et
3188 4557 3274 4611 hic
3305 4560 3486 4626 panis.

235 4657 623 4725 ἀναψύχοντας
644 4655 867 4717 τόπους,
892 4653 1002 4704 εἴτε
1029 4651 1128 4719 τὴν
1154 4651 1432 4719 βασιλείαν
1456 4651 1648 4719 αύτήψ
1683 4651 1836 4703 οὐδὲν
1870 4652 2056 4719 ἕτερόν
2080 4652 2226 4701 ἐστιν
2263 4649 2294 4716 ἢ
2333 4652 2491 4701 τοῦτο
2524 4650 2583 4702 τὸ
2627 4649 2919 4717 ποτήριον,
2954 4648 3047 4700 καὶ
3071 4644 3224 4709 οὗτος
3252 4652 3281 4700 6
3302 4648 3486 4719 ἄρτος.

304 4748 496 4800 Ταῦτα
527 4765 637 4817 γαρ
664 4750 690 4799 6
723 4746 972 4815 μεσίτης,
1002 4747 1029 4796 ὁ
1057 4745 1361 4813 πρόδρομος
1389 4743 1530 4812 ὑπὲρ
1558 4742 1714 4812 ἡμῶν
1741 4745 1819 4806 εἰς

234 4842 300 4893 τὰ
325 4843 494 4906 ἅγια,
528 4840 556 4890 ό
595 4839 752 4907 μόνος
782 4837 931 4902 ἄγων
959 4838 1038 4896 εἰς
1070 4834 1161 4887 τὸν
1186 4836 1425 4903 Πατέρα,
1456 4839 1483 4886 ὁ
1518 4836 1677 4903 μόνος
1707 4836 1817 4887 τῶν

230 4933 425 5003 ψυχῶν
451 4932 629 4996 ἥλιος,
659 4928 755 4980 νύν
787 4928 887 4996 μὲν
916 4927 1061 4980 οὕτω
1101 4927 1431 4995 φαινόμενος
1467 4928 1559 4979 καὶ
1594 4928 1817 4996 μετεχό-

234 5042 417 5092 μενος,
447 5022 527 5084 ὡς
548 5020 817 5089 ἠθέλησεν
846 5019 1028 5084 αὐτὸς,
1053 5021 1161 5079 τοῖς
1182 5019 1421 5088 δεσμίοις
1451 5019 1548 5087 τῆς
1582 5020 1778 5088 σαρκός
1800 5035 1813 5049 ⁸

229 5120 351 5175 τότε
404 5116 465 5167 δὲ
519 5113 896 5181 όφθησόμενος
948 5114 1043 5164 καὶ
1095 5111 1641 5183 μεταληφθησόμενος
1689 5111 1816 5165 ἄνευ

231 5205 765 5273 παραπετασμάτων
790 5218 802 5231 ·
832 5204 922 5255 ὅτε
954 5202 1196 5271 ὀψόμεθα
1222 5203 1405 5263 αὑτὸν,
1445 5203 1600 5268 φησὶ,
1632 5200 1813 5262 καθώς

228 5302 375 5350 ἐστιν
409 5313 423 5327 ⁸
457 5298 552 5348 ὅτε
586 5295 660 5355 ὡς
694 5293 894 5361 πτῶμα
942 5293 1269 5359 συγκαλέσει
1308 5293 1433 5352 τοὺς
1464 5293 1651 5349 ἀετούς
1677 5306 1690 5320 ⁸
1722 5290 1811 5339 ὅτε

230 5386 608 5457 περιζώσεται
658 5386 752 5435 καὶ
795 5384 1078 5435 ἀνακλινεῖ
1125 5383 1343 5443 αὐτοὺς.
1386 5384 1481 5433 καὶ
1523 5378 1813 5449 παρελθὼν

225 5481 552 5547 διακονήσει
603 5476 790 5537 αὐτοῖς
815 5490 827 5505 ⁸
860 5477 950 5527 ὅτε
994 5476 1086 5526 ἐπὶ
1115 5476 1222 5527 τῶν
1256 5474 1497 5541 νεφελῶν
1522 5471 1810 5539 ἁστράψει,

225 5573 319 5622 καὶ
346 5571 417 5621 δι’
446 5568 638 5621 αὐτῶν
670 5566 977 5634 λὰμψουσιν
1003 5565 1053 5616 οἱ
1094 5564 1291 5615 δίκαιοι
1322 5563 1395 5624 ώς
1426 5564 1594 5632 ἥλιος.
1626 5560 1811 5626 Τούτῳ

299 5760 764 5830 1|)Cantelcge;
810 5756 1010 5809 etenim
1042 5754 1237 5830 Graeci,
1289 5763 1342 5805 et
1400 5753 1487 5830 hic
1526 5752 1808 5829 Cabasi'as

228 5826 373 5887 recte
402 5832 659 5887 sentiunt
691 5829 755 5882 dc
789 5842 912 5880 γρηὶ
965 5836 1015 5878 ει
1063 5826 1191 5877 rt‘uli
1238 5826 1521 5891 praesentia
1569 5826 1811 5887 corporis

1997 4742 2121 4796 llaec
2151 4744 2293 4795 enim
2354 4750 2482 4795 sunt
2538 4744 2894 4803 intercessor,
2938 4744 3028 4810 qui
3084 4758 3180 4809 pro
3219 4743 3395 4794 nobis.
3434 4744 3487 4794 in

1923 4842 2111 4887 sancta
2146 4833 2249 4885 fuit
2291 4847 2621 4901 prazcut'sor,
2648 4836 2738 4902 qui
2770 4834 2920 4887 solus
2957 4834 3108 4886 ducit
3141 4833 3207 4885 ad
3248 4832 3486 4891 Patrem.

1923 4925 2019 4994 qui
2051 4925 2201 4980 solus
2245 4925 2323 4977 sol
2349 4926 2679 4989 animarum,
2711 4926 2801 4991 qui
2838 4939 2982 4977 nunc
3012 4924 3231 4991 quidem
3266 4934 3488 4991 apparet

1924 5024 1979 5069 et
2004 5015 2382 5082 participatur,
2413 5025 2471 5066 ut
2516 5015 2630 5081 ipse
2680 5016 2868 5077 voluit,
2918 5016 3091 5066 velata
3125 5030 3289 5066 carne
3318 5030 3330 5065 :
3361 5022 3487 5064 tunc

1924 5116 2103 5160 autem
2134 5107 2404 5160 videbitur
2423 5116 2473 5159 et
2505 5107 2913 5174 participabitur
2940 5107 3059 5159 sine
3090 5107 3240 5163 velis.
3266 5106 3484 5174 quando

1924 5196 2225 5251 videbimus
2263 5197 2435 5264 ipsum
2458 5197 2599 5251 sicut
2630 5206 2733 5259 est,
2757 5197 2974 5263 quando
3006 5196 3070 5249 ad
3101 5196 3333 5249 cadaver
3356 5212 3485 5248 con-

1924 5289 2141 5340 voeabit
2175 5288 2409 5355 aquilas,
2445 5286 2661 5355 quando
2684 5286 3056 5349 suceingetur.
3090 5294 3144 5338 et
3194 5300 3286 5339 eos
3320 5284 3484 5337 faciet

1922 5378 2286 5439 discumbere,
2320 5388 2369 5429 et
2404 5381 2673 5431 accedens
2720 5376 3222 5443 ininistrabitipsis,
3262 5375 3481 5443 quando

1923 5464 2153 5531 fulgebit
2183 5464 2233 5515 in
2273 5460 2532 5529 nubibus,
2584 5473 2638 5517 et
2669 5480 2763 5533 per
2808 5479 2939 5517 eunt
2990 5465 3117 5532 justi
3161 5464 3479 5530 reSplende-

1925 5556 2057 5609 bunt
2094 5567 2149 5612 ut
2177 5557 2282 5614 soi.
2331 5554 2399 5609 Ut
2426 5558 2472 5609 ei
2500 5558 2796 5626 conjuncti,
2829 5566 2886 5609 ut
2925 5562 3075 5609 novit
3130 5569 3313 5609 mensa
3343 5568 3477 5607 con-

1920 5750 2129 5801 Doniini
2158 5750 2209 5800 in
2274 5751 2631 5805 Eucharistia.
2688 5753 2913 5817 Forsan,
2938 5767 3071 5813 vere,
3110 5750 3357 5819 intelligit
3390 5749 3476 5805 di-

1918 5836 2019 5885 gne
2065 5830 2116 5872 ct
2151 5820 2449 5873 t'rnclunsc.
