4272 6446
770 432 875 495 4ὐ3

1992 432 2036 489 Ν
2052 430 2299 489 1(ΣΟΙ.Λ1
2339 431 2427 490 ΟΛ
2439 431 2731 492 BASIL/E

3896 429 4007 495 661

763 549 1014 615 jungere,
1086 546 1323 613 quietem
1389 551 1774 613 assequentur,
1832 539 1914 593 vel
1950 540 2156 609 aliquid
2197 539 2328 593 boni
2358 544 2404 599 Α
2434 557 2450 590 ει

2321 540 2328 591 i
2358 544 2404 599 Α
2434 541 2561 603 τούς
2595 541 2672 611 μὴ
2703 541 3113 611 συνημμένους,
3141 543 3215 597 ώσ
3228 561 3329 612 περ
3360 539 3465 597 οἶδε
3496 544 3789 599 συνάπτειν
3813 546 3846 613 ἡ
3870 544 4008 613 τρά-

766 638 875 691 illic
901 640 1203 706 percipiant
1236 638 1315 691 vel
1355 652 1579 706 parvum
1616 635 1697 688 vel
1723 647 2002 700 magnum,
2033 631 2240 699 absque
2269 645 2334 683 eo

763 732 879 784 ﬁeri
906 734 1128 785 omnino
1166 745 1273 785 non
1316 738 1517 799 potest.

1355 818 1508 872 CAP.
1543 817 1724 870 XLIV.

1189 911 1261 966 De
1298 910 1496 966 Christi
1529 910 1919 963 intercessione.

835 1006 929 1058 Est
957 1004 1097 1056 enim
1134 1003 1490 1067 intercessor,
1523 1017 1616 1070 per
1668 1016 1827 1067 quem
1884 998 2069 1052 omnia
2094 1006 2332 1051 assecuti

764 1112 957 1151 sumus
1010 1097 1315 1162 bona,qua:
1344 1109 1372 1146 a
1420 1093 1529 1146 Deo
1572 1093 1728 1145 nobis
1757 1092 1880 1144 data
1915 1100 2062 1153 Sunt,
2091 1089 2172 1142 vel
2230 1102 2331 1157 po-

765 1189 874 1242 tius
903 1203 1117 1256 semper
1141 1187 1364 1241 dantur.
1395 1183 1513 1239 Non
1540 1184 1682 1237 enim
1708 1197 1993 1252 postquam
2029 1180 2195 1235 semel
2229 1181 2331 1233 luit

767 1286 1119 1343 intercessor,
1151 1288 1205 1332 et
1234 1278 1415 1332 omnia
1446 1276 1602 1330 nobis
1633 1276 1851 1329 tradidit
1888 1290 1984 1342 pro
2009 1274 2209 1341 quibus
2245 1272 2331 1325 itt-

765 1382 1109 1435 terct-sserat,
1145 1371 1386 1432 recessit,
1447 1369 1540 1423 sed
1593 1383 1810 1437 semper
1864 1364 2173 1427 intercedit,
2222 1379 2331 1418 non

761 1464 944 1517 verbis
972 1460 1296 1531 quibusdam
1322 1469 1375 1513 et
1394 1459 1672 1529 precibus,
1714 1458 1853 1511 sicut
1908 1457 2088 1510 solent
2144 1456 2329 1526 legati,

761 1560 855 1612 sed
913 1557 1115 1623 t-cipsa.
1162 1554 1421 1617 Qumnam
1458 1561 1637 1605 autem
1669 1565 1731 1603 ea
1768 1565 1855 1602 res
1888 1549 2017 1604 est?
2055 1547 2169 1603 Sibi
2205 1563 2333 1603 con-

756 1649 984 1717 jungere
1017 1654 1072 1699 ct
1129 1645 1372 1714 proprias
1402 1657 1497 1711 per
1534 1657 1593 1696 sc
1645 1640 1848 1710 gratias
1901 1639 2190 1709 impertiri,
2232 1654 2330 1707 pro

762 1739 1194 1807 uniuscujusque
1227 1735 1491 1804 dignitate
1538 1742 1591 1787 et
1624 1734 1787 1787 modo
1844 1730 2202 1802 purgationis.
2263 1728 2331 1782 Et

759 1828 1222 1901 quemadmodum
1259 1828 1351 1880 lux
1392 1841 1514 1896 quae
1539 1840 1634 1894 per
1680 1839 1739 1879 se
1782 1824 1955 1877 visunt
2016 1824 2220 1891 praebet
2251 1822 2331 1875 vi-

758 1927 1037 1989 dentibus,
1060 1922 1263 1993 quibus
1295 1919 1573 1983 lic-iecerit,
1602 1919 1667 1972 iis
1698 1931 1917 1987 quoque
1946 1916 2095 1970 visus
2138 1913 2329 1970 defue-

763 2022 870 2073 tit:
910 2019 981 2071 ita
1018 2017 1181 2070 etiam
1241 2028 1364 2068 cum
1422 2012 1641 2066 Christo
1701 2008 2155 2064 consuetudinem
2207 2022 2330 2062 esse

760 2122 1073 2180 perpetuam
1101 2104 1301 2158 animis
1325 2117 1547 2157 necesse
1570 2109 1675 2162 est,
1735 2100 1782 2155 si
1822 2099 1937 2153 sint
1993 2098 2217 2153 omnino
2252 2097 2331 2151 vi-

758 2215 926 2258 cturas
959 2211 1013 2255 et
1039 2200 1324 2266 quieturas.
1348 2194 1534 2263 Neque
1564 2196 1707 2247 enim
1741 2193 1859 2247 sine
1893 2193 2015 2247 luce
2049 2199 2227 2258 potest
2252 2189 2333 2243 vi-

757 2308 883 2352 uere
909 2296 1119 2356 oculus,
1173 2306 1349 2360 neque
1377 2290 1489 2343 ﬁeri
1535 2297 1717 2357 potest
1755 2297 1812 2340 ut
1836 2287 1956 2340 sine
1982 2283 2209 2339 Christo
2243 2298 2331 2338 ve-

759 2406 816 2444 ra
855 2389 961 2443 vita
992 2396 1045 2442 et
1082 2401 1181 2454 pax
1216 2382 1346 2436 insit
1380 2380 1612 2445 animis;
1655 2380 1913 2449 quoniam
1957 2378 2069 2445 ipse
2099 2385 2185 2431 est
2236 2374 2330 2444 qui

758 2485 910 2537 solus
935 2480 1043 2535 Deo
1076 2475 1417 2538 reconciliat,
1459 2475 1552 2542 qui
1607 2487 1728 2526 eam
1784 2485 1974 2541 pacem
2032 2468 2184 2533 facit,
2215 2468 2331 2521 sine

756 2583 863 2635 qua
897 2566 1040 2621 nulla
1067 2580 1192 2634 spes
1234 2573 1338 2625 est,
1380 2569 1439 2613 ut
1487 2559 1579 2628 qui
1633 2557 1725 2611 Dei
1761 2566 1891 2612 sunt
1944 2555 2175 2620 inimici,
2218 2554 2331 2609 sint

756 2664 877 2732 ejus
904 2661 1174 2713 bonorum
1221 2654 1537 2724 participes.
1578 2649 1705 2704 Sive
1738 2665 1866 2719 ergo
1903 2648 1972 2702 ab
2022 2647 2179 2700 initio
2209 2646 2332 2715 quis

755 2752 970 2806 Clit-isto
1020 2747 1343 2815 coniunctus
1386 2758 1495 2797 non
1534 2752 1635 2803 est,
1694 2741 1809 2795 sive
1844 2738 2170 2806 coniunctus
2223 2751 2329 2790 non

758 2841 980 2903 mansit,
1003 2846 1086 2893 est
1130 2835 1385 2890 inimicus
1407 2842 1459 2888 et
1481 2848 1512 2887 a
1532 2831 1732 2887 divinis
1749 2830 1909 2886 bonis
1929 2828 2163 2883 alienus.
2185 2827 2327 2895 Quid

755 2945 837 2989 est
855 2935 996 2987 cnim
1025 2930 1167 3001 quod
1192 2929 1442 2983 humana:
1475 2936 1680 2981 natura:
1700 2925 1871 2980 Deum
1904 2923 2281 2979 reconciliavit
2307 2923 2329 2975 ?

756 3026 988 3082 Omnino
1016 3023 1161 3093 quod
1182 3018 1459 3074 hominem
1489 3018 1624 3073 vidit
1645 3017 1845 3071 Filium
1867 3031 2025 3072 suum
2045 3014 2323 3070 dilectum.

757 3123 831 3172 Ita
853 3118 1017 3172 etiam
1047 3113 1344 3183 unicuique
1369 3110 1576 3165 homini
1596 3108 2006 3173 reconciliatur,
2033 3108 2078 3163 si
2098 3111 2220 3177 quis
2235 3122 2327 3177 ge-

2439 630 2603 694 πεζα,
2626 630 2986 694 ἀναπαύσεως
3014 633 3328 699 τυγχάνειν,
3363 635 3397 702 ἦ
3426 652 3478 686 τι
3512 633 3695 685 λαϐεῖν
3718 631 3943 699 ἀγαθὸν,
3970 632 4003 700 ἢ

2440 722 2637 791 μικρὸν
2665 723 2695 792 ἢ
2728 723 2915 793 μεῖζον
2949 726 3084 788 ἐκεῖ,
3110 725 3386 787 παντελῶς
3418 725 3700 779 ἀδύνατον.

3021 818 3247 871 ΚΕΦΑΛ
3288 817 3397 871 ΜΔ⁹

2770 910 2910 976 Περὶ
2949 909 3061 978 τῆς
3086 911 3344 978 Χριστοῦ
3361 908 3690 979 μεάιτειας.

2504 1005 2748 1073 Μεσίτης
2790 1005 2902 1072 γάρ
2943 1005 3061 1055 ἐστι
3093 1003 3161 1056 δι’
3188 998 3249 1058 οὐ
3281 1004 3458 1056 πάντα
3502 1004 3696 1070 γέγονε
3741 1001 3810 1055 τά
3856 1003 4009 1073 παρά

2435 1094 2528 1148 τοῦ
2560 1093 2699 1146 Θεοῦ
2756 1092 2980 1146 δοθέντα
3035 1095 3167 1162 ⁴ἡμῖν
3212 1092 3429 1161 ἀγαθάο
3466 1092 3671 1161 μᾶλλον
3716 1092 3774 1146 δὲ
3805 1093 4009 1147 δίδοται

2433 1187 2539 1241 ἀεί.
2568 1188 2641 1240 Οὐ
2684 1186 2790 1255 γάρ
2820 1185 2970 1249 ἅπαξ
3008 1184 3339 1254 μεσιτεύσας
3366 1187 3460 1238 καὶ
3486 1185 3765 1254 παραδοὺς
3786 1185 4009 1239 ἅπαντα

2433 1279 2589 1345 ἡμῖν,
2622 1277 2761 1346 ὑπὲρ
2788 1270 2862 1330 ὧν
2890 1277 3264 1345 ἐμεσίτευσεν,
3291 1276 3607 1345 ἀπηλλάγη,
3634 1276 3751 1329 ἀλλ’
3782 1277 3868 1330 ἀεὶ
3908 1294 4006 1345 με-

2435 1370 2662 1429 σιτεύει,
2695 1368 2756 1419 οὐ
2787 1367 2966 1433 λόγοις
2994 1369 3104 1419 τισὶ
3138 1366 3231 1419 καὶ
3260 1368 3537 1437 δεήσεσιν,
3580 1366 3771 1437 ὥσπερ
3796 1368 3845 1419 οἱ
3871 1385 4008 1437 πρε-

2434 1461 2660 1514 σϐευταὶ
2692 1459 2957 1523 ποιοῦσιν,
2985 1458 3119 1512 ἀλλά
3142 1461 3449 1529 πράγματι.
3478 1460 3543 1510 Τί
3564 1458 3618 1511 δὲ
3642 1458 3704 1511 τὸ
3731 1460 3966 1528 πρᾶγμα
3990 1476 4007 1523 ;

2433 1550 2506 1605 Τὸ
2536 1550 2832 1605 συνάπτειν
2868 1550 3045 1621 ἑαυτῷ
3076 1553 3170 1605 καὶ
3200 1551 3267 1603 δι’
3296 1548 3493 1603 ἑαυτοῦ
3527 1548 3634 1602 τῶν
3661 1549 3877 1602 οἰκείων
3904 1565 4008 1618 με·

2431 1640 2698 1694 ταδιδόναι
2732 1642 2990 1711 χαρίτων,
3033 1643 3174 1694 κατά
3199 1641 3299 1710 τὴν
3342 1641 3501 1705 ἀξίαν
3531 1642 3787 1707 ἑκάστου,
3822 1642 4009 1694 καὶτὸ

2432 1735 2528 1801 τῆς
2564 1733 2883 1803 καθάρσεως
2928 1733 3147 1803 μέτρον.
3195 1734 3305 1785 Καὶ
3347 1733 3602 1805 καθάπερ
3652 1734 3712 1786 τὸ
3767 1733 3881 1800 φῶς
3935 1731 4007 1785 δι’

2433 1823 2628 1877 ἑαυτοῦ
2660 1825 2722 1876 τὸ
2749 1826 2882 1895 όρᾷν
2899 1828 3008 1887 τοῖς
3026 1824 3195 1894 ὁρῶσι
3218 1824 3480 1895 παρέχον,
3510 1820 3591 1887 οἷς
3614 1824 3678 1878 ἂν
3704 1824 4004 1886 ἐπιλείποι,

2435 1917 2611 1970 καὶτὸ
2644 1918 2775 1987 ὁρᾷν
2806 1918 3080 1970 ἐπιλείπει
3106 1934 3119 1948 ο
3145 1917 3289 1971 οὕτω
3316 1923 3409 1971 καὶ
3439 1918 3540 1988 τὴν
3577 1918 3717 1984 μετᾶ
3745 1916 3839 1970 τοῦ
3870 1918 4010 1987 Χρι-

2434 2010 2563 2064 στοῦ
2594 2011 2881 2085 συνουσίαν
2932 2012 3145 2081 ἀνάγκη
3195 2011 3574 2080 διηνεκῆ’ταῑς
3603 2013 3803 2082 ψυχαῖς
3837 2006 4007 2074 εἶναι,

2432 2104 2548 2171 εἴγε
2590 2104 2836 2171 μέλλοιεν
2867 2103 2967 2174 ζῇν
2997 2105 3132 2166 ὅλως
3161 2106 3257 2157 καὶ
3288 2104 3688 2161 ἀναπαύεσθαι.
3720 2102 3862 2157 Οὐτε
3896 2104 4005 2176 γὰρ

2432 2195 2599 2265 χωρὶς
2629 2196 2805 2265 φωτὸς
2836 2196 3112 2267 όφθαλμδς
3146 2196 3369 2250 δύναται
3400 2197 3640 2267 βλέπειν,
3667 2195 3792 2249 οὔτε
3834 2196 4009 2267 χωρὶς

2431 2288 2524 2341 τοῦ
2558 2287 2823 2358 Χριστοῦ,
2850 2288 2999 2358 ζωὴν
3032 2289 3289 2359 ἀληθινὴν
3322 2291 3443 2352 ταῖς
3466 2289 3690 2358 ψυχαῖς,
3724 2288 3820 2341 καὶ
3843 2288 4003 2357 είρή-

2431 2398 2527 2450 νην
2555 2376 2696 2434 εἶναι
2724 2381 2948 2434 δυνατόν
2972 2398 2986 2413 ο
3009 2381 3089 2434 ὅτι
3114 2382 3276 2445 αὐτός
3301 2384 3416 2436 ἐστι
3440 2380 3519 2451 τῷ
3548 2381 3669 2453 Θεῷ
3695 2380 4007 2434 καταλλάτ-

2429 2489 2539 2527 των
2570 2475 2753 2541 μόνος,
2783 2474 2812 2527 6
2851 2472 2948 2543 τὴν
2997 2474 3220 2545 εἰρήνην
3243 2474 3449 2545 ταύτην
3480 2474 3650 2527 ποιῶν
3674 2487 3687 2504 ⁸
3808 2473 4008 2545 χωρὶς,

2430 2563 2663 2635 ἐχθροὺς
2692 2563 2853 2628 ὄντας
2884 2563 2979 2616 τοῦ
3008 2566 3167 2633 Θεοῦ,
3192 2566 3300 2619 τῶν
3321 2566 3543 2633 ἀγαθῶν
3570 2565 3677 2619 τῶν
3706 2565 3872 2618 αὐτοῦ
3907 2583 4008 2635 μεο

2429 2657 2605 2725 τέχειν
2630 2654 2900 2721 ὁπωσοῦν,
2932 2657 3161 2725 οὐδεμία
3206 2658 3355 2710 ἐστὶν
3386 2658 3562 2719 ἐλπίς.
3597 2658 3720 2711 Εἴτε
3754 2655 3851 2709 οὖν
3882 2657 4011 2711 οὐδὲ

2428 2749 2527 2820 τὴν
2570 2748 2745 2819 ἀρχὴν
2782 2748 3029 2819 συνήφθη
3058 2765 3141 2812 τις
3170 2749 3248 2818 τῷ
3277 2749 3519 2819 Χριστῷ,
3543 2749 3653 2802 εἴτε
3686 2750 4010 2816 συναφθεὶς,

2427 2841 2527 2895 οὐκ
2559 2840 2742 2909 ἔμεινε
2791 2840 3161 2916 συνημμένος,
3190 2839 3383 2911 ἐχθρός
3422 2842 3571 2894 ἐστιν
3617 2841 3720 2905 ἔτι,
3769 2841 4009 2895 καὶτῶν

2428 2932 2587 2986 θείων
2621 2930 2902 3002 ἀλλότριος
2941 2930 3185 2999 ἀγαθῶν.
3208 2931 3271 2983 Τί
3309 2932 3420 3001 γάρ
3458 2931 3519 2985 τὸ
3555 2932 3894 2997 καταλλάξαν
3930 2935 4003 3003 τῇ

2427 3024 2588 3093 φύσει
2617 3023 2730 3077 τῶν·
2762 3009 3068 3094 ἀνθρώπων
3101 3024 3195 3077 τὸν
3226 3024 3387 3089 Θεόν;
3422 3025 3645 3089 Πάντως
3674 3026 3757 3079 ὅτι
3787 3026 4009 3097 ἀνθρω-

2429 3134 2531 3169 πον
2561 3109 2670 3170 εἶδε
2718 3115 2809 3170 τὸν
2860 3116 2989 3169 Υίδν
3023 3115 3190 3169 αὐτοῦ
3222 3115 3312 3169 τὸν
3349 3118 3639 3186 ἀγαπητόν
3667 3132 3681 3148 ο
3715 3117 3859 3171 οὕτω
3908 3118 4011 3172 καὶ

755 3219 838 3264 «at
864 3208 1093 3263 formam
1125 3203 1420 3273 Uuigeniti,
1458 3211 1511 3256 et
1536 3200 1681 3255 illius
1712 3200 1851 3255 lerat
1890 3214 2116 3269 corpus,
2150 3211 2205 3253 et
2231 3214 2329 3267 ap-
2354 3208 2404 3273 ο
2432 3212 2442 3262 ε

2321 3226 2329 3239 ’
2354 3208 2404 3273 C
2432 3211 2647 3280 ἑκάστῳ
2679 3210 2966 3263 σπένδεται
2991 3208 3102 3263 τῶν
3128 3208 3452 3279 ἀνθρώπων,
3481 3209 3535 3261 εἰ
3555 3225 3636 3271 τις
3661 3210 3761 3278 τὴν
3786 3209 4008 3279 μορφὴν

756 3313 943 3370 pareat
966 3312 1106 3351 unus
1130 3311 1256 3350 cum
1283 3308 1348 3349 eo
1371 3293 1616 3362 spiritus.
1654 3292 1785 3347 Sine
1815 3291 1898 3347 his
1924 3301 2103 3345 autem
2156 3306 2327 3346 unus-

751 3392 988 3461 quisque
1015 3390 1131 3457 ipse
1153 3401 1248 3457 per
1272 3400 1332 3441 se
1357 3394 1441 3440 est
1468 3384 1631 3438 homo
1658 3393 1834 3448 vetus,
1868 3382 1960 3451 qui
1986 3380 2096 3436 Deo
2124 3392 2208 3437 est
2238 3383 2325 3435 in-

751 3485 923 3545 vises,
945 3481 1038 3550 qui
1062 3492 1186 3534 cum
1209 3491 1277 3531 eo
1301 3473 1437 3530 nihil
1459 3472 1621 3527 habet
1639 3486 1949 3527 commune.
1980 3472 2039 3527 Si
2060 3488 2188 3542 ergo
2209 3488 2330 3529 cre-

751 3574 988 3628 dendum
1038 3579 1122 3626 est
1150 3570 1347 3623 animis
1380 3566 1624 3635 requiem
1664 3564 1958 3634 procedere
1985 3581 2054 3620 ex
2084 3566 2327 3621 oratione

752 3665 1095 3725 sacerdotum
1124 3671 1181 3717 et
1216 3660 1485 3714 oblatione
1510 3672 1792 3713 sacrorum
1827 3659 2113 3719 donorum,
2167 3669 2324 3715 antea

753 3755 1083 3812 credendum
1116 3763 1200 3807 est
1234 3754 1333 3805 hoc
1356 3762 1575 3817 quoque
1595 3762 1659 3801 c0
1693 3746 1855 3803 modo
1887 3747 2027 3811 ﬁeri,
2049 3764 2159 3818 quo
2214 3750 2333 3805 solo

756 3850 870 3902 tieri
898 3854 1074 3918 potest
1103 3852 1162 3899 ut
1186 3844 1351 3898 homo
1370 3843 1636 3909 quiescat.
1662 3838 1795 3905 Quis
1816 3839 2083 3894 sitautem
2109 3840 2327 3909 modus,

754 3944 958 3995 dictum
984 3950 1069 3993 est
1090 3978 1105 4003 ,
1135 3951 1202 3991 eo
1234 3934 1443 3991 scilicet
1474 3932 1617 4001 quod
1672 3931 1780 3986 Deo
1813 3939 1945 3985 sunt
1992 3934 2329 3988 reconciliati

754 4046 809 4087 ut
837 4047 944 4087 non
969 4038 1099 4086 sunt
1128 4028 1357 4083 inimici.
1409 4025 1521 4080 lloc
1553 4034 1732 4079 autem
1793 4026 2112 4093 quomodo?
2169 4026 2325 4094 Quod

756 4136 885 4180 sunt
907 4121 1324 4192 coutemperati,
1347 4130 1401 4175 et
1427 4134 1567 4173 unus
1613 4117 1742 4171 facti
1779 4128 1907 4173 sunt
1936 4119 2163 4187 spiritus
2198 4135 2321 4175 cum

753 4219 975 4282 diiecto,
1012 4217 1064 4268 in
1096 4228 1206 4284 quo
1238 4212 1357 4266 solo
1384 4212 1543 4266 Pater
1576 4208 1923 4278 complacuit.
1960 4210 2066 4265 Sed
2099 4212 2205 4266 hoc
2238 4222 2324 4267 est

755 4321 929 4361 sacrae
962 4318 1157 4361 mensa:
1182 4317 1338 4371 opus,
1387 4300 1528 4369 quod
1587 4313 1879 4354 commune
1914 4311 2197 4357 ostensum
2239 4310 2324 4357 est

761 4412 853 4451 uer
887 4412 950 4451 ea
976 4410 1098 4465 qua:
1133 4393 1279 4447 dicta
1308 4399 1433 4445 sunt
1470 4389 1608 4444 vivis
1627 4390 1882 4444 similiter
1912 4399 1966 4444 et
1995 4392 2249 4447 mortuis.

2428 3300 2646 3370 κομίζει
2676 3300 2769 3353 τοῦ
2807 3300 3167 3368 Μονογενοῦς,
3190 3299 3284 3353 καὶ
3309 3298 3368 3352 τὸ
3388 3301 3603 3352 ἐκείνου
3637 3301 3793 3368 φορεί
3818 3300 4002 3367 σῶμα,

2428 3392 2523 3444 καὶ
2545 3391 2603 3444 ἓν
2624 3390 2844 3462 πνεῦμα
2873 3392 2990 3461 μετ’
3008 3389 3177 3444 αὐτοῦ
3198 3390 3472 3458 φαίνεται.
3492 3390 3711 3443 Τούτων
3730 3390 3786 3443 δὲ
3808 3392 4006 3460 χωρὶς,

2429 3483 2660 3545 ῑκαστος
2709 3482 2871 3545 αὐτὸς
2896 3483 2981 3551 ἐφ’
3015 3482 3209 3536 ἑαυτοῦ
3264 3484 3294 3534 6
3335 3481 3622 3552 ἄνθρωπός
3670 3483 3816 3533 ἐστιν
3838 3483 3867 3532 6
3891 3498 4007 3533 πι-

2428 3571 2601 3635 λαιδς,
2626 3573 2654 3624 6
2682 3572 2761 3641 τῷ
2805 3572 2925 3641 Θεῷ
2959 3570 3371 3642 ἀπηχθημένος,
3405 3574 3432 3624 6
3463 3573 3601 3639 πρὸς
3646 3571 3809 3624 αὐτὸν
3849 3572 4009 3624 οὐδὲν

2432 3663 2609 3716 κοινὸν
2637 3666 2799 3733 ἔχων.
2823 3665 2885 3718 Ei
2918 3663 3097 3716 τοίνυν
3132 3663 3239 3734 χρὴ
3272 3662 3551 3715 πιστεύειν
3593 3661 3841 3729 γίνεεθαί
3880 3680 4013 3716 τινα

2434 3758 2553 3820 ταῖς
2597 3754 2797 3825 ψυχαῖς
2840 3756 3149 3809 ἀνάπαυσιν
3177 3757 3287 3811 ἀπὸ
3310 3757 3408 3827 τῆς
3436 3756 3603 3826 εὐχῆς
3638 3756 3748 3809 τῶν
3791 3756 4008 3827 ἱερέων,

2433 3848 2529 3899 καὶ
2555 3848 2655 3916 τῆς
2690 3849 3061 3917 προσαγωγῆς
3093 3849 3202 3900 τῶν
3250 3848 3412 3919 ἱερῶν
3440 3847 3652 3919 δώρων,
3686 3849 4013 3901 πιστευτέον

2428 3936 2538 4005 πρὸ
2564 3937 2777 4003 τούτου,
2807 3938 2901 3991 καὶ
2928 3939 3072 3992 κατά
3100 3938 3291 3993 τοῦτον
3322 3941 3456 3994 αὐτὸ
3479 3939 3727 4008 γίνεσθαι
3756 3941 3849 3994 τὸν
3870 3943 4009 4011 τρό-

2430 4045 2553 4093 πον,
2591 4028 2713 4081 καθ⁹
2740 4029 2799 4081 δν
2831 4030 2995 4100 μόνον
3030 4030 3318 4102 ἄνθρωπον
3350 4032 3728 4086 ἀναπαύεσθαι
3754 4034 4009 4089 δυνατόν.

2428 4119 2526 4182 Τίς
2549 4118 2606 4171 δὲ
2633 4122 2660 4172 ό
2697 4119 2898 4187 τρόπος
2926 4123 3165 4191 εἴρηται,
3193 4122 3255 4175 τὸ
3282 4122 3603 4194 διηλλάχθαι
3626 4123 3767 4195 Θεῷ,
3800 4126 3893 4177 καὶ
3928 4125 4010 4195 μὴ

2429 4210 2660 4280 ἐχθροὺς
2689 4206 2848 4265 εἶναι.
2878 4212 3049 4265 Τοῦτο
3073 4212 3131 4266 δὲ
3161 4213 3312 4279 πώς;
3339 4214 3413 4268 Τδ
3448 4216 3826 4286 ἀνακραθῆναι
3860 4216 4009 4285 Θεῷ,

2430 4302 2527 4356 καὶ
2555 4302 2614 4355 ἓν
2654 4302 2873 4373 πνεῦμα
2914 4304 3174 4372 γενέσθαι
3223 4306 3362 4374 μετά
3397 4306 3492 4360 τοῦ
3520 4308 3907 4377 ἠγαπημένου,
3948 4310 4012 4361 ἐν

2435 4388 2481 4461 ᾧ
2518 4393 2664 4463 μόνῳ
2715 4394 3021 4464 ηὐδόκησεν
3064 4398 3092 4449 6
3129 4396 3352 4467 Πατήρο
3379 4397 3515 4451 ἀλλά
3560 4398 3720 4451 τοῦτο
3765 4396 3868 4467 μὲν
3906 4400 4011 4467 τῆς

760 4493 909 4561 ἱερᾶς
994 4487 1274 4558 τραπέζης
1359 4485 1417 4537 τὸ
1490 4484 1672 4551 ἔργον,
1753 4483 1782 4535 ὃ
1825 4486 2006 4540 κοινὸν
2063 4486 2277 4559 ἐδείχθη
2341 4489 2429 4543 διά
2485 4488 2595 4543 τῶν
2659 4487 2984 4561 εἰρημένων,
3042 4492 3140 4545 xa‘t
3202 4490 3373 4556 ζῶσιν
3422 4495 3624 4562 ὁμοίως
3683 4498 3775 4549 καὶ
3814 4497 4013 4569 τεθνη-

758 4593 899 4643 κόσι.

1362 4693 1512 4748 CAP.
1548 4693 1705 4747 XLV.

764 4789 910 4855 Quod
948 4790 1011 4841 iis
1037 4789 1124 4857 qui
1168 4788 1490 4839 .lonniertmt
1548 4787 1827 4854 perfectior
1854 4789 1919 4841 sit
1950 4788 2320 4855 sanctiﬁcatio.

832 4966 998 5019 Nudae
1028 4972 1205 5017 autent
1277 4962 1603 5030 corporibus
1670 4962 1867 5016 animae
1922 4962 2047 5031 plus
2123 4959 2326 5013 habent

762 5055 1030 5110 commodi
1064 5054 1130 5107 ad
1186 5052 1696 5114 sanctiﬁcationem,
1751 5068 1917 5121 quant
1968 5067 2046 5106 ea:
2077 5066 2197 5120 quae
2246 5050 2325 5102 vi-

763 5162 887 5203 vun.
928 5147 977 5193 ἔτι
1009 5143 1345 5213 corporibus.
1378 5143 1685 5211 Purgantur
1715 5142 1860 5195 enim
1894 5150 1948 5194 et
1975 5149 2320 5210 peccatorum

766 5236 1140 5291 remissionem
1200 5233 1471 5301 accipiunt
1531 5248 1623 5300 per
1667 5232 1944 5285 orationes
2022 5230 2324 5285 sacerdotis

761 5344 815 5385 et
846 5342 1113 5383 annorum
1167 5325 1637 5387 intercessionem,
1688 5322 1823 5381 nihil
1870 5324 2088 5377 ominus
2156 5336 2322 5393 quam

761 5436 952 5476 eorum
987 5418 1079 5487 qui
1125 5417 1329 5473 vivunt.
1376 5414 1481 5468 Sed
1519 5430 1625 5468 non
1668 5424 1897 5483 peccant
1929 5412 2184 5483 amplius,
2223 5428 2325 5468 nec

762 5530 901 5567 nova
944 5508 1222 5564 veteribus
1279 5506 1509 5559 crimina
1564 5502 1853 5572 adjiciunt,
1909 5513 1967 5556 ut
2017 5503 2228 5557 faciunt
2266 5516 2326 5559 ut

727 5608 1053 5675 -plurtmum
1093 5598 1388 5654 viventium
1420 5597 1615 5651 animo:
1636 5638 1650 5661 ,
1684 5598 1777 5650 sed
1815 5596 2194 5649 tantummodo
2242 5597 2324 5650 vel

764 5695 899 5749 nulli
938 5702 1064 5747 sunt
1097 5689 1295 5744 rationi
1338 5687 1625 5741 reddenda:
1653 5688 1921 5749 obnoxim,
1980 5688 2061 5739 vel
2112 5702 2325 5757 semper

767 5786 955 5853 utique
1004 5782 1069 5835 de
1102 5778 1430 5833 criminibus
1482 5777 1821 5837 detrahunt;
1884 5788 1936 5829 et
1986 5778 2057 5828 ita
2100 5778 2164 5829 ad
2200 5776 2325 5830 Ser-

766 5872 969 5931 vat'iris
997 5870 1468 5941 participationem
1512 5869 1815 5936 promptius
1836 5879 1890 5921 et
1927 5865 2121 5922 melius
2150 5881 2208 5925 se
2232 5867 2325 5921 ha-

2348 4682 2400 4742 Ι)

2987 4700 3235 4755 ΚΕΦΑΛ.
3280 4702 3416 4759 ME'.

2428 4792 2558 4845 Ὀτι
2605 4792 2969 4858 τελειότερος
3013 4791 3621 4880 τοῖςικεκοιμημένοις
3648 4798 3682 4850 ό
3708 4798 4013 4869 ἁγιασμὸς

3089 4878 3335 4929 γίνεται.
3404 4928 3407 4933 ἢ

2504 4954 2729 5023 Ἔχουσι
2760 4953 2819 5005 δέ
2848 4970 2901 5005 τι
2948 4952 3109 5006 πλέον
3138 4954 3221 5016 είς
3254 4954 3532 5022 ἀγιασμδν
3560 4955 3668 5008 τῶν
3699 4958 3758 5011 ἐν
3788 4957 4010 5029 σώματι

2429 5045 2670 5113 ζώντων,
2694 5051 2750 5101 αἱ
2780 5051 2985 5118 γυμναὶ
3013 5052 3120 5103 τῶν
3147 5050 3420 5119 σωμάτων
3458 5050 3629 5120 ψυχαί
3650 5067 3666 5082 ·
3709 5052 3995 5123 καθαίρονσ

2427 5154 2518 5189 ται
2549 5139 2645 5207 μὲν
2676 5142 2805 5208 γὰρ,
2852 5142 2946 5192 καὶ
2971 5141 3081 5192 τῶν
3115 5139 3405 5209 ἁμαρτιῶν
3430 5143 3628 5209 ἄφεσιν
3662 5141 4009 5209 λαμϐάνουσι

2429 5229 2515 5281 διά
2555 5231 2665 5285 τῶν
2700 5232 2876 5301 εὐχῶν
2920 5232 3031 5284 τῶν
3063 5233 3277 5299 ἱερέων,
3308 5233 3401 5285 καὶ
3431 5234 3534 5303 τῆς
3580 5235 3865 5303 μεσιτείας
3896 5238 4011 5289 τῶν

2430 5321 2641 5391 δώρων,
2668 5322 2777 5376 τῶν
2805 5322 2885 5376 ἔτι
2904 5324 3124 5387 ζώντων
3150 5324 3303 5377 οὐδὲν
3322 5323 3565 5380 ἔλαττον.
3596 5324 4010 5395 ’Δμαρτάνουσι

2430 5411 2487 5465 δὲ
2517 5414 2691 5479 οὐδὲν,
2718 5415 2839 5467 οὐδὲ
2868 5415 3254 5486 προστιθέασιν
3284 5415 3608 5487 ἐγκλήματα
3634 5417 3728 5469 νέα
3762 5420 3875 5481 τοῖς
3905 5439 4010 5471 πα-

2432 5503 2627 5569 λαιοῖς,
2671 5504 2858 5573 ὥσπερ
2907 5506 2967 5556 τὸ
3014 5506 3267 5558 πλεῖστον
3304 5506 3417 5575 ἔχει
3453 5505 3560 5560 τῶν
3594 5505 3837 5572 ζώντων,
3867 5506 4009 5561 ἀλλά

2428 5597 2588 5665 μόνον
2628 5599 2659 5665 ἢ
2696 5597 2978 5656 παντελῶς
3013 5599 3264 5665 ἀφίενται
3299 5598 3483 5667 πάσης
3522 5597 3775 5666 εὐθύνης,
3806 5600 3841 5662 ἧ
3873 5600 4010 5666 γοῦν

2424 5685 2715 5757 ἀφαιροῦσι
2750 5686 2856 5737 τῶν
2882 5686 3245 5756 ἐγκλημάτων
3276 5689 3361 5740 ἀεί
3385 5704 3398 5719 ·
3432 5690 3525 5742 καὶ
3558 5688 3702 5742 οὕτω
3735 5690 3877 5759 πρὸς
3904 5691 4009 5761 τὴν

2430 5778 2718 5843 μετουσίαν
2753 5777 2846 5829 τοῦ
2878 5779 3130 5848 Σωτῆρος
3158 5781 3503 5850 ἑτοιμότερον
3531 5781 3717 5849 ἔχουσι
3745 5783 3842 5834 καὶ
3871 5780 4010 5835 κάλ-

2426 5869 2560 5933 λιον,
2594 5868 2654 5922 οὐ
2704 5869 2864 5937 μόνον
2914 5868 3025 5924 τῶν
3073 5870 3335 5924 πλειόνων
3372 5873 3425 5925 ἐν
3485 5870 3698 5939 σώματι
3752 5870 4007 5941 ζώντων,
