4272 6446
813 399 916 465 467

2035 410 2346 474 NICOLAI
2387 413 2781 478 CABASIUE

3941 425 4036 488 468

813 523 1039 585 oblatio,
1084 523 1252 591 prima
1285 525 1501 595 quidem
1531 528 1650 596 ejus
1682 533 1771 599 qui
1805 547 1865 586 ea
1911 533 2051 589 dona
2080 533 2260 594 de'ert
2305 542 2358 594 in
2395 541 2432 593 Α
2465 551 2498 587 α

2346 556 2358 590 ι
2395 541 2432 593 Α
2465 535 2710 604 ἀγωγῆς,
2779 536 2876 604 τῆς
2927 536 3026 605 μὲν
3061 537 3280 610 πρώτης
3333 539 3428 593 τοῦ
3458 541 3672 595 οἴκοθεν
3714 543 3851 596 αύτά
3889 547 4033 611 κομί-

813 629 1011 668 manus
1051 616 1393 670 sacerdotum
1417 661 1430 682 ,
1465 621 1702 674 secunda
1752 630 1932 678 autem
1955 665 1970 690 ,
2005 625 2258 684 Ecclesiae
2311 633 2379 686 ad

811 705 1021 772 llettm;
1052 709 1223 775 prima
1245 709 1464 778 quidem
1489 712 1715 776 oblatio.
1746 716 1964 783 quando
1992 727 2076 772 est
2103 721 2380 790 improbus

811 798 904 866 qui
946 797 1141 863 oll‘ert,
1187 811 1269 854 est
1301 803 1502 867 inanis,
1543 813 1595 856 et
1638 806 1774 859 nihil
1818 808 2032 862 confert
2087 811 2377 878 oll'erenti,

809 893 1064 957 quoniam
1103 894 1214 961 ipse
1243 902 1324 948 est
1355 897 1548 951 malus.
1581 899 1695 952 Non
1731 902 1874 954 enim
1904 918 1964 956 ea
1994 919 2116 973 qua!
2140 905 2379 962 oﬂ'erun-

809 995 915 1047 tur,
953 985 1064 1053 ipsa
1104 1002 1194 1053 per
1220 1003 1278 1041 se
1311 999 1436 1041 sunt
1476 991 1583 1044 Deo
1636 995 1968 1048 cvsecranda
1996 991 2195 1063 (om'nis
2233 999 2376 1052 enim

809 1075 921 1128 Deo
955 1088 1205 1131 creatura
1245 1080 1383 1133 bona
1415 1083 1546 1150 est).
1603 1082 1854 1139 Secunda
1891 1099 2072 1140 autem
2105 1103 2225 1156 qua:
2256 1088 2313 1142 ﬁt
2347 1105 2378 1143 a

807 1167 964 1221 bonis
993 1172 1145 1229 viris.
1184 1185 1234 1225 et
1264 1189 1357 1241 pro
1393 1173 1482 1228 Dei
1519 1177 1691 1242 gloria
1734 1188 1788 1230 et
1831 1189 2168 1246 sanctorum,
2205 1192 2257 1234 et
2291 1192 2373 1234 to-

806 1264 914 1314 tius
945 1265 1092 1318 orbis
1122 1267 1317 1329 salute,
1349 1279 1401 1320 et
1434 1271 1617 1332 omni,
1666 1279 1725 1325 ut
1778 1272 1944 1326 semel
1997 1273 2196 1338 dicam,
2228 1273 2373 1336 iusta

804 1358 1085 1423 petitione,
1122 1359 1257 1413 nihil
1289 1370 1437 1414 vetat
1473 1363 1768 1432 quominus
1816 1364 1887 1418 sit
1936 1377 2182 1434 accepta.
2217 1364 2373 1420 Nulla

803 1446 948 1497 enim
981 1447 1140 1500 donis
1173 1447 1480 1517 inquinatio
1513 1451 1674 1505 allata
1703 1463 1785 1507 est
1811 1469 1840 1507 a
1866 1456 2116 1510 manibus
2137 1454 2257 1524 ejus
2279 1454 2373 1524 qui

805 1539 871 1592 ab
910 1540 1066 1592 initio
1093 1541 1309 1608 obtulit,
1349 1545 1440 1598 sed
1476 1559 1610 1613 pura
1644 1547 1944 1609 manentia,
1976 1547 2138 1599 etiam
2175 1561 2204 1599 a
2246 1561 2375 1599 san-

801 1634 904 1684 clis
953 1632 1159 1699 oblata,
1209 1645 1262 1688 et
1318 1637 1759 1702 sanctiﬁcmtur,
1796 1648 1853 1691 et
1903 1638 2250 1692 sanetilleant
2276 1651 2374 1694 eos

800 1727 894 1792 qui
947 1729 1232 1780 accedunt.
1287 1727 1344 1782 In
1396 1729 1548 1782 nullo
1592 1731 1736 1783 enim
1789 1731 2021 1785 rationis
2064 1730 2371 1800 cxpertium

800 1817 1162 1870 animantium
1203 1819 1285 1872 Vel
1313 1820 1700 1885 animatorum,
1719 1829 1896 1889 potest
1922 1820 2161 1876 insidere
2190 1821 2371 1892 aliqua

800 1910 1005 1976 peccati
1044 1912 1282 1964 macula.
1311 1911 1604 1966 Peccatum
1628 1914 1773 1966 enim
1801 1920 1886 1967 est
1919 1913 2143 1968 morbus
2175 1914 2370 1967 volun-

801 2001 948 2065 tatis,
972 2011 1025 2055 et
1047 2005 1218 2057 solum
1251 2015 1335 2058 est
1360 2020 1550 2059 eorum
1581 2022 1699 2075 quae
1724 2019 1852 2063 sunt
1882 2010 2091 2063 ratione
2125 2008 2367 2079 pradita,

801 2104 1022 2158 peccato
1065 2095 1358 2163 inquinari.
1402 2096 1512 2149 Cur
1541 2113 1692 2164 ergo,
1727 2097 1774 2152 si
1822 2114 2040 2166 semper
2069 2114 2203 2169 pura
2233 2107 2362 2153 sunt

801 2188 940 2238 dona
971 2202 1091 2252 qua:
1121 2203 1150 2241 a
1185 2189 1343 2242 mulis
1375 2188 1701 2252 oll'eruntur,
1755 2204 1815 2243 ca
1859 2190 1942 2245 lex
1977 2191 2231 2245 Ecclesia:
2262 2206 2368 2246 non

801 2275 1071 2346 suscipit?
1123 2279 1194 2334 Ut
1235 2295 1329 2337 eos
1361 2281 1454 2351 qui
1510 2282 1764 2347 oii'eruut,
1815 2283 2127 2346 admoneat,
2175 2293 2234 2338 ut
2277 2299 2370 2336 eo-

801 2380 1071 2433 gnoscant
1113 2371 1414 2427 maximam
1458 2369 1552 2428 Dei
1587 2372 1720 2428 iram
1756 2387 1920 2444 quam
1967 2375 2080 2444 ipse
2107 2375 2366 2438 ostendit.

801 2463 895 2531 qui
928 2463 1099 2519 etiam
1135 2475 1419 2520 creaturas
1448 2479 1578 2520 suas
1617 2466 1814 2535 quibus
1863 2480 1968 2520 non
2011 2467 2171 2522 habet
2220 2471 2366 2534 quod

798 2555 1096 2626 quidquam
1130 2559 1378 2626 corporis
1415 2559 1661 2629 objiciat,
1695 2570 1918 2631 propter
1964 2563 2108 2632 ipsos
2151 2578 2369 2617 aversa-

800 2659 886 2702 tur
929 2663 983 2704 et
1020 2652 1181 2706 habet
1221 2653 1347 2705 odio
1381 2672 1393 2706 :
1429 2662 1482 2705 et
1534 2669 1657 2707 cum
1706 2656 1820 2707 haac
1867 2655 2108 2710 intellem
2127 2656 2260 2715 rint.
2295 2657 2361 2709 ti-

800 2754 1007 2804 meant,
1033 2753 1086 2796 et
1114 2745 1275 2798 vitam
1304 2745 1576 2810 corrigam
1598 2763 1611 2808 ;
1637 2746 1688 2808 in
1709 2763 1750 2798 .a
1781 2756 1962 2800 autem
1999 2749 2140 2801 dona
2166 2748 2369 2802 nullius

801 2835 918 2886 vitii
947 2835 1297 2888 condemnat.
1338 2835 1631 2901 Propterea
1668 2839 1802 2891 nihil
1854 2839 2108 2907 prohibet
2151 2841 2364 2905 quomi-

802 2944 906 2983 nus
937 2945 999 2983 ea
1046 2940 1155 2983 sint
1185 2939 1406 2998 accepta
1444 2941 1498 2984 et
1543 2931 1980 2995 sanetificentttr,
2012 2947 2136 2986 cum
2169 2947 2369 3007 secun-

799 3021 921 3072 dani
955 3020 1285 3075 oblationem
1318 3021 1519 3075 faciant
1551 3023 1676 3076 boni
1710 3024 1831 3077 viri.
1855 3023 1959 3079 Sed
1992 3025 2191 3080 dixerit
2219 3025 2370 3095 quis-

800 3112 944 3178 piam
979 3129 990 3163 :
1028 3113 1190 3180 Atqui
1248 3128 1355 3166 non
1399 3127 1592 3168 omnes
1642 3115 1734 3184 qui
1782 3115 2049 3180 oll’erunt,
2099 3126 2225 3172 sntit
2269 3117 2367 3171 viri

2484 625 2666 688 ζοντος
2695 628 2774 689 είς
2800 627 2900 690 τὰς
2946 628 3054 681 τῶν
3084 630 3273 701 ἱερέων
3316 633 3505 702 χεῖρας
3529 649 3542 664 ·
3577 634 3675 704 τῆς
3703 633 3760 687 δὲ
3791 635 4036 704 δευτέρας

2481 714 2582 784 τῆς
2626 716 2950 786 Ἐκκλησίας
2982 720 3117 791 πρὸς
3148 723 3238 776 τὺν
3267 723 3434 776 Θεόν·
3460 726 3493 792 ἡ
3517 726 3617 795 μὲν
3650 725 3844 797 πρώτη
3871 744 4036 795 προσ-

2481 809 2697 877 αγωγὴ,
2758 810 2885 862 ὅταν
2922 812 3156 884 πονηρὸς
3208 814 3238 866 ὁ
3288 816 3582 882 προσάγων
3617 812 3672 890 ᾖ,
3700 817 3922 886 ματαία,
3952 819 4039 871 καὶ

2480 899 2630 951 οὐδὲν
2660 900 2830 969 αὐτῆς
2859 901 3050 970 ὄφελος
3081 903 3159 973 τῷ
3193 907 3580 975 προσφέροντι,
3610 908 3697 960 διὰ
3724 909 3785 960 τὸ
3810 910 4038 978 πονηρδν

2481 989 2645 1043 αὐτὸν
2693 988 2833 1044 εἶναι
2859 1007 2872 1020 ⁸
2930 994 2992 1046 οὐ
3025 995 3134 1063 γὰρ
3165 996 3229 1067 δὴ
3280 999 3349 1050 τά
3384 1001 3777 1068 προσαγόμενα
3810 1001 3947 1052 αύτά
3975 1003 4039 1052 δι’

2481 1078 2648 1130 ἑαυτά
2682 1082 2829 1148 παρά
2859 1080 2934 1151 τῷ
2962 1081 3077 1152 Θεῷ
3113 1084 3378 1152 βδελυκτά
3424 1089 3527 1157 (ὅτι
3563 1090 3672 1141 πᾶν
3711 1090 3914 1157 κτίσμα
3947 1089 4036 1142 τοῦ

2479 1170 2614 1223 Θεοῦ
2648 1171 2856 1241 καλόν)·
2888 1175 2988 1244 τὴν
3025 1175 3081 1227 δὲ
3111 1176 3368 1248 δευτέραν
3396 1182 3548 1250 παρᾶ
3580 1183 3804 1250 ἀγαθῶν
3833 1182 4039 1252 ἀνδρῶν

2479 1263 2794 1333 γινομένην,
2828 1265 2924 1317 καὶ
2955 1266 3096 1338 ὑπὲρ
3135 1268 3236 1338 τῆς
3287 1270 3383 1323 τοῦ
3416 1271 3552 1324 Θεοῦ
3599 1273 3781 1343 δόξης,
3807 1275 3900 1326 καὶ
3933 1273 4040 1326 τῶν

2476 1354 2669 1421 ἁγίων,
2703 1355 2797 1408 καὶ
2823 1356 2921 1422 τῆς
2955 1359 3229 1429 σωτηρίας
3268 1361 3366 1430 τῆς
3396 1363 3787 1433 οίκουμινικῆς
3817 1365 3912 1416 καὶ
3939 1364 4039 1415 πά-

2479 1463 2577 1516 σης
2608 1445 2792 1509 ἁπλῶς
2816 1447 3030 1512 δικαίας
3059 1452 3349 1521 αἰτήσεως,
3379 1454 3533 1506 οὐδὲν
3549 1455 3752 1508 κωλύει
3797 1456 4034 1525 εὐπρόσ-

2475 1540 2663 1593 δεκτον
2697 1535 2884 1607 εἶναι.
2917 1542 2993 1596 Οὐ
3061 1543 3169 1614 γὰρ
3202 1544 3421 1614 ἑνετέθη
3467 1563 3552 1610 τις
3603 1547 3882 1616 μολυσμὸς
3931 1551 4038 1606 τοῖς

2474 1628 2667 1702 δώροις
2700 1631 2807 1685 ἀπὸ
2834 1632 2943 1686 τῶν
2979 1635 3179 1705 χειρῶν
3207 1634 3304 1688 τοῦ
3338 1637 3394 1702 te
3428 1637 3604 1707 ἀρχῆς
3653 1639 3791 1690 αὐτὰ
3836 1654 4040 1708 προσε-

2473 1723 2786 1792 νεγκόντος,
2810 1725 2945 1779 ἀλλὰ
2979 1726 3197 1796 καθαρὰ
3230 1728 3487 1796 μένοντα,
3509 1729 3605 1781 καὶ
3645 1729 3746 1782 ὑπ’)
3785 1729 4042 1798 καθαρῶν

2475 1817 2886 1886 ἀναφερόμενα,
2934 1818 3030 1870 καὶ
3077 1817 3418 1884 ἀγιάζονται,
3451 1820 3542 1872 καὶ
3574 1820 3864 1887 ἀγιάζουσι
3915 1822 4038 1882 τοὺς

2475 1910 2978 1979 προσερχομένους.
3023 1911 3112 1963 Ἐν
3140 1910 3318 1964 οὐδενὶ
3363 1913 3474 1980 γὰρ
3503 1911 3613 1965 τῶν
3638 1912 3848 1978 ἀλόγων
3874 1913 3906 1979 ἢ
3935 1913 4042 1964 τῶν

2471 2000 2699 2070 ἀψύχων
2730 2001 2978 2072 ῥυπαρία
3003 2020 3086 2064 τις
3127 2004 3226 2071 τῆς
3265 2001 3542 2074 ἁμαρτίας
3573 2005 3859 2073 ἐντεθῆναι
3884 2004 4042 2056 δύνα-

2470 2108 2562 2144 ται
2586 2107 2600 2122 ο
2630 2093 2711 2145 ὅτι
2758 2094 2792 2164 ἡ
2835 2093 3083 2163 ἁμαρτία
3116 2092 3492 2163 προαιρέσεώς
3523 2095 3640 2146 ἐστι
3671 2095 3906 2162 νόσημα,
3947 2095 4042 2146 καὶ

2473 2184 2651 2253 μόνων
2683 2183 2749 2238 ἀν
2795 2186 2881 2254 ετη
2924 2185 3034 2237 τῶν
3068 2185 3305 2250 λογικῶν
3356 2187 3415 2239 τὸ
3463 2187 3570 2240 ἀπὸ
3610 2185 3712 2255 τῆς
3757 2187 4037 2254 ἁμαρτίας

2474 2275 2823 2345 μολύνεσθαι.
2849 2278 2914 2331 Τί
2938 2277 3033 2332 οὖν
3059 2319 3074 2344 ,
3106 2280 3154 2332 εἰ
3185 2279 3273 2331 ἀεὶ
3298 2279 3517 2352 καθαρά
3539 2280 3604 2333 τά
3624 2280 3770 2349 δῶρα
3797 2281 3863 2331 τὰ
3892 2283 4040 2349 παρὰ

2467 2369 2578 2421 τῶν
2609 2371 2865 2439 πονηρῶν
2889 2371 3306 2440 προσαγόμενα,
3336 2375 3364 2425 ὀ
3387 2374 3552 2441 νόμος
3582 2373 3680 2442 τῆς
3711 2371 4039 2440 Ἐκκλησίας

2469 2462 2530 2514 οὔ
2575 2462 2982 2532 παραδέχεται;
3030 2465 3147 2517 Ἵνα
3195 2465 3320 2527 τοὺς
3368 2465 3748 2534 προσάγοντας
3783 2465 4042 2534 ὲντρέιινῃ,

2472 2553 2561 2607 ἵνα
2589 2555 2800 2622 μάθωσι
2835 2555 2932 2625 τῆς
2965 2556 3058 2608 τοῦ
3085 2555 3220 2608 Θεοῦ
3253 2555 3445 2626 ὀργῆς,
3479 2559 3545 2628 ἢν
3581 2557 3763 2620 αὐτοῖς
3787 2559 4042 2627 ἐμήνισε,

2468 2647 2570 2717 τὴν
2605 2646 2935 2717 ὑπερόολὴν,
2965 2648 3022 2709 ὃς
3053 2647 3148 2700 καὶ
3176 2648 3243 2700 τὰ
3274 2648 3438 2700 αὑτοῦ
3469 2649 3744 2717 κτίσματα
3777 2644 3854 2710 οἷς
3884 2649 4040 2700 οὐδὲν

2469 2737 2723 2804 ἐγκαλεῖν
2748 2737 2883 2805 ἔχει,
2919 2737 3359 2805 ἀποστρέφεται,
3396 2737 3491 2789 καὶ
3525 2739 3676 2806 μισεῖ
3701 2755 3711 2764 ·
3741 2738 3834 2790 καὶ
3861 2739 4037 2789 ταῦτα

2473 2829 2753 2896 μαθόντες,
2806 2816 3087 2898 φοϐηθῶσι
3139 2831 3231 2883 καὶ
3269 2829 3667 2899 διορθώσωνται
3721 2832 3813 2882 τὸν
3874 2831 3989 2898 βίον
4022 2844 4037 2858 ”

2470 2923 2652 2976 αὐτῶν
2675 2921 2732 2974 δὲ
2757 2922 2866 2974 τῶν
2888 2921 3076 2991 δώρων
3095 2922 3361 2991 οὐδεμίαν
3378 2921 3782 2990 καταγινώσκει
3811 2925 4034 2976 κακίαν.

2469 3019 2568 3072 Διά
2597 3017 2758 3070 τοῦτο
2809 3017 2965 3070 οὐδὲν
3011 3017 3212 3070 κωλύει
3242 3018 3407 3073 δεκτά
3440 3018 3685 3086 γίνεσθαι
3735 3018 3908 3074 ταῦτα
3943 3021 4042 3071 καὶ

2470 3109 2791 3178 ἀγιάζεσθαι
2826 3109 2926 3178 τὴν
2962 3109 3225 3178 δευτέραν
3277 3112 3647 3180 προσαγωγὴν
3692 3111 4041 3178 ποιουμένων

800 3203 944 3261 boni,
989 3202 1083 3258 sed
1131 3203 1379 3257 nonnulli
1427 3204 1591 3259 etiam
1639 3206 1890 3260 laborant
1941 3217 2189 3262 extremo
2247 3209 2362 3263 vitii
2393 3205 2487 3275 δέ

2352 3209 2362 3262 i
2393 3215 2437 3275 (ζ
2468 3201 2676 3270 ἀνδρῶν
2699 3200 2940 3267 ἀγαθῶν.
2985 3200 3122 3255 Ἀλλ’
3150 3202 3296 3254 εἶ’-τοι
3317 3219 3399 3264 τις
3429 3202 3515 3269 ἂν,
3541 3203 3653 3255 Καὶ
3681 3202 3790 3272 μὴν
3811 3204 3875 3256 ού
3906 3204 4039 3255 πάν-

799 3296 992 3350 morbo
1023 3313 1036 3348 :
1073 3297 1214 3349 unde
1245 3295 1310 3349 atl
1344 3296 1590 3351 eamdem
1623 3296 2021 3352 dubitationem
2063 3310 2248 3354 nostra
2279 3315 2366 3351 re.

799 3385 878 3439 dit
909 3387 1106 3440 oratio.
1152 3387 1384 3452 Quando
1424 3386 1568 3440 enim
1622 3395 1884 3456 utrosque
1931 3390 2211 3443 oblatores
2262 3387 2372 3445 Deo

798 3497 920 3534 esse
963 3481 1171 3535 invisos
1212 3481 1496 3550 contigerit
1532 3481 1822 3550 (contingit
1861 3482 2056 3548 enim),
2095 3484 2369 3536 undenam

799 3574 960 3626 donis
989 3573 1213 3629 accedet
1244 3583 1298 3626 ut
1331 3572 1439 3626 Deo
1469 3581 1618 3641 grata
1655 3574 1766 3628 sint
1797 3583 1849 3628 et
1876 3583 2132 3643 accepta,
2161 3584 2212 3629 et
2246 3591 2363 3628 san-

799 3676 883 3719 cta
911 3675 964 3718 et
1003 3663 1432 3720 sanctificanlia?
1473 3665 1792 3734 Nusquam;
1839 3665 1930 3720 sed
1974 3676 2104 3721 tunc
2150 3666 2368 3735 quidem

801 3773 926 3810 vere
970 3765 1189 3826 accepta
1237 3773 1341 3811 non
1395 3767 1544 3811 sunt.
1591 3755 1735 3811 Sunt
1787 3767 1970 3812 autem
2023 3759 2227 3818 dubia.
2302 3775 2368 3814 eo

799 3850 945 3918 quod
988 3852 1055 3904 de
1102 3850 1350 3904 moribus
1395 3865 1582 3904 eorum
1636 3851 1728 3920 qui
1777 3850 2012 3906 oﬂ’erunt
2055 3862 2109 3906 et
2162 3853 2373 3907 sacrili-

799 3953 948 4004 eant,
991 3942 1293 3996 dubitatur.
1335 3959 1352 3993 ι
1391 3941 1563 3998 Nemo
1591 3941 1769 4006 cnim,
1803 3943 1999 4013 inquit,
2027 3954 2180 3998 certo
2223 3946 2372 3998 novit

801 4047 923 4101 qua!
967 4039 1092 4086 sunt
1142 4031 1403 4095 hominis,
1434 4031 1537 4086 nisi
1568 4031 1795 4100 spiritus
1822 4033 1914 4102 qui
1947 4041 2028 4087 est
2059 4034 2115 4086 in
2157 4033 2309 4101 ipso;
2346 4051 2364 4085 ι

803 4133 860 4176 et
907 4124 978 4176 ita
1027 4121 1197 4176 ntulta
1239 4131 1322 4177 est
1358 4121 1503 4178 circa
1547 4136 1765 4176 sacrum
1813 4122 2131 4191 mysterium
2179 4123 2370 4174 intide-

803 4213 928 4268 litas
967 4222 1018 4268 ct
1067 4213 1359 4278 dubitatio,
1399 4212 1673 4268 certitudo
1711 4222 1893 4268 autem
1956 4229 2261 4283 nusquam,
2317 4224 2370 4269 ct

804 4313 1124 4359 sanctorum
1155 4303 1501 4373 participatio
1525 4303 1660 4358 nihil
1700 4305 1944 4375 proderit
1978 4303 2244 4362 ﬁdelibus.
2277 4307 2367 4374 qui

804 4397 922 4451 sine
966 4397 1071 4450 [ide
1113 4396 1458 4464 participant.
1502 4398 1627 4449 llatc
1671 4395 1870 4449 dixerit
1914 4405 1968 4449 et
2016 4396 2366 4461 dubitaverit,

804 4488 850 4541 si
894 4487 1019 4556 quis
1064 4498 1214 4555 putat
1264 4487 1438 4553 ipsum
1500 4487 1843 4540 sacerdotem
1911 4501 2032 4542 esse
2081 4488 2363 4540 dominum

806 4581 998 4633 horum
1046 4580 1313 4632 donorum
1378 4579 1712 4641 oblationis,
1766 4580 1860 4634 sed
1924 4595 2030 4634 non
2095 4589 2198 4634 est.
2261 4580 2444 4674 Sed”

803 4672 949 4739 quod
995 4687 1182 4724 eorum
1235 4669 1454 4738 quidem
1511 4671 1842 4724 oblationem
1900 4671 2117 4740 proprie
2164 4670 2366 4736 allicit,

803 4773 887 4816 est
935 4763 1108 4830 gratia
1151 4761 1523 4815 sam-titieans.
1601 4762 1714 4814 lloc
1777 4761 1925 4815 enim
1985 4771 2067 4816 est
2124 4763 2366 4816 oblatum

802 4866 947 4918 esse,
990 4869 1113 4908 esse
1157 4854 1577 4909 sanctiﬁcatum.
1624 4853 1726 4918 Qui
1772 4863 1952 4906 autem
1987 4855 2233 4923 quotidie
2278 4871 2363 4908 sa-

802 4945 1034 5009 crificat,
1080 4951 1169 5004 est
1215 4942 1368 5001 illius
1410 4945 1684 5002 minister.
1723 4945 1868 5001 Nihil
1908 4947 2048 5001 enim
2092 4947 2254 5000 domo
2289 4947 2370 5001 af-

803 5032 932 5096 fert.
981 5046 1158 5106 neque
1185 5033 1392 5103 aliquid
1419 5031 1584 5091 audet
1623 5033 1808 5092 facere
1849 5035 1934 5093 vel
1959 5035 2147 5094 dicere
2177 5051 2246 5093 ex
2270 5055 2368 5094 suo

801 5122 1010 5192 judicio
1050 5122 1137 5181 vel
1178 5121 1414 5190 ratione,
1455 5125 1552 5181 sed
1580 5123 1670 5180 illa
1709 5127 1888 5183 solum
1929 5140 2054 5198 que
2091 5127 2244 5185 illinc
2269 5141 2368 5186 aco

804 5214 972 5290 οθιιίι.
1011 5215 1130 5273 sive
1179 5231 1268 5276 res
1309 5225 1414 5281 est.
1463 5219 1577 5275 sive
1620 5231 1826 5284 sermo,
1871 5217 1991 5277 sive
2022 5217 2250 5289 factum,
2301 5235 2368 5278 eo

803 5321 915 5379 quo
940 5306 1130 5376 jussus
1160 5318 1244 5365 est
1275 5308 1436 5367 modo
1463 5308 1717 5373 oﬂerens,
1766 5307 1874 5366 Deo
1920 5309 2096 5366 reddit
2135 5327 2152 5376 ;
2193 5327 2245 5366 ct
2293 5312 2365 5367 ita

805 5402 971 5464 dena,
1018 5415 1139 5471 quae
1171 5414 1332 5472 prout
1363 5404 1411 5456 ei
1445 5403 1642 5472 placet,
1695 5401 1803 5457 Deo
1847 5419 2061 5473 semper
2091 5406 2327 5459 ollerunt
2349 5446 2363 5469 ,

809 5509 1029 5548 necesse
1073 5506 1155 5548 est
1211 5510 1428 5563 semper
1471 5495 1522 5548 ei
1580 5510 1702 5549 esse
1757 5506 1996 5564 accepta.
2062 5495 2200 5561 Quid
2251 5509 2363 5551 tum

807 5583 977 5646 enim,
1025 5586 1070 5640 si
1117 5587 1162 5639 is
1205 5587 1299 5654 qui
1341 5585 1518 5648 offert,
1555 5587 1605 5638 iu
1639 5585 1707 5639 iis
1741 5602 1861 5654 quae
1895 5587 1959 5639 ad
1998 5603 2056 5640 se
2099 5590 2369 5655 pertinent

808 5676 985 5729 malus
1021 5680 1136 5730 cst'!
1169 5678 1321 5732 lllius
1350 5678 1495 5732 enim
1544 5678 1862 5744 improbitas
1891 5677 2053 5732 donis
2103 5681 2238 5734 nihil
2268 5683 2364 5734 ad-

806 5765 943 5831 jicit,
995 5783 1172 5838 neque
1222 5771 1397 5824 reddit
1441 5772 1770 5825 oblationem
1827 5773 2170 5838 deteriorem,
2227 5775 2368 5828 sicut

812 5870 911 5911 nec
944 5860 1393 5918 medicamentum
1436 5865 1672 5924 salutare
1712 5880 1829 5922 esse
1859 5861 2192 5931 prohibetur.
2222 5870 2365 5932 quod

2473 3310 2564 3357 τες
2585 3295 2635 3346 οἱ
2662 3293 3027 3364 προσάγοντες
3067 3293 3232 3363 ίερείς
3265 3295 3485 3362 ἀγαθοὶ,
3509 3295 3623 3347 ἀλλ’
3650 3297 3786 3349 ἔνιοι
3819 3314 3914 3348 και
3938 3313 4043 3350 που

2473 3387 2665 3456 νηρίαν
2699 3385 2914 3439 νοσοῦςι
2949 3387 3047 3451 τὴν
3097 3388 3333 3456 ἐσχ.ἶῖτην
3359 3407 3372 3420 ο
3421 3390 3546 3442 ὅθεν
3585 3391 3666 3452 είς
3717 3389 3819 3457 τὴν
3865 3389 4042 3446 αὐτὴν

2472 3478 2705 3549 ἀπορίαν
2740 3478 3086 3549 περὲτσταται
3117 3480 3146 3531 δ
3174 3478 3330 3546 λόγος
3361 3480 3514 3546 ἡμῖν.
3549 3479 3715 3533 Ὅταν
3757 3482 3867 3549 γὰρ
3902 3480 4044 3548 τύχη

2473 3571 2564 3623 καὶ
2599 3571 2944 3638 ἀμφοτέρους
2969 3571 3098 3632 τοὺς
3132 3569 3526 3638 προσαγωγέας
3552 3567 3692 3623 εἶναι
3717 3570 4042 3633 θεοστυγεῖς

2473 3661 2770 3732 (ἐνδέχεται
2796 3663 2923 3732 γὰρ)
2962 3661 3126 3714 πόθεν
3153 3661 3387 3730 ὑπάρξει
3414 3662 3524 3722 τοῖς
3557 3660 3753 3730 δώροις
3782 3660 3862 3730 τῷ
3895 3656 4044 3713 εἷναι

2470 3755 2592 3825 Θεῴ
2631 3755 3025 3824 κεχαρισμένα,
3065 3755 3159 3807 καὶ
3207 3754 3391 3819 ἰατὰ,
3419 3755 3514 3808 καὶ
3542 3752 3695 3821 ἅγια.
3735 3754 3833 3806 καὶ
3872 3753 4041 3819 ἀγιαο

2471 3845 2660 3907 στιχὰς
2691 3843 3036 3913 Οὖδαμὸθεν·
3067 3843 3203 3897 ἀλλά
3247 3843 3366 3896 τότε
3403 3843 3504 3913 μὲν
3552 3841 3771 3907 ἀληθῶς
3811 3841 4040 3896 ἀδεκτα.

2484 3938 2595 3993 Ἀεὶ
2624 3938 2682 3992 δὲ
2710 3937 3011 4007 ἀμφίϐολα,
3037 3935 3124 3989 διὰ
3170 3937 3228 3990 τὸ
3277 3933 3719 4005 ἀμφιδάλλεσθαι
3751 3934 3882 3998 τοὺς
3913 3933 4046 4005 τρό-

2472 4048 2604 4093 πνιυς
2633 4029 2743 4083 τῶν
2796 4029 3254 4099 δωροφοροῦντων
3281 4027 3423 4083 αὑτά
3450 4029 3543 4080 καὶ
3575 4025 4041 4095 ἱερουργούντων.

2475 4141 2496 4176 ι
2543 4123 2726 4186 Οὐδεὶς
2759 4125 2867 4191 γὰρ
2899 4121 3130 4190 βεϐαίως
3160 4115 3289 4185 οἶδε,
3320 4120 3476 4191 φησὶ,
3497 4119 3567 4174 τὰ
3599 4118 3695 4173 τοῦ
3722 4117 4044 4189 ἀνθρώπου,

2470 4214 2624 4281 εἰμὴ
2656 4213 2716 4266 τδ
2743 4214 2801 4266 ὲν
2845 4211 2996 4282 αύτῷ
3029 4208 3245 4280 πνεῦμα
3268 4226 3282 4242 ’
3331 4228 3350 4262 ι
3392 4210 3487 4263 καὶ
3534 4208 3679 4262 οὕτω
3724 4208 3900 4277 πολλὴ
3938 4208 4046 4278 μιν

2471 4305 2598 4374 περὶ
2621 4305 2718 4374 τὴν
2767 4305 2993 4371 τελετὴν
3050 4303 3295 4368 ἀπιστία,
3353 4303 3450 4355 καὶ
3488 4300 3829 4372 ἀμφιϐολίαο
3868 4299 3930 4354 τὸ
3986 4300 4046 4353 δὲ

2472 4397 2683 4466 βέϐαιον
2712 4396 2955 4465 οὐδαμοῦ
2978 4411 2993 4427 ⁸
3020 4396 3113 4448 καὶ
3145 4397 3177 4464 ἡ
3209 4394 3514 4463 μετάληψις
3548 4395 3659 4447 τῶν
3687 4394 3862 4460 ἁγίων
3885 4394 4046 4446 οὐδὲν

2471 4489 2666 4555 δςελος
2714 4488 2852 4540 οἴσει
2886 4490 3000 4551 τοῖς
3048 4489 3259 4548 πιστοῖς
3315 4486 3810 4556 μεταλαμϐάνουσι
3865 4487 4048 4554 χωρὶς

2471 4584 2729 4644 πίστεως.
2779 4581 2966 4633 Ταῦτα
3021 4581 3168 4632 dum.
3209 4579 3302 4631 καί
3346 4580 3652 4648 ἀπορήσειν
3706 4576 3911 4642 ἀν,εἶη
3959 4595 4048 4640 τις

2471 4674 2643 4726 οἴεται
2703 4673 2794 4725 τὸν
2853 4671 3004 4741 ἱερέα
3053 4671 3216 4723 αὐτὸν
3269 4665 3412 4723 εἶναι
3446 4669 3540 4721 τὸν
3579 4669 3769 4736 κύριον
3793 4669 3895 4730 τῆς
3933 4669 4052 4727 τῶν

2471 4766 2662 4835 δώρων
2692 4764 2900 4818 τούτων
2940 4762 3345 4834 προσαγωγῆς’
3381 4767 3482 4814 οὐκ
3521 4761 3638 4814 ἐστι
3683 4762 3782 4820 δὲ·
3808 4763 3949 4821 ἀλλὰ
3987 4769 4054 4819 τὸ

2475 4857 2574 4926 μὲν
2600 4857 2698 4926 τὴν
2725 4855 3094 4926 προσαγωγὴν
3140 4853 3321 4907 αὐτῶν
3349 4852 3556 4923 κυρίως
3583 4854 3980 4929 ἔργαζόμενον,
4015 4862 4050 4930 η

2473 4953 2629 5017 χάρις
2655 4950 2804 5001 ἐστὶν
2851 4950 2884 5016 ἠ
2929 4946 3251 5014 ἀγιάζουσα.
3286 4945 3460 5002 Τοῦτο
3488 4952 3596 5021 γάρ
3627 4955 3743 5003 ἐστι
3773 4969 4050 5019 προσενε-

2470 5041 2667 5110 χθῆναι
2695 5039 2856 5103 αὐτὰ,
2877 5038 2940 5090 τὸ
2979 5039 3312 5110 ἀγιασθῆναι
3340 5058 3353 5070 ·
3386 5044 3414 5094 ὁ
3442 5040 3486 5092 δ’
3526 5041 3786 5093 ἑκάστοτε
3828 5044 4052 5114 ἱερουρ-

2469 5130 2609 5204 γῶν.
2657 5131 2937 5203 ὑπηρέτης
2975 5132 3121 5185 ἐστὶν
3161 5134 3396 5202 ἐκείνης.
3452 5133 3707 5202 Εἰσφέρει
3748 5135 3856 5200 γὰρ
3889 5135 4054 5187 οὐδὲν

2472 5221 2705 5289 οἴκοθεν,
2738 5221 2916 5278 aitait:
2953 5225 3127 5294 τολμᾷ
3160 5229 3333 5276 ποιεῖν
3362 5226 3394 5294 ἦ
3443 5224 3623 5291 λέγειν
3653 5223 3762 5275 ἀπὸ
3793 5224 3890 5292 τῆς
3915 5226 4052 5278 ἐαυ-

2471 5317 2566 5371 τοῦ
2599 5319 2860 5388 κρίσεως,
2889 5319 2982 5370 καὶ
3006 5318 3118 5369 τῶν
3148 5317 3426 5384 λογισμῶν
3450 5331 3464 5345 °
3489 5316 3605 5368 ἀλλ’
3642 5317 3829 5368 εκεῖνα
3878 5318 4051 5383 μόνον

2471 5409 2506 5462 ἃ
2539 5407 2850 5477 παρέλαϐεν
2878 5407 3108 5471 ἐκεῖθεν,
3136 5408 3244 5458 εἴτε
3270 5406 3502 5476 πρᾶγμά
3528 5410 3694 5471 ἐστιν,
3725 5409 3835 5458 είῖε
3858 5406 4046 5473 λόγος,

2473 5499 2581 5551 εἴτε
2614 5499 2793 5569 ἔργον,
2826 5499 2966 5550 κιτά
2994 5499 3085 5550 τὸν
3113 5499 3333 5568 τρόπον,
3361 5499 3421 5549 ὃν
3450 5496 3772 5566 ἐκελεύσθη,
3802 5498 4049 5562 κομίσας

2473 5593 2767 5646 ἀποδίδωσι
2800 5591 2877 5660 τῷ
2905 5591 3023 5660 Θεῷ
3051 5606 3066 5621 ο
3101 5593 3192 5642 καὶ
3220 5589 3362 5642 οὕτω
3383 5589 3452 5642 τὰ
3485 5589 3633 5659 δῶρα
3658 5590 3798 5642 κατὰ
3823 5590 3883 5641 τὸ
3907 5591 4047 5658 ἀρέ-

2476 5703 2606 5737 σκον
2651 5685 2728 5753 τῷ
2773 5683 2930 5755 Θεῷο
2963 5686 3050 5738 ἀεὶ
3097 5678 3536 5753 πρνισςερόμενα,
3571 5681 3785 5750 ἀνάγκη
3829 5684 4049 5751 ἀρεστὰ

2475 5775 2626 5845 αὑτῷ
2655 5777 2747 5829 καὶ
2777 5776 2865 5828 ἀεὶ
2896 5776 3062 5828 δεκτά
3088 5774 3251 5828 εἶναι.
3279 5775 3341 5825 Τί
3373 5775 3479 5845 γὰρ
3515 5777 3563 5826 εἰ
3586 5775 3655 5828 τά
3687 5774 3811 5826 καθ’
3843 5775 4051 5826 ἑαυτὸν

2477 5869 2682 5937 φαῦλός
2713 5870 2859 5922 ἐστιν
2888 5871 2912 5921 ὁ
2944 5869 3219 5935 aconiton;
3249 5871 3324 5922 οὐ
3355 5869 3462 5934 γάρ
3495 5867 3852 5935 προστίθησιν
3886 5867 4050 5921 οὐδὲν
