4272 6446
237 406 352 472 469

1446 429 1840 495 [[ΤΗΒΕΙᾹΞ
1882 437 2326 501 EXPOSITIO.

3389 447 3496 512 470

236 534 270 600 ἠ
309 534 586 605 φαυλότης
627 537 846 593 ἐκείνου
899 545 1014 608 τοῖς
1056 545 1274 616 δώροις,
1314 549 1434 603 οὐδὲ
1470 553 1640 621 χείρω
1679 558 1823 608 ποιεῖ
1849 576 1891 631 Α

1806 558 1891 631 EA
1925 559 2154 628 simplex
2209 569 2263 615 et
2313 560 2502 625 idiota,
2537 568 2588 614 et
2633 563 2727 632 qui
2773 574 2945 617 artem
2982 565 3118 618 nihil
3167 566 3346 631 callet,
3392 566 3493 621 hoc

232 627 340 696 τὴν
383 635 789 704 προσαγωγήν·
836 636 1027 708 ὥσπερ
1066 641 1186 692 οὐδὲ
1239 645 1482 713 εατρικὸν
1522 648 1815 714 φάρμακον

231 721 516 776 κωλύεται
547 721 688 779 εἶναι
731 727 994 794 ὑγιεινὸν,
1025 732 1108 785 ὅτι
1144 735 1358 804 ἰδιώτης
1391 737 1697 804 ἄνθρωπος,
1726 743 1817 794 καὶ

231 811 338 878 τῆς
374 814 570 882 τέχνης
595 817 750 870 οὐδὲν
785 821 990 875 ἐπαΐων
1038 825 1168 877 αὐτὸ
1223 826 1541 894 συνέθηκεν,
1574 830 1621 880 εἰ
1656 831 1817 896 μόνον

235 906 429 968 ἰατροῦ
472 909 834 973 κελεύσαντος
889 915 983 965 καὶ
1037 918 1134 983 τὴν
1190 921 1541 986 κατασκευὴν
1595 919 1815 972 ἃπασαν

227 998 488 1060 ἐκδόντος
523 1001 672 1070 αὑτῴ
706 1004 991 1071 συνέθηκε.
1021 1009 1233 1060 Γένοιτο
1265 1010 1374 1079 γὰρ
1410 1011 1494 1074 ἂν,
1523 1011 1583 1062 οὐ
1608 1011 1695 1063 διὰ
1719 1011 1815 1080 τὴν

225 1086 510 1154 ὰμὰοειαν
545 1092 639 1142 τοῦ
674 1093 1125 1165 ὑπηρετήσαντος
1157 1102 1409 1167 μάταιον,
1440 1102 1575 1154 ἀλλὰ
1608 1101 1693 1154 διὰ
1717 1103 1814 1172 τὴν

225 1178 436 1245 τέχνην
487 1179 579 1231 τοῦ
616 1181 984 1249 ἐκδεδωκότος
1037 1192 1326 1260 σωτήριον.
1382 1193 1516 1244 ’Λπδ
1563 1195 1659 1261 μὲν
1706 1195 1812 1260 γὰρ

226 1267 327 1317 τοῦ
374 1270 650 1338 ὑπηρέτου
685 1275 1223 1350 ἀνεπιστημοσύνης,
1258 1284 1411 1337 οὐδὲν
1444 1283 1638 1336 ἐλαὸεν
1661 1301 1672 1314 ·
1705 1285 1814 1337 ἀπὸ

223 1358 284 1408 δὲ
313 1363 412 1427 τῆς
449 1362 541 1413 τοῦ
579 1367 766 1434 ἰατροῦ
807 1369 1003 1438 τέχνης
1057 1374 1238 1426 πᾶσαν
1270 1375 1488 1440 ἐδέξατο
1518 1377 1612 1446 τὴν
1648 1393 1814 1429 κατα-

226 1455 462 1518 σκευήν.
501 1454 658 1509 Οὕτω
718 1459 996 1514 κάνταῦθα
1027 1464 1084 1515 τὸ
1114 1467 1222 1517 πᾶν
1251 1467 1284 1534 ὴ
1306 1468 1464 1536 χάρις
1494 1469 1808 1536 ἐργάζεται.

237 1544 299 1596 '0
341 1545 400 1596 δὲ
439 1547 618 1616 ἱερεὺς
672 1552 952 1622 ὑπηρέτης
1008 1559 1122 1609 ἐστι
1175 1558 1353 1626 μόνον,
1379 1559 1485 1612 οὐδ’
1530 1561 1694 1623 αὐτὸς
1752 1559 1811 1612 τὸ

225 1637 531 1704 ὑπηρετεῖν
583 1642 800 1694 οἴκοθεν
849 1644 1010 1714 ἔχων.
1042 1649 1151 1700 Καὶ
1197 1651 1354 1702 τοῦτο
1386 1651 1494 1720 γὰρ
1530 1654 1682 1718 παρὰ
1713 1651 1810 1720 τῆς

222 1726 456 1794 χάριτος
483 1729 652 1798 αὐτῷ.
691 1732 862 1786 Τοῦτο
896 1737 1002 1804 γάρ
1024 1737 1227 1810 ἐστινὴ
1262 1742 1554 1812 ἱερωσὺνη,
1582 1743 1810 1810 δύναμις

219 1817 544 1890 ὑπηρετική
601 1841 683 1885 τις
728 1824 837 1879 τῶν
882 1827 1066 1898 ἱερῶν.
1133 1832 1276 1885 Ἀλλ’
1319 1835 1401 1886 ὅτι
1443 1834 1542 1905 μὲν
1602 1834 1810 1896 πάντας

1921 655 2242 719 composuit,
2280 653 2324 708 si
2362 654 2524 707 modo
2576 655 2798 722 juhente
2841 655 3053 710 medico
3094 665 3149 709 et
3193 671 3312 710 eam
3345 671 3494 711 com-

1921 743 2247 811 positionem
2293 747 2544 799 tradcnte
2577 746 2626 800 id
2661 748 2988 815 composuit.
3013 746 3359 802 Fueritenim
3386 763 3491 802 non

1919 843 2138 900 propter
2185 834 2302 903 ejus
2339 836 2428 903 qui
2476 837 2712 889 inseruit
2758 837 3087 904 imperitiam
3132 853 3350 901 vanum,
3399 839 3490 891 sed

1919 931 2133 990 propter
2179 932 2348 975 artem
2414 926 2532 993 ejus
2605 928 2694 995 qui
2745 927 2965 980 tradidit
3010 929 3262 982 salutare.
3306 931 3342 981 A
3395 929 3496 980 mi-

1918 1014 2074 1065 nistri
2121 1015 2264 1067 enim
2312 1015 2522 1068 Ittscitia
2576 1019 2707 1070 nihil
2756 1018 2986 1087 accepit,
3031 1021 3096 1072 ab
3145 1031 3260 1074 arte
3307 1031 3488 1074 autem

1924 1107 2118 1159 medici
2162 1123 2381 1160 omnem
2436 1112 2676 1176 suscepit
2727 1112 3201 1178 compositionem.
3273 1110 3346 1164 Ita
3405 1115 3492 1166 hic

1915 1198 2074 1249 etiam
2123 1202 2294 1266 gratia
2340 1200 2717 1253 universorum
2765 1202 2950 1255 ellieit.
2990 1203 3259 1256 Sacerdos
3309 1218 3487 1256 autem

1914 1288 2089 1341 solum
2124 1299 2208 1342 est
2235 1293 2504 1353 minister,
2540 1309 2639 1346 nec
2670 1294 2842 1358 ipsum
2873 1296 3090 1363 quidem
3128 1295 3488 1348 ministerium

1913 1377 2075 1432 domo
2122 1379 2393 1449 prolatum
2437 1384 2665 1437 habens.
2713 1381 2845 1436 Nam
2898 1387 2951 1438 id
2999 1385 3166 1439 etiam
3229 1386 3390 1439 habet
3461 1402 3490 1438 ιι

1913 1467 2108 1534 gratia.
2151 1467 2262 1522 lloc
2300 1480 2383 1524 est
2429 1474 2574 1526 enim
2637 1475 3025 1538 sacerdotium,
3063 1485 3304 1545 potestas
3345 1489 3479 1543 (μιτ-

1912 1557 2034 1611 datn
2073 1560 2430 1615 ministratrix
2466 1579 2767 1618 sacrorum.
2799 1565 2906 1618 Sed
2953 1567 3099 1634 quod
3146 1568 3327 1622 lidelcs
3370 1567 3490 1634 qui-

1913 1649 2034 1703 dem
2069 1652 2414 1707 sanctilieant
2461 1657 2643 1709 omnia
2697 1657 2837 1709 dona
2888 1669 2943 1711 et
2988 1672 3218 1724 scmper,
3264 1669 3321 1711 ut
3369 1673 3490 1726 qua:

1913 1739 2023 1795 Deo
2059 1760 2270 1814 semper
2321 1756 2544 1816 accepta
2593 1747 2723 1810 sint,
2757 1749 2962 1803 clarum
3009 1761 3094 1805 est
3145 1765 3210 1803 ex
3261 1750 3327 1802 iis
3369 1765 3488 1817 qua:

1913 1831 2054 1887 dicta
2101 1847 2252 1892 sunt.

219 1915 358 1977 τοὺς
390 1919 619 1983 πιστοὺς
655 1921 872 1990 ἁγιάζει
901 1926 1071 1979 ταῦτα
1123 1930 1191 1984 τὰ
1233 1930 1405 2001 δῶρα,
1439 1933 1532 1986 καὶ
1572 1933 1828 1996 πάντοτε,
1855 1928 2087 1986 πάντοτε
2114 1933 2438 1993 ὖνταζῑεκτὰ
2468 1938 2546 2007 τῷ
2576 1937 2716 2007 Θεῷ,
2741 1939 2900 2008 δῆλον
2923 1940 3028 1992 ἀπὸ
3093 1940 3199 1994 τῶν
3259 1940 3483 2010 εἰρημέ-

218 2026 358 2064 νων.

806 2116 1056 2171 ΚΕΦΔΛ.
1100 2121 1231 2176 ΜΖ’.

734 2210 919 2264 Ὅσον
960 2215 1078 2266 εἶσὶ
1110 2215 1312 2272 ὄεκτά.

306 2299 612 2367 Ἐπόμενον
645 2302 701 2354 δὲ
755 2301 1036 2373 θεωρῆσαι
1069 2309 1161 2359 καὶ
1215 2309 1339 2362 ὅσον
1371 2311 1479 2363 εἰσὶ
1525 2312 1723 2367 δεκτά·
1754 2312 1807 2364 τι

217 2390 334 2462 γὰρ
363 2393 442 2460 τῷ
475 2393 635 2462 δώρῳ
684 2394 744 2447 τὸ
777 2396 968 2448 δεκτὸν
1003 2395 1164 2462 εἶναι,
1208 2404 1302 2455 καὶ
1331 2403 1554 2457 ἐπὶτῶν
1591 2404 1805 2475 ἀνθρὼ-

215 2502 342 2535 πων
372 2485 473 2548 ;T:'
495 2486 778 2550 ποιοῦντες
799 2490 866 2540 τὰ
891 2491 1062 2560 δῶρα,
1085 2493 1335 2563 δέχεσθαι
1357 2497 1497 2550 αὐτὰ
1521 2497 1768 2565 λέγονται
1789 2515 1802 2564 ;

210 2573 349 2648 Ἆρ’
383 2581 468 2632 ὅτι
499 2583 624 2643 ταῖς
679 2585 836 2652 χερσὶ
872 2586 933 2637 λα
947 2588 1225 2656 μῦἀνομεν
1260 2591 1350 2643 καὶ
1393 2592 1591 2645 κόλπον
1625 2593 1804 2656 αὐτοῖς

213 2672 544 2739 ὑπέχομενς
584 2674 876 2743 Οὐδαμῶς.
910 2679 1089 2731 Πολλὰ
1121 2681 1248 2750 γὰρ,
1281 2683 1402 2735 οὐδὲ
1430 2683 1649 2752 κομίσαι
1678 2687 1805 2749 τοὺς

209 2763 628 2832 λαμϐάνοντας,
674 2767 797 2821 οὕδὲ
832 2769 1194 2836 ὑποδέξισραι
1227 2775 1450 2828 δυνατόν
1473 2793 1486 2807 ·
1533 2776 1723 2845 ὥσπερ
1757 2780 1804 2830 εἰ

208 2856 390 2924 ἀγρὸς
421 2859 507 2925 εἴη
538 2858 599 2910 τὺ
625 2859 927 2928 διδόμενον,
958 2862 989 2931 ἦ
1014 2863 1184 2930 οἰκία,
1211 2866 1242 2934 ἡ
1271 2884 1321 2919 τι
1345 2868 1609 2924 τοιοῦτον.
1644 2865 1804 2923 Ἀλλὰ

207 2952 266 3001 τί
299 2951 367 3002 ἂν
403 2950 493 3018 εἴη
532 2951 592 3002 τὸ
620 2951 874 3021 δέχεσθαι
925 2957 1020 3007 ἐπὶ
1065 2959 1286 3010 πάντων
1331 2959 1442 3011 τῶν
1477 2960 1696 3030 δώρων;
1730 2961 1804 3013 Τὺ

215 3042 365 3109 μετᾶ
415 3043 526 3095 τῶν
579 3045 727 3098 ἰδίων
781 3049 962 3113 τάξαι,
1021 3050 1082 3100 τὸ
1141 3049 1571 3115 οἰκειώσασθαι,
1626 3053 1803 3105 ταῦτα

208 3138 387 3189 ὖεκτὰ
423 3138 703 3205 λέγονται.
743 3142 803 3194 '0
835 3144 888 3195 δὲ
942 3143 1075 3206 Θεὸς
1118 3144 1293 3197 ταῦτα
1324 3145 1389 3197 τὰ
1431 3147 1581 3214 δῶρα
1629 3146 1800 3208 οὕτως

207 3229 541 3292 οἰκειοῦται,
571 3233 712 3285 ὥστε
746 3235 888 3287 αὐτὰ
924 3234 1086 3303 σῶμα
1129 3237 1225 3289 καὶ
1271 3232 1409 3304 αἷμα
1445 3243 1676 3290 ποιεῖται
1706 3237 1799 3290 τοῦ

205 3323 586 3389 Μονογενοῦς.
622 3325 684 3377 El
713 3326 894 3379 τοίνυν
939 3327 1039 3391 τῆς
1084 3329 1412 3392 οἱκειὼσεως
1457 3331 1680 3397 ταύτης,
1707 3332 1800 3383 οὑ-

206 3413 302 3465 εέν
334 3416 488 3466 ἐστιν
519 3417 636 3468 ἴσον
688 3417 1089 3486 ἐνθυμηθῆναι,
1140 3421 1263 3471 οὐδὲ
1310 3422 1433 3474 ὅσον
1483 3423 1590 3474 εἰσὶ
1638 3423 1801 3476 δεκτὰ

210 3506 425 3576 μέτρον
454 3507 641 3574 εὑρεῖν
674 3508 923 3562 δυνατόν.
969 3512 1090 3562 Ἔτι
1128 3511 1186 3563 δὲ
1224 3515 1316 3564 καὶ
1359 3514 1466 3565 ἀπὸ
1500 3515 1598 3582 τῆς
1650 3517 1799 3567 ἀντι-

201 3597 420 3660 δόσεως
465 3598 631 3666 δῆλον
671 3600 907 3666 γίνεται,
948 3601 1074 3653 ὅσον
1125 3603 1452 3672 ἀποδέχεται
1491 3605 1552 3657 τὸ
1595 3605 1746 3658 δοθὲν
1775 3608 1802 3658 ὁ

201 3688 421 3742 λαϐὼν.
463 3690 558 3754 Τίς
586 3685 680 3744 οὖν
716 3691 954 3746 tvm-30::
984 3695 1014 3754 ἡ
1045 3683 1350 3760 ἀντίδοσιςς
1379 3695 1520 3749 Αὐτὸ
1553 3699 1719 3753 πάλιν
1742 3700 1802 3753 τὸ

202 3782 378 3851 σῶμα
432 3781 526 3834 τοῦ
577 3782 822 3852 Χριστοῦ
863 3786 957 3838 καὲ⁴
1009 3787 1070 3838 τὸ
1120 3782 1294 3856 αἷμα·
1348 3788 1646 3857 λαμϐάνων
1693 3793 1800 3862 γὰρ

199 3875 375 3945 ἡμῶν
410 3875 578 3944 ἄρτον
615 3876 710 3929 καὶ
741 3871 889 3928 οἶνον
919 3876 948 3928 ὁ
988 3876 1142 3941 Θεὸς,
1175 3879 1341 3933 αὐτὸν
1373 3882 1681 3935 ἀντιδίδωσι
1710 3885 1802 3937 τὸν

202 3970 360 4024 Υῑόν,
408 3969 520 4019 Καὶ
569 3967 737 4020 πόθεν
765 3968 947 4036 δῆλον,
995 3971 1184 4038 φησιν,
1226 3972 1310 4025 ὅτι
1338 3971 1414 4037 ὡς
1448 3973 1597 4045 δῶρα
1629 3977 1801 4032 ταῦτα

200 4063 347 4129 ἡμῖν
397 4059 524 4111 ἀντὶ
552 4057 666 4110 τῶν
712 4059 1149 4128 προσαγομένων
1182 4062 1335 4128 παρὰ
1363 4061 1459 4114 τοῦ
1492 4063 1626 4118 Θεοῦ
1660 4063 1800 4117 δίδοι

199 4173 297 4206 ται
325 4169 339 4182 ·
396 4150 488 4214 Ἐξ
518 4143 592 4202 ὧν
623 4149 786 4211 αὐτὸς
817 4152 843 4202 ὁ
873 4150 1046 4203 ταῦτα
1081 4152 1466 4221 περικείμενός
1503 4172 1636 4224 φησι
1665 4157 1801 4225 προς

198 4245 385 4313 ἡμᾶς,
429 4261 447 4293 ι
486 4241 723 4305 Λάϐετε,
765 4261 784 4293 ο
832 4239 1046 4306 λέγων’
1087 4239 1232 4294 οὕτω
1273 4243 1378 4312 γὰρ
1426 4244 1687 4312 μηνύεται
1741 4246 1801 4298 τὸ

195 4337 404 4406 δῶρον.
433 4333 622 4404 Ταύτῃ
642 4335 707 4402 τῇ
740 4335 915 4403 φωνῇ,
945 4334 1043 4385 καὶ
1065 4336 1092 4384 ὁ
1115 4333 1293 4396 διδοὺς
1321 4337 1418 4387 καὶ
1453 4339 1479 4389 ὁ
1511 4337 1801 4405 δεχόμενος

194 4433 301 4482 καὶ
318 4428 378 4481 τὸ
397 4426 680 4492 διδόμενον
698 4426 1031 4493 σημαίνεται
1052 4441 1064 4453 ·
1082 4424 1198 4478 ἔστι
1220 4426 1314 4478 καὶ
1329 4426 1503 4489 ἄλλως
1521 4445 1573 4479 τι
1591 4428 1796 4496 λαϐεῖν,

192 4523 277 4583 ὡς
308 4516 815 4588 παρακαταθήκην,
839 4509 882 4582 ᾧ
907 4516 1146 4585 χρῆσθαι
1167 4518 1292 4578 τοὺς
1325 4517 1589 4578 λαὸὁντας
1623 4522 1683 4572 οὺ
1711 4521 1800 4573 θέο

195 4630 321 4679 μις.
345 4610 421 4662 Σὺ
450 4609 599 4660 δ’ἴνσι
621 4611 697 4678 μὴ
717 4609 880 4661 τοῦτο
899 4609 1148 4678 νομίσῃς,
1164 4610 1278 4662 ἀλλ’
1303 4610 1419 4681 ἴδῃς
1449 4612 1527 4664 ὅτι
1552 4613 1642 4665 σόν
1659 4614 1796 4681 ἐστι,

193 4703 301 4756 καὶ
349 4698 673 4770 χρήσασθαι
711 4698 993 4760 ἐκέλευσε,
1031 4717 1048 4748 t
1096 4700 1329 4768 Φάγετε,
1365 4720 1382 4751 ι
1416 4702 1612 4770 λέγων.
1641 4704 1798 4758 Οὕτω

2502 2120 2652 2176 CAP.
2688 2120 2896 2178 XLVII.

2334 2213 2602 2278 Quatenus
2655 2229 2776 2270 sunt
2827 2229 3059 2284 accepta.

1980 2303 2244 2373 Sequitur
2273 2314 2334 2358 ιιι
2380 2307 2545 2359 etiam
2589 2308 3005 2361 consideremus
3040 2318 3315 2376 quatenus
3355 2319 3485 2366 sunt

1908 2405 2150 2466 accepta.
2185 2395 2326 2463 Quid
2364 2397 2506 2451 enim
2551 2397 2654 2453 hoc
2690 2399 2792 2453 sibi
2828 2400 2961 2464 vult,
2995 2418 3121 2454 esse
3156 2401 3360 2456 donum
3395 2417 3484 2456 ac-

1907 2498 2149 2556 ceptum,
2182 2489 2346 2543 etiam
2384 2489 2524 2558 apud
2559 2491 2854 2544 homines?
2894 2493 3160 2558 Quidnam
3198 2494 3480 2555 facientes.

1907 2579 2163 2634 dicuntur
2189 2596 2251 2634 ea
2283 2581 2423 2635 dona
2460 2583 2779 2652 suscipere?
2815 2586 2894 2636 An
2931 2586 3074 2653 quod
3109 2587 3360 2639 manibus
3390 2603 3482 2640 su-

1906 2675 2107 2726 mimus
2130 2684 2181 2727 et
2213 2689 2275 2727 ea
2309 2675 2360 2727 in
2390 2676 2568 2728 sinum
2595 2677 2850 2742 ponimus
2874 2677 2896 2728 ?
2916 2676 3292 2745 Nequaquam.
3318 2677 3482 2732 Multa

1905 2765 2051 2818 enim
2086 2775 2214 2819 sunt
2243 2781 2365 2834 qua:
2407 2782 2508 2821 nec
2556 2770 2646 2835 qui
2678 2769 2974 2837 accipiunt,
3024 2770 3164 2822 ferre
3222 2787 3319 2826 nec
3358 2787 3483 2824 sus-

1905 2860 2087 2928 cipere
2145 2874 2427 2930 possunt:
2466 2865 2931 2932 quemadmodum
2971 2867 3016 2919 si
3060 2867 3131 2920 sit
3174 2883 3303 2935 ager
3336 2871 3482 2937 quod

1906 2952 2090 3015 datur,
2119 2952 2203 3006 vel
2233 2953 2455 3016 domus,
2499 2955 2583 3008 vel
2610 2956 2742 3024 quid
2778 2957 2902 3012 tale.
2935 2957 3037 3011 Sed
3076 2959 3337 3026 quidnam
3367 2959 3485 3018 fue-

1905 3043 1977 3095 rit
1998 3043 2247 3112 accipere
2273 3043 2324 3097 in
2353 3045 2614 3099 omnibus
2643 3045 2839 3100 donis?
2866 3047 2922 3100 In
2955 3049 3194 3117 propriis
3217 3057 3481 3111 statuere.

1904 3133 2128 3202 propria
2160 3143 2213 3187 et
2246 3133 2549 3189 domestica
2585 3135 2816 3198 efﬁcere,
2849 3147 2902 3190 et
2938 3153 2997 3190 ea
3042 3139 3251 3191 ratione
3286 3155 3345 3194 ea
3389 3156 3481 3194 ac-

1903 3234 2058 3291 cepta
2090 3239 2210 3280 esse
2239 3225 2516 3280 dicuntur.
2558 3226 2700 3282 Deus
2725 3240 2908 3282 autem
2943 3229 3057 3282 haec
3087 3229 3226 3282 dona
3258 3233 3331 3284 ita
3360 3247 3458 3299 pro

1906 3317 2019 3384 ptia
2055 3326 2109 3370 et
2147 3317 2435 3380 familiaria
2473 3319 2658 3382 ellicit,
2702 3332 2761 3374 ut
2800 3336 2861 3374 ea
2897 3320 3062 3374 faciat
3111 3337 3232 3376 esse
3282 3336 3483 3392 corpus

1908 3419 1960 3461 et
1989 3409 2312 3478 sanguinem
2347 3409 2652 3479 Unigeniti.
2696 3411 2752 3464 Si
2787 3427 2918 3482 ergo
2946 3413 3072 3466 huic
3119 3412 3478 3469 familiaritati

1907 3499 2044 3553 nihil
2081 3507 2257 3568 potest
2299 3501 2478 3556 simile
2515 3503 2853 3570 excogitari,
2901 3518 2999 3557 nec
3031 3513 3304 3571 quatenus
3350 3519 3482 3562 sunt

1905 3600 2147 3660 accepta,
2189 3599 2368 3659 potest
2431 3593 2622 3648 modus
2674 3594 2924 3648 inveniri.
2974 3593 3241 3651 Prmterea
3293 3609 3471 3651 autem

1903 3683 2068 3737 etiam
2101 3698 2164 3736 ex
2213 3685 2658 3740 remuneratione
2706 3685 2862 3740 facile
2909 3688 3041 3742 sciri
3087 3697 3267 3757 potest
3316 3707 3476 3756 qnam

1903 3784 2186 3843 acceptum
2222 3773 2385 3829 fuerit
2415 3773 2463 3829 ei
2499 3776 2590 3845 qui
2623 3777 2837 3845 accepit
2895 3778 2947 3830 id
2981 3780 3122 3847 quod
3157 3779 3342 3832 datum
3373 3790 3475 3834 est.

1903 3864 2034 3931 Qum
2065 3875 2146 3920 est
2179 3882 2306 3936 ergo
2339 3865 2427 3922 hic
2452 3868 2864 3922 remuneratio?
2894 3868 3073 3938 Ipsum
3107 3886 3293 3924 rursus
3321 3870 3481 3925 Chri-

1902 3960 1970 4010 sti
2001 3971 2199 4026 θοι-ρης
2234 3967 2287 4012 et
2317 3960 2563 4026 sanguis.
2594 3959 2885 4028 Accipiens
2919 3961 3063 4014 enim
3094 3977 3122 4015 ει
3163 3964 3324 4018 nohis
3359 3979 3475 4032 pa-

1904 4061 2027 4100 nem
2059 4057 2114 4100 et
2146 4050 2333 4101 vinum
2365 4046 2505 4102 Deus
2541 4049 2718 4116 ipsum
2757 4049 2933 4103 reddit
2961 4049 3181 4104 Filium.
3217 4053 3278 4105 Et
3308 4055 3474 4106 unde-

1904 4153 2050 4201 nam,
2082 4139 2280 4207 inquit,
2315 4139 2556 4194 sciemus
2585 4140 2731 4207 quod
2765 4141 2877 4194 hzec
2911 4140 3052 4196 dona
3089 4143 3247 4196 nobis
3278 4160 3374 4212 pro
3407 4145 3474 4198 IIS

1904 4245 2026 4299 quae
2060 4231 2368 4287 oﬂ‘eruntur
2396 4248 2426 4286 a
2470 4231 2579 4287 Deo
2613 4232 2856 4287 dantur?
2891 4235 2964 4287 Ex
3003 4235 3086 4288 Itis
3130 4252 3249 4304 qua:
3291 4237 3336 4289 is
3377 4240 3472 4306 qui

1906 4322 2010 4377 illis
2046 4332 2224 4380 tectus
2269 4333 2372 4389 est,
2431 4324 2581 4389 dicit,
2635 4325 2795 4379 nobis
2840 4325 3049 4388 dicens,
3086 4345 3105 4376 ι
3143 4327 3406 4396 Accipite.
3449 4351 3466 4379 ι

1901 4415 1978 4469 Ita
2009 4416 2156 4468 enim
2187 4416 2494 4470 ostenditur
2526 4416 2751 4469 donum.
2788 4417 2900 4470 Hac
2931 4432 3064 4472 voce
3091 4426 3144 4470 et
3185 4421 3275 4486 qui
3309 4421 3473 4474 donat

1901 4515 1958 4559 et
1983 4506 2077 4574 qui
2105 4506 2322 4574 accipit,
2355 4512 2409 4558 et
2437 4506 2581 4573 quod
2605 4505 2863 4567 donatur,
2889 4507 3253 4574 signiﬁcatur.
3291 4510 3472 4563 Potest

1900 4598 2064 4652 etiam
2103 4599 2238 4652 alias
2295 4598 2502 4666 aliquid
2552 4598 2768 4663 accipi,
2810 4610 3066 4664 tanquam
3115 4598 3470 4666 depositum,

1900 4704 2015 4757 quo
2053 4705 2158 4744 non
2193 4689 2274 4744 fas
2310 4700 2392 4743 est
2421 4688 2499 4742 ttti
2531 4704 2624 4742 eos
2668 4689 2760 4758 qui
2793 4699 3120 4756 acceperunt
3154 4707 3165 4740 :
3198 4700 3253 4743 tu
3289 4697 3469 4743 autent

187 4797 373 4849 δεκτά
401 4792 486 4861 τῷ
514 4792 636 4859 Θεῷ
667 4791 738 4842 τὰ
769 4791 920 4860 δῶρα
951 4793 1046 4844 καὶ
1081 4793 1221 4862 μετὰ
1259 4794 1532 4864 τοσαύτης
1565 4797 1798 4868 ὑπερϐο-
1829 4798 1874 4853 D

1778 4831 1798 4840 -
1829 4798 1875 4853 Β
1906 4797 1973 4838 ne
1996 4783 2097 4838 hoc
2127 4781 2426 4845 existimes,
2457 4783 2550 4836 sed
2574 4783 2716 4836 scias
2738 4796 2857 4836 esse
2882 4792 3057 4844 tuum,
3081 4799 3191 4850 quo
3219 4793 3268 4836 to
3304 4787 3465 4838 etiam

187 4885 322 4951 λῆς.
354 4882 460 4934 Διά
511 4877 674 4932 τοῦτο
718 4879 1048 4945 ἀγιάζουσιν
1081 4883 1169 4934 ἀεὶ
1225 4883 1407 4946 πάσας
1450 4885 1794 4953 Χριστιανῶν

185 4977 408 5044 ψυχὰς,
451 4971 547 5025 καὶ⁵
579 4972 801 5033 ζώντων
832 4972 929 5022 καὶ
960 4971 1272 5026 τεθνεώτων
1305 4976 1402 5036 τὰς
1441 4977 1672 5045 ἀτελεῖς,
1715 4981 1794 5034 ἔτι

183 5069 470 5137 δεομένας
501 5064 822 5131 ἀγιασμῶν.
855 5063 919 5117 Οξ
947 5065 1056 5132 γὰρ
1076 5065 1456 5130 τελειωθέντες
1481 5068 1628 5136 ἅγιοι
1656 5073 1795 5140 μετὰ

187 5137 311 5216 τῶν
340 5160 604 5225 ἀγγέλων
637 5157 902 5218 ἑστῶτες,
938 5159 1033 5210 καὶ
1067 5160 1146 5221 εἰς
1180 5159 1277 5229 τὴν
1324 5162 1579 5231 οὐράνιον
1610 5137 1796 5232 [epap-

185 5259 325 5324 χεαν
352 5253 459 5322 ἤδη
511 5249 862 5313 τελέσαντες,
894 5250 994 5301 οὐκ
1034 5250 1115 5302 ἔτι
1163 5250 1369 5304 δέονται
1408 5253 1508 5323 τῆς
1550 5255 1791 5321 ἐπιγείου

185 5345 522 5416 ἱεραρχίας.

781 5607 1037 5662 ΚΕΦΛΛ.
1081 5607 1221 5662 ΜΗ’.

185 5730 297 5793 Τίς
332 5727 364 5778 ὁ
397 5725 592 5792 λόγος
635 5726 768 5794 καθ’
797 5723 871 5775 ὃν
897 5724 993 5775 καὶ
1029 5725 1172 5787 τοὺς
1207 5727 1412 5790 ἁγίους
1461 5727 1562 5778 τοῦ
1598 5726 1789 5794 δώρου

394 5798 622 5848 τούτου
651 5793 1013 5862 δεξιούμεθα
1041 5798 1134 5847 καὶ
1164 5801 1592 5864 ΟεριιπείὍμεν.

259 5886 464 5957 Τυῦτῳ
495 5886 550 5939 δὲ
580 5884 874 5940 ἀκόλουθον
906 5887 1080 5939 ἐκεῖνο
1109 5888 1338 5958 ζητῆςαι
1367 5912 1370 5915 -
1407 5891 1466 5942 ιίξ
1494 5892 1597 5960 γὰρ
1627 5892 1794 5944 ,εαξη

1905 4873 2188 4942 utijussit,
2220 4874 2411 4929 dicens
2450 4891 2462 4926 :
2500 4894 2515 4923 ι
2547 4873 2848 4927 Cotnedite.
2885 4893 2902 4924 ι
2939 4875 3011 4927 Ita
3040 4886 3166 4929 sunt
3196 4876 3333 4928 dena
3362 4878 3471 4928 lico

1902 4976 2124 5034 accepta
2153 4973 2209 5018 et
2243 4973 2351 5018 tam
2401 4965 2729 5033 insigniter;
2766 4977 3051 5032 propterea
3091 4980 3305 5032 semper
3342 4982 3470 5018 san-

1899 5057 2142 5110 ctilicant
2172 5071 2363 5108 omnes
2393 5055 2833 5110 Christianorum
2869 5057 3102 5119 animas,
3135 5065 3190 5108 et
3220 5061 3466 5110 vivorum

1901 5157 1977 5214 et,
2020 5158 2382 5211 mortuorum,
2448 5163 2568 5215 qua:
2615 5158 2744 5201 sunt
2811 5149 2990 5201 adhuc
3042 5149 3371 5216 imperlecm
3417 5161 3472 5203 et

1901 5249 2059 5309 egent
2089 5238 2539 5293 sanctiﬁcatione.
2582 5237 2766 5292 Sancti
2805 5240 2946 5292 enim
2985 5239 3208 5308 perfecti
3242 5255 3305 5292 ac
3342 5256 3469 5293 con-

1903 5331 2179 5395 summati,
2213 5338 2420 5383 stantes
2449 5344 2572 5383 cum
2607 5331 2835 5398 angelis,
2869 5331 2920 5383 in
2953 5331 3232 5385 eteleStem
3266 5331 3472 5384 hierar-

1902 5425 2081 5478 chiam
2112 5423 2224 5489 jam
2254 5423 2516 5491 adoptati,
2559 5437 2666 5475 non
2697 5431 2860 5488 egent
2889 5424 3126 5492 amplius
3164 5423 3467 5476 hicrarchia

1899 5517 2160 5571 terrestri.

2462 5608 2618 5662 CAP.
2674 5605 2906 5660 XLVIII.

1904 5724 2159 5788 Quanam
2194 5723 2329 5773 ratio
2363 5731 2576 5789 propter
2603 5737 2756 5789 quam
2784 5731 2992 5775 sanctos
3026 5722 3102 5774 his
3143 5722 3298 5776 donis
3330 5737 3473 5775 vene-

2414 5809 2596 5843 ramur
2625 5806 2671 5844 et
2707 5792 2946 5846 colimus.

1977 5887 2116 5940 linit:
2151 5895 2330 5939 autem
2365 5897 2709 5954 consequens
2746 5893 2826 5939 est
2870 5885 3004 5938 illud
3057 5899 3301 5953 quaerere
3343 5900 3356 5935 :
3411 5880 3469 5938 Si
