4272 6446
749 402 847 471 471

1980 418 2286 481 NICOLAI
2327 423 2715 484 CA'B.\SILM

3881 415 3976 480 472

744 529 890 571 cnnn
925 516 1035 571 lucc
1068 532 1253 575 saneta
1296 522 1402 578 Deo
1456 523 1676 594 quidem
1723 526 2013 593 donantur,
2075 543 2171 583 eos
2222 546 2295 583 au-
2350 537 2377 591 Λ

2350 537 2389 591 Λ
2423 531 2488 584 τά
2514 533 2644 600 am
2679 530 2993 586 ἀνατίθεται
3046 531 3147 602 μὲν
3180 531 3254 602 τῷ
3285 529 3426 601 Θεῷ,
3462 528 3751 599 ἁγιάζεται
3782 530 3835 582 δὲ
3860 532 3976 590 τοὺς

747 616 856 662 tem
890 611 1235 666 sanctificant
1264 617 1353 671 ςς-ιί
1379 616 1813 671 sanctificatione
1838 620 2099 688 indigent,
2129 636 2314 688 quam-

746 717 870 754 riam
907 703 978 755 ob
1008 721 1224 758 causam
1258 707 1422 760 etiam
1451 709 1562 778 jam
1591 710 1960 763 sanetiflcatos
1991 720 2044 765 et
2069 712 2214 765 omni
2245 727 2308 766 ex

744 806 898 859 parte
933 795 1223 863 perfectos,
1266 800 1365 854 liae
1406 802 1670 853 donorum
1708 801 1981 855 oblatione
2014 804 2113 857 coli
2142 804 2313 857 credi-

752 904 779 936 n
808 888 914 938 us?
947 897 994 941 ct
1046 890 1263 956 quando
1303 907 1397 945 eos
1435 894 1637 961 aliquid
1684 878 1923 959 orantes,
1952 896 2004 948 in
2053 896 2311 949 auxilium

746 981 1123 1035 vocaverimus
1149 1024 1161 1044 ,
1198 983 1390 1037 borum
1433 986 1698 1039 donorum
1748 987 2109 1040 ministerium
2158 987 2315 1057 polli-

745 1086 954 1133 (".fltilll‘,
999 1082 1254 1140 tanquam
1298 1077 1378 1128 vel
1434 1075 1565 1143 ipsis
1612 1091 1675 1128 ea
1723 1077 1979 1131 donaturi
2008 1114 2024 1138 ,
2074 1076 2157 1128 vel
2216 1091 2314 1143 pro

746 1163 899 1227 ipsis,
943 1176 997 1216 ut
1047 1166 1176 1219 fiant
1217 1167 1504 1220 meliores?
1550 1166 1703 1232 Quod
1753 1168 1971 1237 quidem
2017 1178 2100 1222 est
2146 1168 2310 1222 etiam

742 1255 882 1308 a'itts
919 1256 1117 1310 modus
1149 1257 1416 1309 donorum
1449 1257 1745 1311 oblationis
1779 1272 1942 1326 quam
1975 1258 2123 1326 prius
2156 1257 2266 1312 dixi
2294 1298 2309 1321 ,

747 1357 843 1404 rer
869 1358 1032 1410 quem
1061 1345 1173 1397 bmc
1197 1344 1337 1397 dona
1366 1345 1503 1397 linnt
1534 1348 1693 1398 etiam
1729 1361 2068 1407 sanctorum.
2094 1349 2312 1416 quando

752 1434 859 1486 lien
894 1445 1153 1504 tanquam
1218 1451 1317 1503 pro
1373 1437 1669 1505 gratiarum
1727 1438 1940 1491 actione
1988 1437 2309 1503 offeruntur,

744 1529 888 1593 quod
921 1527 999 1581 eis
1028 1526 1417 1595 perfectionem
1443 1537 1494 1582 et
1524 1530 2050 1583 consummationem
2081 1530 2308 1593 dederit;

745 1624 869 1665 sunt
904 1619 1051 1669 enim
1085 1616 1173 1668 Dei
1205 1617 1367 1681 dona,
1398 1626 1455 1671 nt
1506 1633 1627 1688 qu:e
1665 1618 1715 1671 ci
1748 1617 2041 1673 donantur.
2091 1616 2228 1671 Sunt
2257 1628 2311 1672 et

745 1702 1015 1765 ﬁdelium,
1048 1716 1234 1774 utpote
1268 1708 1338 1761 iis
1395 1709 1488 1777 qui
1522 1709 1725 1762 auxilio
1756 1709 2029 1780 indigent,
2058 1719 2117 1763 ut
2158 1710 2313 1763 auxi-

746 1797 856 1861 lia;
890 1808 1018 1851 sunt
1047 1800 1208 1852 etiam
1242 1809 1579 1866 sanctorum,
1611 1800 1754 1871 quod
1781 1815 1966 1855 eorum
1998 1802 2167 1871 gratia
2204 1802 2311 1856 Dee

746 1888 1042 1942 donantur.

819 1984 971 2047 Quod
1018 1982 1162 2037 enim
1198 1997 1314 2036 mea
1353 1983 1522 2050 gratia
1569 1984 1757 2038 datum
1794 1994 1897 2047 est,
1945 2000 2046 2052 ego
2079 1987 2307 2054 accipio,

749 2083 1062 2151 quicunque
1124 2082 1169 2134 is
1226 2081 1297 2135 sit
1347 2081 1439 2150 qui
1494 2082 1712 2151 accipit.
1761 2079 1878 2136 Non
1928 2082 2074 2137 enim
2128 2084 2309 2136 omnia

747 2191 867 2245 qua:
898 2177 1055 2229 nobis
1094 2175 1454 2245 undecunque
1483 2175 1782 2243 donantur,
1820 2176 2025 2230 nostris
2059 2176 2311 2231 manibus

747 2269 1065 2337 accipimus.
1099 2270 1191 2324 sed
1219 2270 1382 2324 etiam
1418 2268 1720 2324 amicorum
1749 2278 1803 2322 et
1831 2266 2205 2333 familiarium,
2233 2280 2307 2332 et,

752 2374 807 2416 nt
858 2362 1024 2416 semel
1059 2363 1262 2424 dicam.
1313 2365 1555 2418 omnium
1612 2362 1811 2430 quibus
1845 2362 2081 2416 donator
2122 2362 2309 2429 donat,

746 2462 806 2506 ut
870 2453 1027 2506 nobis
1089 2464 1203 2506 rem
1270 2463 1477 2519 gratam
1538 2451 1722 2526 faciat.
1789 2454 2082 2522 Pt‘OplCl‘t‘a
2146 2454 2307 2508 etiam

746 2541 1031 2605 Dominus.
1084 2542 1412 2611 pauperibus
1458 2541 1872 2612 accipientibus,
1913 2543 2041 2613 quia
2088 2543 2181 2613 qui
2230 2543 2310 2597 eis

746 2633 1109 2703 suppeditant,
1147 2632 1263 2700 ejus
1308 2633 1479 2703 gratia
1514 2636 1617 2689 hoc
1661 2631 1887 2699 faciunt,
1933 2633 2048 2703 ipse
2092 2649 2150 2689 se
2182 2634 2311 2688 dicit

749 2726 1012 2794 accipere.
1060 2722 1140 2778 Ita
1200 2725 1363 2779 etiam
1425 2727 1598 2779 sancti
1652 2723 1768 2779 bare
1814 2724 1957 2779 dona
2010 2724 2308 2793 accipiunt,

764 2816 888 2873 mod
916 2831 1103 2869 eorum
1137 2816 1308 2886 gratia
1360 2816 1472 2871 Deo
1506 2816 1800 2870 donantur.
1838 2813 2307 2881 Quemadmodum

748 2907 890 2960 enim
924 2915 1144 2976 propter
1174 2907 1375 2962 Christi
1428 2907 1777 2963 dilectionem
1816 2906 1946 2961 illud
1988 2906 2069 2971 fit,
2106 2908 2177 2960 ita
2208 2906 2311 2961 boc

745 2999 910 3051 etiam
951 3006 1171 3066 propter
1205 2997 1552 3052 dilectionem
1607 3009 1941 3052 sanctorum.
1995 2996 2137 3063 Quia
2164 2998 2307 3051 enim

750 3090 903 3143 va‘ile
936 3104 1032 3144 eos
1059 3089 1354 3160 diligimus.
1394 3090 1579 3144 eadem
1619 3090 1760 3145 bona
1799 3098 1981 3145 nostra
2013 3104 2133 3144 esse
2160 3089 2310 3142 duci-

750 3196 898 3245 mus,
932 3191 983 3231 et
1014 3179 1091 3235 eis
1120 3182 1185 3235 de
1234 3180 1490 3235 felicitate
1539 3182 1880 3251 gratulamur
1913 3190 2170 3248 tanquam
2208 3177 2308 3248 ipsi
2334 3221 2377 3277 ϐ

746 3282 1017 3326 honorum
1078 3273 1389 3342 participes.
1447 3272 1521 3327 Ita
1578 3272 1741 3327 etiam
1794 3271 2094 3341 gaudentes
2146 3270 2308 3325 donis

746 3363 878 3431 ipsis
912 3379 939 3417 ο
978 3364 1208 3417 Domino
1239 3362 1401 3425 datis,
1444 3364 1646 3431 gratias
1676 3362 1886 3433 agimus
1926 3363 1974 3416 ei
2017 3363 2107 3431 qui
2139 3362 2306 3421 dedit,

744 3466 795 3509 et
860 3472 957 3524 pro
1021 3458 1321 3525 gratiarum
1388 3456 1598 3510 actione
1642 3457 1781 3510 dona
1837 3454 2137 3509 offerimus.
2188 3454 2306 3507 Ntn

747 3559 965 3616 propter
997 3547 1098 3601 hoc
1133 3556 1312 3601 autem
1352 3547 1524 3600 solum
1578 3545 1621 3599 ii.
1646 3546 1790 3600 dona
1834 3545 2132 3614 accipiunt,
2162 3544 2305 3613 quod

750 3648 969 3708 propter
1026 3654 1214 3693 eorum
1273 3638 1613 3693 dilectionem
1663 3637 1719 3691 fit
1770 3637 2040 3692 donorum
2082 3636 2305 3701 oblatio,

748 3734 840 3786 sed
873 3736 1016 3801 quod
1048 3732 1151 3786 hoc
1175 3732 1338 3784 etiam
1371 3739 1455 3784 est
1479 3729 1560 3784 eis
1584 3727 2043 3796 iucundissimum
2066 3738 2121 3782 ct
2150 3727 2308 3796 longe

749 3823 1141 3889 gratissimum.
1173 3821 1295 3875 dico
1321 3828 1500 3874 autem
1534 3820 1676 3889 quod
1708 3820 1849 3874 Deus
1876 3834 1971 3887 per
2004 3819 2151 3887 ipsos
2180 3834 2306 3887 gra-

750 3917 853 3968 tias
886 3914 1104 3985 accipit,
1142 3923 1197 3967 ct
1238 3911 1596 3982 glorificatur.
1650 3908 2119 3976 Quemadmodum
2161 3910 2305 3963 enim

744 4017 828 4059 est
855 4004 1150 4077 niasimum
1181 3995 1465 4071 peccatuni
1498 4001 1782 4056 'malorum
1819 4001 2126 4064 hominum,
2161 3999 2303 4069 quod

747 4096 1159 4163 blasphematur
1219 4107 1417 4146 nomen
1469 4091 1559 4146 Dei
1608 4106 1701 4161 per
1753 4091 1922 4161 ipsos,
1953 4091 2046 4145 'ita
2102 4091 2308 4147 sanctis

743 4195 824 4239 est
865 4198 1117 4252 magnum
1166 4182 1513 4241 beneﬁcium.
1563 4191 1619 4235 et
1669 4194 1866 4251 magno
1918 4180 2100 4235 studio
2143 4195 2306 4250 appe-

747 4276 992 4339 tendum,
1024 4273 1169 4343 quod
1203 4289 1297 4343 per
1350 4274 1497 4343 ipsos
1532 4274 1674 4329 Deus
1721 4272 2077 4343 glorificatur.
2114 4270 2226 4326 Hoc
2253 4283 2307 4325 ct

745 4383 868 4421 eum
904 4380 1131 4433 corpore
1159 4364 1466 4419 virentibus
1512 4374 1625 4418 erat
1655 4373 1973 4436 perpetuum
2004 4373 2302 4427 certamen,

744 4469 1029 4527 postquam
1089 4457 1141 4509 in
1205 4456 1401 4509 emittm
1457 4456 1782 4524 migrarunt.
1842 4458 2160 4509 continuum
2219 4464 2308 4509 est

745 4565 903 4614 opus,
946 4557 1000 4599 et
1035 4546 1305 4609 ro'uptas.
1345 4553 1401 4598 et
1450 4544 1594 4600 illius
1630 4544 1979 4599 beatitudinis
2013 4555 2194 4615 caput.
2245 4544 2300 4597 Si

744 4642 885 4695 enim
932 4636 1150 4706 quando
1180 4637 1318 4689 bona
1368 4636 1448 4690 eis
1497 4637 1549 4688 in
1594 4650 1689 4705 spe
1728 4637 1902 4693 solum
1951 4646 2140 4699 erant,
2188 4637 2301 4691 Deo

746 4731 947 4799 gratias
995 4734 1255 4797 perpuin
1298 4729 1549 4796 agebant.
1599 4739 1653 4784 et
1697 4732 1878 4782 omnia
1918 4728 1984 4783 ad
2018 4730 2140 4799 ejus
2184 4728 2300 4797 glo-

745 4824 879 4876 riam
938 4821 1246 4883 faciebant;
1290 4820 1600 4887 cuiusmodi
1626 4831 1840 4889 oportet
1887 4836 1980 4875 eos
2020 4821 2072 4874 in
2105 4821 2304 4875 talibus

743 4912 1079 4972 existiiirare.
1134 4912 1353 4977 quando
1386 4911 1555 4966 multo
1606 4912 1782 4981 major
1826 4912 2045 4981 quidem
2095 4922 2177 4967 est
2223 4912 2303 4965 eis

744 5005 1018 5069 gratitude
1064 5014 1117 5058 et
1162 5004 1406 5058 beneficii
1456 5004 1782 5063 recordatio.
1836 4990 1968 5057 cuni
2007 5002 2153 5056 omni
2190 5002 2302 5071 jam

747 5099 947 5147 virtute
1006 5094 1230 5162 perfecti
1282 5104 1429 5159 sunt,
1483 5096 1626 5149 bona
1687 5104 1867 5149 autem
1922 5108 2025 5147 non
2083 5101 2305 5161 sperant

747 5190 1016 5255 amplius.
1079 5188 1172 5242 sed
1241 5187 1355 5255 ipsa
1418 5186 1747 5253 experientia
1810 5185 2027 5239 discunt
2087 5185 2302 5239 Domini

749 5267 1169 5345 benijmitotcm:
1224 5279 1443 5343 quando
1494 5276 1678 5329 vident
1723 5276 1913 5343 quales
1950 5291 2012 5328 ex
2047 5276 2302 5345 qualibus

747 5370 869 5420 lacti
902 5375 1051 5429 sunt,
1084 5381 1183 5435 pro
1209 5368 1448 5419 terrenis
1474 5366 1636 5427 soles,
1688 5379 1786 5433 pro
1811 5369 1985 5420 servis
2015 5376 2299 5434 contemp-

744 5457 832 5507 tis~
863 5456 1116 5508 honorati
1172 5454 1261 5507 filii
1308 5464 1359 5507 ct
1410 5454 1555 5522 regni
1608 5455 1843 5509 caelestis
1893 5454 2155 5518 lneredes,
2204 5470 2301 5518 p20

746 5547 849 5597 rei;
889 5554 1135 5613 potentes
1180 5545 1262 5597 vel
1307 5545 1444 5597 alios
1492 5560 1521 5597 e
1567 5545 1675 5597 reis
1721 5546 1980 5607 eximere,
2035 5560 2130 5612 per
2175 5560 2296 5599 eam

742 5652 903 5701 quam
957 5637 1156 5688 habent
1196 5637 1336 5702 apud
1389 5634 1635 5689 .Iudicezn
1689 5636 1902 5689 dicendi
1953 5636 2303 5689 libertatem?

743 5724 1032 5794 Propterea
1070 5726 1215 5779 nulla
1268 5734 1372 5787 est,
1408 5727 1651 5792 inquam,
1700 5727 1779 5779 cis
1829 5727 1994 5779 Deum
2042 5727 2299 5781 laudandi

745 5819 984 5874 satietas.
1020 5817 1169 5872 L'nde
1205 5830 1300 5870 nec
1349 5818 1661 5872 existimant
1715 5819 1925 5888 scipsos
1976 5820 2119 5879 solos
2150 5818 2299 5880 sum-

2419 623 2694 692 άγιασμοῦ
2723 622 3034 693 δεομένους,
3070 623 3213 688 τίνος
3247 626 3411 677 ἕνεκα
3439 624 3533 677 καὶ
3558 624 3685 685 τοὺς
3721 624 3975 692 ἡγιασμε-

2416 730 2536 774 νους
2566 715 2664 785 ἤδη
2718 716 2812 767 καὶ
2838 715 3018 769 πάντα
3043 715 3307 779 τελείους,
3350 717 3525 787 ταύτῃ
3560 717 3623 783 τῇ
3672 712 3976 782 δωροφορίᾳ

2413 805 2717 871 δεξιοῦσθαι
2746 806 3096 876 πιστεύομεν,
3119 809 3212 860 καὶ
3246 808 3466 862 ἐπειδὰν
3486 808 3665 861 αὐτῶν
3690 824 3743 859 τι
3766 806 3973 876 δεηθέν-

2413 916 2526 961 τες,
2577 902 2657 960 είς
2705 899 3028 969 ἐπικουρίαν
3082 899 3425 970 καλέσωμεν,
3468 899 3567 967 τὴν
3624 898 3733 951 τῶν
3792 898 3976 965 δώρων

2415 990 2617 1043 τούτων
2671 990 3081 1061 ὑπισχνούμεθα
3117 991 3483 1060 λειτουργίαν,
3512 989 3759 1061 ὥσπερῆ
3796 988 3976 1049 αὐτοῖς

2416 1083 2590 1136 ταῦτα
2618 1082 2913 1153 ἀναθήσειν
2949 1082 3259 1153 μέλλοντες,
3288 1083 3320 1151 ἦ
3353 1083 3494 1152 ὑπὲρ
3523 1083 3728 1144 αὐτῶν,
3761 1081 3846 1133 ἶνα
3890 1078 3977 1146 γέο

2416 1190 2615 1226 νωνται
2645 1172 2888 1244 βελτίους
2919 1192 2935 1239 ;
2967 1174 3090 1228 Ὀτι
3124 1174 3220 1229 καὶ
3263 1173 3451 1242 ἕτερός
3488 1175 3602 1225 ἐστι
3636 1172 3836 1241 τρόπος
3884 1172 3976 1237 τῆς

2414 1263 2754 1332 δωροφορίας
2800 1263 3028 1333 ταύτης,
3160 1262 3397 1333 πρόσθεν
3430 1263 3591 1332 ἔφην,
3642 1260 3766 1314 καθ’
3812 1258 3873 1311 ὂν
3913 1258 3977 1311 τὰ

2413 1354 2559 1424 δῶρα
2590 1354 2781 1419 ταῦτα,
2811 1356 2906 1408 καὶ
2939 1356 3045 1408 τῶν
3074 1354 3248 1422 άγίων
3274 1356 3507 1424 γίνεται,
3554 1355 3685 1407 ὅταν
3711 1352 3786 1413 ὡς
3818 1352 3975 1419 εὐχα-

2416 1446 2671 1516 ριστήρια
2721 1446 2799 1517 τῷ
2834 1446 2955 1518 Θεῷ
3006 1448 3410 1516 προσάγωνται,
3462 1447 3603 1515 ὑπὲρ
3655 1446 3753 1515 τῆς
3800 1444 3977 1496 αὐτῶν

2412 1536 2594 1606 δόξης,
2624 1531 2691 1609 ἧς
2715 1538 2912 1602 αὐτοὺς
2937 1537 3177 1604 ἑδόξασε,
3203 1537 3298 1591 καὶ
3329 1538 3468 1606 ὑπὲρ
3495 1538 3590 1606 τῆς
3620 1536 3973 1597 τελειώσεωῖν

2410 1623 2477 1698 ἧς
2521 1629 2717 1693 αὐτοὺς
2747 1629 3085 1683 ἐτελείωσεν.
3122 1629 3279 1681 Ἔστι
3312 1628 3411 1696 μὲν
3455 1628 3564 1695 γὰρ
3608 1625 3701 1678 τοῦ
3733 1623 3870 1677 Θεοῦ
3911 1623 3976 1675 τά

2415 1720 2567 1789 δῶρα
2612 1719 2686 1783 ὡς
2718 1719 2868 1789 αὐτῷ
2899 1719 3263 1789 ἀνατιθέμενα
3288 1736 3303 1750 ·
3340 1717 3458 1771 ἔστι
3501 1718 3555 1771 δὲ
3588 1719 3681 1771 καὶ
3712 1715 3823 1768 τῶν
3863 1715 3972 1768 δεο-

2418 1813 2595 1880 μένων
2625 1810 2875 1882 βοηθείας
2919 1812 3127 1865 πιστῶν
3156 1811 3231 1874 ὡς
3256 1811 3577 1881 βοηθήματα
3605 1824 3620 1840 ο
3659 1808 3773 1860 ἔστι
3801 1806 3858 1859 δὲ
3886 1806 3975 1857 καὶ

2412 1902 2520 1955 τῶν
2548 1903 2741 1970 ἁγίων,
2769 1904 2851 1957 ὅτι
2878 1902 3060 1956 αὐτῶν
3086 1902 3246 1972 χάριν
3274 1899 3583 1954 ἀνατίθεται
3616 1898 3693 1966 τῷ
3727 1897 3868 1965 Θεῷ.

2482 1996 2555 2048 Τὸ
2586 1996 2686 2066 γὰρ
2745 1995 2885 2066 ἐμὴν
2941 1994 3100 2064 χάριν
3147 1991 3320 2055 δοθὲν,
3358 1990 3469 2059 ἐγὼ
3520 1989 3809 2060 λαμϐάνω,
3871 1988 3978 2040 κᾶν

2413 2087 2659 2142 ὁστισοῦν
2692 2090 2720 2142 δ
2746 2086 3034 2157 δεχόμενος
3164 2086 3224 2139 οὐ
3253 2084 3364 2154 γὰρ
3410 2084 3589 2137 πάντα
3621 2081 3688 2134 τὰ
3719 2081 3975 2148 διδόμενα

2412 2181 2544 2250 ἡμῖν
2570 2177 2791 2232 ὁθενοῦν
2820 2178 2941 2242 ταις
2971 2177 3126 2248 χερσὶ
3158 2175 3509 2246 λαμϐάνομεν
3532 2178 3652 2235 ταῖς
3676 2175 3977 2243 ἡμετέραις

2414 2274 2596 2341 μόνον,
2628 2268 2763 2324 ἀλλὰ
2794 2267 2890 2323 καὶ
2917 2270 3036 2332 ταῖς
3079 2267 3191 2321 τῶν
3222 2266 3415 2335 φίλων,
3450 2265 3545 2318 καὶ
3580 2263 3691 2315 τῶν
3730 2260 3973 2321 οἰκείων,

2411 2366 2507 2417 καὶ.
2539 2361 2725 2423 ἁπλῶς
2766 2360 2982 2416 πάντων
3010 2354 3091 2422 οἷς
3120 2361 3149 2411 ό
3176 2356 3522 2428 δωρούμενος
3552 2356 3641 2409 ἵνα
3684 2355 3835 2425 ἡμᾶς
3882 2353 3975 2404 εὐ-

2411 2453 2615 2526 φράνῃ.
2641 2453 2917 2524 δωρεῖται.
2955 2451 3053 2505 Διά
3080 2448 3236 2504 τοῦτο
3265 2451 3361 2504 καὶ
3384 2451 3412 2501 ό
3443 2448 3659 2518 Κύριος,
3692 2444 3799 2498 τῶν
3826 2461 3977 2497 πτω-

2409 2547 2521 2618 χῶν
2551 2546 2957 2619 λαμϐανόντων,
2992 2544 3075 2597 ὅτι
3104 2544 3154 2597 οί
3176 2540 3540 2612 χορηγοῦντες
3571 2539 3777 2601 αὐτοῖς,
3809 2536 3977 2589 αὐτοῦ

2410 2636 2571 2708 χάριν
2601 2638 2760 2690 τοῦτο
2787 2634 3052 2699 ποιοῦσιν,
3078 2633 3241 2696 αὐτὸς
3268 2632 3569 2702 λαμϐάνειν
3593 2630 3775 2701 φησίν.
3817 2627 3982 2683 Οῦτω

2412 2729 2507 2779 καὶ
2536 2728 2585 2779 οἱ
2610 2725 2756 2794 ἅγιοι
2784 2723 2961 2778 ταῦτα
2986 2724 3053 2777 τὰ
3083 2724 3230 2794 δῶρα
3259 2721 3646 2791 λαμδάνουσιν,
3685 2721 3766 2773 ὅτι
3796 2719 3989 2772 αὐτῶνθ

2410 2819 2571 2888 χάριν
2599 2816 2916 2871 ἀνατίθεται
2945 2814 3022 2885 τῷ
3054 2815 3195 2885 Θεῷ.
3234 2814 3446 2883 Ὠσπερ
3489 2813 3596 2883 γὰρ
3634 2811 3721 2864 διὰ
3750 2812 3850 2879 si};
3889 2809 3978 2862 ,οῦ

2410 2908 2649 2979 Χριστοῦ
2677 2909 2898 2980 ἀγάπην
2947 2909 3124 2961 ἐκεῖνο
3149 2906 3384 2974 γίνεται,
3422 2903 3567 2957 οῦτω
3608 2903 3697 2956 διὰ
3732 2902 3832 2973 τὴν
3864 2900 3980 2954 τῶν

2410 3001 2581 3066 ἁγίων
2612 3000 2835 3070 ἀγάπην
2872 2997 3052 3054 τοῦτο.
3086 2996 3211 3049 Ὅτι
3259 2997 3357 3066 μὶν
3396 2995 3508 3068 γάρ
3549 2995 3756 3063 σφόδρα
3789 2989 3977 3061 φιλοῦ-

2413 3106 2514 3159 μεν
2540 3089 2759 3154 αὐτοὺς,
2789 3089 2860 3141 τὰ
2909 3087 3090 3141 αὐτῶν
3124 3085 3307 3155 ἀγαθὰ
3335 3084 3581 3156 ἡμέτερα
3617 3081 3976 3151 λογιζόμεθα,

2412 3181 2506 3234 καὶ
2552 3179 2924 3249 συγχαίρομεν
2968 3177 3155 3239 αὐτοῖς
3201 3175 3303 3244 τῆς
3347 3174 3714 3242 εὐδαιμονίας,
3746 3172 3824 3230 ὡς
3881 3172 3981 3224 καὶ

2409 3270 2564 3320 αὐτοὶ
2596 3267 2915 3337 μετέχοντες
2968 3265 3075 3318 τῶν
3110 3264 3351 3331 ἀγαθῶν.
3389 3262 3544 3316 Οὕτω
3587 3262 3643 3315 δὲ
3688 3261 3980 3331 χαίροντες

2406 3360 2529 3422 ταῖς
2564 3358 2715 3427 παρὰ
2745 3357 2842 3411 τοῦ
2888 3357 3098 3426 Κυρίου
3145 3355 3462 3423 δεδομέναις
3490 3355 3673 3415 αύτοίς
3717 3354 3979 3422 δωρεαῖς,

2407 3449 2839 3521 εὐχαριστοῦμεν
2899 3446 2980 3517 τῷ
3030 3446 3309 3511 δεδοικότι,
3369 3445 3464 3498 καὶ
3512 3445 3581 3499 τὰ
3638 3442 3981 3515 χαριστήρια

2408 3543 2761 3612 προσάγομεν
2787 3540 2958 3609 δῶρα.
2996 3539 3071 3593 Οὐ
3097 3538 3188 3593 διὰ
3219 3537 3380 3591 τοῦτο
3423 3536 3490 3589 δε
3526 3536 3690 3606 μόνον
3722 3536 3883 3588 αὐτοὶ
3910 3534 3989 3587 ’ἰὰ

2406 3633 2555 3703 δῶρα
2605 3628 3002 3702 λαμϐάνουσιν,
3045 3630 3131 3683 ὅτι
3162 3629 3252 3682 διὰ
3299 3629 3401 3697 τὴν
3449 3626 3630 3680 αὐτῶν
3682 3625 3913 3695 ἀγάπην
3946 3626 3980 3689 ἡ

2405 3725 2714 3795 δωροφορία
2768 3723 3003 3791 γίνεται,
3054 3721 3173 3775 ἀλλ’
3215 3722 3299 3775 δτι
3348 3721 3444 3773 καὶ
3495 3718 3629 3772 αύτδ
3670 3716 3834 3770 τοῦτο
3866 3716 3981 3770 τῶν

2406 3817 2640 3886 ἡδίστων
2677 3814 2773 3868 καὶ
2798 3814 3007 3882 σφόδρα
3038 3811 3456 3883 κεχαρισμένων
3490 3810 3693 3874 αὐτοῐς,
3735 3806 3883 3875 λόγω
3912 3807 3983 3875 δὴ

2407 3908 2491 3964 τὸ.
2521 3907 2612 3961 τὸν
2640 3906 2776 3961 Θεὸν
2799 3904 2868 3959 δι’
2893 3903 3092 3967 αὐτοὺς
3117 3904 3345 3974 χάριτας
3373 3901 3651 3974 δέχεσθαι,
3683 3900 3779 3954 καὶ
3821 3898 3983 3965 δοξάρ

2407 4000 2617 4068 ζεσθαι.
2653 4000 2866 4067 Ὠσπερ
2902 3997 3014 4068 γὰρ
3043 3996 3299 4066 μέγιστον
3328 3996 3633 4065 ἁμάρτημα
3660 3990 3771 4046 τῶν
3805 4008 3979 4060 πονηο

2412 4093 2521 4161 ρῶν
2548 4088 2852 4159 ἀνθρώπων
2879 4088 2941 4141 τὸ
2970 4084 3405 4156 βλασφημεῐσθαι
3431 4084 3492 4138 τὸ
3516 4084 3688 4154 ὄνομα
3715 4082 3811 4137 τοῦ
3833 4082 3981 4136 Θεοῦ

2406 4182 2473 4237 δι’
2502 4181 2726 4245 αὐτούς·
2769 4179 2911 4234 οὕτω
2960 4179 3105 4249 μέγα
3141 4176 3495 4247 κατόρθωμα,
3535 4177 3628 4230 καὶ
3670 4174 3983 4244 περισπού-

2405 4274 2601 4328 δαστον
2636 4274 2749 4336 τοῖς
2772 4271 2969 4340 άγίοις,
3014 4271 3077 4322 τὸ
3116 4266 3189 4320 δι’
3221 4269 3418 4332 αὐτοὺς
3468 4268 3559 4322 τὸν
3600 4268 3735 4321 Θεὸν
3760 4266 3981 4334 δοξάζε-

2411 4365 2556 4418 σθαι.
2590 4364 2760 4416 Τοῦτο
2786 4365 2879 4416 καὶ
2912 4363 3050 4431 μετὰ
3083 4364 3338 4430 σώματος
3364 4362 3500 4425 ζῶσι
3537 4360 3795 4431 διηνεκὴς
3821 4362 3982 4428 ἀγὼν

2406 4451 2496 4527 ἦν,
2550 4457 2643 4508 καὶ
2677 4457 3009 4525 μεταστᾶσιν
3057 4456 3138 4518 εἰς
3182 4455 3275 4508 τὶν
3332 4454 3563 4525 οὐρανὸν
3620 4452 3781 4523 ἔργον
3824 4455 3984 4507 ἐστὶν

2334 4579 2380 4636 ο
2409 4548 2640 4615 ἄληκτον
2671 4548 2766 4600 καὶ
2794 4546 2998 4617 τρυφὴ,
3036 4547 3131 4601 καὶ
3164 4547 3264 4616 τῆς
3319 4546 3724 4615 μακαριότητος
3753 4546 3982 4632 ἐκείνης

2408 4640 2721 4709 κεφάλαιον.
2756 4642 2816 4694 Et
2845 4640 2955 4710 γὰρ
3000 4642 3090 4694 ὅτε
3126 4642 3195 4693 τὰ
3227 4640 3406 4707 ἀγαθά
3433 4642 3491 4692 ἐν
3538 4638 3751 4690 ἐλπίσιν
3775 4632 3846 4709 ἦν
3876 4619 3983 4706 μό-

2407 4747 2497 4782 νον
2543 4730 2747 4793 αύτοῖς,
2785 4730 3055 4784 διετέλουν
3083 4732 3142 4781 ιν
3185 4731 3346 4783 παντὶ
3391 4729 3847 4799 εὐχαριστοῦντες
3898 4728 3985 4797 τῷ

2404 4821 2546 4890 θεῷ,
2577 4821 2673 4873 καὶ
2712 4822 2888 4874 πάντα
2916 4821 2996 4883 είς
3026 4819 3184 4885 δόξαν
3208 4820 3376 4874 αὐτοῦ
3407 4819 3688 4883 ποιοῦντες
3711 4837 3727 4852 ⁸
3750 4821 3982 4879 ὁποίους

2405 4909 2597 4972 αὐτοὺς
2628 4907 2881 4976 γενέσθαι
2908 4909 2977 4961 τὰ
3006 4908 3241 4976 ,τοιαῦτα
3270 4909 3375 4980 χρὴ
3407 4910 3680 4979 νομίζειν,
3724 4911 3817 4963 ὅτε
3850 4910 3982 4979 μεί-

2405 4997 2516 5062 ζων
2549 4999 2648 5067 μὲν
2697 5001 2883 5063 αὐτοῖς
2935 5003 2969 5071 ἡ
3003 5001 3397 5071 εὐγνωμοσύνη
3450 5002 3630 5071 πολλῷ
3664 5002 3741 5071 τῷ
3793 5004 3978 5072 μέσῳ,

2402 5090 2629 5153 τελείοις
2659 5091 2762 5161 ἤδη
2794 5094 2972 5145 πᾶσαν
3005 5092 3206 5162 ἀρετὴν
3232 5093 3571 5159 γενομένοις,
3606 5094 3675 5146 τά
3706 5094 3762 5147 δὲ
3788 5096 3982 5163 ἀγαθά

2402 5182 2587 5233 οὐκέτι
2613 5182 2926 5245 ἐλπίζουσιν
2945 5200 2959 5213 ·
2995 5182 3110 5235 ἀλλ’
3135 5184 3271 5252 αὐτῇ
3298 5184 3465 5255 πείρᾳ
3498 5184 3831 5252 μανθάνουσι
3873 5189 3984 5255 τὴν

2403 5272 2496 5324 τοῦ
2522 5274 2792 5325 Δεσπότου
2826 5273 3156 5342 φιλοτιμίαν,
3183 5275 3270 5326 ὅτε
3291 5274 3491 5338 όρώσιν
3510 5275 3734 5337 ἑαυτοὺς
3757 5275 3817 5341 ἐξ
3838 5278 3981 5329 οἴων

2403 5361 2505 5415 οἷοι
2534 5366 2821 5431 γεγόνασιν
2854 5366 2974 5418 ἀντὶ
3013 5366 3253 5434 πηλίνων
3283 5368 3447 5436 ἣλιοι,
3473 5368 3592 5420 ἀντὶ
3622 5368 3830 5421 δούλων
3853 5371 3984 5438 ἡτι-

2407 5455 2674 5523 μωμένων
2742 5457 2850 5507 υίοὶ
2879 5457 3068 5523 τίμιοι.
3104 5458 3196 5510 καὶ
3230 5456 3509 5525 βασιλείας
3548 5461 3796 5529 οὐρανῶν
3834 5464 3985 5536 κλη-

2405 5547 2625 5613 ρονόμοι
2651 5563 2665 5577 ·
2691 5546 2809 5598 ἀντὶ
2841 5547 3181 5613 ὑπευθύνων,
3208 5549 3426 5603 δυνατοὶ
3468 5552 3562 5604 καὶ
3586 5551 3780 5614 ἄλλους
3820 5551 3983 5604 λύειν

2403 5636 2663 5707 εὐθύνης,
2714 5640 2780 5706 τῇ
2836 5639 2977 5708 πρός
3019 5640 3111 5692 τὸν
3164 5641 3438 5709 Δικαστὴν
3488 5643 3807 5712 παρρησίας
3870 5645 3982 5697 Διά

2402 5727 2561 5780 τοῦτο
2605 5730 2727 5781 οὐδὲ
2773 5732 2933 5799 κόρος
2981 5731 3130 5784 ἐστὶν
3157 5733 3345 5796 αὐτοῖς
3370 5733 3545 5796 οὐδεὶς
3574 5735 3684 5787 τῶν
3716 5737 3799 5797 είς
3830 5735 3981 5789 Θεὸν

2406 5820 2626 5888 ῦμνωνσ
2669 5823 2789 5876 οὐδὲ
2829 5824 3139 5894 νομίζουσιν
3166 5827 3317 5879 αὐτοὶ
3365 5826 3515 5896 μόνοι
3546 5826 3685 5896 πρὸς
3732 5826 3835 5898 τήν
3882 5830 3983 5881 cf:-
