4272 6446
712 382 817 447 475

1968 375 2275 437 NICULM
2323 369 2716 431 CABASILJE

3850 361 3957 423 476

712 496 890 559 nobis,
926 515 944 547 ι
983 496 1086 550 hoc
1114 505 1218 559 est,
1258 512 1375 563 (ιιιιν
1410 509 1569 549 orare
1602 502 1812 564 oportet
1845 509 1943 546 nos
1975 494 2168 555 docet;
2204 490 2275 541 ita
2304 487 2351 541 Α

2424 484 2541 551 μῶν
2569 501 2581 513 υ
2625 502 2641 535 ι
2675 480 2974 544 τουτέστιν,
3028 478 3061 532 δι
3105 480 3186 531 δεῖ
3218 478 3654 549 προσεύχεσθαι,
3714 477 3957 530 διδάσκει

710 590 853 643 enim
930 587 1186 644 Ecclesia:
1252 590 1510 642 doctores
1574 598 1924 656 acceperunt.
1978 587 2281 641 Considera

710 692 859 739 ergo,
888 676 933 730 si
971 687 1166 746 praeter
1195 692 1257 730 ea
1293 694 1413 746 qua!
1452 680 1596 733 dicta
1630 688 1777 743 sunt,
1810 679 1863 732 in
1906 679 2157 732 omnibus
2193 692 2282 731 sa-

711 783 931 821 crorum
965 768 1348 837 mysteriorum
1398 771 1856 825 celebrationibns
1877 770 2124 836 {inveniri
2157 782 2282 837 pos-

713 858 964 913 sitorans
993 858 1258 923 Ecclesia,
1296 870 1351 916 et
1398 878 1502 915 non
1555 863 1821 917 invenies.
1874 863 2014 932 Ergo
2048 864 2284 919 orabunt

712 950 932 1013 quidem
971 951 1037 1006 iis
1070 954 1160 1021 qui
1220 955 1294 1007 rei
1332 970 1440 1007 non
1475 964 1621 1019 sunt,
1668 956 2043 1011 remissionem
2091 969 2283 1024 pecea-

715 1048 916 1104 torum,
954 1052 1215 1111 tanquam
1253 1046 1431 1098 adhuc
1472 1047 1581 1101 reis
1620 1056 1673 1101 et
1721 1047 2004 1115 obligatis:
2052 1047 2285 1101 orabunt

714 1144 893 1187 autem
921 1136 1145 1199 sanctis,
1173 1147 1428 1205 tanquam
1468 1154 1576 1193 non
1602 1138 1978 1202 sanctificatis,
2013 1155 2135 1194 cum
2164 1156 2285 1196 san-

715 1225 816 1275 ctis
842 1226 1125 1295 requiem;
1161 1230 1400 1283 orabunt
1436 1231 1689 1299 perfectis
1734 1234 2286 1299 consummationem,

716 1324 976 1383 tanquam
1015 1319 1254 1372 nondum
1306 1322 1725 1386 consummatis,
1763 1331 1815 1378 et
1860 1323 1939 1378 sic.
1961 1339 2181 1380 necesse
2208 1336 2290 1382 est

717 1424 812 1461 eos
836 1410 1158 1464 alterutrum
1190 1428 1435 1480 peccare.
1484 1413 1579 1468 Vel
1610 1416 1757 1469 enim
1797 1416 2119 1473 confitentes
2161 1420 2289 1474 bea-

719 1500 1006 1556 titudinem
1045 1514 1100 1557 et
1155 1507 1539 1572 perfectionem
1578 1518 1914 1577 sanctorum,
1941 1510 2169 1566 libentes
2193 1527 2289 1565 vn-

718 1593 838 1644 lnnt
871 1596 1012 1661 apud
1046 1597 1211 1650 Deum
1242 1599 1455 1667 nugari,
1497 1609 1551 1653 ct
1582 1601 1796 1655 inanem
1840 1604 1943 1671 pro'
1967 1604 2046 1658 eis
2084 1606 2289 1659 oratio-

719 1697 840 1734 nem
876 1695 1160 1739 contexcre
1187 1726 1202 1750 ,
1230 1688 1376 1756 quod
1426 1697 1509 1741 est
1536 1691 1778 1745 virorum
1835 1692 2018 1747 divina
2057 1696 2291 1753 ludibrio

722 1770 1056 1835 habentium,
1087 1776 1269 1842 potius
1296 1791 1457 1844 quam
1493 1780 1836 1836 sacerdotum
1863 1799 1877 1836 :
1910 1784 1993 1838 vel
2024 1786 2169 1841 serio
2195 1786 2289 1851 fa-

719 1863 921 1916 cientes
948 1866 1242 1927 orationes.
1283 1876 1542 1938 tanquam
1576 1872 1951 1928 existimantes
1982 1890 2039 1929 se
2072 1886 2289 1932 sanctos

720 1966 821 2013 per
860 1968 953 2006 cas
998 1956 1209 2022 juvare,
1262 1974 1449 2015 eorum
1500 1962 1725 2031 gloriam
1768 1963 2094 2028 inﬁciantnr,
2146 1968 2290 2032 quod

718 2054 803 2096 est
827 2045 1200 2112 hlasphemare
1237 2066 1340 2103 neu
1367 2052 1514 2119 ipsos
1550 2063 1778 2117 tantum,
1810 2056 1906 2108 sed
1937 2057 2097 2110 etiam
2125 2057 2289 2113 Deum

724 2131 923 2197 ipsum,
957 2136 1119 2203 utqui
1146 2141 1409 2205 promissa
1448 2157 1553 2195 non
1596 2148 1895 2200 servaverit
1929 2163 2048 2216 qua:
2090 2152 2295 2220 promi-

721 2224 805 2280 sit.
841 2240 899 2277 se
926 2242 1019 2280 cos
1045 2230 1495 2299 glorificaturum,
1521 2244 1573 2289 ct
1603 2253 1829 2305 regnum
1866 2240 2290 2309 impertiturum.

727 2315 815 2370 Vel
870 2320 1048 2386 potius
1100 2331 1395 2394 utrumque
1421 2336 1503 2380 est
1564 2330 1853 2385 manifesta
1900 2332 2290 2404 blasphemia;

725 2411 824 2461 hoc
848 2413 1085 2477 quidem.
1115 2425 1372 2484 tanquam
1398 2421 1621 2475 omnino
1643 2423 1954 2494 negantium
1979 2436 2291 2482 sanctorum

726 2501 1113 2559 beatitudinem
1151 2547 1165 2569 ,
1200 2508 1329 2563 illud
1357 2518 1562 2571 autem;
1601 2522 1855 2583 tanquam
1894 2516 2207 2574 facientium
2230 2536 2293 2576 ca

724 2610 843 2659 quzc
884 2595 1088 2651 faciunt
1133 2601 1224 2668 qui
1274 2612 1499 2669 negant.
1550 2603 1699 2669 Quos
1750 2610 1892 2663 enim
1941 2610 2129 2667 beatos
2176 2628 2295 2668 esse

725 2686 975 2749 ei-edunt,
1008 2698 1064 2741 nl
1086 2691 1177 2758 qui
1210 2694 1261 2743 in
1293 2695 1524 2748 filiorum
1563 2698 1809 2753 ordinem
1861 2701 2016 2755 relati
2066 2714 2213 2768 sunt,
2244 2714 2298 2760 et

728 2779 897 2844 ipsius
926 2781 1072 2847 regni
1106 2783 1345 2838 Increiles
1372 2825 1387 2848 ,
1455 2802 1549 2841 eos
1588 2790 1737 2843 nullo
1769 2807 1890 2847 esse
1937 2809 2164 2851 munere
2214 2798 2298 2851 af-

727 2870 901 2924 icctos
932 2880 982 2924 et
1014 2874 1372 2931 inhonoratos
1396 2890 1449 2933 et
1477 2895 1600 2937 reos
1633 2924 1649 2946 ,
1703 2899 1767 2937 eo
1798 2885 1916 2953 ipso
1946 2902 2055 2956 quo
2097 2904 2192 2959 pro
2218 2890 2297 2947 eis

728 2962 855 3016 talia
910 2975 1225 3032 precantur,
1278 2978 1565 3029 testantur.
1592 2974 1666 3028 Ita
1695 2990 1823 3045 ergo
1860 2977 2052 3033 harum
2117 2996 2297 3037 rerum

729 3055 898 3120 gratia
937 3057 1232 3113 absurdum
1257 3074 1378 3115 esse
1405 3062 1635 3129 videtur,
1674 3066 1715 3119 si
1747 3068 1869 3136 quis
1895 3070 2167 3126 existimet
2196 3072 2299 3127 Ee-

732 3144 910 3221 clesiae
941 3160 1035 3211 pro
1064 3150 1270 3202 sanctis
1295 3150 1359 3203 ad
1396 3152 1560 3206 Deum
1591 3155 1918 3212 oblationem
1944 3174 2064 3215 esse
2087 3164 2295 3232 suppli-
2325 3172 2369 3233 (ζ

731 3238 1015 3291 caloriam.
1069 3238 1365 3295 Videamus
1441 3255 1623 3299 autem
1697 3247 1859 3303 etiam
1920 3251 2035 3321 ipsa
2085 3256 2295 3313 verba:

736 3347 754 3378 ι
788 3327 1050 3385 Prmterea
1075 3332 1357 3389 offerimus
1384 3336 1479 3390 tibi
1512 3338 1888 3396 rationabilem
1921 3343 2066 3399 hunc
2089 3347 2296 3402 cultum

731 3434 829 3487 pro
860 3421 925 3474 iis
948 3424 1039 3489 qui
1062 3425 1116 3477 in
1142 3424 1246 3479 fide
1274 3430 1675 3496 requiei-erunt.
1696 3433 2013 3503 majoribus,
2033 3438 2299 3506 patribus,

732 3508 1087 3574 patriarchis,
1139 3516 1439 3584 pr0pltetis,
1492 3521 1773 3588 apostolis,
1832 3525 2299 3596 pradicatoribus,

734 3602 1103 3670 mangclistis,
1140 3609 1499 3675 martyribus,
1532 3610 1962 3679 confessoribus.
2017 3622 2302 3676 continen-

738 3692 900 3752 tihus,
933 3702 987 3747 ct
1034 3697 1181 3750 omni
1216 3699 1412 3768 spiritu
1455 3701 1508 3755 in
1539 3702 1642 3757 fide
1678 3718 2080 3774 consummato,
2113 3713 2304 3781 praeci-

738 3797 842 3849 pue
871 3786 1239 3853 sanctissima,
1292 3790 1632 3859 intemerata,
1668 3796 1906 3865 gloriosa
1941 3798 2173 3856 Domina
2198 3818 2301 3859 no-

740 3884 875 3937 stra,
912 3876 1133 3944 Deipara
1168 3888 1223 3934 et
1250 3896 1464 3953 semper
1493 3886 1704 3954 virgine
1742 3886 1932 3953 Maria,
1960 3902 2151 3946 sancto
2180 3908 2304 3962 pro-

742 3968 895 4033 pheta
949 3969 1291 4029 Praecursore
1350 3983 1403 4029 et
1458 3974 1698 4047 Baptista
1746 3978 1982 4047 Joanne,
2014 3985 2222 4041 sanctis
2252 3995 2306 4043 et

744 4061 1042 4115 benetlietis
1093 4064 1371 4131 apostolis,
1408 4076 1460 4121 et
1501 4069 1757 4125 omnibus
1790 4074 1995 4129 sanctis
2025 4090 2039 4128 :
2070 4090 2304 4145 quorum

742 4152 995 4218 precibus
1036 4155 1243 4222 respice
1278 4172 1398 4223 nos,
1433 4157 1598 4229 Deus,
1632 4170 1685 4214 et
1725 4176 2003 4219 memento
2061 4169 2306 4225 omnium

744 4242 837 4310 qui
862 4243 1196 4299 dormierunt
1219 4246 1270 4299 in
1290 4262 1388 4319 spe
1413 4253 1830 4308 resurrectionis
1855 4268 1907 4310 et
1928 4256 2050 4310 vita:
2069 4265 2306 4325 aeternis,

745 4344 795 4384 ct
825 4336 907 4387 fac
932 4335 1051 4388 illos
1073 4337 1353 4402 quiescere
1377 4341 1468 4395 ubi
1495 4343 1716 4410 respicit
1754 4346 1937 4401 lumen
1972 4349 2302 4404 vultustui.»

750 4423 871 4477 ".‘I‘C
899 4436 1023 4479 sttltl
1054 4430 1210 4481 verba
1242 4430 1293 4483 in
1326 4434 1521 4498 quibus
1550 4435 1695 4489 nulla
1723 4439 2032 4493 continetur
2065 4455 2161 4508 pro
2177 4455 2310 4495 san-

2389 578 2532 646 ημᾶς
2552 592 2565 606 ο
2596 574 2739 626 οὕτω
2765 574 2873 643 γὰρ
2904 573 2955 624 οἱ
2983 572 3299 625 διδάσκαλοι
3327 572 3427 641 τῆς
3470 571 3795 641 Ἐκκλησίας
3820 570 3959 635 ἐξει-

2383 668 2642 735 λήφασιν.
2671 665 2878 733 Σκέψαι
2932 663 3113 717 τοίνυν
3153 663 3259 715 είτι
3291 663 3451 718 πλέον
3488 663 3599 716 τῶν
3645 660 3957 731 εἰρημένων

2386 760 2444 811 ὲν
2475 758 2680 819 πάσαις
2705 754 2957 817 τελεταῖς
2991 758 3085 809 καὶ
3111 755 3438 824 ἱερολογίαις
3479 754 3627 807 ἔστιν
3662 754 3844 821 εὑρεῖν
3868 751 3961 803 εὖ·

2386 850 2624 919 χομὲνην
2657 849 2758 919 τὴν
2796 847 3148 917 Ἐκκλησίαν,
3171 847 3267 900 καὶ
3301 846 3402 899 οὐκ
3427 845 3491 898 ἂν
3517 844 3721 913 εὕροις.
3743 842 3959 897 Οὐκοῦν

2387 938 2633 1003 εὔξονται
2672 940 2772 1009 μὲν
2795 942 2909 1001 τοῖς
2945 938 3262 999 ἀνευθύνως
3304 938 3504 1004 ἄφεσιν
3542 934 3853 1004 ἁμαρτιῶν,
3882 933 3961 995 ὡς

2388 1030 2717 1093 ὑπευθύνοις
2765 1031 2845 1083 ἔτι
2873 1030 2968 1084 καὶ
3015 1032 3166 1092 δίκας
3216 1029 3563 1099 ὀφείλουσιν
3604 1027 3852 1093 εὔξονται
3901 1028 3959 1079 δὲ

2386 1123 2502 1184 τοῖς
2553 1120 2751 1189 ἁγίοις,
2778 1122 2855 1183 ὼς
2904 1122 3071 1191 μήπω
3103 1120 3483 1189 ἡγιασμένοις,
3517 1120 3617 1189 τὴν
3664 1120 3805 1189 μετὰ
3849 1117 3960 1170 τῶν

2389 1214 2561 1282 ἁγίων
2608 1213 2952 1267 ἀνάπαυσινυ
3006 1212 3252 1278 εὔξονται
3295 1211 3351 1265 δὲ
3392 1212 3673 1266 τελείωσιν
3720 1213 3832 1273 τοῖς
3866 1226 3960 1261 τε·

2387 1305 2572 1370 λείοιῖ,
2609 1305 2684 1367 ὡς
2724 1305 2893 1374 μήπω
2940 1303 3332 1358 τελειωθεῖσιν.
3366 1305 3474 1357 Καὶ
3520 1303 3695 1366 οὕτως
3743 1303 3961 1369 ἀνάγκη

2388 1397 2535 1449 δυοῖν
2587 1396 2815 1466 θάτερον
2862 1396 3201 1465 ἁμαρτάνειν
3254 1396 3493 1457 αὐτούς’
3535 1397 3567 1465 ἢ
3616 1394 3725 1464 γὰρ
3769 1394 3965 1463 ὁμολος-

2390 1488 2611 1558 γοῦντες
2644 1489 2743 1559 τὴν
2773 1489 3180 1560 μακαριότητα,
3233 1492 3329 1543 καὶ
3369 1488 3474 1559 τὴν
3506 1488 3819 1557 τελειότητα
3850 1486 3963 1538 τῶν

2392 1578 2585 1647 ἁγίων,
2619 1578 2836 1641 ἑκόντες
2870 1578 3156 1648 βούλονται
3188 1578 3328 1647 πρὸς
3350 1579 3442 1631 τὸν
3466 1577 3599 1631 Θεὸν
3627 1577 3839 1647 ληρεῖν,
3868 1577 3965 1628 καὶ

2395 1670 2631 1741 ματαίαν
2662 1670 2805 1740 ὑπὲρ
2865 1671 3046 1724 αὐτῶν
3092 1671 3367 1741 συνείρειν
3409 1670 3594 1742 εὐχὴν,
3628 1670 3767 1739 ὅπερ
3812 1669 3967 1721 ἐστὶν

2394 1761 2601 1833 ἀνδρῶν
2633 1761 2702 1815 τὰ
2746 1760 2865 1815 θεῖα
2923 1762 3235 1826 παιζόντων
3290 1762 3494 1832 μᾶλλον
3557 1762 3593 1833 ἢ
3646 1761 3860 1832 ἱερέων.
3893 1761 3966 1813 Ἢ

2397 1855 2537 1927 μετά
2578 1855 2818 1925 σπουδῆς
2864 1854 3178 1926 ποιούμενοι
3221 1855 3320 1918 τὰς
3353 1855 3542 1924 εὐχὰς,
3574 1855 3651 1919 ὡς
3683 1854 3748 1910 ἂν
3779 1854 3967 1924 οἰόμε-

2394 1966 2471 2002 νοι
2508 1948 2636 2010 τοὺς
2670 1948 2863 2016 ἁγίους
2896 1948 2963 2000 δι’
3011 1947 3189 2001 αὐτῶν
3220 1946 3481 2017 ὠφελεῖν,
3514 1948 3612 2018 τὴν
3654 1946 3838 2003 αὐτῶν
3868 1948 3970 2016 ἀρε

2394 2038 2608 2093 νοῦνται
2650 2038 2830 2105 δόξαν,
2866 2041 3000 2110 ὅπερ
3036 2042 3153 2093 ἐστι
3198 2040 3570 2110 βλασφημεῖν,
3616 2038 3717 2092 οὐκ
3764 2039 3968 2100 αὐτοὺς

2396 2134 2557 2202 μόνον
2589 2133 2725 2187 ἀλλὰ
2756 2135 2852 2189 καί
2878 2134 2970 2186 τὸν
2999 2133 3133 2186 θεὸν
3165 2134 3352 2198 αὑτὸν,
3390 2134 3466 2196 ὼς
3492 2133 3839 2202 ψευσάμενον
3868 2131 3970 2193 τὰς

2396 2226 2733 2296 ἐπαγγελίας
2761 2244 2776 2258 ο
2802 2226 2859 2290 ὃς
2890 2226 3263 2298 ἐπηγγείλατο
3300 2226 3570 2293 δοξάζειν,
3600 2225 3695 2280 καί
3730 2224 3832 2293 τῆς
3862 2225 3963 2293 βα·-

2396 2320 2607 2382 σιλείας
2657 2318 2992 2390 μεταδώσειν
3038 2320 3259 2384 αὐτοῖς·
3316 2318 3522 2389 μᾶλλον
3559 2318 3617 2373 δὲ
3660 2318 3756 2373 καὶ
3798 2318 3974 2386 ἀμφω

2397 2414 2578 2485 σαφής
2611 2415 2728 2467 ἔστι
2773 2413 3132 2485 βλασφημίαο
3185 2413 3347 2467 τοῦτο
3402 2413 3523 2483 μὲν,
3563 2412 3639 2476 ὡς
3686 2410 3972 2473 παντελῶς

2395 2504 2745 2577 ἀρνουμένων
2794 2504 2895 2576 τὴν
2951 2505 3335 2575 μακαριότητα
3380 2502 3489 2557 τῶν
3536 2503 3746 2570 ἁγίων·
3777 2502 3963 2554 ἐκεῖνο

2395 2595 2475 2659 δὲ,
2508 2596 2584 2661 ὡς
2623 2595 2693 2648 τὰ
2740 2595 2852 2648 τῶν
2895 2594 3271 2667 ἀρνουμένων,
3328 2593 3645 2648 ποιούντων.
3696 2591 3804 2656 Οὓς
3858 2593 3974 2661 γὰρ

2397 2684 2540 2742 εἶναι
2578 2687 2898 2743 πιστεύουσι
2930 2687 3258 2758 μακαρίους,
3300 2688 3374 2749 ὡς
3410 2687 3470 2740 ἐν
3500 2687 3636 2739 υἱῶν
3682 2686 3849 2755 μοίρᾳ
3883 2701 3977 2737 τε·

2396 2782 2728 2852 ταγμένους,
2780 2782 2877 2836 καὶ
2907 2783 3003 2852 τῆς
3047 2780 3325 2851 βασιλείας
3371 2780 3543 2849 αὐτῆς
3576 2776 3973 2848 κληρονόμους,

2397 2874 2626 2940 τούτους
2656 2876 2787 2938 ἴσως
2803 2872 2871 2929 ἂν
2890 2873 3221 2944 ἁγεράστοις
3250 2874 3347 2927 καὶ
3373 2872 3662 2943 ἀτιμήτοις
3688 2870 3779 2923 καὶ
3802 2869 3975 2921 ὑπευ-

2399 2965 2608 3033 θύνοις,
2643 2965 2713 3020 δι’
2743 2961 2819 3021 ὧν
2857 2966 3086 3019 τοιαῦτα
3116 2966 3256 3037 ὑπὲρ
3284 2965 3468 3019 αὐτῶν
3514 2964 3758 3030 ἀξιοῦσιν
3811 2962 3975 3032 εὔχε-

2402 3058 2550 3125 σθαι,
2586 3057 2986 3131 μαρτυροῦσιν.
3020 3055 3178 3110 Οὕτω
3210 3056 3310 3126 μὲν
3340 3055 3434 3109 οὖν
3466 3054 3645 3108 αὐτῶν
3681 3054 3844 3106 ἕνεκα
3865 3052 3977 3104 τῶν

2400 3152 2769 3220 πραγμάτων,
2806 3153 3011 3206 ἄτοπον
3057 3149 3202 3206 εἶναι
3252 3150 3607 3220 φαίνεται,εἱ’
3630 3169 3714 3215 τις
3761 3152 3979 3221 νομίζει

2401 3242 2501 3311 τὴν
2531 3242 2672 3313 ὑπὲρ
2721 3242 2831 3295 τῶν
2861 3244 3034 3312 ἁγίων
3064 3244 3216 3315 παρὰ
3247 3243 3348 3314 τῆς
3390 3243 3722 3315 Ἐκκλησίας
3772 3245 3854 3304 εἰς
3883 3243 3980 3295 τὸν

2399 3331 2536 3387 Θεὸν
2566 3335 2889 3407 προσφορὰν
2935 3337 3141 3390 ἱκέσιον
3170 3330 3335 3389 εἶναι.
3368 3336 3597 3404 Ἰδωμεν
3625 3334 3683 3387 δὲ
3715 3334 3807 3388 καὶ
3835 3335 3980 3387 αὺτά

2401 3422 2473 3476 τὰ
2510 3424 2755 3494 ῥήματα.
2788 3442 2807 3475 ι
2849 3422 2975 3477 Ἔτι
3007 3423 3363 3494 προσάγομέν
3393 3439 3477 3476 σοι
3505 3422 3734 3491 λογικὴν
3766 3421 3981 3487 ταύτην

2402 3512 2662 3584 λατρείαν
2693 3515 2835 3585 ὑπὲρ
2864 3514 2972 3569 τῶν
3005 3516 3063 3569 ὲν
3094 3514 3275 3568 πίστει
3310 3512 3809 3583 ἀναπαυσαμένων,
3844 3530 3985 3584 προ-

2404 3606 2683 3675 πατόρων,
2726 3606 3107 3677 πατριαρχῶν,
3153 3606 3471 3675 προφητῶν,
3506 3606 3851 3671 ἀποστόλων,
3880 3623 3984 3674 κη-

2405 3696 2613 3770 ρύκων,
2643 3696 3071 3767 εὐαγγελιστῶν,
3101 3696 3398 3768 μαρτύρων
3420 3737 3436 3761 ,
3478 3698 3857 3769 ὁμολογητῶν,
3890 3701 3985 3764 ἑγ-

2402 3788 2742 3861 κρατευτῶν,
2790 3790 2886 3844 καί⁵
2915 3788 3119 3852 παντὸς
3168 3787 3481 3859 πνεύματος
3516 3791 3575 3844 ὲν
3604 3789 3787 3844 πίστει
3815 3808 3987 3844 τετε-

2405 3878 2744 3947 λειωμένου·
2797 3879 3114 3949 ἐξαιρέτως,
3170 3880 3272 3949 τῆς
3327 3880 3626 3948 παναγίας,
3679 3883 3984 3953 ἀχράντου,

2408 3970 2958 4040 ὐπερευλογημένης,
2997 3973 3209 4036 ἐνδόξου
3250 3972 3557 4043 Δεσποίνης
3606 3973 3766 4045 ἡμῶν
3789 3974 3989 4029 Θεοτό-

2408 4080 2528 4129 κου,
2560 4064 2657 4118 καὶ
2691 4064 3058 4135 ἀειπαρθινου
3102 4065 3344 4137 Μαρίας,
3382 4064 3479 4119 τοῦ
3525 4066 3684 4135 ἁγίου
3733 4064 3986 4122 Ἰωάννου

2408 4154 2504 4207 τοῦ
2552 4157 2843 4226 προφήτου
2884 4157 2980 4210 καὶ
3012 4156 3326 4211 Βαπτιστοῦ
3368 4158 3465 4211 καὶ
3497 4158 3843 4229 Προδρόμου,
3875 4162 3992 4214 τῶν

2409 4246 2584 4315 ἁγίων
2606 4250 2702 4302 καὶ
2723 4249 2975 4319 πανευφή
2986 4265 3102 4319 μων
3130 4250 3469 4315 ἀποστόλων,
3496 4251 3599 4304 καὶ
3627 4253 3848 4306 πάντων
3880 4255 3990 4306 τῶν

2413 4342 2611 4409 ἁγίων,
2654 4334 2730 4396 ὧν
2763 4344 2883 4405 ταῖς
2941 4340 3177 4405 ἱκεσίαις
3215 4340 3513 4412 ἐπίσκεψαι
3560 4343 3706 4421 ἡμᾶς
3752 4342 3782 4395 ὸ
3828 4345 3989 4407 Θεὸς,

2415 4434 2512 4483 καί
2552 4432 2831 4502 μνήσθητι
2862 4431 3084 4485 πάντων
3112 4431 3221 4485 τῶν
3250 4431 3673 4501 κεκοιμημένων
3698 4432 3786 4484 ἐπ’
3807 4432 3989 4486 ἐλπίδι

750 4520 852 4572 etis
874 4520 936 4571 ad
966 4521 1128 4574 Deum
1153 4523 1496 4589 supplicatio,
1521 4541 1618 4579 nec
1636 4528 1717 4580 eis
1739 4530 1994 4583 sacerdos
2012 4532 2306 4600 quidquam
2345 4556 2369 4611 ι

2414 4525 2788 4585 ἀναστάσεως,
2849 4523 2948 4574 καὶ
2996 4521 3147 4592 ζωῆς
3195 4522 3455 4575 αἰωνίου·
3512 4521 3611 4575 καὶ
3667 4522 3992 4577 ἀνάπαυσον

751 4623 1067 4665 consuetum
1114 4625 1383 4681 precatur.
1408 4614 1510 4669 Sed
1539 4619 1769 4673 aliorum
1811 4621 2027 4690 quidem
2071 4623 2308 4677 fidelium

752 4702 843 4769 qui
889 4703 1240 4769 dormierunt,
1275 4705 1484 4762 faciens
1516 4711 1854 4774 memoriam,
1898 4712 2082 4765 statim
2117 4712 2318 4781 adjicit

754 4806 849 4860 pro
897 4793 974 4845 eis
1024 4795 1348 4849 orationem.
1375 4816 1393 4847 ι
1428 4797 1535 4851 Fac
1563 4815 1677 4861 eos,
1722 4801 1918 4868 inquit,
1953 4803 2317 4871 requiescere.

756 4885 843 4935 nhi
877 4885 1095 4953 respicit
1121 4887 1300 4941 lumen
1332 4889 1510 4943 vultus
1545 4891 1641 4945 tui.
1676 4910 1693 4941 ι
1721 4890 1776 4945 In
1804 4894 2009 4948 sanctis
2037 4905 2216 4949 autem
2241 4905 2321 4949 to-

759 4986 868 5028 tum
893 4986 973 5029 est
1000 4979 1353 5034 contrarium.
1382 4979 1501 5034 Non
1526 4983 1671 5037 enim
1692 4998 1790 5051 pro
1811 4984 1889 5037 eis
1910 4982 2040 5039 facit
2062 4984 2324 5040 interces-

758 5067 989 5133 sionem,
1019 5070 1112 5123 sed
1145 5069 1293 5139 ipsos
1317 5074 1496 5140 potius
1520 5073 1906 5131 intercessores
1955 5078 2164 5132 statuit.
2184 5077 2321 5134 Cum

760 5160 900 5211 enim
954 5161 1197 5228 dixisset,
1260 5176 1311 5217 et
1354 5173 1571 5221 sanctos
1623 5167 2054 5234 adnnmerasset,
2113 5169 2322 5237 adjicit:

766 5268 784 5299 ε
819 5252 1056 5315 Quorum
1079 5251 1553 5311 intercessioxiibus
1574 5258 1727 5311 visita
1761 5273 1882 5324 nos,
1914 5259 2075 5315 Deus.
2119 5279 2137 5311 ι
2172 5260 2325 5326 Quod

762 5350 941 5393 autem
973 5342 1205 5397 maxime
1240 5347 1479 5402 ostendit
1514 5364 1619 5403 non
1656 5352 1971 5406 orationem
2005 5353 2243 5423 aliquam
2272 5360 2327 5406 et

763 5434 1232 5501 supplicationem,
1264 5439 1354 5492 sed
1388 5454 1484 5508 pro
1516 5444 1719 5496 sanctis
1737 5443 2033 5512 gratiarum
2062 5445 2326 5498 actionem

767 5540 886 5582 esse
919 5526 1031 5581 haec
1062 5529 1243 5594 verba,
1297 5536 1437 5600 quod
1488 5536 1649 5589 etiam
1697 5537 1786 5591 Dei
1833 5537 2001 5591 Mater
2049 5539 2101 5592 in
2148 5554 2212 5594 eo
2242 5556 2334 5593 ca-

772 5620 949 5689 talogo
998 5622 1239 5689 ponitur.
1272 5621 1455 5691 Neque
1488 5627 1630 5681 enim
1692 5637 2003 5698 poneretur,
2036 5631 2079 5683 si
2140 5632 2187 5685 is
2204 5631 2333 5685 cho—

774 5727 871 5766 rus
899 5711 1079 5780 aliqua
1121 5714 1509 5772 intercessione
1548 5730 1747 5789 egeret,
1794 5729 1850 5773 ut
1906 5737 2025 5790 qua:
2073 5731 2155 5776 est
2193 5722 2332 5777 ultra

770 5820 992 5863 omttcm
1025 5805 1490 5877 intercessionem,
1520 5828 1623 5868 non
1651 5814 1821 5869 solum
1857 5814 2105 5871 humana:
2131 5816 2331 5871 liierar-

2414 4618 2554 4670 ὅπου
2587 4617 2883 4668 ὲπισκοπεί
2902 4616 2961 4666 τὸ
2988 4614 3109 4681 φῶς
3126 4614 3225 4667 τοῦ
3251 4614 3551 4685 προσώπου
3590 4614 3705 4670 σοῦ.
3738 4634 3757 4666 ι
3803 4615 3995 4670 Ταῦτα
4028 4684 4029 4687 η

2416 4708 2486 4761 τά
2509 4709 2732 4779 ῥήματα
2756 4708 2814 4759 ἐν
2839 4705 2918 4769 οἷς
2938 4707 3168 4777 οὐδεμία
3188 4706 3505 4778 περιέχεται
3532 4707 3790 4778 περὶτῶν
3819 4709 3994 4774 ἁγίων

2423 4801 2559 4870 πρὸς
2611 4800 2703 4854 τὸν
2734 4800 2868 4854 Θεὸν
2921 4801 3122 4861 ἱκεσία,
3170 4800 3295 4854 οὐδὲ
3334 4799 3559 4870 εῦχεται
3608 4801 3638 4852 δ
3673 4801 3854 4870 ἱερεὺς
3885 4801 3998 4855 τῶν

2423 4891 2689 4945 εἰωθότων
2713 4890 2884 4945 οὐδέν.
2903 4890 3064 4943 Ἀλλά
3091 4891 3202 4943 τῶν
3237 4890 3338 4958 μὲν
3366 4890 3543 4945 ἄλλων
3574 4891 3998 4959 κεκοιμημένων

2424 4983 2633 5037 πιστῶν
2683 4982 3091 5054 μεμνημένους,
3123 4980 3287 5044 εὐθὺς
3321 4980 3680 5051 προστίθησιν
3726 4981 3827 5050 τὴν
3857 4982 4001 5053 ὑπὲρ

2424 5076 2632 5129 τούτων
2684 5076 2872 5143 εὐχὴν.
2907 5092 2929 5126 ι
2980 5072 3323 5127 ’Λνάπαυσον
3376 5072 3486 5143 γὰρ
3536 5072 3755 5139 αὐτοὺς,
3806 5074 4001 5140 φησὶν,

2427 5168 2561 5219 ὅπου
2589 5167 2881 5219 ἐπισκοπεῖ
2905 5166 2967 5217 τὸ
3002 5166 3115 5232 φῶς
3144 5164 3237 5217 τοῦ
3273 5163 3572 5234 προσώπου
3618 5180 3735 5217 σου.
3783 5182 3800 5213 ι
3842 5164 4006 5217 Ἐστι

2427 5257 2485 5310 δὲ
2515 5258 2625 5311 τῶν
2656 5256 2827 5325 ἁγίων
2859 5254 3177 5310 τούναντίον
3219 5256 3388 5309 ἁπαν.
3433 5254 3509 5307 Οὐ
3544 5254 3654 5323 γὰρ
3701 5254 4007 5320 πρεσϐείαν

2431 5349 2574 5420 ὑπὲρ
2604 5350 2785 5403 αὐτῶν
2826 5350 3086 5412 ποιεῖται,
3123 5346 3239 5400 ἀλλ’
3278 5346 3476 5409 αὐτοὺς
3522 5344 3728 5413 μᾶλλον
3761 5345 4008 5412 προδάλ-

2432 5441 2586 5495 λεται
2638 5442 2922 5511 πρέσϐεις.
2976 5438 3163 5494 Εἰπὼν
3196 5438 3307 5509 γὰρ
3359 5437 3455 5491 καὶ
3505 5436 3825 5508 ἀριθμήσας
3880 5439 4010 5500 τοὺς

2432 5533 2625 5602 ἁγίους
2652 5573 2667 5597 ,
2717 5533 2940 5601 ἐπάγει,
2981 5549 2999 5583 t
3040 5526 3140 5583 Ὧν
3170 5534 3293 5592 ταῖς
3344 5530 3662 5601 πρεσϐείαις
3708 5528 4012 5597 ἐπίσκεψαι

2435 5629 2609 5698 ἡμᾶς,
2642 5628 2669 5679 ὁ
2697 5626 2847 5687 Θεός.
2879 5644 2895 5675 ι
2938 5624 3004 5677 '0
3034 5623 3092 5677 δὲ
3130 5623 3373 5692 μάλιστα
3409 5622 3706 5688 δείκνυσιν,
3734 5623 3797 5675 οὐ
3822 5622 4013 5691 δέησίν

2435 5738 2556 5773 τινα
2587 5718 2684 5772 καὶ
2716 5720 2952 5782 ἱκεσίαν,
2991 5716 3105 5769 ἀλλ’
3134 5715 3487 5784 εὐχαριστίαν
3521 5714 3661 5781 ὑπὲρ
3686 5714 3796 5766 τῶν
3834 5714 4012 5782 ἁγίων

2438 5806 2579 5865 εἶναι
2614 5811 2785 5865 ταῦτα
2816 5808 2880 5863 τὰ
2916 5808 3160 5880 ῥήματα,
3190 5806 3270 5859 ὅτι
3306 5806 3397 5861 καί
3434 5806 3467 5875 ή
3504 5802 3594 5857 τοῦ
3630 5804 3765 5869 Θεοῦ
3800 5805 4006 5876 Μήτηρ
