4272 6446
292 384 397 446 477
1484 394 1881 458 LiTURGLE
1925 397 2352 461 EXPOSiTlO.
3422 396 3529 473 478

282 495 348 547 ὲν
374 495 558 567 τούτῳ
602 499 681 568 τῷ
711 501 1000 574 καταλόγῳ
1035 504 1290 560 τάττεται
1315 524 1328 539 ·
1363 509 1424 561 οὐ
1472 510 1577 581 γὰρ
1612 510 1680 564 ἀν
1711 511 1861 564 ὲτάτ-
1894 519 1937 576 Α
1966 539 1969 557 ‹

1835 530 1861 553 ὀ
1894 519 1937 576 Α
1966 511 2121 575 εΙιίοε,
2175 515 2266 568 sed
2316 514 2478 568 etiam
2533 513 2876 584 angelorum,
2912 530 3037 570 cum
3076 516 3146 571 sit
3171 514 3302 586 ipsis
3362 518 3522 571 etiam

279 604 432 652 τετο,
456 591 505 641 εί
540 593 822 659 μεσιτείας
846 595 991 657 τινὸς
1034 597 1062 650 6
1110 600 1269 669 χορὸς
1298 595 1450 662 οὗτος
1500 604 1688 669 ἐδεῖτο,
1719 604 1753 673 ἦ
1790 621 1853 670 γε
1962 620 1966 656 i

1841 621 1853 656 ι
1962 603 2320 658 sanctissimis
2347 605 2618 659 mentibus
2642 607 3140 673 incomparabiliter
3158 608 3415 661 sanctior.
3438 609 3528 660 Αι-

280 680 469 749 πάσης
499 682 653 734 ἐστὶν
678 685 940 739 ἐπέκεινα
966 690 1271 756 μεσιτείας,
1294 694 1354 745 οὐ
1383 694 1477 762 τῆς
1506 696 1854 764 ἀνθρωπίνης
1962 716 1967 744 ε

1836 714 1854 760 ς
1962 696 2051 763 qui
2088 694 2335 750 Christus
2364 706 2464 761 est,
2491 697 2794 767 inquit,qui
2819 698 2921 752 hoc
2946 699 3151 766 peragit
3172 698 3523 753 sacriﬁcium.

282 774 451 839 μόνον
480 774 791 845 ίεραρχίας,
829 778 963 831 ἀλλά
993 783 1087 833 καὶ
1120 782 1223 850 τῆς
1248 784 1354 837 τῶν
1381 786 1652 853 ἀγγέλων,
1686 790 1759 849 ὡς
1791 788 1856 840 ἂν
1962 793 1969 833 i

1837 804 1856 840 ν
1962 786 2102 851 Quid
2132 802 2262 855 ergo
2290 788 2506 852 mirum,
2535 789 2597 853 si';
2619 789 2778 843 etiam
2815 804 2911 858 pro
2937 788 3141 842 sanctis
3171 798 3223 842 ct
3249 787 3419 841 Matre
3443 789 3524 840 in-

281 863 379 913 καὶ
432 865 613 918 αὐτῶν
664 863 801 920 οὖσα
852 870 961 921 τῶν
1010 871 1272 928 ἀνωτάτω
1325 876 1461 928 νόων
1508 876 1858 947 ἀσυγκρίτως
1966 892 1968 925 1

1966 878 2271 931 tercesserit
2301 878 2323 930 3
2358 877 2459 931 Sed
2492 878 2594 933 hoc
2627 880 2829 933 nullam
2881 880 3038 933 habet
3072 882 3357 933 rationem.
3410 878 3526 931 Non
3591 886 3594 890 ‘

282 956 592 1024 ἁγιωτέρα.
620 961 729 1013 Καὶ
759 964 867 1031 μὴν
899 966 927 1017 6
956 967 1191 1035 Χριστός
1215 971 1351 1033 ἐστι,
1380 968 1566 1038 φησὶν,
1598 970 1625 1020 6
1656 970 1858 1039 ταύτην
1967 998 1969 1011 ι

1836 990 1858 1024 ν
1967 977 2051 1023 est
2078 970 2222 1023 enim
2262 968 2351 1023 hic
2411 970 2604 1024 modus
2655 972 3061 1026 intercessionis
3121 972 3347 1025 Christi.
3401 971 3523 1023 Fuit

278 1048 459 1099 τελῶν
512 1051 846 1121 ἱερουργίαν.
907 1057 975 1109 Τί
1010 1058 1103 1111 οὖν
1149 1058 1463 1126 θαυμαστὸν
1505 1062 1553 1112 εί
1615 1062 1706 1113 καὶ
1746 1063 1859 1122 τοῖς

1836 1078 1859 1122 ς
1965 1061 2111 1114 enim
2140 1062 2470 1115 intercessor
2524 1060 2613 1115 Dei
2648 1072 2701 1114 et
2742 1064 3042 1126 hominum,
3072 1063 3164 1116 sed
3206 1077 3313 1117 non
3346 1063 3523 1115 verbis

279 1139 465 1203 ἁγίοις
494 1145 589 1195 καὶ
612 1145 750 1214 αὐτῇ
779 1149 1121 1216 μεσιτεύσειε
1147 1154 1211 1219 τῇ
1242 1152 1425 1221 Μητρί
1452 1169 1466 1214 ;
1507 1153 1650 1206 Ἀλλ’
1672 1154 1861 1207 οὐδένα
1965 1183 1966 1190 ι

1835 1172 1861 1207 ι
1965 1152 2288 1218 quibusdam
2307 1161 2360 1205 et
2391 1153 2660 1221 precibus,
2689 1151 2782 1206 sed
2807 1154 3004 1219 seipso,
3025 1167 3217 1221 nempe
3246 1153 3522 1221 quodcum

278 1233 443 1286 τοῦτο
497 1236 656 1304 λόγον
710 1238 845 1309 ἔχει.
880 1243 955 1294 Οὐ
1004 1243 1115 1312 γάρ
1140 1238 1294 1307 οὗτος
1336 1243 1365 1295 6
1401 1245 1601 1315 τρόπος
1632 1245 1733 1314 τῆς
1764 1245 1859 1299 τοῦ
1964 1288 1965 1295 η

1839 1245 1859 1299 3
1964 1242 2105 1297 Deus
2142 1253 2197 1298 et
2227 1246 2392 1298 homo
2428 1255 2593 1307 esset,
2643 1244 2810 1298 Deum
2875 1245 3189 1299 hominibus
3243 1246 3526 1313 conjunxit

279 1324 528 1393 Χριστοῦ
563 1333 845 1397 μεσετείας
867 1348 883 1365 ο
922 1337 1153 1404 μεσίτης
1200 1337 1301 1405 μὶν
1329 1338 1436 1405 γὰρ
1467 1336 1857 1407 έγένετοβεοῦ
1959 1355 1966 1385 i

1842 1337 1857 1391 i
1959 1324 2301 1391 communem
2328 1339 2616 1392 terminum
2668 1339 2905 1408 seipsum
2939 1341 3186 1406 utrisque
3211 1336 3529 1390 naturisin-

277 1420 377 1470 ναὶ
413 1420 755 1490 ἀνθρώπων·
783 1426 900 1477 ἀλλ’
932 1429 992 1479 οὐ
1024 1428 1202 1495 λόγοις
1234 1434 1346 1481 τισὶ
1372 1432 1460 1482 καὶ
1496 1430 1709 1495 εὐχαῖς,
1740 1430 1857 1482 ἀλλ’
1954 1430 1964 1498 j

1842 1430 1857 1452 '
1954 1429 2171 1498 jiciens.
2197 1427 2525 1483 Existimare
2572 1441 2753 1484 autem
2792 1430 2992 1499 ipsum,
3047 1444 3142 1497 per
3180 1444 3368 1498 preces
3404 1444 3524 1496 quae

277 1510 491 1578 ἑαυτῷ-
527 1514 611 1567 ὄτι
639 1516 748 1585 γὰρ
775 1516 907 1580 Θεὸς
930 1519 958 1570 6
981 1519 1144 1581 αὐτὸς
1174 1522 1267 1573 καὶ
1295 1523 1579 1591 ἅνθρωπος
1613 1519 1699 1587 ἦν,
1723 1521 1856 1575 Θεὸν
1961 1533 1964 1574 1

1837 1540 1856 1574 ν
1961 1521 2099 1575 ﬁunt
2130 1521 2506 1584 in'sacriiicio,
2556 1537 2769 1591 semper
2827 1522 3185 1583 intercedere,
3242 1530 3324 1575 est
3377 1520 3524 1574 omni

274 1600 600 1669 ἀνθρώποις
634 1608 866 1675 συνῆψε,
894 1609 1075 1661 κοινὸν
1105 1610 1232 1679 ὅρον
1279 1611 1471 1664 ἑαυτὸν
1514 1611 1861 1681 ἀμφοτέραις
1958 1612 1961 1623 ⁴

1350 1611 1471 1663 υτδν
1514 1611 1861 1681 ἀμφοτέραις
1958 1611 2303 1681 blasphemia
2343 1624 2397 1667 et
2432 1613 2769 1667 absurditate
2793 1614 3035 1682 plenum.

273 1697 396 1755 ταῖς
434 1697 667 1762 φύσεσνιν
724 1702 1000 1769 ἐμϐαλών.
1047 1704 1120 1757 T6
1169 1706 1225 1759 δὲ
1257 1707 1500 1775 νομίζειν
1554 1708 1718 1761 αὐτὸν
1765 1707 1855 1759 διὰ
1890 1707 1999 1760 τῶν
2034 1709 2093 1761 ὲν
2122 1711 2189 1780 τῇ
2227 1710 2508 1781 ἱερουργία
2533 1709 2704 1779 εὐχῶν
2733 1709 2823 1763 ἀεὶ
2888 1709 3213 1779 μεσιτεύειν,
3285 1706 3530 1778 βλασφη-

274 1792 413 1860 μίας
444 1793 668 1863 ἀπάσης
700 1796 797 1850 καὶ
830 1798 1063 1863 ἀτοπίας
1091 1802 1209 1855 ἐστὶ
1240 1804 1462 1871 μεστόν.

350 1885 414 1936 Εἰ
448 1885 557 1955 γάρ
588 1888 683 1939 καὶ
728 1890 893 1953 αὐτός
924 1892 1074 1945 ἔστιν
1106 1895 1134 1945 6
1164 1894 1335 1947 τελῶν
1375 1896 1475 1966 τὴν
1515 1895 1850 1966 ἱερουργίαν.
1888 1898 1930 1954 Β
2028 1892 2037 1946 Ῑ

1843 1936 1850 1956 ,
1888 1898 1930 1954 Β
2028 1892 2141 1949 Etsi
2170 1895 2449 1963 enitnipse
2474 1895 2665 1962 estqui
2700 1894 2906 1964 peragit
2926 1894 3277 1958 sacriﬁcium,
3300 1909 3405 1949 non
3449 1905 3530 1949 ta-

272 1975 395 2027 ἀλλ’
428 1978 491 2027 οὐ
525 1978 707 2031 πάντα
750 1980 819 2034 τά
843 1984 961 2035 ἐκεῖ
989 1986 1251 2054 γινόμενα
1278 1988 1371 2040 καὶ
1397 1987 1673 2055 λεγόμενα
1703 1988 1853 2059 αὐτῷ
1956 2003 1959 2039 1

1839 1989 1853 2040 ὃ
1956 2001 2079 2041 men
2117 1987 2298 2040 omnia
2329 2001 2450 2056 qua!
2475 1987 2584 2041 illic
2610 1987 2864 2041 dicuntur
2891 1998 2948 2042 et
2974 1975 3130 2049 ﬁunt,
3163 1989 3209 2041 ci
3261 1988 3526 2042 attribue-

272 2068 652 2139 ἀναθήσομεν.
686 2072 761 2126 Τὸ
793 2074 893 2142 μέν
935 2075 1046 2145 γὰρ
1097 2076 1257 2148 ἔργον
1288 2078 1388 2147 τῆς
1439 2082 1848 2150 μυσταγωγίας,
1955 2096 1959 2131 ι

1842 2124 1848 2146 ,
1955 2094 2095 2133 mus.
2120 2078 2357 2150 Mysterii
2380 2080 2522 2133 enim
2576 2095 2712 2147 opus
2738 2089 2788 2133 et
2820 2080 2999 2139 finem,
3053 2080 3350 2133 sacrificari
3389 2081 3529 2133 scili-

274 2160 375 2211 καὶ
437 2162 501 2213 τὸ
536 2163 714 2231 τέλος,
749 2167 871 2236 ἦτοι
927 2169 987 2221 τὸ
1032 2170 1362 2239 ἀγιασθῆναι
1416 2174 1483 2227 τὰ
1534 2174 1703 2243 δῶρα,
1758 2176 1852 2228 καὶ
1959 2202 1961 2212 ι

1837 2177 1852 2228 ι
1959 2182 2046 2226 cet
2083 2182 2137 2226 et
2175 2172 2733 2235 sanctiﬁcariiideles,
2790 2175 2902 2241 ipse
2952 2183 3033 2227 est
3077 2175 3226 2228 solus
3257 2175 3348 2237 qui
3399 2190 3524 2241 per-

274 2251 508 2317 ἀγιάσαι
551 2256 681 2319 τούς
719 2260 969 2327 πιστοὺς,
1011 2263 1173 2326 αὐτός
1232 2266 1347 2317 ἐστι
1390 2268 1551 2335 μόνος
1587 2268 1615 2320 6
1662 2268 1851 2323 τελῶν.

274 2349 342 2398 Αἰ
383 2348 439 2399 δὲ
478 2352 609 2416 περὶ
657 2350 868 2407 τούτων
897 2355 1055 2424 εὐχαὶ
1104 2359 1198 2410 καὶ
1238 2358 1456 2426 δεήσεις
1499 2362 1594 2412 καὶ
1627 2360 1850 2424 ίκεσίαι,

273 2439 373 2491 τοῦ
407 2441 599 2509 ἱερέως
624 2461 637 2474 ·
669 2447 851 2499 ἐκεῖνα
888 2450 983 2515 μὲν
1011 2450 1116 2521 γὰρ
1145 2452 1425 2517 δεσπότου,
1456 2454 1627 2507 ταῦτα
1656 2454 1712 2508 δὲ
1735 2455 1855 2508 60'3-

272 2534 408 2586 λου·
452 2539 548 2589 καὶ
582 2539 612 2589 6
665 2537 767 2606 μὲν
802 2539 1042 2609 εὔχεται,
1089 2544 1117 2596 6
1166 2543 1222 2596 δὲ
1258 2544 1457 2598 τελειοῖ
1511 2545 1607 2608 τὰς
1638 2548 1803 2615 εὐχάς
1834 2563 1847 2575 ·

276 2629 376 2680 καὶ
408 2630 435 2680 6
467 2630 568 2696 μὲν
602 2632 798 2702 Σωτὴρ
823 2634 1060 2698 δίδωσιν,
1089 2638 1116 2689 6
1147 2636 1202 2690 δὲ
1234 2639 1417 2706 ίερεὺς
1455 2638 1596 2710 ὐπὶρ
1625 2640 1733 2693 τῶν
1766 2641 1855 2694 δο-

276 2717 493 2773 θέντων
518 2723 866 2793 εὐχαριστεί·
899 2727 995 2778 καὶ
1026 2728 1054 2779 6
1084 2728 1184 2796 μὲν
1218 2730 1399 2798 ίερεὺς
1426 2732 1713 2800 προσάγει.
1740 2733 1768 2783 6
1796 2731 1851 2784 δὲ

275 2810 491 2881 Κυριος
518 2814 803 2885 ἐκδέχεται
844 2817 913 2870 τὰ
946 2818 1098 2888 δῶρα
1117 2836 1132 2852 ο
1164 2821 1463 2890 προσφέρει
1508 2822 1605 2890 μὲν
1629 2823 1738 2893 γὰρ
1760 2824 1855 2875 καὶ

275 2904 307 2956 6
358 2904 593 2974 Κύριος,
630 2907 747 2960 ἀλλ’
800 2907 994 2962 ἑαυτὸν
1042 2908 1121 2979 τῷ
1172 2910 1401 2980 Πατέρι,
1449 2912 1542 2965 καὶ
1592 2914 1661 2964 τά
1708 2912 1857 2984 δῶρα

276 2994 480 3058 ταῦτα,
509 2997 641 3050 ὅταν
674 2998 837 3062 αὐτὸς
860 3000 1143 3065 γένωνται,
1168 3001 1297 3054 ὅταν
1323 3004 1402 3063 είς
1428 3002 1490 3054 τὸ
1510 3002 1674 3056 αὐτοῦ
1697 3003 1857 3073 σῶμα

277 3087 379 3139 καὶ
414 3082 553 3154 αἷμα
592 3089 1033 3158 μεταϐληθὼσιν.
1067 3092 1189 3145 Ὀτι
1224 3093 1331 3163 γὰρ
1379 3094 1574 3147 ἑαυτὸν
1621 3095 1857 3164 προσφέ-

280 3194 389 3245 ρει.
423 3178 515 3232 διά
545 3179 711 3233 τοῦτο
742 3176 882 3234 εἶναι
906 3182 1124 3250 λέγεται
1157 3186 1184 3234 6
1205 3186 1367 3247 αὐτὸς
1392 3186 1484 3239 καὶ
1509 3188 1853 3256 προσφέρων,

274 3270 375 3322 καὶ
425 3271 900 3341 προσφερόμενος,
948 3275 1043 3327 καὶ
1097 3275 1565 3345 προσδεχόμενοςο
1617 3278 1847 3346 προσφέ-

274 3379 393 3429 ρων
425 3362 548 3431 μὲν,
587 3364 678 3416 καὶ
716 3365 1177 3435 προσδεχόμενος,
1224 3368 1301 3431 ὼς
1346 3368 1514 3431 Θεός·
1549 3371 1860 3439 προσφερὸ-

277 3471 445 3524 μενος
471 3454 528 3507 δὲ
558 3454 635 3517 ὡς
668 3454 957 3526 ἄνθρωπος
979 3473 993 3488 ’
1023 3457 1189 3525 ἄρτον
1216 3458 1272 3511 δι
1322 3461 1417 3511 καὶ
1442 3454 1588 3512 οἶνον
1617 3459 1698 3511 ἔτι
1732 3458 1860 3512 ὅντα

270 3546 345 3599 τὰ
368 3545 547 3616 δῶρα,
580 3548 887 3617 προσφέρει
931 3550 1034 3617 μὶν
1063 3549 1091 3600 6
1124 3549 1324 3618 ἱερεὺς,
1356 3550 1716 3619 προσδέχεται
1745 3550 1803 3603 δὲ
1832 3551 1861 3602 6

274 3637 513 3703 Κύριος.

353 3731 467 3782 Καὶ
497 3730 553 3781 τί
602 3730 777 3783 ποιῶν
814 3730 883 3784 τά
929 3730 1077 3800 δῶρα
1138 3732 1539 3803 προσδέχεταις
1592 3731 1861 3800 Ἀγιάζων

272 3820 440 3880 αὐτὰ.
481 3823 563 3885 είς
616 3822 677 3875 τὸ
728 3822 896 3876 αὐτοῦ
951 3823 1109 3891 σῶμα
1143 3827 1239 3879 καὶ
1288 3820 1431 3893 αἷμα
1485 3824 1857 3895 μεταϐάλλων.

274 3914 456 3969 Τοῦτο
511 3916 622 3987 γὰρ
675 3916 737 3968 τὸ
786 3916 1062 3986 δέχεσθαι,
1112 3916 1174 3970 τὸ
1210 3915 1570 3982 οἰκειοῦσθαι,
1622 3920 1862 3974 κατὰτὰ

271 4006 666 4078 προειρημένα
691 4023 707 4038 ·
744 4001 899 4071 οὗτος
922 4008 950 4061 6
977 4006 1181 4079 τρόπος
1213 4006 1340 4061 καθ’
1367 4008 1428 4062 δν
1452 4009 1481 4062 6
1504 4008 1735 4080 Χριστὸς
1764 4008 1863 4079 τὴν

274 4094 602 4169 εερουργίαν
655 4097 864 4167 ταύτην
898 4100 1214 4167 ίερουργείο
1261 4096 1437 4154 ταῦτά
1481 4099 1634 4153 έστιν
1671 4098 1708 4154 ἀ
1762 4100 1864 4173 τὴν

275 4187 594 4257 ἱερωσύνην
629 4187 782 4258 αὐτῷ
814 4190 993 4242 ποιεῖ’
1036 4190 1086 4242 εί
1125 4189 1187 4243 δι
1214 4189 1350 4259 πρὸς
1383 4191 1497 4253 τοῖς
1522 4190 1860 4261 είρημένοις,

270 4282 371 4333 καὶ
403 4281 509 4342 τὰς
543 4281 603 4333 έν
633 4282 699 4351 τῇ
742 4281 1110 4349 μυσταγωγία
1154 4280 1341 4350 εὐχὰς,
1373 4281 1405 4351 ἢ
1448 4281 1629 4344 πάσας
1655 4280 1686 4351 ἢ
1712 4282 1865 4343 τινὰς

266 4371 367 4423 τοῦ
403 4370 651 4439 Χριστοῦ
677 4371 799 4441 θείη
836 4388 922 4433 τις
950 4367 1095 4426 εῖναι
1120 4374 1329 4441 φωνὰς,
1356 4373 1509 4426 οὐδὲν
1536 4374 1677 4426 κατά
1706 4374 1866 4427 τοῦτο

266 4464 472 4516 διοίσει
526 4462 641 4516 τῶν
667 4463 906 4526 ἀσεϐῶν,
936 4464 987 4517 οἳ
1016 4465 1117 4534 τὴν
1171 4464 1330 4529 δόξαν
1360 4465 1527 4518 αὐτοῦ
1578 4467 1863 4537 καθαιρεῖν

1954 2263 2085 2331 agit.
2116 2261 2187 2315 De
2208 2264 2294 2319 his
2316 2273 2493 2319 autem
2524 2280 2711 2333 preces
2730 2275 2856 2320 sunt
2880 2266 3152 2320 orationes
3179 2275 3231 2320 et
3255 2267 3528 2336 supplica—

1955 2355 2133 2410 tiones
2164 2357 2482 2411 sacerdotis.
2515 2357 2607 2411 llla
2634 2358 2778 2410 enim
2810 2366 2937 2411 sunt
2986 2357 3224 2423 Domini,
3266 2358 3381 2411 haec
3404 2372 3532 2411 vero

1955 2450 2093 2505 servi
2121 2468 2135 2515 ;
2173 2456 2226 2504 et
2254 2449 2341 2505 hic
2370 2450 2585 2519 quidem
2618 2458 2888 2519 precatur,
2929 2449 3017 2504 ille
3047 2464 3174 2502 vero
3204 2464 3393 2517 preces
3416 2464 3535 2517 per-

1955 2544 2086 2608 licit;
2111 2553 2163 2597 et
2197 2544 2457 2597 Dominus
2490 2544 2706 2612 quidem
2743 2544 2946 2606 donat,
2982 2544 3239 2596 sacerdos
3268 2556 3395 2594 vero
3438 2557 3532 2607 pro

1957 2635 2025 2690 iis
2056 2650 2176 2705 quae
2207 2635 2331 2690 data
2365 2637 2642 2705 sunt,agit
2672 2636 2872 2705 gratias
2898 2651 2912 2699 ;
2944 2644 2998 2688 et
3029 2634 3285 2688 sacerdos
3312 2632 3530 2702 quidem

1955 2728 2131 2792 oil'ert,
2211 2726 2470 2781 Dominus
2532 2742 2661 2781 vero
2713 2727 2854 2778 dona
2901 2725 3115 2791 accipit.
3168 2722 3334 2777 Olfert
3387 2726 3531 2776 enim

1954 2820 2115 2875 etiam
2170 2819 2451 2882 Dominus,
2484 2818 2575 2871 sed
2626 2818 2867 2886 Seipsum
2912 2814 3085 2879 Patri,
3152 2825 3205 2869 et
3244 2814 3383 2868 dona
3420 2814 3535 2867 brec

1955 2911 2177 2983 quando
2218 2910 2334 2975 ipse
2364 2909 2502 2963 facta
2535 2908 2755 2971 fuerint,
2788 2906 3003 2975 quando
3030 2906 3082 2959 in
3108 2906 3222 2976 ejus
3245 2920 3441 2971 corpus
3483 2909 3535 2955 cl.

1956 3003 2278 3071 sanguinem
2304 3014 2564 3054 conversa
2604 3008 2655 3052 ct
2694 3008 2921 3051 mutata.
2950 2995 3086 3061 Quia
3122 2995 3263 3048 enim
3293 2996 3533 3061 seipsum

1956 3094 2132 3155 oiTert,
2149 3093 2269 3146 ideo
2290 3090 2488 3145 dicitur
2506 3091 2644 3143 idem
2673 3104 2795 3142 esse
2816 3097 2870 3142 et
2890 3089 2982 3155 qui
2998 3087 3122 3141 oiTet
3137 3095 3175 3145 ι’.
3193 3086 3354 3154 etqui
3379 3084 3537 3137 offer-

1960 3193 2047 3237 tur
2060 3195 2110 3235 ct
2128 3182 2377 3250 suscipit,
2410 3179 2875 3248 oﬂcrensquidem
2894 3178 3261 3245 etsuscipicns
3296 3184 3353 3228 ut
3374 3173 3534 3243 Deus.

1958 3274 2172 3327 oblatus
2192 3282 2370 3325 autem
2391 3278 2450 3324 ut
2473 3272 2659 3323 homo.
2683 3269 2886 3321 Panem
2909 3274 3091 3320 autem
3110 3275 3166 3318 et
3185 3265 3391 3327 vinum,
3406 3264 3533 3316 dum

1959 3365 2135 3419 adimo
2176 3363 2317 3416 dona
2354 3370 2503 3425 sunt,
2536 3360 2693 3415 offert
2730 3358 2955 3427 quidem
3009 3356 3279 3416 sacerdos,
3312 3356 3537 3424 suscipit

1961 3467 2140 3510 autem
2168 3438 2453 3509 Doutin'us.
2496 3450 2562 3504 Et
2586 3449 2714 3519 quid
2769 3463 2933 3518 agens
2959 3448 3098 3502 dona
3157 3446 3433 3513 suscipit?
3465 3445 3535 3499 Ea

1962 3549 2334 3612 sanctificans,
2362 3546 2416 3598 in
2446 3558 2606 3598 suum
2645 3556 2847 3611 corpus
2874 3549 2929 3594 et
2944 3539 3264 3609 sanguinem
3290 3546 3530 3593 mutans.

1962 3643 2077 3694 Hoc
2120 3639 2264 3692 enim
2309 3645 2393 3690 est
2453 3634 2750 3702 suscipere,
2808 3630 3089 3700 proprium
3155 3638 3209 3682 et
3268 3627 3535 3682 iandliare

1961 3734 2193 3797 edicere,
2227 3739 2282 3786 ut
2314 3730 2517 3785 dictum
2550 3737 2656 3783 est.
2685 3724 2784 3779 Hic
2803 3730 2887 3780 est
2923 3719 3115 3779 modus
3141 3738 3251 3797 quo
3284 3723 3535 3777 Christus

1965 3827 2067 3880 hoc
2095 3824 2422 3880 sacriﬁcium
2456 3820 2713 3875 celebrat.
2742 3816 2867 3872 llaec
2901 3823 3031 3875 sunt
3051 3830 3171 3884 qua
3193 3815 3241 3870 ei
3271 3813 3531 3868 sacerdo-

1965 3920 2100 3973 tium
2143 3918 2508 3973 constituunt.
2568 3914 2625 3970 Si
2658 3920 2839 3976 autem
2878 3918 3075 3982 9mm
3124 3922 3189 3963 ea
3222 3922 3341 3975 qua:
3390 3905 3534 3960 dicta

1965 4016 2111 4071 sunt,
2139 4006 2301 4061 etiam
2330 4004 2607 4058 orationes
2631 4016 2754 4071 quae
2777 3995 2911 4055 iiuut
2936 3998 2988 4052 in
3017 3994 3263 4068 mysterii
3289 3993 3534 4049 celebra-

1967 4099 2135 4161 tione,
2154 4097 2236 4151 vel
2258 4110 2449 4151 omnes
2498 4094 2582 4150 vel
2607 4094 2819 4163 aliquas
2840 4090 3041 4145 Christi
3068 4102 3225 4143 voces
3247 4100 3365 4141 csse
3384 4086 3535 4141 dixe-

1966 4191 2056 4257 rit,
2078 4189 2212 4245 nihil
2241 4191 2292 4244 in
2312 4189 2412 4243 hac
2440 4202 2497 4242 re
2526 4186 2594 4241 ab
2616 4185 2796 4248 impiis
2826 4181 3053 4244 diﬂ'eret,
3078 4179 3171 4247 qui
3197 4179 3314 4249 ejus
3348 4176 3539 4247 εισι-ίαν

1965 4277 2248 4333 detrahere
2276 4274 2392 4331 ausi
2424 4282 2569 4329 sunt.
2605 4271 2742 4341 Lege
2762 4283 2953 4324 omnes
2984 4266 3277 4329 orationes,
3313 4274 3366 4320 et
3391 4264 3538 4317 scies

1966 4370 2130 4425 verba
2204 4369 2293 4424 illa
2351 4367 2536 4422 omnia
2610 4379 2731 4419 esse
2789 4373 3072 4415 servorum
3147 4355 3331 4409 verba.
3393 4354 3533 4419 Lege

1966 4464 2130 4516 etiam
2155 4477 2275 4515 eam
2308 4459 2359 4512 iu
2388 4472 2492 4526 qua
2520 4464 2838 4509 sanctorum
2901 4448 3170 4507 meminit,
3228 4461 3390 4509 quam
3436 4461 3533 4497 au.

268 4557 610 4625 ἐτόλμησαν.
659 4556 967 4622 ’Δνάγνωθι
1000 4558 1101 4619 τὰς
1134 4558 1299 4626 εὐχὰς
1329 4558 1573 4621 ἁπάσας,
1618 4560 1712 4611 καὶ
1744 4540 1864 4628 εἴσῃ
1897 4575 1945 4635 ο

1847 4576 1864 4628 α
1897 4575 1945 4635 D
1968 4554 2097 4608 dent
2124 4552 2343 4607 Christo
2377 4549 2633 4607 tribuere,
2655 4552 2710 4598 et
2742 4541 2984 4597 invenies
3021 4540 3153 4592 nihil
3179 4539 3289 4591 illic
3337 4550 3534 4591 conve-

266 4649 338 4701 τὰ
392 4650 616 4719 ῥήματα
700 4650 885 4702 ἐκεῖνα
939 4650 1118 4704 πάντα
1168 4651 1369 4704 δούλων
1409 4647 1548 4703 εἶναι
1598 4652 1816 4722 ῥήματα
1844 4668 1859 4684 ·

269 4739 563 4806 ἀνάγνωθι
613 4740 710 4793 καὶ
740 4740 952 4810 ταύτην
978 4741 1013 4810 ἢ
1046 4741 1378 4810 μνημονεύει
1428 4741 1537 4794 τῶν
1570 4742 1763 4810 ἁγίων,
1796 4743 1862 4811 ἢν

262 4832 347 4902 τῷ
378 4830 611 4900 Χριστῷ
655 4830 974 4886 ἀνατιθέναι
1016 4833 1285 4901 τολμῶσι,
1324 4832 1421 4885 καὶ
1452 4833 1708 4903 εὑρήσεις
1746 4835 1863 4887 ἐκεῖ

265 4923 431 4975 οὐδὲν
467 4923 571 4991 μὲν
598 4921 701 4991 υἱῷ
754 4922 969 4992 πρέπον
1000 4923 1279 4992 ὁμοτίμῳ,
1320 4924 1498 4976 πάντα
1544 4923 1601 4976 δὲ
1632 4923 1856 4979 δούλων.

265 5016 501 5083 Πρῶτον
561 5013 826 5082 μὲνγὰρ,
880 5013 980 5066 οὐκ
1017 5012 1113 5080 ἀφ’
1164 5014 1283 5076 ἑνὸς
1339 5011 1663 5083 προσώπου,
1719 5014 1857 5066 ἀλλὰ

264 5105 429 5174 κοινὴ
470 5102 570 5155 τοῦ
599 5103 795 5171 γένους
823 5102 975 5154 ἐστὶν
1005 5104 1037 5171 ή
1074 5101 1418 5172 εὐχαριστία,
1460 5104 1553 5155 καὶ
1582 5103 1655 5164 ὼς
1683 5103 1858 5170 ἀμπί-

264 5198 575 5266 τήσαντες,
624 5193 829 5263 καὶμὴ
884 5193 1274 5263 περιοφίιέντες
1303 5193 1407 5245 ὐπὸ
1452 5195 1551 5263 τῆς
1595 5194 1689 5246 τοῦ
1720 5193 1855 5245 Θεοῦ

263 5286 717 5357 φιλανθρωπίας,
767 5286 1188 5356 εὐχαριστοῦσι·
1218 5287 1311 5338 καὶ
1342 5287 1375 5355 ή
1417 5286 1741 5355 εὐχαριστία
1792 5284 1853 5337 οὐ

262 5381 408 5451 πρὸς
440 5381 539 5433 τὸν
567 5380 791 5449 Πατέρα
825 5380 1012 5448 μόνον,
1040 5378 1178 5431 ἀλλά
1207 5381 1300 5432 καὶ
1331 5378 1465 5447 πρὸς
1487 5378 1579 5431 τὸν
1607 5378 1734 5430 Υίδν
1760 5379 1854 5430 αὐ-

258 5474 387 5536 τοῦ,
432 5473 616 5525 καὶτὸ
654 5472 882 5542 Πνεῦμα
923 5472 987 5525 τὸ
1035 5474 1193 5540 ἀγιον
1221 5490 1236 5504 ο
1277 5472 1373 5525 καὶ
1427 5472 1527 5541 τῆς
1577 5468 1669 5523 τοῦ
1714 5471 1852 5524 Θεοῦ

260 5566 521 5635 Μητρὸς,
585 5564 662 5628 ὡς
724 5567 1025 5636 Δεσποίνης
1083 5565 1279 5629 δοῦλοι,
1351 5565 1700 5634 μέμνηνταιο
1754 5565 1849 5617 καὶ

259 5660 390 5719 ταῖς
434 5655 766 5724 πρεσόείαις
793 5656 968 5724 αὐτῆς
1000 5658 1094 5708 καὶ
1132 5655 1243 5707 τῶν
1288 5655 1458 5722 ἀγίων
1512 5655 1611 5723 τῆς
1697 5656 1848 5723 παρὰ

258 5749 361 5800 τοῦ
406 5748 561 5831 Θεοῦ
610 5748 957 5817 ἐπισκέψεως
990 5751 1085 5801 καὶ
1126 5747 1382 5818 προνοίας
1430 5746 1706 5799 αἰτοῦνται
1757 5763 1849 5797 τυ-

260 5841 406 5910 χεῖν.
460 5840 648 5895 Ταῦτα
679 5842 734 5894 δὲ
770 5841 822 5895 τε
866 5841 1046 5895 κοινὸν
1090 5841 1201 5910 ἔχει
1250 5840 1385 5910 προς
1435 5839 1527 5893 τὸν
1583 5838 1678 5892 ἕνα
1731 5838 1840 5891 Κύ-

1971 4648 2090 4701 uire
2139 4643 2296 4706 Filio,
2328 4643 2422 4709 qui
2478 4646 2565 4693 est
2593 4634 2739 4689 Patri
2779 4632 2985 4686 honore
3037 4630 3295 4698 aequalis;
3353 4630 3531 4680 omnia

1969 4749 2150 4793 autem
2184 4747 2490 4790 servorum.
2520 4730 2759 4784 Primum
2792 4730 2935 4781 enim
2964 4738 3073 4778 non
3111 4722 3180 4776 ab
3216 4737 3321 4775 una
3346 4735 3535 4789 perso-

1966 4847 2058 4893 na,
2084 4829 2177 4884 sed
2213 4822 2516 4880 communis
2578 4830 2659 4874 est
2699 4818 2910 4889 generis
2973 4814 3273 4885 gratiarum
3330 4814 3473 4867 actio
3510 4828 3523 4873 ;

1964 4933 2017 4977 et
2050 4931 2108 4975 ut
2167 4921 2262 4988 qui
2321 4919 2639 4985 peccarunt.
2680 4921 2864 4964 etnon
2894 4916 3027 4963 sunt
3052 4904 3294 4974 despecti
3346 4919 3377 4957 a
3439 4903 3529 4955 Dei

1963 5012 2340 5069 misericordia
2372 5019 2425 5062 et
2446 5006 2749 5067 clementia,
2793 5009 2957 5072 agunt
2990 4998 3189 5069 gratias
3215 5006 3305 5062 ;et
3335 4995 3527 5062 gratia-

1965 5123 2081 5162 rum
2115 5106 2254 5159 actio
2290 5118 2394 5157 non
2447 5101 2511 5154 ad
2544 5097 2757 5152 Patrem
2793 5096 2992 5156 solum,
3024 5091 3116 5146 sed
3145 5090 3305 5144 etiam
3336 5087 3402 5139 ad
3441 5084 3528 5139 Fi-

1963 5201 2093 5253 liutn
2131 5198 2245 5267 ejus
2271 5204 2323 5247 et
2353 5202 2602 5247 sanctum
2641 5188 2903 5259 Spiritum
2941 5202 2955 5250 ;
2983 5194 3038 5239 et
3066 5181 3155 5235 Dei
3182 5179 3376 5233 matris
3408 5186 3529 5232 tan-

1960 5302 2121 5356 quam
2153 5286 2384 5339 domina:
2409 5280 2574 5343 servi,
2601 5277 2983 5336 meminerunt,
3010 5278 3061 5325 et
3081 5269 3201 5339 ejus
3230 5276 3284 5321 et
3308 5276 3527 5320 sancto-

1960 5393 2083 5432 rum
2160 5370 2648 5428 iutercessionibus
2680 5406 2695 5431 ,
2745 5373 2804 5420 ut
2853 5379 2883 5417 a
2921 5363 3032 5417 Deo
3098 5360 3403 5421 visitentur,
3463 5362 3519 5407 ct

1958 5483 2146 5525 eorum
2180 5479 2311 5521 cura
2343 5462 2630 5525 habeatur,
2667 5465 2874 5527 petunt.
2899 5454 3024 5508 llaec
3055 5458 3236 5506 autem
3266 5447 3526 5517 quidnam

1957 5575 2245 5617 commune
2272 5558 2470 5613 habent
2513 5567 2635 5609 cum
2689 5565 2798 5603 uno
2845 5548 3072 5603 Domino
3102 5540 3399 5609 unigenito,
3434 5536 3530 5593 Dei

1956 5655 2342 5723 Filio,peccato
2381 5664 2487 5703 non
2519 5645 2777 5709 obnoxio,
2810 5640 3049 5718 omnium
3084 5635 3331 5691 Domino?
3364 5632 3528 5686 «Gra-

1957 5748 2061 5801 tias
2087 5745 2319 5814 agimus,
2353 5740 2547 5809 iuquit,
2579 5736 2695 5801 tibi,
2753 5735 2800 5788 ei
2832 5733 2967 5786 Filio
3005 5740 3099 5785 tuo
3163 5728 3465 5796 unigenito.
3496 5743 3517 5775 ι

1955 5836 2208 5893 Christus
2235 5847 2366 5903 ergo
2399 5829 2602 5901 gratias
2634 5827 2743 5897 agit
2796 5822 2935 5879 Filio
2977 5823 3065 5878 Dei
3115 5819 3417 5891 unigenito,
3467 5827 3531 5872 es
