4272 6446
319 387 429 461 481

322 601 446 664 γεῑν
492 601 797 656 ἀκόλουθόν
825 607 976 658 ἐστιν
1009 607 1070 671 ἐξ
1096 609 1361 677 ἀνάγκης.
1417 613 1515 663 Διὰ
1571 612 1774 678 ταύτην
1807 612 1903 680 τὴν

318 689 464 757 (πὲρ
495 691 602 743 τῶν
642 693 818 760 ἁγίων
849 697 1228 767 εὐχαριστίαν,
1267 701 1300 769 ὴ
1337 701 1486 769 αὐτὴ
1522 700 1712 771 τελετὴ
1746 705 1902 770 εὐχα-

318 781 505 848 ριστία
551 783 816 838 καλεῖται·
850 789 897 838 εί
929 789 1039 858 γὰρ
1063 790 1156 842 καὶ
1193 791 1369 843 ἄλλων
1393 790 1636 846 ἐνταῦθα.
1692 796 1903 846 πολλῶν

316 875 622 945 μέμνηται.
660 878 776 931 ἀλλ’
809 880 860 931 οί
888 879 1035 946 ἅγιοι
1060 882 1120 934 τὸ
1151 883 1302 945 τέλος
1326 885 1603 951 ἁπάντων,
1625 889 1720 938 καὶ
1762 887 1900 955 ὑπὲρ

312 961 394 1020 ὦν
430 970 616 1021 ἐκεῖνα
636 969 905 1040 ζητεῖταιο
939 973 1060 1024 ὅθεν
1089 975 1220 1026 ὅταν
1252 975 1392 1044 ὑπὲρ
1417 976 1642 1028 ἐκείνων
1669 979 1899 1046 εὐχαρι-

313 1063 442 1128 στῇ,
486 1061 626 1130 ὑπὲρ
657 1064 757 1129 τῆς
785 1063 1121 1127 τελειώσεως
1168 1067 1277 1118 τῶν
1336 1068 1510 1134 ἁγίων
1567 1071 1897 1138 εὐχαριστεῖ.

313 1149 584 1219 Καθάπερ
615 1154 726 1222 γὰρ
753 1154 781 1204 δ
816 1153 1022 1224 Κύριος
1054 1157 1152 1208 ὅσα
1201 1158 1476 1226 ἐποίησεν,
1533 1160 1619 1212 ἵνα
1653 1165 1895 1232 συστήσῃ

313 1242 408 1292 τὸν
430 1241 541 1294 τῶν
577 1243 750 1309 ἁγίων
785 1246 968 1314 χορὸν,
994 1247 1271 1316 ἐποίησεν·
1302 1249 1447 1303 οὕτω
1470 1253 1615 1322 καὶὴ
1665 1252 1897 1322 Ἐκκλη-

311 1334 407 1384 σία
435 1335 501 1385 ἐν
527 1329 607 1398 οἷς
639 1338 806 1388 αὐτὸν
838 1339 980 1409 ὑπὲρ
1004 1340 1230 1392 ἐκείνων
1256 1342 1512 1396 ἁπάντων
1536 1346 1728 1413 ὐμνεῖ,
1767 1348 1895 1414 πρὸς

307 1430 406 1481 τὸν
443 1433 606 1499 χορὸν
640 1432 922 1500 βλέπουσα
958 1437 1069 1487 τῶν
1109 1438 1284 1504 ἁγίων
1310 1440 1466 1492 τοῦτο
1489 1443 1650 1492 ποιεῖ.
1693 1443 1894 1496 Τούτου

307 1523 475 1590 χάριν
500 1525 589 1576 ὅτε
621 1526 911 1594 παρεδίδου
961 1529 1119 1580 τοῦτο
1168 1531 1228 1582 τὸ
1267 1535 1569 1600 μυστήριον
1617 1537 1644 1586 ὁ
1674 1536 1892 1604 Σωτὴρ,

306 1611 659 1680 εὐχαριστῶν
691 1615 768 1682 τῷ
802 1618 974 1685 [iath
1005 1619 1309 1686 παρεδίδου.
1343 1623 1423 1673 ὅτι
1457 1623 1524 1675 δι’
1546 1624 1710 1675 αὐτοῦ
1736 1626 1893 1692 ἐμελ-

303 1703 400 1751 λεν
439 1706 568 1770 ἡμῖν
602 1705 840 1770 ἀνοίγειν
872 1709 960 1758 τον
985 1709 1238 1777 οὐρανὸν,
1276 1712 1370 1763 καὶ
1407 1712 1612 1780 ταύτην
1655 1714 1752 1783 τὴν
1780 1732 1887 1766 πα-

304 1793 540 1862 νήγυριν
570 1793 648 1864 τῷ
679 1798 1013 1866 πρωτοτόκῳ
1050 1800 1302 1865 συνάγειν
1336 1804 1474 1855 ἐκεῖ.
1500 1803 1696 1855 Τοῦτον
1718 1805 1887 1874 ήἙκ-

307 1882 512 1950 κλησία
548 1887 887 1956 μιμουμένη,
914 1890 1012 1956 οὐχ
1048 1890 1249 1943 ἱκέσιον
1281 1893 1462 1958 μόνον,
1498 1894 1634 1947 ἀλλὰ
1665 1898 1758 1947 καὶ
1786 1914 1887 1966 χα-

305 1973 597 2042 ριστήριον
632 1975 728 2046 τὴν
793 1979 1196 2050 προσταγωγὴν
1241 1985 1476 2036 ποιεῖται
1522 1985 1630 2036 τῶν
1680 1986 1885 2054 δώρων.

306 2063 414 2115 Καὶ
441 2063 604 2117 τοῦτο
635 2066 844 2120 δείκοσι
876 2068 974 2136 μὲν
1000 2070 1207 2140 ὲτέρωθ
1220 2084 1300 2135 εν,
1336 2074 1568 2140 μάλιστα
1591 2076 1646 2128 δέ
1666 2078 1770 2130 ἀπὸ
1792 2079 1889 2146 τῆς

307 2157 500 2224 εὐχῆς,
536 2152 660 2231 ἐνῇ
699 2175 819 2222 πως
873 2161 1126 2223 ὁσκοπὲς
1173 2165 1484 2232 περιέχεται
1530 2167 1625 2234 τῆς
1668 2169 1884 2237 ἱερουρ-

308 2249 459 2313 γὶας.
488 2249 884 2320 Διηγησαμένη
931 2253 1039 2321 γὰρ
1065 2252 1277 2305 ἅπαντα
1304 2255 1372 2306 τὰ
1418 2259 1567 2325 παρὰ
1623 2260 1717 2310 τοῦ
1753 2260 1888 2312 θεοῦ

300 2337 527 2389 δοθέντα
565 2339 713 2408 ὑμῖν,
750 2343 842 2395 καὶ
870 2345 1010 2415 ὑπὲρ
1042 2351 1274 2402 πάντων
1307 2354 1770 2423 εὐχαριστήσασα,
1795 2358 1888 2408 καὶ

301 2429 618 2483 τελευταῖον
678 2434 983 2502 προσθεῖσα
1025 2441 1123 2508 τὴν
1152 2442 1244 2494 τοῦ
1296 2445 1503 2514 Κυρίου
1560 2447 1648 2498 διὰ
1683 2449 1886 2514 σαρκὸς

300 2520 631 2586 παρουσίαν,
662 2524 757 2575 καὶ
795 2525 898 2594 τὴν
948 2529 1042 2580 τοῦ
1072 2535 1374 2602 μυστηρίου
1433 2538 1747 2604 παράδοσιν,
1796 2541 1890 2592 καὶ

297 2612 376 2671 ὡς
411 2613 718 2667 ἐνετείλατο
744 2617 840 2669 καὶ
869 2619 1013 2687 ἡμᾶς
1041 2621 1198 2674 τοῦτο
1228 2628 1422 2690 ποιεῖν,
1457 2627 1727 2696 ἐπήγαγε,
1789 2647 1885 2696 μευ

302 2703 573 2770 μνημένοι
605 2706 784 2758 τοίνυν
827 2707 926 2776 τῆς
963 2713 1228 2781 σωτηρίου
1281 2716 1485 2783 ταύτης
1524 2717 1760 2786 ἐντολῆς,
1799 2722 1889 2771 καὶ

297 2795 527 2846 πάντων
558 2797 667 2848 τῶν
691 2798 833 2866 ὑπὲρ
862 2800 1019 2868 ἡμῶν
1047 2805 1380 2870 γενομένων,
1407 2805 1501 2858 τοῦ
1533 2808 1768 2876 σταυροῦ
1793 2811 1886 2862 καὶ

296 2885 452 2954 ἑξῆςο
490 2889 672 2940 πάντα
725 2891 1075 2956 καταλέξασα
1130 2896 1274 2962 μετὰ
1334 2897 1424 2949 τὸν
1460 2899 1711 2967 σταυρὸν,
1768 2896 1889 2953 εἶτά

297 2994 458 3044 φησι,
547 2995 566 3028 ι
610 2979 692 3030 T1
762 2979 830 3033 σὰ
886 2983 949 3034 ἐκ
1010 2983 1118 3034 τῶν
1188 2987 1294 3037 σῶν
1350 2989 1430 3038 σοὶ
1506 2989 1887 3058 προσφέρομεν

297 3069 417 3136 hy).
455 3070 886 3142 προσφέροντες]
935 3075 1076 3125 κατὰ
1109 3076 1304 3139 πάντα,
1338 3077 1430 3130 καὶ
1462 3078 1549 3129 διὰ
1597 3081 1775 3132 πάντα
1828 3097 1886 3132 σε

1532 408 1928 469 [ΓΠΠίϐΙίΕ
1971 410 2396 475 EXPOSITIO.

319 509 722 563 τελειωθέντων
747 513 920 579 ἁγίων
955 513 1030 583 τῷ
1059 515 1414 571 τελειώσαντι
1449 520 1679 588 χάριτας
1707 522 1894 589 ὁμολο-
1930 529 1970 578 Α

1059 515 1414 571 τελειώσαντι
1449 520 1679 588 χάριτας
1707 522 1894 589 ὁμολο-
1930 529 1970 578 Α
2008 523 2187 576 iideles
2235 528 2285 577 in
2320 531 2608 585 sanctitate
2665 551 2744 601 pet

2763 538 3042 600 “alantur,
3084 552 3130 593 et
3165 558 3452 615 propterea
3487 564 3584 620 pro

2009 617 2213 668 sanctis
2239 617 2351 684 jam
2389 620 2648 687 perfectis
2680 637 2731 678 et
2781 632 3202 697 consummatis,
3236 637 3284 689 ei
3332 643 3425 707 qui
3462 617 3582 709 per-

2009 705 2155 766 l'ccit,
2193 708 2395 774 gratias
2431 727 2592 777 agerc
2632 723 2712 766 cst
2759 721 3070 770 noeessario
3124 705 3582 784 consentaneum.

2009 798 2230 865 l‘ropter
2265 799 2405 851 bane
2439 818 2535 868 pro
2567 815 2765 856 sanctis
2795 811 3090 872 gratiarum
3153 819 3422 870 actionem
3481 823 3581 874 hoc

2004 900 2222 938 sacrum
2263 892 2576 956 mysterium
2630 892 2974 948 Eucliaristia
3007 901 3230 956 dicitur.
3277 905 3390 958 Etsi
3435 925 3578 962 etum

2003 972 2234 1025 aliorum
2281 991 2498 1044 quoque
2529 981 2827 1034 multorum
2881 985 2970 1037 itic
3011 991 3340 1046 mentionem
3392 993 3576 1057 faciat,

2001 1066 2173 1115 sancti
2208 1073 2385 1117 tamen
2420 1080 2540 1120 sunt
2581 1072 2703 1123 linis
2756 1073 3016 1136 omnium,
3060 1087 3112 1130 ct
3142 1094 3239 1146 pro
3263 1087 3461 1147 quibus
3490 1085 3580 1138 illa

2004 1159 2284 1216 petuntur.
2328 1149 2479 1204 Unde
2512 1159 2731 1222 quando
2772 1175 2868 1227 pro
2907 1162 3014 1214 illis
3062 1169 3175 1232 agit
3206 1173 3433 1236 gratias,
3461 1188 3574 1240 agit

2001 1243 2205 1306 gratias
2243 1259 2338 1311 pro
2356 1255 2671 1299 sanctorum
2709 1251 3071 1316 perfectione.
3099 1261 3572 1320 Quemadmodum

2001 1331 2145 1383 enim
2177 1350 2515 1405 quaecunque
2558 1338 2686 1392 fecit
2717 1340 3002 1408 Dominus,
3025 1362 3086 1396 ea
3122 1348 3243 1402 l'rcit
3265 1361 3321 1403 ut
3345 1355 3573 1411 chorum

2001 1432 2315 1477 sanctorum
2350 1435 2640 1490 statueret,
2680 1431 2750 1482 ita
2784 1433 2946 1483 etiam
3005 1433 3265 1502 Ecclesia,
3297 1440 3387 1491 ubi
3422 1442 3572 1494 illam

2001 1513 2185 1566 laudat
2215 1531 2312 1583 pro
2359 1520 2633 1581 omnibus,
2666 1525 2735 1572 ad
2771 1532 3084 1576 sanctorum
3125 1529 3351 1580 chorum
3404 1534 3576 1600 respi-

2000 1605 2149 1658 ciens
2200 1605 2302 1660 hoc
2333 1610 2461 1677 agit.
2520 1609 2592 1662 Ea
2629 1613 2694 1662 de
2727 1627 2890 1665 causa
2925 1617 3146 1680 quando
3180 1621 3405 1673 tradidit
3449 1620 3572 1674 Ser-

2000 1707 2155 1750 valor
2185 1712 2614 1764 sacramentum,
2658 1701 2801 1756 l'atri
2859 1707 3064 1772 gratias
3109 1723 3273 1776 agens
3316 1712 3568 1776 tradidit,

1999 1791 2143 1859 quod
2183 1807 2276 1858 per
2326 1791 2502 1859 ipsum
2550 1795 2708 1846 nobis
2758 1797 2954 1850 cadum
2988 1809 3132 1853 esset
3167 1810 3483 1868 aperturus,
3519 1816 3573 1858 et

1993 1882 2138 1934 hunc
2189 1881 2672 1950 prituogcnitorum
2712 1896 2914 1940 castum
2961 1889 3066 1943 illic
3114 1904 3568 1960 cungregaturus.

1993 1973 2128 2028 Eum
2181 1974 2404 2050 imitans
2452 1974 2718 2040 Ecclesia,
2770 1993 2877 2032 non
2917 1980 3093 2034 solum
3141 1984 3566 2050 supnlimintemt

1991 2065 2084 2118 sed
2117 2042 2519 2133 etiam'gratias
2547 2077 2793 2134 agentem
2835 2069 2963 2122 facit
3003 2070 3275 2124 donorum
3327 2075 3564 2128 oblatio-

1992 2171 2136 2209 nem.
2175 2156 2237 2208 Et
2273 2157 2372 2209 IIOC
2405 2158 2619 2224 quidem
2651 2158 2869 2211 aliunde
2901 2161 3160 2225 ostendit,
3209 2165 3443 2217 maxime
3472 2181 3566 2216 att-

1991 2258 2093 2302 tem
2151 2265 2212 2301 ex
2271 2249 2533 2310 oratione,
2580 2248 2631 2302 in
2687 2267 2790 2316 qua
2847 2251 3013 2306 totius
3061 2254 3316 2308 sacrilicii
3364 2271 3562 2324 scopua

1990 2341 2324 2393 continetur.
2383 2339 2517 2392 Cum
2571 2343 2716 2392 enim
2775 2343 3143 2395 recensuisset
3200 2345 3389 2396 omnia
3444 2359 3566 2413 qua:

1992 2430 2148 2483 nobis
2177 2444 2203 2480 a
2243 2430 2349 2482 Deo
2376 2430 2498 2481 data
2529 2441 2676 2482 sunt.
2713 2441 2766 2484 et
2799 2434 3003 2501 gratias
3031 2433 3230 2500 egisset
3259 2451 3356 2498 pro
3386 2437 3567 2490 omni-

1992 2524 2112 2582 lius,
2179 2529 2233 2572 ct
2312 2529 2587 2588 postremo
2645 2520 2946 2574 addidisset
3017 2521 3233 2574 Domini
3299 2524 3350 2576 in
3401 2539 3566 2578 carne

1991 2615 2310 2674 adiit-mum,
2361 2624 2414 2664 et
2463 2611 2626 2677 hujus
2683 2613 3013 2664 sacramenti
3072 2615 3417 2666 traditionem
3510 2624 3566 2667 et

1991 2704 2136 2771 quod
2185 2703 2340 2756 nobis
2392 2719 2609 2770 quoque
2654 2704 2755 2755 hoc
2784 2704 2946 2769 jussit
2985 2703 3184 2760 facere,
3226 2705 3554 2770 subjunxit:

1990 2792 2359 2847 Recordantes
2391 2807 2520 2860 ergo
2557 2791 2820 2843 salutaris
2856 2792 3020 2859 hujus
3050 2795 3328 2859 pratcepti,
3359 2803 3412 2846 et
3447 2811 3564 2847 om—

1991 2886 2142 2938 nium
2191 2901 2310 2954 quae
2348 2898 2444 2952 pro
2491 2884 2644 2935 nobis
2687 2882 2829 2934 facta
2887 2892 3034 2945 sunt,
3070 2886 3272 2946 crucis,
3324 2895 3454 2949 κισ,
3508 2900 3561 2940 et

1992 2978 2332 3031 enumeratis
2377 2975 2637 3044 deinceps
2668 2976 2920 3028 oninibns
2965 2991 3084 3043 qua:
3118 2992 3336 3030 erucem
3368 2994 3561 3032 consc-

1993 3075 2114 3120 cata
2147 3075 2297 3126 sunt,
2331 3064 2530 3117 deinde
2567 3064 2696 3115 dicit
2727 3081 2746 3137 z.
2780 3081 2800 3113 ι
2838 3063 2951 3117 Tua
2984 3081 3046 3117 ex
3086 3067 3192 3119 tuis
3235 3068 3327 3119 tibi
3375 3068 3558 3120 olli-ri-

293 3160 607 3230 ὐμνοῦμεν,
652 3163 709 3214 σὲ
739 3163 1092 3234 εὐλογοῦμεν,
1144 3170 1228 3220 σοὶ
1266 3170 1722 3241 εὐχαριστοῦμεν,
1766 3172 1883 3225 Κύ-
1915 3168 1956 3224 C

1873 3202 1883 3212 .
1915 3168 1956 3224 ο
1993 3173 2117 3211 mus
2149 3175 2162 3209 :
2200 3157 2267 3210 de
2297 3156 2573 3218 omnibus,
2610 3167 2660 3209 et
2710 3171 2802 3216 per
2846 3156 3026 3208 omnia
3077 3166 3126 3210 te
3171 3157 3475 3222 laudamus,
3511 3170 3560 3214 te

295 3267 402 3318 ριε,
431 3254 528 3303 καὶ
557 3252 790 3320 δεόμεθά
819 3271 935 3320 σου,
969 3258 995 3308 δ
1023 3257 1154 3320 Θεὸς
1181 3259 1359 3327 ἡμῶν,
1392 3278 1410 3310 ι
1464 3261 1624 3329 Ὀρᾶς
1657 3280 1670 3327 ;
1705 3280 1723 3314 ι
1756 3263 1877 3315 Τῶν

290 3343 652 3412 εὐεργεσιῶν,
679 3345 834 3413 φησὶ,
860 3350 1216 3416 μεμνημένοι,
1239 3351 1439 3421 ταύτην
1461 3351 1764 3419 ποιούμεθα
1786 3352 1883 3421 τὴν

286 3431 660 3500 τωροφορίαν.
689 3453 706 3483 ι
749 3433 920 3486 Τοῦτο
950 3436 1009 3487 δέ
1037 3439 1152 3489 ἐστι
1178 3438 1237 3488 τὸ
1261 3438 1623 3507 εὐχαριστεῖν,
1648 3441 1708 3493 τδ
1731 3443 1871 3512 ὐπὲρ

288 3523 399 3574 τῶν
444 3524 548 3591 ἤδη
579 3524 800 3590 ἀγαθῶν
826 3525 1088 3578 δοθέντων
1139 3529 1293 3596 ἡμῖν,
1323 3530 1515 3600 δώροις
1539 3532 1630 3584 τὸν
1658 3533 1895 3601 εὐεργέ-’

287 3631 391 3683 την
417 3617 609 3685 τιμᾷν.
643 3613 777 3669 Εἶτα
816 3618 912 3671 καὶ
943 3620 1274 3689 σαφέστερον
1307 3621 1563 3675 δεικνῦσα
1586 3625 1683 3693 τὴν
1716 3627 1879 3692 εὐχα-

291 3706 532 3772 ριστίαν,
564 3708 722 3776 φησὶ.
757 3710 1237 3777 ‹,Προσφέροντες
1262 3711 1360 3782 τὴν
1390 3714 1712 3782 προσφορὰν
1743 3713 1876 3768 ταύ-

284 3811 414 3863 την,
457 3797 518 3848 σέ
554 3798 856 3868 ὑμνοῦμεν,
891 3800 952 3853 σε
994 3801 1348 3871 εὐλογοῦμεν,
1406 3804 1488 3855 σοὶ
1520 3804 1873 3874 εὐχαριστοῦο

291 3906 418 3957 μεν,
461 3889 663 3958 Κύριε,
698 3891 792 3943 καὶ
817 3890 1053 3962 δεόμεθά
1083 3908 1200 3958 σου,
1237 3894 1417 3957 δΘεὸς
1451 3896 1660 3965 ἡμῶν.»

361 4063 539 4129 Οἷτος
574 4068 602 4118 ὁ
630 4065 776 4132 νοῦς,
816 4069 976 4137 φησὶ,
999 4066 1099 4136 τῆς
1124 4068 1489 4137 προσαγωγῆς
1527 4069 1638 4122 τῶν
1664 4071 1879 4139 δώρων,

290 4159 353 4210 τὸ
389 4159 607 4227 ὐμνεῖν,
641 4159 704 4209 τὸ
768 4159 1135 4228 εὐχαριστεῖν,
1165 4159 1225 4210 τὸ
1283 4159 1570 4220 ἱκετεύειν,
1623 4161 1763 4230 ὅπερ
1819 4162 1880 4227 ἐξ

289 4249 478 4318 ἀρχῆς
537 4249 826 4319 ἐλέγομεν,
849 4249 990 4302 ὥστε
1019 4246 1161 4304 εἶναι
1188 4255 1281 4305 καὶ
1320 4253 1732 4321 εὐχαριστήριον
1785 4255 1882 4306 καὶ

293 4340 502 4392 ίκέσιον
531 4338 630 4407 τὴν
686 4340 882 4409 αὐτήν.
918 4341 1028 4394 Καὶ
1066 4341 1240 4394 ταῦτα
1273 4341 1549 4409 ποιοῦμεν,
1584 4344 1739 4410 φησὶ,
1790 4343 1884 4396 δίο

288 4430 456 4482 τινῶν
489 4430 855 4500 μεμνημένοι,
887 4431 986 4499 τῆς
1019 4432 1260 4499 ἐντολῆς,
1291 4432 1358 4501 ἢν
1390 4434 1520 4502 ἡμῖν
1560 4435 1878 4498 ἐνετείλατο,

288 4523 470 4588 λέγων
493 4539 508 4552 ’
553 4541 570 4571 ι
599 4521 771 4574 Τοῦτο
811 4525 1016 4573 ποιεῖτε
1062 4524 1142 4585 είς
1169 4523 1267 4593 τὴν
1291 4524 1430 4594 ἐμὴν
1481 4525 1788 4594 ἀνάμνησιν
1812 4543 1825 4554 θ
1857 4545 1874 4576 ι

289 4618 384 4666 καὶ
414 4617 639 4666 πάντων
672 4614 782 4665 τῶν
813 4614 952 4681 ὐπέρ
1006 4615 1165 4683 ήμῶν
1201 4618 1526 4684 γενομένων*
1552 4617 1583 4686 ή
1645 4617 1740 4683 μὲν
1771 4619 1876 4685 γὰρ

292 4706 491 4771 μνήμη
517 4704 629 4753 τῶν
683 4704 1017 4772 εὐεργεσιῶν
1061 4704 1244 4767 ἁπλῶς
1302 4706 1382 4766 είς
1436 4706 1671 4775 ἀμοιϐὴν
1731 4709 1876 4776 ἡμᾶς

287 4794 690 4862 προτρέπεται,
723 4795 819 4844 καὶ
849 4792 910 4843 τὸ
933 4792 1070 4853 ὅλως
1102 4809 1155 4844 τι
1187 4797 1577 4861 προσενεγκεῖν
1604 4794 1678 4863 τῷ
1733 4795 1878 4848 οὕτω

291 4883 509 4951 μυρίων
536 4881 842 4949 ὑπάρξαντι
880 4881 1028 4932 αἰτία
1059 4881 1297 4950 χαρίτων
1329 4884 1491 4952 ἡμῖν·
1524 4885 1557 4953 ἡ
1585 4884 1644 4957 δέ
1689 4886 1874 4969 μνήμη

283 4975 381 5042 τῆς
416 4973 664 5040 ἐντολῆς.
704 4973 796 5022 καὶ
826 4971 957 5023 αὐτὸ
986 4971 1048 5023 τὸ
1074 4967 1211 5034 εἶδος
1236 4973 1336 5042 τῆς
1362 4973 1598 5041 ἀμοιϐῆς
1637 4967 1877 5026 διδάσκει

283 5066 460 5134 ἡμᾶς,
496 5067 591 5113 καὶ
626 5063 748 5113 τίνα
781 5063 860 5114 δεῖ
900 5062 1050 5131 δῶρα
1098 5062 1414 5131 προσάγειν.
1438 5063 1616 5132 Αὐτὴν
1665 5064 1876 5131 ἐκείνην

281 5159 384 5227 τὴν
405 5158 731 5226 προσφορὰν
759 5157 1076 5222 προσίομεν,
1096 5155 1161 5223 ἣν
1183 5155 1342 5215 αὐτὸς
1372 5156 1400 5205 ὁ
1417 5155 1725 5224 Μονογενὴς
1750 5156 1873 5206 ἀνέ-

283 5251 425 5310 δειΞέ
452 5265 558 5312 σοι,
587 5249 665 5314 τῷ
695 5246 816 5314 Θεῷ
835 5248 930 5300 καὶ
950 5246 1122 5314 lla.th
1146 5248 1237 5297 καὶ
1263 5245 1687 5313 εὐχαριστοῦμεν
1716 5263 1876 5312 προς-

285 5346 544 5407 ἁγοντες,
566 5341 650 5390 ὅτι
676 5338 770 5390 καὶ
804 5337 964 5397 αὐτὸς
992 5337 1309 5398 ἀναδεικνύς
1343 5337 1511 5405 αὐτὴν
1535 5336 1873 5405 ηὐχαρίστει.

281 5433 382 5486 Διά
409 5430 588 5483 ταῦτα
625 5427 779 5480 οὐδὲν
803 5426 1015 5479 οἴκοθεν
1071 5427 1365 5494 εἰσάγομεν
1431 5429 1508 5486 είς
1542 5427 1744 5494 ταύτην
1777 5427 1875 5495 τὴν

280 5522 658 5590 δωροφορίαν·
677 5518 801 5570 οὔτε
834 5517 944 5583 γὰρ
975 5516 1110 5585 ἔργα
1139 5517 1296 5584 ήμῶν
1324 5518 1391 5568 τὰ
1416 5517 1562 5583 δῶρα
1589 5516 1746 5582 ἀλλὰ,
1780 5515 1872 5568 σοῦ

281 5615 375 5667 τοῦ
405 5617 632 5666 πάντων
675 5607 1029 5679 δημιουργοῦ.
1067 5607 1202 5659 Οὔτε
1258 5608 1500 5676 ἡμετέρα
1535 5607 1745 5659 ἐπίνοια
1775 5606 1872 5674 τῆς

282 5707 550 5779 λατρείας
591 5707 620 5756 ὁ
670 5705 874 5772 τρόπος
930 5695 1106 5764 οὗτος,
1138 5699 1249 5752 ἀλλ’
1283 5699 1404 5752 οὐδὲ
1453 5695 1873 5768 προσεθυμήθη-

285 5820 408 5871 μιν,
445 5800 560 5852 σύὸ’
596 5796 814 5850 οἴκοθεν
845 5795 934 5847 καὶ
966 5795 1092 5862 παρ’
1125 5791 1332 5845 ἑαυτῶν
1360 5794 1440 5852 εἰς
1486 5791 1655 5859 αὐτὴν
1681 5793 1863 5859 ἐκίνη-

1990 3250 2380 3308 benrdicimus.
2422 3249 2514 3324 tibi
2553 3250 2756 3312 gratias
2785 3249 3020 3316 agimus,
3063 3251 3307 3315 Demine,
3345 3264 3397 3306 et
3439 3268 3556 3306 ora-

1997 3358 2120 3396 mus
2157 3351 2230 3406 te,
2289 3340 2430 3395 Deus
2485 3354 2691 3394 noster.
2753 3359 2770 3391 ι
2808 3339 3004 3395 Vides?
3061 3361 3080 3393 ι
3141 3343 3556 3410 Beneficiorum,

1988 3432 2184 3500 inquit,
2217 3430 2583 3492 recordantes,
2611 3430 2753 3483 lianc
2786 3430 2880 3485 tibi
2913 3429 3186 3484 donorum
3226 3434 3583 3486 oblatonem-

1966 3524 2258 3581 .l'acimus;
2297 3539 2313 3571 ι
2358 3521 2460 3574 boc
2491 3531 2668 3574 artem
2700 3530 2781 3573 est
2809 3523 3008 3589 gratias
3046 3519 3225 3590 agere,
3271 3539 3368 3591 pro
3397 3523 3558 3579 bonis

1982 3615 2097 3682 jam
2147 3613 2303 3666 nobis
2355 3611 2590 3673 donatis,
2620 3612 2780 3666 donis
2813 3613 3216 3666 benefactorem
3256 3618 3552 3670 honorate.

1994 3706 2201 3758 Deinde
2234 3704 2400 3757 etiam
2434 3704 2674 3769 apertius
2713 3705 3010 3760 ostendens
3052 3708 3348 3775 gratiarum
3383 3708 3555 3760 actio-

1990 3812 2110 3850 nem
2145 3797 2221 3847 ait
2256 3812 2270 3845 :
2305 3813 2322 3843 ι
2359 3792 2661 3847 Oﬂ‘erentcs
2695 3795 3026 3848 oblationem
3069 3797 3232 3859 hanc,
3271 3807 3322 3850 te
3367 3799 3556 3850 lauda-

1988 3903 2130 3948 lllllS,
2171 3895 2219 3938 te
2249 3883 2648 3946 benedicimus,
2675 3885 2768 3939 tibi
2794 3888 2999 3954 gratias
3028 3888 3266 3956 agimus,
3304 3886 3553 3959 Domine.

1986 3991 2041 4032 ct
2075 3992 2330 4045 rogamus
2360 3986 2430 4039 te,
2483 3979 2622 4030 Deus
2656 3985 2862 4030 noster.
2903 3994 2922 4026 ι

2059 4070 2173 4122 lloc
2222 4082 2352 4138 ergo
2405 4077 2488 4122 est
2533 4069 2837 4122 institutum
2893 4070 3162 4123 donorum
3213 4070 3507 4124 oblationis
3541 4115 3555 4137 ,

1986 4163 2246 4220 laudare,
2290 4159 2491 4228 gratias
2529 4174 2706 4226 agere,
2753 4161 3082 4227 supplicare,
3128 4168 3183 4211 ut
3218 4175 3246 4212 a
3283 4163 3555 4229 prim-ipto

1987 4251 2246 4316 diximus,
2273 4260 2330 4303 ut
2362 4251 2545 4303 eadem
2578 4259 2630 4302 et
2666 4250 2719 4302 in
2751 4250 3145 4316 supplicatione
3171 4260 3220 4303 et
3257 4254 3554 4318 gratiarum

1991 4345 2204 4397 actione
2243 4351 2508 4394 versetur;
2549 4339 2611 4392 Et
2649 4339 2762 4394 haec
2801 4341 3054 4403 facimus,
3088 4343 3288 4408 inquit,
3323 4344 3554 4394 duorum

1991 4435 2363 4495 recordantes,
2395 4442 2446 4485 et
2474 4433 2728 4499 pra'cepti
2765 4432 2908 4498 quod
2943 4432 3101 4485 nobis
3133 4432 3302 4493 dedit,
3333 4435 3552 4487 dicens:

1994 4546 2010 4577 ι
2042 4525 2164 4584 Hoc
2184 4524 2419 4576 facitein
2447 4539 2618 4574 meant
2653 4521 3089 4575 recordationem
3118 4563 3132 4586 ,
3175 4541 3193 4574 ι
3225 4533 3274 4577 et
3309 4526 3552 4577 omnium

1983 4630 2102 4683 qua
2143 4627 2242 4681 pro
2279 4612 2438 4665 nobis
2475 4611 2612 4663 facta
2652 4621 2800 4664 sunt.
2833 4609 3225 4665 Bern-liciorum
3274 4615 3457 4676 enim,
3498 4623 3556 4666 ut

1981 4704 2146 4757 semel
2211 4704 2429 4765 dicam,
2499 4702 2811 4756 recordatio
2873 4717 2970 4755 nos
3017 4703 3084 4755 ad
3138 4703 3551 4755 retributionem

1980 4796 2324 4853 adhortatur,
2368 4801 2421 4843 et
2465 4790 2531 4843 ad
2587 4791 2788 4858 aliquid
2834 4792 3057 4844 omnino
3121 4789 3458 4844 oﬂ'erendum
3503 4791 3550 4842 ei

1977 4885 2068 4953 qui
2113 4900 2212 4937 nos
2243 4884 2387 4951 prior
2417 4882 2903 4934 innumerabilibus
2931 4882 3210 4957 beneﬁciis
3234 4883 3312 4935 sic
3347 4881 3548 4934 allocit.

1980 4974 2233 5041 Prmci-pti
2261 4984 2442 5025 autem
2494 4975 2754 5025 memoria
2795 4985 2846 5025 et
2883 4975 2996 5040 ipsa
3033 4971 3205 5024 l'orma
3231 4972 3548 5026 retributio-

1979 5070 2064 5119 nis
2098 5082 2194 5119 nos
2225 5067 2400 5126 docet,
2429 5080 2674 5132 quaenam
2727 5064 2826 5130 ipsi
2870 5065 3010 5116 dona
3045 5063 3244 5116 oﬂerre
3277 5072 3547 5130 Oporteat.

1978 5159 2123 5210 Illam
2153 5160 2320 5226 ipsam
2347 5157 2677 5210 oblationem
2713 5154 3246 5222 admittimus,quam
3281 5156 3390 5223 ipse
3419 5152 3545 5206 Uni-

1979 5249 2196 5316 genitus
2225 5247 2324 5299 tibi
2350 5247 2588 5298 ostendit
2613 5244 2720 5297 Deo
2739 5256 2790 5297 et
2814 5245 2984 5308 Patri,
3010 5251 3063 5296 et
3084 5244 3544 5312 gratias'agimus,

1977 5341 2105 5406 quia
2165 5339 2278 5406 ipse
2326 5338 2490 5390 etiam
2523 5349 2641 5389 eam
2681 5337 2976 5389 ostendens
3011 5337 3120 5403 egit
3158 5335 3378 5404 gratias.
3419 5334 3547 5384 l'ro-

1979 5439 2160 5498 pterea
2195 5429 2262 5482 ad
2296 5429 2434 5481 hanc
2469 5429 2732 5480 donorum
2793 5427 3126 5481 oblationem
3182 5425 3312 5477 nihil
3377 5425 3543 5478 domo

1979 5523 2276 5576 aﬂ‘erimus.
2322 5519 2510 5589 Neque
2551 5521 2696 5574 enim
2747 5521 2886 5573 dona
2935 5527 3062 5572 sunt
3115 5528 3298 5571 nostra
3356 5533 3541 5586 Opera.

1979 5616 2070 5668 sed
2104 5625 2192 5666 tua
2229 5613 2468 5664 omnium
2497 5612 2728 5682 opiﬁcis.
2757 5611 2863 5664 Nec
2888 5624 2999 5666 nos:
3014 5623 3137 5662 rum
3154 5620 3238 5662 est
3264 5612 3536 5664 inventum

1979 5703 2096 5755 Ιιςεε
2132 5701 2340 5756 colendi
2393 5702 2588 5761 forma,
2628 5699 2722 5756 sed
2760 5715 2936 5768 neque
2971 5713 3157 5756 nostra
3213 5706 3401 5765 sponte
3435 5697 3539 5748 hoc

1979 5795 2251 5846 voluimus
2280 5831 2294 5855 ,
2333 5804 2507 5860 neque
2556 5789 2715 5848 domo
2765 5800 2815 5844 et
2862 5805 2924 5843 ex
2966 5791 3119 5842 nobis
3154 5791 3283 5854 ipsus
3311 5787 3377 5840 ad
3416 5797 3537 5838 eam
