4272 6446
702 441 804 501 483
1933 421 1980 479 Ν
1995 417 2238 476 ICOLAI
2284 413 2389 468 CA‘

2284 407 2674 468 CABASILRE
2714 476 2734 492 δ
3839 389 3943 456 484

707 551 922 622 impulsi
952 561 1168 611 sumus,
1197 545 1288 602 sed
1315 544 1426 611 ipse
1450 539 1707 601 docuisti,
1736 537 1848 604 ipse
1872 533 2193 587 adhortatus
2220 543 2279 580 es
2314 535 2351 585 Α
2384 524 2394 573 (

2262 543 2279 580 5
2314 535 2351 585 Α
2384 524 2555 590 θημεν
2581 537 2592 549 ·
2625 520 2736 573 ἀλλ’
2779 519 2935 578 αὐτὸς
2995 515 3259 578 ἐδίδαξας,
3292 511 3446 573 αὖῖδς
3501 506 3817 578 προπρὲξω
3862 506 3949 558 διὰ

2445 613 2468 623 ~
2508 613 2562 628 ιι
2682 627 2687 628 ,
2784 611 2806 621 -
2832 627 2839 628 ,
2922 609 3101 628 ταχυ-μ
3184 605 3341 628 -.έ--..
3380 602 3408 628 Ξ.
3452 598 3830 628 -..Α-..ληιηιίη
3870 612 3946 628 ιη..

709 598 1215 714 ρθ;1]ιιὶκθηὶιυηι,
1271 637 1334 688 Et
1380 637 1499 689 ideo
1554 647 1672 697 qua:
1721 629 1813 682 tibi
1862 625 2164 685 oderimus,
2210 637 2274 674 ex

2264 637 2274 674 ί
2379 613 2471 665 τοῦ
2507 611 2861 678 Μονογενοῦς.
2922 609 3122 660 Τοὶτου
3184 605 3341 673 χάριν
3378 602 3412 655 ἃ
3451 598 3830 670 προσφέρομεν
3870 612 3951 647 σοι

2383 707 2395 714 .
2519 703 2538 714 ο
2659 703 2676 712 ι
2768 702 2778 714 ι
2839 702 2860 714 ι-
2915 699 2998 714 ειμι
3238 696 3283 714 ,!,
3322 696 3429 714 ια-.
3464 691 3604 714 ..-_2_
3644 689 3815 714 _.L..-_
3860 688 3949 714 υ-“.

707 689 816 789 ἷιιὶε
849 748 969 800 qua:
1003 731 1158 784 nobis
1190 728 1414 788 dedisti,
1445 737 1532 778 tua
1568 721 1777 777 suntin
1813 717 2066 771 omnibus
2095 724 2150 766 et
2183 727 2277 779 per

2266 728 2277 761 τ
2381 707 2445 756 ὲκ
2473 703 2582 755 τῶν
2619 703 2724 753 σὼν
2759 702 2888 768 ἡμῖν
2911 699 3168 758 δέδωκας,
3218 696 3288 747 σά
3317 696 3434 746 ἐστι
3464 691 3606 744 κατά
3644 689 3819 742 πάντα
3860 689 3953 738 καὶ

2390 798 2400 800 _
2445 795 2454 800 .
2564 795 2573 800 .
2740 790 2799 800 ..-
2990 792 3001 800 .
3060 789 3072 800 ι
3130 790 3142 800 ι
3283 786 3296 800 0
3344 785 3366 796 ο
3480 784 3507 795 -ν
3645 777 3952 800 μΑ.--..-ι-..

711 777 816 789 .....,
849 777 969 800 .,....
1004 777 1157 784 ...ψ-
1195 777 1414 788 _-___,,,
1452 777 1457 778 ,
2186 777 2195 779 _

711 826 915 878 omnia.
948 825 1024 876 Ita
1051 822 1213 876 etiam
1243 833 1341 887 pro
1372 819 1487 884 ipsa
1523 830 1627 882 qtta
1665 820 1898 880 aguntur
1919 807 2104 877 gratiae
2129 803 2279 857 ohla-
2382 798 2398 848 ε

2266 831 2279 843 -
2382 795 2469 848 διὰ
2505 795 2701 847 πάντα.
2731 790 2887 845 Οὕτω
2919 792 3013 843 καὶ
3053 789 3188 856 ὑπὲρ
3239 785 3408 852 αὐτῆς
3446 784 3544 851 τῆς
3597 777 3953 887 χαριστηρίομ

715 919 883 976 tione,
923 913 1079 966 aliam
1111 925 1303 962 rursus
1332 908 1628 978 gratiarum
1671 901 1937 956 actionem
1971 898 2077 952 Deo
2112 895 2280 949 debe-
2386 906 2402 936 ἰ

2270 921 2280 934 -
2386 885 2720 954 προσφορᾶς,
2750 883 2917 948 ἄλλην
2951 881 3113 932 πάλιν
3163 875 3512 946 εὐχαριστίαν
3563 870 3849 939 ὀφείλομεν
3879 870 3957 937 τῷ

723 1021 871 1066 mus,
905 1003 1033 1070 quia
1067 999 1198 1053 nihil
1231 999 1351 1065 ejus
1384 1007 1627 1050 nostrum
1660 999 1765 1052 est,
1809 990 1900 1043 sed
1934 995 2046 1041 tota
2097 995 2179 1038 est
2221 982 2283 1035 il-

717 1098 822 1147 lius
857 1094 1086 1154 donum,
1115 1099 1170 1143 et
1195 1089 1296 1141 hoc
1318 1088 1493 1155 ipsum
1528 1083 1674 1152 quod
1714 1082 1764 1134 id
1796 1080 2048 1132 volumus
2078 1083 2130 1130 et
2153 1089 2282 1140 ope-

719 1202 940 1247 rantur,
983 1185 1122 1236 idem
1165 1189 1247 1234 est
1291 1178 1382 1246 qui
1433 1177 1486 1230 iu
1553 1173 1711 1227 nobis
1769 1178 2050 1242 operatur.
2105 1175 2165 1220 ut
2213 1165 2287 1216 ait

717 1282 936 1332 divinus
979 1274 1294 1344 Apostolus.
1334 1271 1625 1336 Propterea
1670 1266 1770 1318 hoc
1812 1274 2031 1331 quoque
2061 1260 2115 1313 in
2159 1271 2286 1311 ora-

721 1368 972 1420 tionibus
1007 1366 1250 1418 dicitur:
1286 1378 1303 1410 ι
1346 1359 1561 1413 Gratias
1597 1356 1810 1424 agimus
1843 1353 1937 1405 tibi
1986 1365 2084 1418 pro
2115 1345 2288 1401 sacri-

724 1459 866 1518 Iicio,
904 1455 1046 1523 quod
1092 1468 1121 1505 e
1162 1450 1367 1503 nostris
1413 1447 1662 1500 manibus
1700 1443 1979 1505 suscipere
2032 1438 2291 1506 dignatus

722 1562 802 1599 es.
860 1563 877 1594 ›
936 1544 1066 1607 Quae
1109 1555 1238 1606 ergo
1285 1541 1500 1600 docent,
1547 1546 1864 1590 sanctorum
1912 1533 1964 1583 in
2019 1527 2294 1583 sacriﬁcio

721 1634 1304 1689 commemorationem
1358 1645 1462 1682 non
1509 1642 1630 1681 esse
1684 1625 1750 1678 ad
1807 1623 1974 1676 Deum
2029 1635 2124 1690 pro
2163 1619 2295 1686 ipsis

727 1725 1204 1793 supplicationem,
1236 1722 1329 1774 sed
1353 1720 1650 1789 gratiarum
1683 1717 1980 1776 actionem,
2003 1713 2118 1766 haec
2143 1717 2294 1764 sunt.

1387 1833 1541 1888 CAP.
1582 1833 1640 1886 L.

732 1932 872 1996 Quoi
911 1930 1076 1983 modis
1097 1930 1156 1997 ﬁt
1173 1930 1223 1981 in
1244 1928 1508 1993 sacriﬁcio
1526 1935 1827 1997 sanclorum
1847 1928 2297 1982 commemoratio,

1239 2010 1287 2051 et
1321 2013 1437 2064 qua:
1467 1995 1791 2063 cli/ferentia.

798 2092 1095 2146 Videamus
1121 2101 1299 2146 autem
1332 2090 1546 2157 quoties
1578 2096 1632 2140 et
1661 2088 1714 2139 in
1749 2100 1857 2155 quo
1889 2081 2147 2138 sacriﬁcii
2183 2080 2302 2133 loco

734 2183 792 2236 iit
821 2183 936 2237 haec
969 2182 1441 2238 commemoratio.
1464 2179 1549 2232 Fit
1579 2180 1720 2233 enim
1760 2179 1884 2231 bis:
1917 2175 2152 2244 primum
2181 2172 2303 2241 qui-

738 2273 863 2325 dem
900 2275 951 2324 in
1000 2273 1122 2339 ejus
1173 2271 1462 2340 principio,
1501 2270 1720 2338 quando
1766 2267 1910 2320 dona
1958 2263 2304 2324 oﬂ‘eruntur,

735 2363 982 2418 secundo
1011 2374 1214 2426 autem,
1240 2364 1457 2428 quando
1482 2361 1884 2416 sacriﬁcantur.

807 2453 946 2520 Quia
981 2455 1126 2508 enim
1159 2455 1354 2522 duplex
1388 2463 1471 2508 est
1514 2452 1744 2518 oblatio,
1777 2453 1893 2506 haec
1927 2450 2149 2521 quidem
2187 2458 2308 2502 tan-

737 2561 900 2614 quam
933 2545 1278 2599 solummodo
1308 2544 1577 2597 donorum
1613 2553 1664 2599 et
1721 2557 2036 2608 munerum,
2063 2551 2122 2596 ut
2152 2548 2306 2594 antea

739 2637 944 2689 dictum
972 2646 1075 2692 est.
1135 2636 1221 2687 illa
1249 2641 1434 2687 autem
1469 2644 1728 2701 tanquam
1761 2631 2012 2686 sacriﬁcii
2041 2647 2060 2699 ;
2089 2644 2312 2685 necesse

741 2737 824 2781 cst
867 2729 1028 2780 etiam
1075 2742 1170 2780 eos
1212 2741 1309 2795 pro
1345 2727 1545 2794 quibus
1591 2725 1914 2789 oﬂ'cruntur,
1947 2733 2000 2777 et
2041 2724 2226 2793 prima:
2261 2731 2314 2775 et

746 2820 1000 2873 secundae
1029 2819 1325 2872 oblationis
1359 2817 1698 2872 meminisse.
1733 2818 1917 2886 Itaque
1961 2816 2315 2885 quemadmo-

746 2910 874 2958 dtttn
912 2907 963 2958 in
999 2907 1195 2973 prima,
1229 2925 1247 2956 ι
1287 2905 1342 2958 In
1373 2905 1835 2969 recordationem,
1867 2907 2060 2973 inquit,
2101 2903 2313 2956 Domini

747 3005 800 3048 et
832 2996 924 3048 Dei
956 2994 1272 3047 Sen/oloris
1317 2994 1492 3048 nostri
1535 2992 1665 3048 Jesu
1707 2994 1910 3048 Christi
1938 3012 1952 3061 ;
1986 3014 2006 3046 ›
2038 2996 2110 3048 ita
2150 2994 2313 3048 etiam

750 3086 804 3138 in
837 3086 1102 3150 secunda,
1155 3103 1174 3136 ι
1235 3083 1608 3138 Recordantes
1648 3099 1780 3152 ergo
1821 3097 2013 3138 eorum
2055 3099 2173 3152 quae
2222 3097 2318 3152 pro

753 3175 911 3226 nobis
958 3173 1099 3226 facta
1139 3183 1288 3234 sunt,
1343 3177 1524 3226 crucis
1563 3182 1616 3226 et
1645 3173 1873 3226 aliorum
1911 3186 2032 3241 qua:
2066 3172 2318 3228 Christus

751 3279 850 3332 pro
886 3263 1041 3316 nobis
1079 3262 1363 3318 sustinuit.
1401 3281 1419 3314 ι
1461 3263 1591 3328 Quae
1619 3263 1764 3316 enim
1799 3262 1886 3316 hic
1911 3264 2014 3318 sibi
2049 3263 2164 3316 vult
2194 3279 2319 3317 cru-

753 3357 833 3409 cis
891 3357 1174 3420 memoria,
1214 3364 1267 3409 et
1300 3357 1532 3409 aliorum
1581 3371 1703 3425 qua:
1753 3371 1974 3411 crucem
2025 3365 2317 3410 cousecuta

753 3458 899 3510 sunt,
925 3449 1023 3500 hoc
1047 3447 1159 3499 illic
1181 3455 1264 3500 est
1282 3447 1496 3500 Domini
1527 3447 1994 3500 commemoratio.
2017 3445 2131 3500 Non
2150 3447 2319 3507 enim,

756 3551 814 3592 ut
845 3540 1108 3592 miracula
1144 3537 1391 3592 facientis
1425 3538 1756 3600 Servatoris,
1785 3538 1878 3593 sed
1913 3544 1970 3590 ttt
1996 3537 2241 3591 cruciﬁxi
2268 3547 2322 3589 et

755 3631 1062 3694 morientis,
1099 3640 1229 3683 tunc
1283 3631 1540 3684 sacerdos
1577 3629 1848 3694 meminit,
1877 3638 1936 3682 ut
1980 3630 2033 3683 in
2073 3630 2165 3682 illo
2201 3629 2322 3683 loco

756 3736 853 3789 per
881 3722 1048 3773 multa
1080 3731 1365 3775 ostensum
1395 3731 1496 3776 est.
1537 3720 1604 3774 Et
1636 3736 1830 3775 rursus
1863 3721 2006 3774 sicut
2041 3721 2092 3773 in
2126 3721 2320 3790 prima,

764 3829 780 3858 ι
836 3811 913 3862 Ad
975 3811 1203 3878 gloriam
1267 3810 1677 3876 Sanctissimae,
1731 3812 1798 3864 ad
1867 3812 2320 3867 intercessionem

758 3909 1101 3961 sanctorum,
1144 3918 1160 3948 ιι
1205 3899 1369 3962 dicit,
1431 3900 1504 3951 ita
1551 3899 1714 3952 etiam
1766 3899 1817 3950 in
1845 3899 2084 3952 secundo
2114 3917 2126 3952 :
2156 3917 2174 3949 ι
2217 3900 2324 3953 Pro

757 3987 964 4038 sanctis
1019 3986 1309 4050 omnibus,
1359 3990 1628 4055 praecipue
1670 3987 2050 4041 Sanctissima.
2093 4007 2112 4039 ο
2170 3987 2324 4042 Sicut

761 4079 902 4126 enim
930 4077 1039 4129 illic
1070 4079 1446 4131 excellentiam
1479 4079 1742 4141 ostendit,
1763 4094 1882 4132 eam
1914 4079 2034 4134 aliis
2064 4080 2322 4156 omnibus

759 4173 1096 4240 praeit-rens,
1150 4173 1219 4226 ita
1280 4175 1367 4228 hic
1422 4177 1682 4243 quoniam
1732 4184 1857 4244 post
1915 4177 2127 4246 aliquos
2182 4177 2320 4231 alios

761 4266 880 4332 ejus
917 4265 1184 4330 meminit,
1227 4265 1358 4319 illud
1424 4268 1685 4333 prmoipue
1717 4265 1899 4336 adjicit
1939 4285 1953 4321 :
1985 4277 2037 4322 et
2065 4269 2329 4335 quemad-

765 4355 980 4405 modum
1010 4355 1060 4406 in
1092 4355 1288 4421 prima.
1320 4363 1443 4423 post
1475 4365 1715 4420 sanctos,
1743 4369 1932 4410 eorum
1967 4371 2070 4424 que
2094 4357 2327 4424 agebant

765 4443 1230 4506 misericordiam,
1268 4444 1541 4508 meminit,
1571 4455 1625 4497 et
1656 4460 1754 4513 pro
1784 4444 1985 4513 quibus
2034 4445 2321 4512 supplicat,

2389 978 2529 1044 Θεῷ,
2559 977 2640 1028 ὃτι
2670 974 2823 1027 οὐδὲν
2855 971 3022 1040 αὐτῆς
3069 968 3358 1037 ἡμέτερον,
3386 963 3522 1015 ἀλλὰ
3559 963 3710 1014 πᾶσα
3750 959 3960 1012 ἐκείνου

2386 1067 2575 1136 δῶρον,
2610 1065 2704 1118 καὶ
2734 1064 2864 1116 αὐτὸ
2892 1063 2950 1115 τὸ
3008 1061 3182 1114 θέλειν
3235 1057 3406 1126 αὐτὴν
3455 1054 3554 1108 καὶ
3600 1054 3662 1106 τὸ
3695 1052 3964 1120 ἐνεργεῖν,

2390 1159 2550 1220 αὑτός
2573 1162 2718 1210 ἐστιν
2747 1159 2774 1208 ὀ
2803 1153 3041 1224 ἐνεργῶν
3065 1153 3222 1221 ἡμῖν,
3255 1148 3394 1203 κατὰ
3425 1147 3518 1199 τὸν
3550 1142 3968 1199 θεῖονἈπόστο-

2394 1250 2506 1304 λον.
2535 1250 2631 1302 Διὰ
2686 1248 2843 1301 τοῦτο
2874 1248 2931 1298 ἐν
2983 1247 3104 1307 ταῖς
3139 1243 3327 1312 εὐχαῖς
3360 1240 3453 1292 καὶ
3498 1235 3654 1288 τοῦτο
3703 1232 3962 1298 λέγεται·

2400 1361 2417 1391 ι
2457 1329 2895 1410 Εὐχαριστοῦμέν
2927 1354 3008 1390 σοι
3048 1336 3142 1389 xal.
3187 1335 3326 1402 ὑπὲρ
3373 1331 3542 1398 αὐτῆς
3580 1329 3678 1396 τῆς
3721 1327 3970 1390 λειτουρ-

2395 1434 2538 1497 γίας,
2557 1433 2622 1501 ἢν
2652 1433 2714 1483 ὲκ
2747 1430 2855 1482 τῶν
2885 1429 3080 1500 χειρῶν
3100 1427 3258 1496 ἡμῶν
3281 1423 3534 1487 δέξασθαι
3562 1419 3959 1489 κατηξίωσας.»

2403 1525 2469 1574 “A
2509 1523 2608 1591 μὲν
2662 1517 2754 1573 οὖν
2803 1522 2948 1590 ἡμᾶς
3002 1519 3241 1571 διδάσκει
3289 1517 3386 1583 τὴν
3443 1516 3501 1566 ὲν
3543 1515 3612 1582 τῇ
3660 1507 3975 1575 λειτουργίᾳ

2401 1616 2622 1682 μνήμην
2661 1615 2764 1666 τῶν
2800 1614 2989 1679 ἁγίων,
3024 1611 3099 1678 μὴ
3140 1609 3347 1662 ἱκεσίαν
3371 1603 3511 1660 εἶναι
3563 1605 3697 1674 πρὸς
3727 1604 3816 1656 τὸν
3841 1601 3974 1652 Θεδν

2401 1705 2540 1773 ὑπὲρ
2566 1702 2763 1768 αὐτῶν,
2795 1702 2911 1756 ἀλλ’
2944 1701 3312 1772 εὐχαριστίαν,
3339 1698 3512 1752 ταῦτά
3541 1699 3709 1749 ἐστιν.

2993 1812 3216 1869 ΚΕΦᾹΔ
3241 1851 3255 1865 .
3306 1808 3389 1865 N'.

2474 1907 2743 1973 Ποσάκις
2765 1907 2873 1973 τῆς
2922 1907 3250 1973 ἱερουργίας
3291 1902 3411 1973 τών
3459 1901 3643 1973 ἁγίων
3687 1898 3725 1964 ἠ
3789 1895 3976 1964 [rrum

2741 1969 2985 2048 γίνεται,
3020 1969 3238 2040 atat—tle;
3282 1974 3319 2041 ἠ
3353 1969 3626 2039 διαφορά.

2479 2073 2709 2140 Ἷδωμεν
2759 2072 2815 2123 δὲ
2874 2071 3106 2130 ποσάκις
3139 2066 3234 2120 καὶ
3290 2065 3395 2118 ποῦ
3440 2065 3539 2133 τῆς
3586 2061 3898 2134 ἱερουργίας
3943 2061 3978 2128 ἠ

2408 2165 2594 2232 μνήμη
2624 2163 2760 2231 αὕτη
2789 2162 3019 2230 γίνεται.
3053 2160 3266 2213 Γίνεται
3300 2158 3411 2226 γὰρ
3457 2155 3538 2217 δίς
3561 2171 3574 2185 ⁸
3608 2155 3824 2221 πρῶτον
3881 2154 3983 2222 μὲν

2408 2258 2466 2311 ιν
2497 2259 2616 2319 ταῖς
2644 2257 2837 2325 ἀρχαῖς
2869 2257 3063 2324 αὐτῆς,
3099 2254 3189 2306 ὅτε
3220 2250 3532 2306 ἀνατίθεται
3561 2249 3628 2302 τὰ
3656 2247 3806 2319 δῶρα
3826 2249 3984 2302 ’δεύ-

2407 2365 2562 2418 τερον
2591 2349 2666 2410 δὲ,
2706 2348 2792 2400 ὅτε
2824 2347 3032 2401 θύεται.

2492 2437 2648 2492 Ἐπεὶ
2679 2438 2787 2505 γὰρ
2811 2436 2962 2506 διττὴ
2993 2439 3024 2506 ἡ
3064 2438 3420 2508 προσαγωγὴ,
3456 2441 3488 2508 ἡ
3519 2439 3638 2505 μὲν,
3680 2437 3755 2501 ὡς
3794 2437 3984 2506 δώρων

2413 2529 2504 2580 καὶ
2529 2527 2892 2596 ἀναθημάτων
2921 2527 3125 2588 ἁπλῶς,
3164 2527 3418 2599 καθάπερ
3461 2532 3517 2582 ὲν
3540 2531 3652 2591 τοῖς
3678 2527 3989 2597 ἔμπροσθεν

2413 2621 2662 2690 εἴρηται·
2693 2621 2724 2687 ἡ
2750 2620 2826 2685 δὲ,
2855 2620 2929 2683 ὡς
2957 2620 3144 2683 θυσίας
3165 2636 3179 2650 ⁶
3217 2622 3430 2692 ἀνάγκη
3469 2623 3563 2675 καὶ
3595 2621 3812 2684 τούτους
3843 2621 3987 2690 ὑπὲρ

2414 2708 2488 2764 ὧν
2532 2711 2921 2781 προσάγονται,
2953 2713 3045 2764 καὶ
3067 2713 3159 2766 ἐπὶ
3202 2714 3300 2782 τῆς
3335 2711 3576 2783 πρώτης,
3605 2713 3698 2768 καὶ
3744 2714 3834 2766 ἐπὶ
3889 2713 3991 2780 τῆς

2415 2802 2672 2869 δευτέρας
2731 2802 3098 2870 προσαγωγῆς
3156 2804 3630 2872 μνημονεύεσθαιο
3662 2806 3756 2858 καὶ
3808 2805 3993 2857 τοίνυν

2417 2893 2665 2963 καθάπερ
2694 2893 2784 2944 ἐπὶ
2811 2892 2908 2962 τῆς
2939 2895 3182 2964 πρώτης,
3212 2913 3230 2946 ι
3258 2896 3350 2958 Εἰς
3372 2897 3691 2964 ἀνάμνησιν,
3725 2897 3876 2965 φησὶ,
3897 2896 3992 2949 ταῦ

2419 2982 2646 3051 Κυρίου,
2676 2981 2772 3034 καὶ
2797 2981 2954 3040 Θεοῦ.
2997 2981 3091 3034 καὶ
3141 2983 3393 3054 Σωτῆρος
3446 2982 3604 3053 ἡμῶν
3639 2984 3813 3051 Ἰησοῦ
3860 2985 3996 3054 Χρι-

2433 3073 2629 3126 στοῦ·›
2659 3073 2800 3126 οὓτω
2847 3074 2942 3126 καὶ
2976 3076 3069 3128 ἐπὶ
3126 3075 3227 3143 τῆς
3280 3077 3557 3146 δευτέρας.
3594 3095 3612 3126 ι
3642 3078 3998 3145 Μεμνημένοι

2367 3213 2386 3235 ,
2420 3167 2602 3220 τοίνυν
2626 3168 2734 3220 τῶν
2768 3168 2908 3236 ὑπὲρ
2940 3167 3096 3236 ἡμῶν
3125 3167 3451 3234 γενομένων,
3485 3167 3579 3220 τοῦ
3613 3166 3847 3236 σταυροῦ
3899 3167 3996 3219 καὶ

2420 3258 2529 3310 τῶν
2565 3258 2742 3312 ἄλλων
2772 3252 2847 3312 ὧν
2882 3258 3023 3328 ὑπὲρ
3081 3258 3239 3328 ἡμῶν
3303 3258 3595 3326 ὒπέμεινεν
3624 3261 3650 3311 ὁ
3705 3258 3994 3326 Χριστός.»

2427 3352 2492 3403 Ὃ
2518 3350 2626 3417 γὰρ
2656 3349 2888 3403 ἐνταῦθα
2926 3349 3172 3420 βούλεται
3200 3350 3233 3419 ἠ
3268 3349 3361 3401 τοῦ
3391 3350 3625 3418 σταυροῦ
3663 3352 3871 3419 μνήμη,
3903 3349 4003 3401 καὶ

2423 3441 2531 3493 τῶν
2572 3441 2747 3495 ἄλλων
2777 3441 2886 3494 τῶν
2919 3441 3058 3510 μετὰ
3085 3441 3175 3493 τὸν
3209 3440 3464 3510 σταυρὸν,
3493 3441 3650 3493 τοῦτο
3678 3442 3796 3493 ἐκεῖ
3822 3443 3854 3508 ἠ
3906 3439 4003 3494 τοῦ

2427 3533 2640 3602 Κυρίου
2694 3533 3018 3598 ἀνάμνησις.
3059 3533 3134 3585 Οὐ
3190 3533 3297 3602 γὰρ
3343 3532 3416 3592 ὡς
3463 3533 4004 3604 θαυματουργοῦντος

2425 3624 2521 3676 τοῦ
2575 3625 2847 3696 Σωτῆρος,
2880 3623 2995 3678 ἀλλ’
3024 3625 3095 3687 ὡς
3147 3626 3573 3696 σταυρουμένου,
3615 3626 3709 3678 καὶ
3761 3626 4007 3694 ἀποθνή-

2427 3732 2666 3778 σκοντος,
2690 3715 2989 3782 τηνικαῦτα
3018 3717 3046 3768 δ
3078 3717 3254 3785 ἱερεὺς
3289 3717 3579 3785 μέμνηται,
3605 3716 3680 3777 ὡς
3715 3716 3772 3769 ὲν
3801 3718 4003 3787 ἐκείνῳ

2424 3803 2506 3872 τῷ
2536 3804 2686 3873 τόπῳ
2717 3804 2804 3857 διὰ
2843 3805 3054 3857 πολλῶν
3105 3805 3417 3875 ἀπεδείχθη.
3448 3806 3555 3858 Καὶ
3593 3805 3754 3859 πάλιν
3810 3806 4008 3878 ὥσπερ

2426 3895 2515 3945 ἐπὶ
2537 3895 2637 3964 τῆς
2673 3895 2918 3962 πρώτης,
2958 3915 2980 3947 ‹
3018 3898 3108 3958 Εἰς
3131 3895 3290 3961 δόξαν
3315 3897 3416 3965 τῆς
3441 3897 3738 3964 Παναγίας,
3772 3900 3848 3959 είς
3872 3916 4008 3965 πρε-

2429 3981 2616 4034 σϐείαν
2647 3984 2753 4038 τῶν
2781 3983 3003 4051 ἁγίων,›
3035 3985 3217 4052 φησὶν,
3249 3985 3392 4037 οὕτω
3440 3986 3533 4039 καὶ
3561 3986 3652 4038 ἐπὶ
3678 3987 3774 4056 τῆς
3819 3987 4009 4040 δευτέ-

2430 4087 2568 4140 ραςο
2609 4071 2821 4141 «Ὑπὲρ
2871 4073 2979 4125 τῶν
3027 4075 3199 4141 ἁγίων
3243 4074 3518 4136 ἁπάντων,
3557 4075 3851 4144 ἐξαιρέτως
3906 4079 4008 4144 τῆς

2428 4163 2758 4229 Παναγίας.»
2793 4165 3005 4235 Ὠσπερ
3039 4165 3148 4234 γὰρ
3175 4164 3273 4236 τὴν
3311 4166 3585 4236 ὑπεροχὴν
3620 4168 3795 4237 αὐτῆς
3833 4167 4006 4232 εδειξε

2427 4253 2535 4306 τῶν
2562 4253 2738 4306 ἄλλων
2762 4255 3036 4324 προτιθεὶς
3069 4257 3342 4321 ἁπάντων,
3377 4257 3550 4320 οὕτως
3573 4258 3846 4323 ἐνταῦθα,
3879 4261 4008 4312 ἐπεὶ

2431 4349 2569 4412 μετὰ
2594 4363 2743 4408 τινας
2773 4347 2960 4409 ἄλλους
2987 4347 3156 4417 αὐτῆς
3182 4349 3578 4417 ἐμνημόνευσε,
3607 4350 3669 4402 τὸ
3690 4349 4008 4418 ἐξαιρέτως

2434 4433 2712 4500 προσθεὶς,
2737 4436 2834 4487 καὶ
2878 4435 3070 4507 ὥσπερ
3120 4437 3214 4490 ἐπὶ
3247 4437 3346 4507 τῆς
3405 4439 3649 4508 πρώτης,
3693 4443 3829 4510 μετὰ
3874 4445 4005 4505 τοὺς

769 4537 1009 4585 vivorum
1056 4545 1107 4586 et
1148 4543 1517 4597 mortuorum,
1544 4534 1616 4586 ita
1649 4537 1813 4588 etiam
1847 4537 1900 4588 in
1936 4535 2196 4590 secunda.
2232 4534 2326 4588 Est
2352 4534 2405 4595 Ι)
2433 4523 2456 4575 δ

2321 4534 2405 4595 μῙ)
2433 4523 2644 4590 ἁγίους,
2675 4525 2783 4578 τῶν
2829 4526 3011 4587 ἐλέους
3060 4526 3329 4595 δεομένων
3378 4528 3669 4598 μέμνηται,
3720 4529 3816 4581 καὶ
3868 4532 4008 4600 ὑπὲρ

763 4634 944 4676 autem
977 4626 1279 4679 dilJ‘erentia
1312 4641 1326 4689 ;
1360 4627 1410 4677 in
1441 4641 1606 4680 secun
1629 4628 1678 4679 ιι
1711 4627 1852 4680 enim
1887 4635 2072 4680 narrat
2099 4626 2327 4679 oblatio-

767 4731 926 4777 nem;
975 4718 1106 4769 tiit'il.
1158 4719 1351 4772 enim:
1391 4735 1409 4768 ι
1450 4718 1739 4773 Οίΐρτὶτηιιε
1776 4719 1870 4772 tibi
1928 4720 2074 4772 hunc
2119 4719 2326 4772 cultum

766 4806 1126 4871 rationalem;
1166 4826 1184 4857 ι
1244 4819 1296 4861 et
1342 4809 1500 4862 simul
1532 4813 1696 4863 etiam
1751 4811 1900 4877 ponit
1933 4825 2130 4864 causas
2177 4812 2330 4871 obla-

767 4899 953 4960 tionis,
985 4899 1064 4950 vel
1109 4899 1260 4967 prius
1311 4901 1521 4964 dici-ns,
1555 4902 1632 4955 vel
1668 4902 2005 4971 subjungens
2056 4904 2332 4956 memoria:

769 4991 1079 5057 passionum
1117 4990 1443 5058 Servatoris,
1473 4994 1788 5046 memoriam
1827 5003 2166 5048 sanctorum.

846 5253 900 5304 In
932 5254 1104 5321 prima
1139 5264 1320 5306 autem
1375 5255 1529 5321 ponit
1564 5254 1710 5310 solas
1740 5270 1938 5309 causas
1989 5255 2285 5312 oblationis
2316 5274 2329 5309 :

775 5361 789 5392 ι
833 5344 885 5395 In
916 5344 1230 5397 memoriam
1265 5345 1499 5404 Domini,
1533 5347 1584 5397 in
1611 5347 1841 5414 gloriam
1873 5345 2272 5412 Sanctissimae,
2309 5367 2328 5398 ι

772 5445 822 5484 et
857 5449 978 5497 quae
1023 5448 1339 5502 sequuntur.
1374 5435 1647 5505 lnquihus
1673 5439 2201 5492 tucminiteteorum
2237 5452 2335 5506 pro

775 5522 973 5586 quibus
1001 5525 1109 5592 agit
1141 5527 1362 5592 gratias,
1389 5538 1442 5580 et
1478 5543 1664 5580 eorum
1692 5545 1788 5595 pro
1811 5531 2006 5597 quilzus
2045 5531 2332 5599 supplicat.

773 5613 900 5675 Quae
915 5626 992 5668 εει
1010 5632 1132 5683 ergo
1160 5603 1317 5680 ratio,
1335 5618 1473 5685 quod
1492 5621 1540 5670 in
1557 5621 1657 5671 hoc
1673 5620 1889 5686 quidem
1913 5621 2053 5673 l‘acto
2067 5637 2125 5674 se
2143 5622 2338 5676 oilerre

773 5706 1048 5756 OStendit?
1078 5705 1147 5758 lle
1171 5721 1307 5774 pane
1330 5710 1468 5758 enim
1503 5709 1816 5771 detrahens,
1841 5709 1893 5761 id
1930 5710 2036 5760 lleo
2066 5709 2223 5761 oﬂ'erl
2247 5726 2260 5772 ;
2286 5719 2338 5760 et

765 5794 892 5846 ideo
918 5810 1022 5848 non
1054 5811 1190 5864 opus
1215 5796 1313 5849 fuit
1348 5813 1422 5849 τοι
1443 5799 1522 5849 bis
1566 5813 1682 5866 qua
1715 5801 1814 5855 hoc
1845 5799 2215 5868 signiﬁcarent
2242 5818 2254 5864 ;
2285 5800 2335 5853 in

2431 4607 2505 4667 ὧν
2537 4616 2786 4679 ἱκετεύει,
2821 4617 2914 4669 καὶ
2937 4617 3174 4681 ζώντων,
3205 4619 3299 4671 καὶ
3324 4620 3692 4687 τεθνηκότωνο
3726 4623 3869 4675 οὕτω
3911 4627 4010 4675 καὶ

2432 4709 2525 4760 ἐπὶ
2547 4709 2646 4774 τῆς
2674 4710 2957 4776 δευτέρας.
2999 4712 3156 4780 Ἔχει
3184 4712 3242 4764 δὲ
3265 4713 3551 4782 διαφοράν.
3598 4715 3720 4767 Ἐπὶ
3753 4717 3850 4783 μὲν
3900 4716 4010 4784 γὰρ

2431 4803 2527 4869 τῆς
2557 4801 2839 4869 δευτέρας,
2877 4805 2971 4854 καὶ
3002 4802 3270 4872 διηγεῖται
3300 4804 3398 4873 τὴν
3437 4807 3803 4876 προσαγωγήν
3823 4824 3838 4839 ο
3871 4811 4011 4876 φησὶ

2434 4894 2560 4962 γὰρ,
2602 4911 2620 4943 ι
2652 4893 3008 4962 Προσὰγομέν
3049 4911 3130 4946 σοι
3159 4895 3257 4963 τὴν
3279 4895 3500 4966 λογικὴν
3552 4896 3756 4965 ταύτην
3789 4897 4011 4966 λατρείο

2434 5000 2530 5037 αν·
2550 5004 2568 5036 ι
2609 4985 2727 5053 μεθ’
2755 4978 2829 5037 ὧν
2859 4986 3039 5054 τίθησι
3070 4986 3167 5048 τὰς
3200 4987 3453 5057 ἀφορμὰς
3485 4989 3578 5055 τῆς
3610 4989 4003 5057 προσαγωγῆς.

2436 5076 2469 5144 ἢ
2507 5077 2806 5146 προὶέγων,
2835 5076 2867 5146 ἦ
2899 5077 3165 5144 ἐπιλέγων
3193 5079 3291 5147 τὴν
3329 5081 3432 5148 μνή
3443 5097 3546 5148 μην
3570 5081 3677 5132 τῶν
3706 5079 3799 5132 τοῦ
3824 5082 4011 5150 Σωτῆ-

2439 5184 2529 5236 ρος
2554 5166 2756 5231 παθῶν,
2778 5168 2876 5238 τὴν
2901 5170 3121 5238 μνήμην
3157 5171 3263 5221 τῶν
3299 5172 3489 5237 ἁγίων.

2521 5257 2644 5310 Ἐπὶ
2679 5261 2733 5312 δὲ
2760 5262 2858 5330 τῆς
2889 5260 3111 5330 πρώτης
3167 5262 3332 5330 μόνας
3383 5263 3563 5330 τίθησι
3605 5263 3698 5325 τὰς
3750 5264 4010 5333 ἀφορμὰς

2437 5349 2534 5416 τῆς
2584 5355 2976 5421 προσαγωγῆς,
3003 5352 3207 5420 )ἐγων’
3247 5355 3370 5416 «Εἰς
3401 5355 3708 5424 ἀνάμνησιν
3733 5355 3828 5407 τοῦ
3889 5359 4011 5409 Κυ-

2443 5443 2580 5505 ρίου,
2630 5443 2709 5502 εἱς
2759 5442 2917 5504 δόξαν
2963 5443 3063 5509 τῆς
3105 5445 3446 5511 Παναγίαςη
3484 5447 3576 5497 καὶ
3603 5446 3669 5497 τὰ
3713 5447 3872 5516 ἑξῆς,
3922 5449 4011 5498 Ἐν

2438 5525 2515 5592 οἷς
2551 5532 2822 5600 μέμνηται
2850 5534 2943 5583 καὶ
2972 5534 3111 5602 ὑπὲρ
3146 5527 3221 5585 ὧν
3262 5535 3588 5604 εὐχαριστεῖ,
3616 5536 3722 5588 Καὶ
3771 5536 3910 5604 ὑπὲρ
3935 5530 4013 5590 ὧν

2443 5621 2696 5674 ἱκετεύει.
2726 5623 2820 5682 Τίς
2849 5620 2939 5673 οὖν
2971 5627 2997 5674 ὁ
3021 5623 3176 5689 λόγος
3207 5625 3284 5675 ὅτι
3314 5627 3381 5676 ὲν·
3405 5624 3579 5694 ταύτῃ
3608 5626 3705 5691 μὲν
3732 5626 3876 5693 ἔργῳ
3901 5625 4015 5676 δεί-

2443 5729 2628 5766 κνυσιν
2655 5713 2735 5767 ὅτι
2772 5713 3100 5781 προσφέρει;
3136 5714 3224 5764 καὶ
3263 5713 3368 5784 γὰρ
3415 5713 3664 5781 ἀφαιρῶν
3706 5712 3797 5764 τοῦ
3844 5713 4014 5781 ἄρτου

2446 5801 2728 5869 ἀνατίθησι
2782 5801 2856 5870 τῷ
2888 5803 3025 5871 Θεῷ.
3063 5803 3274 5854 Καὶᾰὰ
3325 5803 3483 5872 τοῦτο
3527 5804 3623 5856 οὐκ
3672 5802 3865 5873 ἐδεήθη
3907 5803 4018 5856 τῶν
