4272 6446
701 427 805 488 1:87

1941 408 2252 471 NlCOLAl
2297 404 2685 464 CABASILIE

3838 397 3946 458 488

703 547 790 593 tus
827 545 927 590 est.
965 533 1099 598 Quis
1140 529 1283 585 enim
1321 529 1516 592 haeres,
1549 527 1652 580 nisi
1692 525 1868 579 (ilius?
1905 523 2045 585 Quid
2091 533 2268 575 autem
2300 523 2342 578 Α
2374 516 2390 567 ι

2257 533 2268 571 ι
2300 523 2342 578 Α
2374 515 2506 568 Θεοῦ
2531 518 2878 586 γεννηθῆναι,
2900 517 2990 570 καὶ
3017 518 3091 581 είς
3118 515 3319 583 ταύτην
3348 515 3617 585 ἀναϐῆναι
3645 515 3742 585 τὴν
3766 511 3944 580 τιμὴν-

706 643 884 680 rerum
932 635 1276 691 paternarum
1321 621 1587 674 haeredem
1637 615 1864 687 effugit?
1912 615 2078 668 Nihil.
2129 613 2274 678 Quo-

709 718 867 771 modo
891 731 1022 784 ergo
1053 716 1287 784 petimus
1321 714 1371 766 id
1397 712 1539 780 quod
1565 711 1675 780 jam
1708 711 1890 764 datum
1932 707 2051 761 est?
2085 707 2276 762 Aliena

707 828 736 865 ει
784 809 1017 862 ﬁliorum
1067 806 1356 873 adoptione
1399 803 1858 872 perpetravimus,
1895 812 2177 868 postquam
2212 813 2274 851 ex

710 902 819 954 Deo
854 901 964 952 nati
1012 914 1204 952 sumus
1236 905 1287 950 ct
1321 897 1385 950 ad
1427 911 1552 949 cum
1591 897 1851 949 lienorem
1888 895 2274 961 pervenimus;

713 1006 808 1057 pro
860 991 982 1043 ﬁliis
1015 989 1139 1041 mali
1186 988 1326 1040 servi
1361 988 1484 1040 facti
1519 1001 1729 1048 sumus,
1754 994 1808 1038 et
1844 992 2129 1053 propterea
2163 992 2280 1036 tan-

712 1097 874 1148 quam
909 1083 976 1133 de
1026 1096 1082 1133 re
1133 1079 1305 1131 aliena
1342 1088 1396 1130 et
1441 1094 1562 1147 quze
1592 1077 1728 1129 nihil
1775 1077 1840 1128 ad
1893 1090 1992 1128 nos
2023 1075 2276 1143 pertinet,

715 1175 1108 1243 supplicamus.
1132 1171 1275 1240 Ergo
1302 1187 1398 1224 nos
1429 1185 1644 1239 quoque
1671 1170 1834 1238 hujus
1863 1168 2281 1236 supplicationis

721 1269 874 1319 nobis
919 1280 1098 1319 causa:
1131 1279 1344 1320 sumus.
1377 1262 1449 1316 De
1485 1263 1642 1316 bonis
1676 1274 1856 1314 autem
1906 1261 2281 1330 corporalibus

715 1358 878 1423 jussit
904 1356 1166 1409 Dominus
1209 1373 1222 1408 :
1261 1374 1278 1403 ι
1308 1354 1476 1407 Petite
1525 1355 1756 1421 primunt
1817 1368 2042 1419 regnum
2097 1352 2191 1404 Dei
2230 1360 2284 1405 et

717 1448 1007 1515 justitiam,
1043 1457 1096 1501 et
1142 1447 1257 1500 ha-c
1294 1445 1474 1499 omnia
1530 1445 1855 1512 adjicientur
1905 1444 2092 1509 vobis;
2129 1462 2146 1495 ι
2186 1453 2235 1496 et
2270 1465 2280 1498 :

727 1560 743 1588 ι
780 1539 855 1592 Ne
889 1541 1007 1592 sitis
1029 1538 1244 1592 solliciti
1276 1538 1338 1590 ile
1364 1538 1718 1596 nutrimento,
1746 1545 1799 1587 et
1826 1534 1892 1588 tle
1924 1533 2283 1596 indumentis,

721 1640 772 1682 et
810 1629 968 1682 Pater
1000 1638 1181 1683 vester
1211 1629 1449 1682 caelestis
1485 1627 1748 1695 quidquid
1780 1642 1916 1695 opus
1939 1627 2122 1693 fuerit,
2154 1644 2284 1696 sup-

724 1721 1009 1787 peditabit.
1041 1739 1059 1771 ι
1099 1718 1212 1773 Nos
1262 1728 1442 1772 autem
1499 1719 1717 1790 quando
1766 1720 1853 1771 eis
1911 1734 2156 1787 egemus,
2203 1720 2284 1773 vel

723 1820 944 1877 propter
985 1809 1294 1863 socordiam
1348 1817 1400 1861 et
1452 1806 1830 1860 infelicitatem
1886 1819 2131 1862 nostram
2184 1810 2285 1863 hoc

725 1899 985 1967 patimur,
1009 1907 1062 1951 et
1093 1897 1242 1966 quod
1275 1897 1342 1949 de
1370 1898 1448 1950 eis
1485 1906 1809 1966 praeceptum
1838 1913 1945 1950 non
1972 1913 2286 1960 servamus;

735 2001 788 2043 et
830 2001 956 2044 tunc
982 1998 1200 2058 egestas
1241 1997 1485 2041 nostrum
1518 1996 1602 2040 est
1641 2003 1800 2054 opus,
1835 1996 1888 2040 et
1923 2003 2042 2056 qua:
2075 1988 2330 2058 propter'

726 2098 842 2136 eam
889 2083 945 2134 [it
981 2081 1305 2150 supplicatio
1347 2095 1362 2133 :
1393 2080 1479 2131 vel
1519 2088 1737 2147 propter
1769 2079 1859 2132 Dei
1892 2081 2291 2149 providentiam

726 2181 780 2227 et
811 2173 1219 2240 benignitatem,
1252 2170 1397 2224 sicut
1444 2167 1570 2231 Job,
1599 2179 1655 2222 ut
1689 2171 1894 2237 majora
1938 2180 1990 2224 el
2030 2183 2293 2240 praestan-

730 2269 866 2318 tiora
893 2264 1040 2317 bona
1086 2277 1509 2334 consequamur.
1557 2260 1622 2315 Et
1655 2271 1787 2314 tunc
1819 2262 1907 2314 illa
1942 2273 2154 2331 egestas
2202 2267 2291 2318 Dei

728 2372 864 2424 opus
898 2366 1016 2418 cst,
1069 2371 1174 2407 non
1199 2354 1406 2422 praebet
1443 2363 1622 2406 autem
1653 2354 1917 2408 orationis
1948 2363 2041 2407 aut
2081 2357 2293 2424 suppli-

729 2445 980 2507 cationis,
1014 2442 1106 2497 sed
1150 2441 1566 2510 glorilicationis
1607 2451 1659 2495 et
1705 2443 2010 2511 gratiarum
2061 2446 2296 2499 actionis

730 2533 1040 2587 materiam.
1079 2531 1548 2596 Quemadmodum
1586 2532 1686 2586 Job
1726 2533 1984 2587 dicebat:
2034 2553 2052 2586 ι
2084 2536 2166 2589 Sit
2195 2551 2294 2589 no-

732 2642 857 2679 men
898 2624 1110 2679 Domini
1150 2625 1496 2679 benedictum
1536 2625 1587 2677 in
1623 2625 1877 2678 saeculum
1913 2628 2117 2680 saeculi.
2148 2647 2165 2680 ›
2207 2627 2298 2683 Vi-

732 2717 828 2769 des
860 2718 1004 2783 quod
1038 2716 1220 2768 omnia
1251 2731 1372 2784 qua:
1414 2731 1443 2769 a
1477 2715 1583 2770 Deo
1619 2717 1670 2769 in
1722 2733 1822 2772 nos
1855 2718 2295 2786 proficiscuntur,

734 2821 832 2859 nos
863 2807 927 2859 ad
958 2807 1405 2873 gleriticationem
1439 2817 1490 2860 et
1539 2809 1836 2875 gratiarum
1880 2811 2144 2865 actionem
2185 2825 2298 2866 tan-

734 2910 845 2952 tum
874 2899 1177 2962 deducunt,
1207 2899 1515 2952 orationum
1544 2910 1725 2955 autem
1756 2910 1808 2954 et
1839 2903 2297 2971 supplicationum

737 3007 837 3045 nos
875 3005 1054 3044 causae
1089 3005 1300 3044 sumus.
1335 2988 1628 3060 Propterea
1660 2994 1905 3046 omnium
1942 2994 2209 3050 bonorum
2248 3004 2301 3052 et

735 3081 980 3149 corporis
1011 3089 1062 3133 et
1085 3081 1306 3145 anima),
1350 3082 1402 3133 in
1438 3082 1643 3136 nostris
1689 3081 1756 3136 ad
1793 3083 1958 3137 Deum
1994 3088 2304 3153 interpella-

2378 607 2495 658 ἀντὶ
2532 607 2659 661 υἱῶν
2688 609 2912 677 πονηροὶ
2942 608 3118 660 δοῦλοι
3150 608 3459 677 γεγόναμεν
3487 624 3500 638 ’
3538 607 3631 658 καὶ
3665 607 3752 662 διὰ
3789 605 3947 658 τοῦτο

2381 700 2456 760 ὼς
2491 701 2617 770 περὶ
2656 700 2938 768 ἀλλοτρίου
2973 700 3322 768 πράγματος,
3359 699 3456 752 καὶ
3488 697 3642 753 οὐᾰὲν
3674 698 3806 765 ἡμῖν
3837 696 3948 747 6m—

2378 792 2632 860 φέροντος
2661 791 2998 857 ἱκετεύομεν.
3020 791 3229 843 Οὐκοῦν
3254 791 3349 844 καὶ
3368 791 3579 858 ταύτης
3605 789 3762 858 ἡμεῖς
3789 790 3952 856 ἐομιν

2379 881 2543 933 αἴτιοι
2577 881 2678 948 τῆς
2709 883 2916 943 ἱκεσίας
2948 885 3080 953 ημῖν
3115 884 3320 940 αὐτοῖς.
3356 883 3492 950 Περὶ
3529 881 3583 934 δὲ
3627 882 3733 933 τῶν
3768 897 3956 945 σωμα-

2380 974 2545 1026 τικῶν
2577 973 2795 1040 ἀγαθῶν
2842 977 2868 1026 ὁ
2903 975 3105 1046 Κύριος
3154 975 3476 1027 ἐκελέυσενο
3504 993 3526 1026 ι
3566 975 3775 1025 Αἰτεῖτε
3811 972 3957 1041 πρῶ-

2382 1081 2473 1116 τον
2503 1065 2601 1134 τὴν
2630 1065 2910 1134 βασιλείαν
2939 1066 3032 1118 τοῦ
3068 1067 3222 1127 Θεοῦ,
3256 1067 3348 1117 καὶ
3376 1066 3550 1117 ταῦτα
3584 1065 3760 1115 πάντα
3796 1079 3959 1129 προσ-

2382 1153 2668 1222 τεθήσεται
2707 1157 2868 1223 ὑμῖν,
2917 1176 2934 1207 ι
2977 1158 3106 1210 καί·
3157 1176 3176 1209 ι
3222 1158 3305 1224 Μὴ
3342 1157 3643 1224 μεριμνᾶτε
3689 1154 3819 1222 περὶ
3859 1157 3954 1220 τῆς

2382 1247 2604 1313 τροφῆς,
2635 1250 2725 1299 καὶ
2746 1248 3055 1316 ἐνδυμάτων
3079 1263 3093 1277 ο
3125 1249 3215 1300 καὶ
3239 1250 3265 1299 6
3287 1249 3470 1317 Πατὴρ
3493 1247 3646 1315 ὑμῶν
3668 1248 3693 1297 6
3715 1245 3964 1313 οὐράνιος

2386 1338 2564 1388 πᾶσαν
2589 1340 2887 1408 χορηγήσει
2915 1339 3012 1406 τὴν
3035 1340 3245 1409 χρείαν.
3270 1359 3288 1390 ι
3325 1338 3513 1407 Ἡμεῖς
3535 1338 3588 1388 δὲ
3622 1337 3842 1388 ἐπειδὰν
3869 1335 3962 1386 a6-

2388 1428 2491 1479 τῶν
2515 1429 2704 1491 ἐνδεῶς
2725 1430 2942 1500 ἔχομεν,
2962 1433 2994 1500 ἢ
3011 1432 3096 1485 διὰ
3115 1432 3387 1502 ρᾳθυμίαν
3435 1430 3790 1483 καῖἀπιστέαν
3807 1427 3965 1480 τοῦτο

2390 1523 2693 1588 πάσχομεν,
2737 1523 2829 1573 καὶ
2853 1522 2915 1572 τὸ
2949 1521 3022 1591 μὴ
3059 1522 3294 1592 τηρῆσαι
3331 1522 3428 1591 τὴν
3459 1521 3586 1587 περὶ
3617 1519 3794 1573 αὐτῶν
3823 1522 3968 1570 ὲντο·

2388 1609 2484 1674 ληξν
2504 1625 2515 1638 °
2541 1611 2634 1662 καὶ
2654 1610 2773 1662 τότε
2795 1611 2826 1681 ή
2853 1610 3028 1663 ἔνδεια
3050 1610 3208 1680 ἔργον
3231 1611 3397 1681 ὴμέτε
3409 1628 3520 1679 ρον,
3549 1613 3634 1663 κα“·
3664 1609 3779 1678 ήδι⁶
3799 1609 3969 1677 αὐτὴν

2395 1701 2609 1754 ίκεσία’
2656 1704 2687 1772 ἢ
2737 1705 2968 1774 προνοίᾳ
3010 1704 3172 1767 Θεοῦ,
3213 1705 3306 1757 καὶ
3344 1701 3744 1772 φιλανθρωπίᾳ,
3779 1701 3966 1769 ὥσπερ

2389 1793 2415 1842 6
2486 1792 2628 1857 Ἰὼϐ,
2679 1794 2764 1846 ἵνα
2831 1796 3094 1863 μειζόνων
3149 1795 3402 1864 τύχωμεν
3451 1795 3546 1847 καὶ
3600 1793 3966 1861 τιμιωτέρων.

2396 1885 2504 1937 Καὶ
2535 1884 2656 1937 τότε
2701 1886 2732 1954 ἡ
2764 1885 2937 1937 ἔνδεια
2982 1887 3163 1956 ἐκείνη
3195 1887 3308 1939 ἐστὶ
3343 1886 3441 1954 μὲν
3482 1884 3575 1938 τοῦ
3619 1883 3753 1936 Θεοῦ
3787 1883 3968 1951 ἔργον,

2395 1976 2508 2028 ἔστι
2530 1976 2586 2029 δὲ
2613 1977 2673 2029 οὐ
2695 1975 2928 2047 δεήσεὼς
2951 1995 3093 2040 τινος
3125 1979 3214 2031 καὶ
3241 1978 3468 2040 ίκεσίας,
3494 1977 3631 2030 ἀλλὰ
3655 1976 3966 2043 δοξολογίας

2394 2069 2617 2137 ἀφορμὴ
2673 2069 2767 2120 καὶ⁸
2849 2068 3222 2138 εὐχαριστίας.
3268 2069 3479 2138 Ὠσπερ
3515 2070 3543 2122 6
3581 2066 3704 2120 ’1ὼὸ
3751 2067 3967 2133 ἔλεγεν·

2402 2175 2419 2209 ι
2458 2157 2555 2227 Είη
2585 2157 2644 2210 τὸ
2667 2158 2835 2227 ὄνομα
2869 2158 3076 2229 Κυρίου
3111 2159 3474 2228 εὐλογημένον
3500 2159 3607 2211 ἀπὸ
3628 2157 3722 2210 τοῦ
3756 2159 3851 2210 νῦν
3876 2158 3971 2210 καὶ

2396 2249 2473 2309 είς
2506 2249 2631 2310 τοὺς
2655 2249 2876 2310 αἰῶνας.
2915 2269 2933 2302 ι
2983 2249 3143 2320 Ὁρᾷς
3171 2250 3251 2302 ὅτι
3278 2252 3346 2303 τὰ
3376 2252 3526 2320 παρὰ
3548 2251 3642 2303 τοῦ
3671 2250 3807 2302 Θεοῦ
3840 2250 3972 2317 7:96;

2397 2342 2543 2410 ἡμᾶς
2572 2341 2788 2394 ἅπαντα
2818 2343 2952 2410 πρὸς
2977 2343 3290 2412 δοξολογίαν
3318 2346 3411 2396 καὶ
3438 2344 3788 2413 εὐχαριστίαν
3821 2342 3973 2412 φέρει

2402 2433 2562 2500 μόνον
2619 2448 2632 2462 ⁸
2683 2435 2792 2486 τῶν
2843 2435 2901 2488 δὲ
2952 2436 3166 2488 ίκεσιῶν
3205 2436 3409 2489 τούτων
3457 2437 3694 2490 καὶτῶν
3740 2435 3976 2504 δεήσεων

2397 2523 2557 2590 ἡμεῖς
2586 2522 2766 2574 αίτιοι.
2795 2524 2892 2575 Διά
2918 2524 3074 2578 τοῦτο
3103 2527 3327 2580 πάντων
3355 2528 3463 2579 τῶν
3483 2528 3721 2596 ἀγαθῶν,
3752 2527 3846 2579 καὶ
3866 2528 3974 2580 τῶν

2401 2615 2732 2678 σωματικῶν
2754 2652 2767 2673 ,
2805 2616 2899 2666 καὶ
2946 2615 3055 2667 τῶν
3086 2615 3186 2683 τῆς
3219 2616 3398 2685 ψυχῆς
3431 2619 3488 2669 ἐν
3518 2621 3637 2679 ταῖς
3667 2619 3804 2687 πρὸς
3843 2618 3976 2670 Θεὸν

2398 2701 2635 2770 ὁμιλίαις
2664 2704 3116 2772 μνημονεύοντες,
3139 2704 3227 2756 ἐπ’
3249 2706 3566 2778 εὐχαριστίᾳ
3595 2711 3812 2761 πάντων
3843 2726 3977 2776 μνη-

2403 2793 2720 2861 μονεύομεν,
2793 2795 2902 2846 εἴτε
2945 2794 3209 2864 πάρεστιν
3251 2799 3384 2868 ημῖν
3449 2800 3683 2863 ἃπαντα,
3733 2801 3842 2852 εἴτε
3879 2802 3972 2870 μή.

2413 2885 2647 2946 Ἐκεῖνος
2681 2887 2788 2953 γὰρ
2820 2886 2963 2952 ἅπαξ
2993 2886 3190 2940 ἔδωκεν
3222 2889 3458 2956 ἅπαντα,
3485 2891 3580 2943 καὶ
3607 2892 3760 2943 οὐδὲν
3794 2893 3975 2961 ἀφῆκε

2403 2977 2533 3043 παρ’
2561 2977 2758 3046 ἑαυτῷ.
2788 2979 2892 3030 Καὶ
2917 2979 3074 3032 τοῦτο
3125 2979 3279 3044 εἰδὼς
3302 2984 3330 3035 6
3353 2984 3620 3054 μακάριος
3661 2985 3980 3048 Ἀπόσττιλος

2403 3069 2654 3120 ἐκέλευσε
2682 3067 2894 3121 πάντων
2916 3069 3078 3124 ’ἑνεκα
3101 3073 3466 3143 εὐχαριστεῖν,
3485 3077 3716 3145 γράφων
3732 3094 3745 3106 ο
3779 3097 3798 3129 ι
3831 3077 3980 3130 Πάν-

737 3173 978 3225 tionibus
1014 3171 1332 3224 memoriam
1373 3169 1657 3234 facientes,
1693 3188 1720 3225 a
1785 3175 2078 3244 gratiarum
2127 3151 2368 3232 actio-C
2400 3177 2424 3212 τ

2292 3165 2368 3227 ,C
2400 3177 2522 3213 τοτε
2553 3151 2806 3232 χαίρετε,
2839 3165 2896 3216 ὲν
2931 3163 3519 3233 παντὶιεύχαριστεῖτε.
3573 3187 3592 3217 ι
3635 3169 3840 3224 Τούτου
3877 3172 3979 3239 χά-

735 3277 858 3315 nem
902 3261 1145 3315 omnium
1178 3263 1756 3317 commemorationem
1803 3264 2055 3331 facimus,
2092 3268 2207 3323 sive
2241 3286 2304 3324 ea

736 3353 894 3407 nobis
922 3351 1103 3406 adsint
1133 3352 1248 3406 sive
1283 3368 1390 3406 non
1422 3353 1625 3407 adsint.
1666 3353 1761 3408 llle
1794 3357 1937 3409 enim
1965 3360 2131 3412 semel
2160 3359 2307 3415 dedit

736 3445 942 3506 omnia,
993 3455 1047 3498 et
1085 3445 1227 3513 apud
1273 3460 1332 3498 se
1378 3444 1516 3498 nihil
1566 3445 1806 3513 reliquit.
1862 3447 1929 3501 Et
1974 3449 2077 3502 hoc
2125 3452 2307 3508 sciens

736 3535 929 3590 beatus
964 3534 1167 3589 Paulus
1213 3535 1378 3604 jussit
1429 3551 1526 3604 pro
1573 3537 1828 3592 omnibus
1871 3540 2078 3608 gratias
2125 3556 2306 3610 agere,

739 3629 1034 3681 scribens:
1075 3645 1092 3679 ι
1124 3628 1350 3696 Semper
1393 3627 1641 3695 gaudete,
1691 3628 1745 3681 in
1793 3629 2052 3687 omnibus
2102 3635 2307 3703 gratias

739 3719 901 3787 agite.
933 3738 949 3770 ι
986 3717 1098 3774 Hac
1139 3721 1206 3774 de
1248 3734 1411 3772 causa
1457 3720 1908 3788 perfectissimam
1940 3732 1990 3775 et
2023 3726 2309 3780 exaetissi-

740 3825 883 3862 niam
937 3821 1178 3864 nostram
1223 3825 1346 3864 cum
1402 3811 1514 3865 Deo
1565 3811 2026 3879 collocutionem,
2069 3814 2308 3885 m'ystcrii

741 3901 1146 3954 communionis
1195 3900 1643 3966 celebrationem,
1707 3903 1761 3956 in
1825 3918 1932 3971 quo
1978 3907 2307 3962 mentionem

744 3991 994 4054 iacimus,
1031 4006 1138 4044 non
1173 3991 1337 4057 hujus
1364 3992 1448 4045 vel
1483 3992 1632 4046 illius
1666 3994 1874 4062 gratim,
1909 3997 2001 4051 sed
2039 4000 2307 4064 Omnium,

745 4093 800 4132 nt
842 4082 1009 4136 semel
1055 4081 1255 4146 dicam,
1289 4083 1380 4135 Dei
1419 4083 1706 4144 bonorum,
1748 4093 1802 4137 et
1842 4101 1962 4152 quae
1993 4097 2114 4141 actu
2154 4090 2310 4145 nobis

744 4180 871 4224 sunt
904 4181 957 4225 et
986 4171 1173 4226 futura
1202 4181 1353 4238 sunt,
1388 4171 1815 4239 Eucharistiam,
1848 4174 1952 4229 hoc
1977 4185 2080 4243 est,
2113 4179 2314 4246 gratia-

745 4278 866 4317 rum
915 4263 1209 4326 actionem,
1255 4264 1540 4319 nominare
1569 4270 2171 4332 erat'consentaneum,
2202 4286 2309 4325 non

745 4369 808 4405 ex
847 4351 914 4406 iis
950 4368 1069 4420 qua:
1103 4353 1156 4405 in
1187 4352 1404 4406 miseria
1441 4364 1722 4407 versantes
1761 4363 1814 4407 et
1863 4369 1980 4408 eam
2015 4356 2310 4425 iinplorano

748 4453 825 4495 tes
861 4457 1142 4512 rogamus,
1188 4443 1281 4496 sed
1322 4458 1387 4496 ex
1438 4443 1505 4497 iis
1548 4458 1669 4510 qua:
1714 4442 1856 4498 Deus
1889 4445 1939 4496 in
1980 4460 2078 4497 nos
2101 4447 2311 4501 oonfert

2408 3272 2492 3323 ριν
2520 3257 2617 3328 τὴν
2642 3261 2998 3330 τελειωτάτην
3020 3260 3110 3314 καὶ
3131 3261 3534 3331 ἀκριϐεστάτην
3563 3263 3697 3331 πρὸς
3721 3262 3857 3314 Θεὸν
3880 3263 3982 3333 τὴν

2406 3347 2660 3414 ὁμιλίαν,
2708 3350 2807 3421 τὴν
2869 3352 2971 3420 τῆς
3024 3353 3307 3414 κοινωνίας
3354 3353 3597 3423 τελετὴν,
3649 3355 3708 3407 ιν
3752 3347 3786 3426 ᾖ
3847 3371 3985 3425 μνη-

2413 3439 2755 3508 μονεύομεν,
2810 3443 2870 3495 οὐ
2929 3444 3173 3514 ταύτης,
3230 3449 3262 3513 ἢ
3312 3445 3532 3510 ἐκείνης
3575 3445 3671 3512 τῆς
3716 3448 3982 3517 χάριτος,

2413 3527 2549 3582 ἀλλὰ
2594 3531 2814 3585 πάντων
2873 3533 3058 3596 ἁπλῶς
3115 3534 3224 3586 τῶν
3278 3538 3342 3587 ἐκ
3396 3535 3532 3587 Θεοῦ
3585 3536 3831 3603 ἀγαθῶν,
3892 3539 3987 3591 καὶ

2408 3619 2579 3672 ὅντων
2622 3623 2756 3691 ἡμῖν
2809 3624 3062 3694 ἐνεργείᾳ
3113 3626 3207 3678 ml.
3263 3626 3558 3692 ἐσομένων,
3617 3627 3987 3696 Εὐχαριστίαν

2408 3712 2696 3779 ὀνομάζειν
2747 3714 2894 3778 είκὸς
2947 3711 3038 3782 ἦν,
3072 3717 3172 3770 οὐκ
3232 3715 3292 3780 ἐξ
3344 3710 3419 3770 ὧν
3466 3718 3624 3786 ἡμεῖς
3661 3719 3990 3790 δυστυχοῦν-

2407 3819 2497 3864 τες
2542 3803 2793 3872 δεόμεθα,
2843 3807 3137 3870 καλοῦντες
3177 3810 3366 3880 αὐτὴν,
3421 3805 3536 3863 ἀλλ’
3596 3813 3656 3878 ἐξ
3705 3805 3783 3866 ὧν
3835 3815 3990 3884 ἡμᾶς

2407 3893 2435 3942 6
2485 3892 2615 3956 Θεὸς
2651 3897 2954 3964 εὐεργετεῖ,
3003 3899 3114 3952 οὐδ’
3143 3902 3253 3954 ἀπὸ
3294 3904 3393 3972 τῆς
3458 3907 3731 3977 ἡμετέρας
3770 3909 3988 3972 πενίας,

2409 3985 2522 4037 ἀλλ’
2572 3986 2681 4039 ἀπὸ
2751 3988 2844 4041 τοῦ
2900 3990 3131 4044 πλούτου
3180 3994 3278 4063 τῆς
3328 3997 3536 4050 ἐκείνου
3589 4001 3984 4068 χρηστότητος.

2421 4074 2572 4126 Ἑπεὶ
2604 4077 2715 4145 γὰρ
2742 4080 2834 4130 καὶ
2863 4079 3177 4152 ἱκετεύομεν
3203 4085 3263 4137 ἐν
3294 4087 3428 4156 αὐτῇ
3460 4089 3549 4140 τὸν
3580 4090 3733 4154 Θεὸν,
3768 4094 3863 4144 καὶ
3893 4093 3991 4143 εὐ-

2411 4169 2804 4235 χαριστοῦμεν,
2841 4171 2959 4224 ἀλλ’
2988 4175 3020 4242 η
3052 4175 3152 4242 μὲν
3179 4177 3502 4247 εὐχαριστία
3527 4180 3662 4233 Θεοῦ
3693 4182 3876 4250 ἔργον,
3911 4183 3992 4246 ὡς

2410 4256 2625 4326 εἴρηται
2647 4277 2660 4290 ο
2681 4261 2715 4330 ή
2737 4261 2794 4313 δὲ
2823 4263 3000 4317 ἱκεσία
3029 4267 3129 4335 τῆς
3160 4269 3508 4339 ἀνθρωπίνης
3541 4272 3847 4334 ἀσθενείας.
3879 4278 3991 4328 Καὶ

2413 4348 2445 4416 ή
2496 4349 2592 4416 μὲν
2627 4353 2948 4423 εὐχαριστία
2980 4357 3073 4409 ἐπὶ
3121 4358 3453 4432 πλείοσ;ν,ή
3506 4363 3562 4416 δὲ
3613 4364 3790 4418 ίκεσία
3846 4367 3994 4436 ὑπὲρ

2415 4442 2712 4495 ἐλαττόνων
2736 4460 2750 4475 ·
2786 4447 2818 4514 ή
2859 4447 2958 4513 μὲν
2994 4449 3102 4518 γὰρ
3138 4451 3229 4502 ἐπὶ
3259 4455 3424 4504 πᾶσιν
3453 4455 3638 4517 ἁπλῶς
3669 4457 3919 4524 ἀγαθοῖς,
3953 4461 3990 4528 ή

747 4511 1059 4598 beneﬁciis;
1111 4549 1207 4587 nec
1260 4550 1324 4587 ex
1356 4544 1543 4586 nostra
1575 4543 1913 4602 paupertate,
1955 4537 2046 4590 sed
2081 4552 2144 4589 ex
2175 4539 2311 4590 divi-
2345 4511 2434 4583 D5

2308 4568 2311 4576 .
2345 4511 2389 4564 θ
2413 4533 2471 4583 δὲ
2518 4534 2604 4585 ἐπ’
2658 4511 2817 4588 ἐνίων
2849 4511 2871 4564 ’ἡ
2903 4511 3182 4592 διὰ-τοῦτο
3223 4541 3331 4594 ἀπὸ
3372 4542 3483 4596 τῶν
3528 4511 3857 4614 ,κρειττὸνων

749 4625 843 4676 tiis
884 4625 1030 4678 illius
1077 4625 1450 4689 benignitatis.
1479 4624 1617 4690 Quia
1658 4627 1801 4678 enim
1851 4626 1903 4679 in
1944 4642 2007 4680 ea
2040 4628 2149 4682 Deo
2179 4646 2312 4699 sup-

749 4717 1036 4782 plieamus,
1065 4725 1117 4769 et
1140 4717 1344 4784 gratias
1367 4718 1612 4785 agimus:
1642 4717 1732 4770 sed
1759 4719 2058 4786 gratiarum
2094 4721 2313 4788 quidem

751 4807 892 4859 actio
947 4805 1039 4859 Dei
1071 4821 1207 4874 opus
1231 4816 1333 4870 est,
1368 4816 1426 4872 ut
1462 4807 1664 4861 dictum
1688 4820 1802 4871 est;
1834 4808 2159 4877 supplicatio
2189 4826 2317 4864 vero

754 4888 1012 4948 humanae
1043 4895 1434 4950 imbecillitatis
1461 4914 1473 4949 :
1511 4909 1562 4951 et
1586 4897 1883 4967 gratiarum
1909 4899 2128 4965 quidem
2153 4902 2315 4965 actio,

756 4995 976 5054 prepter
1016 4987 1203 5055 plura;
1254 4988 1581 5056 supplicatio
1626 5004 1775 5051 vero,
1805 5005 1903 5057 pro
1941 4990 2309 5057 paucioribus.

757 5077 847 5130 Illa
892 5077 1036 5130 enim
1070 5087 1290 5147 propter
1332 5079 1538 5142 omnia,
1586 5088 1644 5132 ut
1688 5079 1856 5132 semel
1897 5079 2097 5144 dicam,
2132 5081 2315 5135 bona:

759 5168 870 5218 haec
917 5180 1065 5227 vero,
1121 5165 1174 5216 in
1229 5167 1536 5230 nonnullis;
1595 5175 1874 5234 propterea
1927 5168 2208 5234 oportebat
2251 5185 2318 5223 ex

759 5256 1076 5308 melioribus
1105 5264 1160 5309 et
1196 5257 1442 5322 pluribus
1469 5257 1517 5309 ei
1552 5258 1771 5310 nomine
1817 5257 2096 5325 imposito,
2128 5261 2315 5327 appel-

761 5347 870 5397 lare
928 5346 1325 5400 Encharisliain
1361 5347 1454 5415 (ita
1513 5349 1655 5399 enim
1699 5347 1860 5400 etiam
1907 5349 2068 5400 homo
2118 5350 2317 5403 dicitur

757 5434 960 5485 animal
1009 5435 1219 5488 ratione
1264 5437 1574 5504 praeditum,
1609 5435 1733 5488 licet
1761 5436 1832 5489 sit
1871 5437 2103 5504 alicujus
2147 5440 2316 5506 parti-

2419 4625 2682 4679 πλειόνων
2727 4627 2833 4679 ἔδει
2874 4627 3114 4698 τοῠνομα
3161 4633 3295 4701 αὐτῇ
3339 4633 3598 4703 θεμένους
3637 4639 3996 4705 εὐχαριστίαν

2418 4718 2707 4787 ὀνομάζειν
2760 4719 2925 4787 (οὕτω
2957 4723 3065 4793 γὰρ
3111 4726 3206 4776 καὶ
3239 4726 3268 4776 6
3297 4726 3580 4794 ἄνθρωπος
3611 4727 3828 4796 λογικὸν
3853 4730 3998 4793 ζῶον

2419 4809 2656 4874 λέγεται,
2694 4811 2786 4861 καί
2816 4828 2896 4862 τοι
2929 4812 3026 4864 καὶ
3056 4814 3255 4880 ἀλόγου
3291 4817 3430 4878 τινὸς
3469 4820 3730 4888 μετέχων,
3761 4823 3870 4873 ἀπὸ
3897 4823 3996 4874 τοῦ

2424 4900 2732 4968 κρείττονος
2771 4903 2867 4952 καὶ
2901 4902 3145 4969 μείζονος
3177 4906 3375 4974 μέρους
3405 4908 3780 4977 καλούμενος),
3816 4911 3999 4972 ἄλλως

2423 4991 2467 5040 θ’
2502 4991 2584 5040 ὅτι
2626 4992 2653 5042 6
2699 4991 2915 5058 πρῶτος
2947 4994 3117 5064 αὐτὴν
3150 4997 3492 5063 καταδείξας,
3533 5002 3561 5052 6
3594 5000 3796 5070 Κύριος
3834 5003 4001 5072 ήμῶν

2422 5077 2630 5146 Ἰησοῦς
2643 5079 2898 5148 Χριστὸς,
2915 5083 3013 5152 οὐχ
3032 5084 3307 5148 ἱκετεύων,
3320 5087 3456 5138 ὀλλὰ
3475 5089 3635 5156 μόνον
3652 5091 4000 5161 εὐχαριστῶν

2424 5167 2500 5236 τῷ
2537 5170 2712 5237 Πατρὶ
2733 5211 2747 5234 ,
2782 5179 2986 5242 ταύτην
3016 5175 3232 5227 ἐτέλεσε
3274 5177 3367 5228 καὶ
3399 5179 3681 5247 παρέδωκε
3711 5181 3811 5250 τὴν
3841 5184 4008 5236 τελε-

2426 5263 2525 5327 τήν
2543 5264 2665 5314 ’καὶ
2690 5264 2881 5316 τούτου
2911 5265 3067 5333 χάριν
3099 5267 3129 5336 ἠ
3169 5267 3478 5336 Ἐκκλησία,
3498 5271 3633 5340 ὅπερ
3665 5271 3832 5339 οὖσαν
3857 5293 4007 5346 παρ-

2427 5353 2612 5405 έλαϐεν
2633 5355 2821 5424 αὐτὴν,
2849 5356 3006 5408 τοῦτο
3037 5360 3212 5423 καλεῖ,
3243 5359 3594 5430 εὐχαριστίαν
3623 5364 4001 5432 ὀνομάζουσα.

2430 5445 2536 5495 Καὶ
2567 5445 2736 5496 ταῦτα
2774 5446 2871 5513 μὲν
2905 5449 2982 5509 είς
3013 5448 3288 5504 τοσοῦτον.

759 5539 890 5592 eeps
921 5525 1065 5592 quod
1102 5536 1251 5579 caret
1280 5528 1514 5592 ratione,
1540 5529 1718 5596 utqui
1752 5545 1779 5582 a
1809 5529 2021 5582 meliori
2055 5541 2107 5582 et
2177 5533 2365 5600 majori
2444 5545 2593 5601 parte
2645 5539 2916 5606 vocetur),
2959 5551 3014 5592 et
3071 5542 3307 5595 maxime
3355 5545 3480 5611 quia
3535 5549 3741 5613 primus
3796 5549 3891 5616 qui
3945 5549 4003 5602 id

762 5619 1021 5682 ostendit,
1057 5617 1321 5673 Dominus
1356 5630 1542 5675 noster
1571 5620 1731 5676 Jesus
1759 5621 2032 5701 Christus,
2066 5638 2171 5675 non
2205 5626 2545 5692 supplicans,
2580 5631 2672 5681 sed
2711 5631 2888 5684 solum
2924 5631 3070 5685 Patri
3104 5647 3273 5703 agens
3331 5637 3563 5704 gratias,
3629 5641 3732 5694 hoc
3798 5650 4009 5712 myste-

764 5713 903 5764 rium
930 5713 1209 5780 peregitet
1236 5713 1491 5766 tradidit:
1521 5725 1571 5770 et
1597 5730 1657 5768 ea
1690 5718 1757 5770 de
1784 5730 1973 5780 causa,
2010 5717 2153 5784 quod
2191 5719 2320 5771 illud
2362 5732 2483 5774 esse
2536 5722 2765 5790 accepit,
2814 5725 2914 5779 hoc
2952 5737 3132 5789 vocat,
3207 5728 3603 5784 Eucharistiam
3680 5735 4011 5791 nominans.

767 5803 831 5857 Et
865 5805 977 5860 hac
1005 5807 1222 5875 quidem
1259 5807 1547 5862 hactenus.
