4272 6446
728 465 832 528 ξθι
1959 469 2275 529 NlCOLAl
2328 470 2415 528 CA

2328 470 2418 528 CA
2429 469 2720 530 BASlL/E
3857 479 3971 547 ΑΜ

731 594 832 634 nor
856 587 910 632 et
957 576 1204 632 adoratio
1236 613 1254 642 ,
1289 576 1379 647 qui
1410 586 1495 634 est
1546 593 1668 633 cum
1699 577 1857 633 Patre
1879 577 1998 649 ejus
2029 579 2299 650 principio
2329 590 2373 643 Α
2403 599 2418 633 ι

2282 590 2373 643 >Λ
2403 579 2499 634 καὶ
2553 581 2632 651 τῷ
2680 581 2934 652 παναγίῳ
2981 582 3073 635 καί
3124 581 3318 652 ἀγαθῷ
3374 585 3466 638 καὶ
3502 584 3754 654 ζωοποιῷ
3802 588 3969 642 αὐτοῦ

730 679 950 724 carente
981 677 1076 736 ,et
1124 668 1474 724 sanctissimo
1538 679 1591 724 et
1634 670 1776 725 bono
1829 677 1884 724 et
1912 671 2126 726 viviﬁco
2175 673 2295 738 ejus
2403 675 2417 728 l

2282 687 2295 727 ς
2403 675 2702 745 Πνεύματι,
2733 675 2827 729 νῦν
2856 675 2950 730 καὶ
2971 677 3059 732 ἀεὶ
3087 670 3292 742 καὶίῑς
3320 679 3444 744 τοὺς
3469 680 3672 743 αἰῶνας
3695 678 3804 734 τῶν
3829 681 3969 736 1.ιώ-

730 761 936 831 Spiritu
977 801 993 827 ,
1026 775 1170 816 nunc
1195 769 1250 815 et
1295 775 1510 832 semper
1541 803 1556 828 ,
1601 773 1655 818 et
1721 763 1774 816 in
1826 763 2022 818 saecula
2062 764 2294 820 saeculo-
2399 783 2417 819 κ

1075 775 1170 816 unc
1195 769 1250 815 et
1295 775 1510 832 semper
1541 803 1556 828 ,
1601 773 1655 818 et
1721 763 1774 816 in
1826 763 2022 818 saecula
2062 764 2294 820 saeculo-
2399 783 2524 820 νων.
2569 767 2762 839 Ἀμήν.

728 868 871 909 rum.
909 854 1102 908 Amen.

731 1056 1066 1070 σ--δσ--υ--ι-

1649 1201 3014 1377 ΝΙΚΟΛΑΟΥ

1757 1481 2059 1599 ΤΟΥ
2131 1484 2909 1605 ΚΑΒΑΣΙΛΑ

1139 1721 1532 1848 ΠΕΡΙ
1633 1724 1972 1850 ΤΗΣ
2079 1723 2286 1850 ΕΝ
2387 1724 3006 1855 ΧΡΙΣΤΩ
3117 1727 3568 1858 ΖΩΗΣ

1987 1957 2698 2052 ΛΟΓΟΙΕΠΤΑ.

1400 2343 2173 2505 NICOLAI
2292 2343 3271 2501 CABASJL/E

1553 2659 1734 2772 DE
1814 2661 2169 2777 VITA
2261 2662 2401 2774 ΙΝ
2497 2660 3129 2779 CHRISTO

1893 2908 2747 2998 LIBBISEPTEM

862 3269 968 3330 Ea:
999 3263 1226 3329 Jacobi
1254 3263 1529 3327 Pontani
1556 3261 1891 3326 Societatis
1922 3265 2073 3325 Jesu
2131 3262 2513 3355 Pra’fatione
2559 3260 2641 3322 ad
2665 3260 3004 3337 Lcctorem,
3052 3259 3120 3323 in
3174 3258 3461 3341 Philippi
3505 3260 3801 3324 Soiitarii

2089 3367 2422 3445 Dioptram
2465 3365 2574 3446 (α).

779 3537 1221 3592 Exstabatetiam
1259 3534 1311 3588 in
1353 3531 1693 3587 Bibliotheca
1747 3531 2006 3586 Bavarica
2039 3529 2244 3585 Nicolai
2273 3529 2464 3585 Cabasi

2273 3529 2534 3585 Cabasilze
2568 3530 2704 3601 Περὶ
2730 3531 2826 3600 τῆς
2855 3531 2911 3583 ὲν
2949 3531 3170 3602 Χριστῷ
3201 3531 3367 3602 ζωῆς,
3393 3530 3470 3586 De
3491 3532 3600 3585 vita
3638 3533 3693 3586 in
3721 3532 3955 3597 Christo,

721 3626 1047 3699 opusculum
1080 3639 1214 3679 sane
1238 3623 1457 3678 doctum
1495 3638 1557 3677 ac
1583 3623 1751 3692 pium,
1781 3629 1835 3676 et
1865 3623 1929 3676 ad
1958 3621 2173 3676 animos
2205 3621 2300 3676 Dei
2331 3634 2516 3673 amore
2548 3618 2968 3674 inﬂammandos
2995 3619 3131 3675 mire
3187 3619 3522 3690 appositum,
3544 3621 3690 3690 quod
3718 3621 3960 3691 Dioptra:

707 3716 1009 3786 adjungcre
1053 3721 1282 3782 propter
1320 3725 1501 3764 rerum
1546 3709 1988 3765 convenientiam
2035 3710 2260 3778 placuit,
2307 3723 2703 3778 speramusque
2755 3713 2874 3779 pari
2912 3710 3092 3764 fructu
3148 3710 3432 3765 evolutum
3487 3711 3576 3765 iri.
3618 3710 3957 3769 Volebamus

705 3801 1120 3869 inscriptionem
1166 3800 1237 3852 ita
1273 3798 1518 3862 reddere,
1567 3797 1640 3851 De
1679 3800 1788 3851 vita
1817 3795 2146 3851 Christiana.
2181 3797 2286 3850 Sed
2321 3812 2446 3850 cum
2482 3797 2573 3851 ille
2607 3813 2715 3851 non
2758 3807 2868 3850 tam
2904 3798 3067 3852 vitam
3096 3797 3467 3854 Christianam
3507 3802 3796 3870 praeceptis
3838 3802 3959 3858 for-

704 3903 814 3943 met
841 3930 855 3954 ,
888 3903 1053 3957 quam
1095 3885 1559 3956 quemadmodum
1596 3885 1684 3939 illa
1713 3901 1834 3938 cum
1868 3885 2090 3939 Christo
2122 3886 2175 3938 in
2217 3884 2329 3939 Deo
2361 3886 2686 3940 abscondita
2715 3887 2807 3950 sit,
2842 3889 3116 3951 ostendat,
3157 3886 3320 3956 idque
3359 3887 3525 3941 trium
3567 3899 3956 3943 sacramento-

703 3997 824 4034 ruun
890 3979 940 4032 vi
991 3987 1044 4032 et
1097 3978 1300 4032 virtute
1333 3977 1707 4048 potissimum,
1755 3976 2039 4048 Baptismi,
2071 3975 2358 4032 Unctionis
2409 3975 2527 4029 sive
2560 3975 3028 4040 Conﬁrmationis,
3081 3985 3136 4030 et
3180 3975 3562 4040 Eucharistiae,
3617 3977 3807 4032 verius
3850 3978 3956 4032 fuit

701 4067 1049 4136 simpliciter,
1085 4064 1160 4118 De
1190 4065 1296 4119 vita
1341 4066 1398 4118 in
1432 4063 1662 4130 Christo,
1702 4063 2027 4131 inscribere,
2060 4063 2361 4120 secundum
2395 4062 2560 4116 verba
2587 4061 2776 4117 Grteca
2808 4062 3042 4117 scilicet.
3075 4061 3199 4117 Fuit
3237 4062 3522 4118 Cabasilas
3568 4064 3654 4118 vir
3687 4063 3946 4125 illustris.

701 4156 856 4224 Cujus
891 4151 1196 4207 honoriﬁca
1247 4152 1456 4206 mentio
1491 4145 1562 4205 in'
1596 4151 1827 4206 historia
1879 4150 2107 4206 Joannis
2141 4149 2504 4206 Cantacuceni
2555 4160 2766 4215 nostra,
2804 4151 2898 4204 lib.
2943 4166 3034 4217 ιιι,
3073 4165 3196 4220 cap.
3247 4139 3333 4205 73'
3359 4158 3416 4206 et
3463 4151 3692 4217 99,,ubi
3752 4150 3952 4207 Sacelli

697 4252 922 4297 curator
957 4243 1075 4295 sive
1113 4238 1418 4295 Praefectus
1474 4240 1811 4303 nominatur,
1845 4240 1938 4309 qui
1988 4255 2017 4293 a
2066 4239 2394 4309 CurOpalata
2449 4245 2591 4298 libro
2628 4245 2702 4298 De
2748 4242 3072 4314 ofﬁcialibus
3125 4243 3318 4315 palatii
3364 4242 3954 4314 Constantinopolitani

694 4343 743 4384 et
778 4330 973 4398 ofﬁciis
995 4328 1200 4396 Magnis
1229 4327 1478 4382 Ecclesia!
1498 4329 1577 4382 sic
1607 4328 1938 4382 describitur
1960 4347 1974 4383 :
1995 4329 2043 4399 (ὁ
2080 4328 2381 4397 σακελλίου,

2268 4328 2387 4397 κίου,
2422 4333 2652 4388 subaudi
2679 4333 2885 4404 ἄρχων)
2911 4334 3131 4404 κρατῶν
3147 4333 3246 4397 τὰς
3275 4331 3574 4397 καθολικὰς
3599 4333 3955 4404 Ἑκκλησίας,

700 4419 876 4472 καὶτὸ
902 4417 1206 4481 σακέλλιον,
1237 4417 1391 4485 cujus
1437 4425 1514 4470 est
1547 4425 1778 4486 potestas
1803 4418 1856 4470 in
1890 4415 2159 4469 Ecclesias
2191 4414 2516 4487 Catholicas,
2548 4431 2597 4478 et
2621 4438 2700 4475 res
2726 4422 3066 4485 sacellorum,
3090 4421 3141 4476 id
3168 4430 3271 4485 est,
3304 4436 3486 4477 rerum
3509 4423 3574 4476 ad
3598 4437 3786 4479 sacras
3809 4425 3957 4477 aedes

692 4516 750 4560 ct
802 4506 1002 4559 sacella
1054 4505 1413 4575 pertinentes.
1452 4505 1709 4572 Ejusdem
1758 4504 1936 4559 oratio
1970 4504 2025 4557 in
2081 4503 2434 4565 faeneratores
2481 4511 2533 4564 in
2572 4510 2764 4565 eodem
2821 4510 3007 4565 codice
3054 4510 3320 4565 Bavarico
3370 4511 3723 4580 sequebatur,
3780 4513 3959 4568 multo

691 4591 1042 4658 emendatiOr
1067 4595 1318 4666 profecto
1347 4608 1399 4651 et
1437 4597 1668 4666 longior,
1699 4612 1864 4666 quam
1900 4599 2162 4667 Augustae
2189 4598 2569 4667 superioribus
2608 4598 2771 4653 annis
2821 4607 2904 4654 est
2956 4598 3124 4653 edita.
3157 4598 3330 4664 Quam
3362 4597 3410 4653 si
3446 4599 3678 4669 legerint
3723 4599 3814 4654 isti
3851 4605 3955 4668 qui

689 4688 1015 4753 fmnerando
1057 4688 1307 4744 homines
1336 4688 1593 4745 occidunt
1621 4689 1722 4758 (sic
1751 4689 1897 4743 enim
1929 4688 2068 4744 Cato
2095 4687 2424 4751 Censorius,
2459 4688 2831 4756 interrogatus
2862 4685 2993 4756 quid
3029 4696 3178 4742 esset
3225 4685 3508 4751 frenet-ari,
3557 4684 3712 4751 Quod
3768 4689 3954 4742 homi-

687 4792 844 4844 nem,
877 4777 1078 4847 inquit,
1113 4776 1410 4848 occidere),
1449 4777 1582 4848 quid
1604 4777 1841 4847 amplius
1865 4777 2091 4832 nefariae
2115 4775 2452 4849 improbitati
2492 4791 2607 4832 sua:
2637 4785 2958 4848 pnetexant,
3005 4792 3115 4834 non
3155 4775 3458 4835 habebunt.
3492 4776 3750 4833 Occurrit
3777 4782 3957 4844 enim.

689 4875 746 4921 et
783 4865 1032 4922 conlutat
1066 4865 1282 4921 illorum
1319 4866 1566 4923 rationes
1600 4866 1897 4922 universas.

763 5043 836 5112 (α)
865 5049 987 5098 Vide
1022 5052 1136 5098 tom.
1155 5047 1382 5102 CXXVII.
