4272 6446
735 395 865 480 495'

1983 411 2296 476 NICOLAI
2331 409 2719 474 CABASlL/E

3862 397 3990 466 4961

737 531 1085 585 facultatibus
1155 538 1209 583 et
1282 531 1535 585 sensibus
1597 530 1664 584 ad
1727 531 1896 599 ipsam
1971 526 2296 583 necessariis
2335 526 2424 581 Ad

2284 540 2296 577 ς
2335 526 2376 581 Α
2407 513 2542 579 ἀλλὰ
2569 526 2752 594 νεκροὶ
2797 524 2886 577 καὶ
2926 523 3096 579 ἄθλιοι
3155 523 3243 578 τὸν
3270 520 3562 591 ’μακάριον
3615 521 3820 573 ἐκεῖνον
3875 518 3971 572 καὶ

734 625 984 679 desertos
1011 622 1306 690 acceperit,
1327 623 1394 675 iis
1423 622 1814 676 beatitudinem
1843 622 2044 675 nullam
2071 621 2299 674 afferet:

736 718 828 766 sed
856 714 908 766 in
946 713 1091 767 felici
1121 713 1213 767 illo
1244 714 1649 784 immortalique
1693 714 1900 768 mundo
1943 714 2046 784 ipsi
2097 711 2303 767 mortui

733 815 786 858 et
817 805 1066 859 infelices
1090 805 1432 860 liabitabunt.
1466 805 1600 859 Nam
1644 807 1827 862 lumen
1861 806 2079 875 quidem
2116 804 2301 859 exori-

736 905 844 960 tur,
875 905 928 950 et
958 897 1035 951 sol
1074 913 1242 966 puros
1273 897 1476 951 emittit
1508 898 1714 963 radios,
1745 899 1938 954 oculus
1969 907 2154 952 autem
2187 906 2299 950 tum

735 1004 842 1040 non
879 987 1170 1041 formatur.
1210 989 1273 1041 Et
1303 990 1490 1044 odoris
1528 990 1830 1058 fragrantia
1875 991 2023 1060 large
2056 990 2305 1058 copiose-

735 1090 842 1140 que
883 1074 1051 1128 effusa
1087 1075 1273 1143 implet
1312 1079 1536 1144 omnia;
1589 1090 1644 1132 at
1679 1095 1858 1143 nares,
1892 1081 2008 1134 sive
2038 1079 2299 1133 olfactum

734 1163 829 1230 qui
865 1179 975 1216 non
1008 1164 1276 1229 habuerit,
1317 1183 1422 1220 non
1457 1185 1579 1221 eum
1613 1171 1741 1224 liine
1788 1172 2034 1241 accipiet.
2078 1170 2154 1225 Ita
2184 1188 2300 1242 my-

735 1254 923 1308 steriis
947 1271 1071 1308 eum
1111 1258 1250 1310 Filio
1282 1259 1374 1313 Dei
1404 1262 1612 1316 amicos
1645 1263 1738 1316 illo
1780 1263 1868 1316 die
1893 1265 2304 1319 communicare

734 1347 940 1413 licebit,
976 1360 1029 1401 et
1059 1366 1180 1418 quae
1206 1353 1479 1406 audiverit
1501 1370 1529 1406 a
1558 1354 1716 1408 Patre
1765 1371 1888 1419 suo,
1922 1372 1981 1409 ea
2015 1358 2082 1411 ab
2108 1358 2298 1412 eodem

731 1453 1068 1506 cognoscere
1094 1481 1108 1505 ,
1143 1444 1236 1495 sed
1280 1443 1429 1512 ipsos
1468 1447 1677 1500 amicos
1703 1449 1821 1513 ejus
1852 1449 2013 1501 etiam
2047 1463 2168 1502 cum
2201 1465 2301 1503 au-

732 1531 886 1583 ribus
919 1547 986 1584 eo
1014 1533 1273 1587 advenire
1314 1550 1536 1589 necesse
1569 1544 1670 1589 est.
1706 1536 1815 1591 Nec
1845 1540 1990 1592 enim
2036 1524 2168 1594 illic.
2190 1543 2305 1609 pri-

736 1637 883 1674 mum
918 1623 1213 1676 amicitiam
1247 1624 1468 1677 dabitur
1500 1627 1852 1697 conjungere,
1896 1640 1948 1683 et
1988 1646 2148 1685 aures
2187 1644 2299 1687 tum

734 1714 956 1766 demum
1015 1716 1252 1784 aperire,
1310 1726 1628 1787 vestemque
1675 1721 1963 1790 nuptialem
2011 1724 2302 1790 conficere,

732 1814 786 1856 et
826 1807 930 1858 alia
962 1808 1180 1860 demum
1211 1823 1555 1877 comparare,
1593 1826 1714 1881 qua:
1743 1827 1981 1881 sponsus
2006 1815 2095 1870 ille
2126 1819 2305 1886 requi-

2405 618 2669 671 ὰθάνατον
2696 618 2975 685 οἰκήσουσι
3000 617 3226 684 κόσμον.
3265 614 3323 666 '0
3355 615 3411 667 δὲ
3444 613 3622 680 λόγος,
3663 613 3744 664 ὄτι
3768 611 3827 662 τὸ
3873 608 3971 678 μὲν

2407 708 2522 776 φῶς
2553 708 2845 771 ἀνατέλλει,
2870 709 2960 760 καὶ
2989 708 3016 759 ὁ
3043 707 3193 777 ἣλιος
3207 706 3453 774 καθαρὰν
3482 704 3581 773 τὴν
3608 703 3799 755 ἀκτῖνα
3830 716 3973 767 παρο

2406 800 2538 867 έχει,
2577 798 2846 868 ὀφθαλμὸν
2881 798 2938 851 δὲ
2983 798 3084 851 οὐκ
3134 798 3212 850 Evr.
3257 794 3554 863 τηνικαῦτα
3605 792 3961 860 πλασθῆναι·

2406 893 2502 945 καὶ
2530 893 2564 962 ῆ
2602 892 2700 962 μὲν
2733 890 2826 944 τοῦ
2858 890 3167 960 πνεύματος
3195 889 3390 942 εὐωδία
3437 885 3675 954 δαψιλῶς
3733 886 3974 953 ἐκχεῖται

2406 992 2500 1043 καὶ⁵
2527 990 2596 1042 τὰ
2629 990 2808 1042 πάντα
2839 989 3084 1058 κατέχει,
3122 986 3390 1055 ὄσφρησιν
3418 983 3474 1036 δὲ
3502 984 3602 1035 οὒκ
3632 981 3697 1036 ἄν
3743 996 3828 1041 τις
3879 978 3977 1030 λά-

2408 1084 2492 1136 ϐοι
2527 1084 2601 1152 μὴ
2635 1082 2791 1152 ἔχων.
2824 1082 2935 1134 Καὶ
2956 1079 3064 1132 τῶν
3099 1079 3195 1147 μὲν
3228 1074 3538 1146 μυστηρίων
3581 1071 3755 1136 ἔξεστι
3793 1086 3980 1123 κοινω-

2407 1177 2565 1244 νῆσαι
2596 1174 2675 1243 τῷ
2709 1171 2824 1239 Υἰῴ
2854 1171 2947 1223 τοῦ
2981 1168 3116 1221 Θεοῦ
3145 1168 3268 1229 τοὺς
3292 1165 3477 1232 φίλους
3509 1163 3653 1216 κατὰ
3704 1160 3802 1230 τὴν
3831 1160 3978 1228 ὴμέ-

2408 1286 2506 1339 ραν
2530 1267 2764 1336 εκείνην,
2803 1265 2893 1318 καὶ
2928 1263 2962 1316 ἃ
2997 1262 3192 1331 ἤκουσε
3221 1258 3370 1333 παρὰ
3397 1255 3492 1309 τοῦ
3519 1253 3728 1326 Πατρδς
3751 1255 3978 1316 ἐκεῖνος,

2405 1362 2536 1432 παρ’
2565 1358 2772 1412 ἐκείνου
2810 1357 2998 1425 μαθεῖν
3030 1351 3256 1414 αὐτούς·
3288 1353 3500 1418 ἀνάγκη
3554 1347 3610 1398 δὲ
3668 1346 3854 1414 φίλους
3891 1342 3981 1394 δν-

2404 1469 2503 1514 τας
2531 1450 2693 1504 αὑτοῦ
2717 1455 2811 1502 καὶ
2842 1441 2955 1500 ὦτα
2982 1444 3204 1514 ἔχοντας
3237 1438 3551 1508 ἀφικέσθαι.
3588 1437 3663 1490 Οὐ
3695 1435 3802 1503 γὰρ
3834 1435 3981 1484 ἐστιν

2406 1542 2640 1598 ἐνταῦθα
2668 1539 2846 1608 φιλίαν
2873 1538 3131 1604 συστῆναι
3161 1536 3255 1587 καὶ
3273 1529 3366 1594 οὖς
3398 1530 3683 1598 ἀνοιγῆναι
3726 1526 3825 1578 καὶ
3854 1524 3984 1593 ιμά-

2405 1654 2516 1688 τιον
2544 1631 2813 1703 νυμφικόν
2872 1624 3383 1693 κατασκευασθῆναι
3410 1622 3502 1674 καὶ
3545 1619 3714 1673 τᾶλλα
3766 1618 3988 1683 ἑτοιμα-

2408 1724 2621 1793 σθῆναι,
2666 1715 2740 1774 ὧν
2769 1717 2960 1790 ἐκείνῳ
3004 1717 3083 1769 δεῖ
3124 1716 3205 1785 τῷ
3267 1712 3536 1782 νυμφῶνι,
3582 1706 3720 1761 ἀλλὰ
3777 1703 3985 1757 τούτων

2407 1818 2662 1871 ἁπάντων
2712 1815 3071 1882 ἐργαστήριον
3109 1802 3262 1868 οῦτος
3302 1809 3329 1860 ὀ
3361 1805 3502 1875 βίος·
3527 1802 3618 1856 καὶ
3644 1794 3725 1862 οἷς
3749 1798 3849 1850 οὐκ
3871 1795 3990 1863 ἐγέ-

734 1897 800 1950 ril
831 1915 845 1950 :
881 1914 1070 1952 verum
1098 1901 1327 1955 istorum
1391 1903 1636 1956 omnium
1669 1905 1886 1960 ollieina
1916 1915 1998 1961 est
2027 1909 2171 1976 quod
2216 1911 2304 1965 hic
2335 1881 2378 1936 Β
2411 1930 2421 1954 π

2298 1927 2304 1963 ι
2335 1881 2378 1936 Β
2411 1927 2531 1964 νετο
2556 1907 2724 1960 ταῦτα
2748 1881 2896 1975 πρὶν
2926 1902 3199 1960 ἀπελθεῖν,
3230 1897 3407 1951 κοινὸν
3435 1894 3586 1949 οὐδὲν
3639 1893 3720 1954 είς
3765 1889 3985 1956 ἐκείνην

735 1992 912 2043 anatis
959 1992 1233 2062 degimus.
1261 1994 1472 2059 Quibus
1517 2010 1683 2064 porro
1734 1998 1927 2054 istbaac
1962 2017 2068 2055 non
2106 2019 2306 2073 suppe-

734 2083 1052 2149 ditavet’int,
1082 2095 1374 2155 antequam
1423 2087 1705 2153 decedant,
1754 2089 1824 2144 iis
1871 2092 2006 2146 nihil
2038 2109 2161 2148 eum
2196 2097 2303 2150 vita

737 2175 825 2227 illa
863 2190 1156 2229 commune
1196 2176 1323 2230 erit.
1367 2175 1558 2230 Testes
1607 2189 1733 2232 sunt
1777 2181 2019 2250 quinque
2069 2185 2306 2255 virgines

736 2269 916 2334 fatuae,
954 2281 1008 2325 et
1061 2281 1284 2325 vocatus
1349 2271 1415 2324 ad
1476 2274 1732 2341 nuptias;
1775 2275 1866 2337 qui
1912 2279 2169 2345 quoniam
2218 2284 2306 2336 iu-

734 2364 928 2417 suucti
954 2378 1074 2453 non
1107 2373 1392 2427 venerunt,
1427 2379 1526 2417 nec
1565 2365 1668 2418 illae
1708 2366 1887 2420 oleum
1916 2373 2174 2442 amplius,
2211 2394 2313 2434 nec

737 2454 835 2506 iste
861 2446 1067 2505 vestem
1098 2446 1387 2520 acquirere
1421 2461 1712 2521 potuerunt
1738 2457 1778 2506 ².

803 2547 1036 2600 Omnino
1104 2545 1418 2599 interiorem
1479 2546 1778 2632 hominem,
1824 2565 2048 2619 novum,
2108 2567 2161 2611 et
2212 2563 2307 2629 qui

735 2638 1036 2691 secundum
1064 2636 1230 2690 Deum
1254 2649 1474 2692 creatus
1500 2649 1580 2693 cst
1599 2640 1640 2704 ³,
1663 2643 2027 2700 mundus-iste
2052 2655 2307 2718 parturit,

737 2731 828 2798 qui
865 2730 952 2784 bic
973 2731 1132 2784 ﬁctus
1167 2730 1549 2798 founatusque
1579 2740 1630 2785 et
1666 2733 1737 2785 ita
1766 2733 2041 2801 perfectus
2070 2739 2122 2792 in
2153 2741 2307 2797 illum

737 2824 1037 2890 perlectum
1097 2831 1152 2875 et
1193 2822 1342 2876 nullo
1377 2823 1532 2878 senio
1563 2824 1904 2879 fatiscentem
1935 2831 2194 2885 mundum
2221 2850 2312 2904 ge-

739 2924 985 2978 neratur._
1037 2915 1507 2979 Quemadmodum
1563 2918 1709 2969 enim
1774 2916 1966 2972 foetum
1999 2961 2011 2985 ,
2065 2926 2306 2992 quandiu

738 3017 984 3060 materno
1039 3007 1262 3062 clausus
1317 3017 1493 3063 utero.
1557 3008 1608 3060 i'n
1656 3010 1892 3064 tenebris
1942 3023 1995 3066 et
2047 3014 2097 3067 in
2149 3026 2311 3071 nocte

738 3102 894 3161 vivit,
951 3112 1143 3153 natura
1196 3102 1262 3155 ad
1292 3103 1548 3172 Spiritum
1583 3103 1634 3155 in
1689 3103 1791 3157 hac
1834 3105 1957 3158 luce
2001 3107 2306 3164 ducendum
2340 3138 2380 3192 ί)

737 3194 989 3257 adornat,
1028 3202 1198 3261 atque
1231 3193 1298 3246 ad
1337 3197 1501 3247 vitam
1545 3211 1663 3263 quae
1697 3195 1846 3248 illum
1883 3209 2174 3267 exceptura
2205 3211 2308 3264 est,

737 3297 996 3353 tanquam
1027 3286 1094 3338 ad
1126 3300 1412 3346 canoncm.
1447 3301 1541 3340 seu
1579 3288 1821 3356 regulam
1854 3292 2146 3358 quamdam
2183 3308 2322 3348 ρων

745 3381 944 3432 format
981 3398 994 3432 :
1034 3379 1105 3431 ita
1140 3378 1347 3432 sanctis
1376 3393 1597 3446 quoque
1630 3394 1728 3432 usu
1775 3381 1946 3434 venit.
1975 3382 2042 3436 Et
2069 3384 2170 3437 hoc
2197 3374 2309 3449 Est,

738 3475 885 3541 quod
936 3472 1011 3524 ait
1058 3470 1263 3524 Paulus
1295 3471 1589 3539 Aposlolus
1622 3472 1687 3525 ad
1740 3472 1962 3528 Galatas
2007 3477 2257 3531 scribens
2294 3496 2308 3532 :

745 3589 761 3618 σ
790 3567 972 3621 Filioli
1002 3567 1128 3629 mei,
1153 3579 1293 3633 quos
1322 3565 1522 3617 iterum
1561 3565 1828 3631 parturio,
1849 3566 2023 3622 donec
2045 3561 2314 3623 formetur

735 3661 988 3714 Christus
1013 3659 1064 3710 in
1097 3656 1298 3709 vobis‘.
1349 3672 1368 3705 ι
1393 3653 1779 3708 Verumtamen
1805 3655 2040 3711 infantes
2065 3660 2310 3714 nondum

740 3754 848 3804 uati
877 3751 1039 3803 vitam
1065 3749 1204 3802 bane
1230 3762 1339 3800 non
1368 3756 1709 3814 cognoscunt
1743 3765 1756 3800 :
1786 3757 1842 3800 at
1863 3750 2004 3803 beati
2030 3750 2096 3804 de
2125 3750 2313 3804 futuro

737 3844 939 3902 sarculo
971 3840 1139 3895 multa
1167 3840 1330 3893 etiam
1364 3839 1415 3891 iu
1445 3839 1546 3892 hoc
1573 3837 1774 3892 saeculo
1799 3849 2166 3907 pi-muoscunt.
2200 3841 2312 3895 Iloc

738 3935 863 3989 ideo
909 3933 985 3996 lit,
1034 3932 1178 4001 quod
1214 3931 1322 3985 illis
1351 3930 1459 3982 vita
1488 3932 1592 3983 hac
1621 3931 1724 3984 frui
1756 3933 1998 3985 nondum
2055 3934 2309 4002 contigit,

739 4026 952 4079 tametsi
986 4033 1139 4076 certo
1168 4023 1468 4088 continget.
1505 4020 1616 4074 Nec
1649 4023 1793 4074 enim
1833 4024 2014 4078 adbuc
2070 4026 2123 4078 in
2176 4026 2312 4080 locis

739 4118 845 4172 iliis
883 4117 972 4171 ubi
1005 4115 1253 4187 delitcnt,
1285 4113 1470 4167 radius
1491 4115 1648 4169 ~lucis
1678 4128 2010 4184 conspectus
2040 4129 2125 4173 est
2159 4135 2172 4171 :
2212 4131 2313 4172 nec

737 4223 924 4263 eorum
958 4207 1105 4260 aiiud
1136 4208 1458 4274 quidquam,
1494 4204 1696 4273 quibus
1729 4207 1837 4258 vita
1871 4207 1986 4262 iure
2017 4218 2201 4263 nostra
2227 4213 2311 4264 ni-

738 4302 870 4356 titur
887 4314 948 4353 ac
966 4306 1324 4352 sustentatur.
1357 4295 1426 4364 At
1443 4294 1729 4350 nobiscum
1751 4295 1910 4349 aliter
1927 4313 2012 4352 res
2027 4313 2084 4353 se
2105 4299 2266 4354 habet
2296 4320 2309 4354 :

736 4392 938 4464 quibus
965 4390 1072 4444 vita
1095 4403 1256 4459 quam
1292 4397 1700 4456 exspectamus,
1729 4402 1852 4441 cum
1881 4387 1983 4442 hac
2013 4391 2169 4458 quasi
2201 4392 2313 4447 col-

2414 2003 2528 2057 ἐστὶ
2565 2001 2664 2068 τὴν
2720 1999 2886 2067 ζωήν.
2924 1995 3035 2048 Καὶ
3083 1993 3361 2061 μάρτυρες
3410 1987 3465 2038 αἱ
3515 1985 3676 2035 πέντε
3727 1979 3988 2068 παρθένοι

2415 2098 2510 2149 καὶ
2565 2095 2592 2145 ὁ
2621 2063 2700 2154 είς
2731 2063 3015 2154 τὸνγγάμον
3069 2081 3308 2151 κληθεὶς,
3341 2079 3460 2130 ἐπεὶ
3521 2074 3596 2144 μὴ
3648 2072 3859 2141 ἔχοντες
3888 2063 3990 2126 ἦλ-

2415 2194 2524 2252 Θον,
2549 2190 2626 2258 μὴ
2653 2182 2956 2254 κτήσασθαι
2978 2177 3292 2245 δυνηθέντες
3320 2176 3454 2242 μήτε
3481 2172 3658 2222 ἔλαιον
3692 2167 3825 2236 μήτε
3861 2161 3989 2232 ipa.

2415 2301 2548 2337 τιον.

2484 2557 2659 2615 "(huic
2709 2552 2767 2602 δὲ
2827 2548 2919 2601 τὸν
2965 2543 3112 2606 ἐντὸς
3155 2541 3441 2610 ἄνθρωπον
3488 2535 3579 2588 τὸν
3627 2532 3835 2594 καινὸν,
3894 2529 3994 2585 τὸν

2414 2651 2558 2705 κατὰ
2595 2646 2728 2700 θεὸν
2753 2643 3091 2709 κτιζόμενον,
3125 2637 3154 2688 ὀ
3196 2635 3398 2703 κόσμος
3448 2624 3602 2690 οὗτος
3647 2627 3845 2686 ὠδίνει,
3895 2622 3993 2675 καὶ

2411 2743 2667 2804 πλασθεὶς
2710 2736 2941 2794 ἐνταῦθα
2988 2733 3081 2787 καὶ
3121 2727 3430 2802 μορφωθεῖς
3474 2723 3619 2777 οὕτω
3667 2720 3869 2780 τέλειος
3910 2719 3992 2779 είς

2410 2841 2500 2893 τὸν
2574 2837 2780 2887 τέλειον
2825 2831 3032 2881 ἐκεῖνον
3068 2825 3159 2876 καὶ
3213 2821 3403 2888 ἀγήρω
3443 2816 3688 2869 τίκτεται
3763 2812 3990 2878 κόσμον.

2418 2929 2680 2994 Καθάπερ
2708 2923 2814 2991 γὰρ
2849 2922 2908 2972 τὸ
2946 2917 3206 2987 ἔμϐρυον,
3247 2912 3349 2971 ἕως
3376 2910 3522 2960 ἐστὶν
3557 2907 3614 2959 ὲν
3658 2903 3733 2974 τῷ
3773 2917 3992 2954 σκοτει-

2417 3021 2493 3090 νῷ
2526 3019 2619 3071 καὶ
2653 3012 2834 3084 νηκτῷ
2863 3011 2978 3080 βίῳ,
3015 3007 3151 3076 πρὸς
3182 3003 3282 3072 τῆν
3313 3004 3371 3054 ἐν
3411 3000 3550 3067 φωτὶ
3577 2996 3722 3067 ζωὴν
3748 2997 3780 3065 ἡ
3824 2994 3993 3090 φύσις

2419 3087 2846 3179 παρασκευάζει,
2881 3101 2972 3153 καὶ
3018 3098 3316 3152 πλάττεται
3364 3091 3614 3160 καθάπερ
3644 3090 3724 3152 είς
3788 3087 3991 3139 κανόνα

2413 3177 2508 3252 τὸν
2554 3194 2952 3262 ὑποδεξάμενον
3007 3190 3140 3260 βίον,
3197 3186 3288 3238 τὸν
3336 3184 3448 3236 ῐσον
3476 3181 3676 3250 τρόπον
3731 3177 3826 3230 καὶ
3878 3177 3993 3237 τοῖς

2415 3291 2589 3359 ἁγίοις
2625 3287 2910 3356 συμϐαίνει
2931 3299 2943 3312 ·
2975 3282 3069 3332 καὶ
3102 3277 3260 3330 τοῦτό
3290 3280 3456 3339 ἐστιν,
3478 3274 3614 3340 ὅπερ
3648 3265 3992 3359 δαπόστολος

2415 3358 2518 3452 ἔφη
2555 3381 2782 3442 Παῦλος,
2836 3375 3105 3436 Γαλάταις
3139 3370 3396 3440 γράφων·
3455 3385 3473 3417 ι
3498 3365 3697 3417 Τεκνία
3735 3379 3861 3431 μου,
3893 3358 3990 3423 οὒς

2415 3475 2575 3528 πάλιν
2599 3472 2793 3530 ὠδίνω,
2827 3470 2984 3536 ἄχρις
3019 3459 3080 3518 οῦ
3110 3460 3373 3532 μορφωθῇ
3405 3455 3640 3526 Χριστὸς
3679 3457 3736 3507 ὲν
3776 3453 3926 3522 ὑμῖν.
3963 3469 3983 3502 ι

2413 3567 2487 3619 Οὐ
2523 3568 2629 3634 μὴν
2665 3562 2800 3616 ἀλλὰ
2832 3560 2899 3614 τὰ
2927 3559 3024 3628 μὲν
3049 3554 3263 3625 ἔμϐρυα
3281 3549 3510 3618 ταυτησὶ
3539 3548 3636 3615 τῆς
3684 3543 3828 3614 ζωῆς
3887 3542 3993 3594 οὐκ

2414 3660 2479 3711 ἂν
2517 3661 2594 3720 είς
2627 3656 2878 3724 αἴσθησιν
2905 3651 3050 3703 ἔλθοι
3085 3646 3238 3708 ποτὲ,
3278 3645 3387 3705 τοῖς
3418 3642 3473 3693 δὲ
3518 3637 3807 3710 μακαρίοις
3857 3635 3994 3689 πολ-

2412 3751 2499 3804 λαὶ
2524 3751 2631 3804 τῶν
2665 3746 2967 3817 μελλόντων
3000 3743 3090 3792 ἐπὶ
3118 3737 3213 3791 τοῦ
3269 3735 3536 3803 παρόντος
3593 3729 3861 3817 εμφάσεις
3882 3741 3899 3757 ο
3930 3730 3992 3780 τὸ

2410 3842 2465 3894 δὲ
2496 3815 2687 3899 αἴτιον,
2722 3839 2804 3889 ὅτι
2838 3837 2949 3896 τοῖς
2991 3834 3088 3900 μὲν
3123 3830 3181 3881 οὗ
3229 3826 3491 3894 πάρεστιν
3572 3815 3726 3883 οὗτος
3759 3821 3787 3872 ό
3850 3817 3990 3886 βίος,

2413 3933 2529 3986 ἀλλ’
2557 3930 2798 4000 ἀκριϐῶς
2827 3930 2940 3979 ἐστι
2974 3923 3205 3994 μέλλων.
3235 3918 3312 3972 Οὐ
3342 3917 3449 3985 γὰρ
3483 3915 3700 3981 ἐγένετο
3724 3909 3880 3971 ἀκτὶς
3932 3911 3993 3961 ἐν

2414 4026 2523 4085 τοῖς
2558 4021 2778 4091 χωρίοις
2813 4016 3066 4080 ἐκείνοις,
3095 4013 3217 4067 οὐδὲ
3249 4010 3358 4063 τῶν
3385 4008 3559 4062 ἄλλων
3603 4005 3778 4067 οὐδὲν,
3809 4003 3846 4056 ἃ.
3891 4001 3991 4072 τὴν

2415 4115 2559 4184 ζωὴν
2592 4113 2848 4181 ὑφίστησι
2875 4110 3098 4178 ταύτην.
3141 4105 3240 4174 Ἑφ
3268 4102 3425 4172 ἡμῶν
3470 4100 3527 4153 δὲ
3578 4099 3780 4159 οὐκέτι,
3813 4094 3932 4148 ἀλλ’
3965 4095 3994 4144 ό

2419 4206 2629 4278 μέλλων
2658 4206 2864 4264 ἐκεῖνος
2899 4199 2976 4271 τῷ
3007 4197 3235 4268 παρόντι
3262 4193 3435 4262 τούτῳ
3474 4189 3724 4258 καθάπερ
3765 4184 3992 4254 ὲνεχὲθη

2415 4300 2511 4353 καὶ
2543 4297 2803 4367 ἀνεμίγη,
2834 4296 2928 4346 καί
2962 4295 2989 4345 ό
3016 4292 3169 4362 ἥλιος
3203 4290 3412 4348 ἐκεῖνος
3446 4286 3537 4338 καὶ
3563 4284 3694 4352 ἡμῖν
3749 4278 3995 4332 ἀνέτειλε

2413 4386 2835 4456 φιλανθρώπως,
2880 4382 2974 4435 καὶ
3004 4381 3064 4432 τὸ
3113 4374 3507 4446 ὑπερθυράνιον
3569 4372 3744 4440 μύρον
3769 4370 3829 4422 ὲν
3881 4368 3995 4429 τοῖς

735 4460 920 4560 ligata,
967 4494 1020 4537 et
1064 4482 1353 4536 commista
1387 4490 1490 4544 est,
1540 4489 1594 4535 et
1632 4480 1777 4536 illius
1829 4483 1908 4536 sol
1942 4483 2105 4536 etiam
2157 4487 2308 4538 nobis
2344 4481 2388 4535 D

2344 4481 2388 4535 D
2423 4479 2678 4534 δυσώδεσι
2710 4477 2929 4544 χωρίοις
2982 4469 3306 4539 ἐξεκενώθη,
3350 4467 3444 4520 καὶ
3497 4467 3524 4517 ὁ
3574 4466 3681 4516 τῶν
3738 4460 3995 4529 ἀγγέλων

735 4580 968 4648 benigne
1001 4575 1198 4639 illuxit,
1239 4573 1574 4642 etelesteque
1606 4582 1942 4642 unguentum
1973 4575 2026 4628 in
2071 4577 2310 4643 regioni-

734 4675 837 4728 bus
883 4667 1324 4740 graveoleutibus
1362 4664 1621 4732 effusum,
1675 4673 1731 4719 et
1783 4668 1941 4735 panis
1989 4667 2306 4735 angelorum

735 4762 1054 4820 hominibus
1083 4774 1304 4830 quoque
1338 4759 1650 4826 impertitus
1680 4766 1763 4812 est
1795 4762 1837 4810 ⁵.

804 4854 1146 4923 Qoapt‘oplel‘
1207 4866 1314 4904 nou
1395 4851 1570 4904 solum
1632 4849 1825 4903 instrui
1892 4863 1955 4903 ac
2017 4855 2309 4919 praeparari

734 4949 802 5002 ad
841 4947 1005 5009 vitam
1034 4944 1201 5006 illam,
1241 4943 1334 4997 sed
1361 4941 1473 5010 jam
1508 4940 1814 4995 secundum
1851 4943 2101 4995 eamdem
2134 4942 2299 4995 etiam

738 5040 941 5099 vivere,
981 5045 1034 5089 et
1069 5050 1228 5103 agere
1268 5034 1475 5093 sanctis
1507 5029 1824 5089 hominibus
1853 5032 1907 5084 in
1946 5032 2049 5086 bac.
2103 5044 2299 5086 morta-

736 5131 887 5182 litate
926 5126 1262 5180 conceditur.
1307 5143 1325 5176 ι
1361 5123 1727 5193 Apprehende
1760 5121 1927 5175 vitam
1969 5129 2249 5184 aeternam,
2283 5140 2303 5173 ι

736 5222 911 5290 inquit
940 5218 1145 5272 Paulus
1177 5218 1418 5287 Epistola
1456 5215 1521 5269 ad
1572 5212 1950 5269 Timotheum“
1981 5250 1999 5267 .
2032 5213 2099 5266 Et
2134 5214 2305 5271 alibi:

741 5312 907 5367 (Vivo
937 5321 1117 5366 autem
1137 5313 1247 5378 jam
1285 5325 1393 5365 non
1438 5324 1560 5378 ego,
1622 5307 1752 5360 vivit
1785 5320 1910 5360 vero
1943 5306 1995 5358 in
2022 5320 2107 5359 me
2148 5305 2307 5358 Citri-

733 5403 900 5463 stus".
922 5423 941 5455 υ
981 5401 1045 5456 Et
1073 5402 1292 5455 diuinus
1331 5399 1609 5467 lgnatius:
1647 5415 1666 5448 ι
1697 5399 1852 5465 Aqua
1873 5397 1991 5448 viva
2022 5396 2223 5451 saliens
2255 5399 2306 5448 in

735 5515 839 5562 me,
871 5498 1019 5550 intus
1041 5495 1172 5548 mibi
1203 5494 1354 5556 dicit,
1383 5489 1517 5546 Veni
1544 5490 1610 5543 ad
1638 5489 1925 5559 patrem'.»
1953 5489 2135 5543 Etalia
2162 5503 2311 5542 com-

737 5592 913 5661 plura,
946 5575 1144 5659 quibus
1200 5587 1413 5640 referta
1468 5593 1597 5640 sunt
1656 5597 1828 5637 saera:
1869 5581 2104 5638 Litterae.
2136 5582 2313 5652 Super

2416 4575 2576 4641 ἄρτος
2607 4572 2699 4622 καὶ
2731 4571 2842 4629 τοῖς
2875 4563 3183 4634 ἀνθρώποις
3211 4562 3387 4630 ἐδόθη.

2487 4837 2587 4890 Διὰ
2632 4833 2807 4887 ταῦτα
2863 4828 3041 4882 τοίνυν
3069 4825 3130 4878 οὑ
3174 4821 3487 4888 διατεθῆναι
3535 4818 3694 4888 μόνον
3756 4815 3850 4868 καὶ
3892 4830 4002 4866 πα-

2421 4925 2858 5004 ρασκευασθῆναι
2901 4920 3036 4988 πρὸς
3082 4918 3179 4986 τὴν
3235 4914 3400 4984 ζωὴν,
3438 4909 3553 4964 ἀλλ’
3739 4907 3835 5008 καί.
3895 4905 3996 5008 ζῇΪ

2409 5001 2525 5078 κατ’
2555 5019 2770 5086 ἐκείνην
2801 5015 2893 5069 καὶ
2928 5012 3171 5081 ἐνεργεῖν
3221 5007 3400 5071 ἔξεστι
3429 5007 3540 5066 τοῖς
3594 5002 3772 5068 ἁγίοις
3814 5001 3874 5051 ἐν
3914 5001 3997 5066 τῷ

2409 5111 2659 5183 παρόντι.
2693 5125 2711 5158 ι
2750 5099 3042 5157 Ἐπιλαϐοῦ
3077 5101 3208 5168 γὰρ,
3265 5095 3422 5163 φησὶ,
3454 5091 3553 5161 τῆς
3608 5091 3831 5183 αἰωνίου
3883 5087 3999 5183 (to-

2408 5179 2503 5278 ἧς,
2532 5221 2550 5255 ι
2588 5199 2834 5271 Θιμοθέῳ
2867 5195 3092 5264 γράφων
3120 5192 3148 5242 ὁ
3175 5187 3410 5253 Παῦλος,
3457 5184 3579 5237 καί·
3617 5200 3635 5233 ι
3663 5181 3751 5234 Ζῶ
3786 5179 4001 5278 “cox-

2411 5271 2491 5353 ἐτι
2546 5295 2678 5363 ἐγὼ,
2723 5291 2789 5362 ζῇ
2847 5289 2904 5342 δι
2936 5290 2991 5338 ὲν
3049 5283 3176 5355 ιμοι
3246 5277 3562 5351 χριστόςοι
3622 5274 3715 5327 και
3766 5275 3796 5325 δ
3850 5271 3999 5332 θεῖος

2432 5391 2709 5459 Ἰγνάτιος,
2744 5402 2763 5435 ι
2799 5383 2985 5436 Ἔστιν
3020 5377 3164 5447 ὕδωρ
3192 5375 3301 5438 ζῶν
3338 5372 3434 5426 καὶ
3457 5366 3651 5424 λαλοῦν
3688 5367 3748 5418 ὲν
3777 5365 3929 5459 ἐμοὶ,
3971 5381 3990 5414 ι

2420 5457 2514 5538 καὶ
2549 5479 2760 5535 πολλῶν
2776 5474 3030 5539 τοιούτων
3066 5473 3099 5540 ἡ
3127 5468 3317 5539 Γραφῇ
3351 5466 3536 5534 γέμει.
3589 5461 3745 5530 Παρὰ
3814 5457 3998 5510 πάντα

2419 5578 2474 5630 δὲ
2511 5576 2704 5639 ταῦτα,
2738 5573 2868 5625 ὅταν
2891 5566 3031 5635 αὕτη
3065 5566 3097 5634 ἡ
3129 5562 3241 5631 ζωὴ
3271 5560 3517 5622 συνεῖναι
3571 5554 3734 5624 μέχρι
3791 5549 3997 5612 παντὸς

803 5776 822 5803 ⁸
856 5770 1044 5825 Matth.
1087 5786 1219 5834 χχιι,
1252 5783 1378 5822 xxv.
1459 5768 1479 5800 ⁸
1512 5764 1710 5837 Ephes.
1754 5784 1827 5835 tv,
1863 5767 1954 5822 42.
2033 5767 2051 5798 ⁸
2088 5761 2262 5820 Οιίιι.
2291 5761 2476 5827 ιτ,49.
2553 5758 2576 5792 ⁸
2602 5753 2750 5813 Psal.
2789 5767 2996 5816 Lxxvu,
3033 5745 3122 5800 25.
3204 5742 3224 5772 ‘
3259 5740 3275 5793 l
3308 5735 3449 5794 Tlm.
3481 5750 3553 5799 vt,
3593 5731 3676 5784 12-
3755 5731 3777 5760 '
3816 5727 3996 5782 Calai.

736 5846 919 5906 ".20.
997 5842 1016 5872 ⁸
1057 5841 1227 5910 Epist.
1291 5840 1359 5894 ad
1424 5838 1583 5894 Rom.
