4272 6446
304 360 418 422 497

314 559 437 624 μεθ’
476 563 631 629 ὑμῶν
658 566 774 636 εἰμι
814 570 993 632 πάσας
1024 574 1122 635 τὰς
1154 577 1364 645 ἡμέρας
1412 580 1513 643 ἕως
1560 584 1661 649 τῆς
1711 602 1895 640 συντε-

312 649 463 712 λείας
498 655 589 705 τοῦ
624 657 839 722 αἰῶνος·
882 681 901 713 ι
938 664 988 714 τί
1018 668 1298 735 προσῆκεν
1352 672 1479 725 ἄλλο
1534 674 1885 744 λογίζεσθαις

314 744 391 795 0'5
426 747 535 814 γὰρ
562 750 627 800 τὰ
660 752 950 819 σπέρματα
980 758 1077 826 τῆς
1102 759 1247 829 ζωῆς
1286 766 1351 833 τῇ
1377 768 1446 833 γῇ
1478 769 1775 836 παρασχὼν
1800 774 1891 824 καὶ

308 837 372 887 τὸ
400 838 513 907 πῦρ
547 843 640 892 καὶ
670 845 767 911 τὴν
804 849 1079 919 μάχαιραν
1109 852 1287 921 βαλὼν
1340 858 1580 925 ἀπῆλθεν
1624 863 1804 926 εὐθὺς,
1833 871 1891 917 τὸ

309 929 482 994 φῦσαι
513 933 606 985 καὶ
640 934 835 1005 θρέψαι
867 943 958 992 καὶ
991 944 1195 1012 ἀνάψαι
1229 948 1321 1001 καὶ
1362 952 1669 1021 χρήσασθαι
1726 974 1891 1009 κατα-

305 1021 485 1120 λιπὼν
517 1028 627 1090 τοῖς
660 1030 992 1100 ἀνθρώποις,
1025 1037 1140 1089 ἀλλ’
1168 1040 1329 1104 αὐτὸς
1364 1044 1622 1114 πάρεστιν
1674 1051 1891 1120 άληθῶς

312 1131 330 1163 ι
363 1116 609 1185 ἐνεργῶν
640 1122 697 1172 ὲν
731 1124 861 1191 ἡμῖν
901 1129 962 1178 τδ
1010 1129 1184 1183 θέλειν
1231 1136 1321 1185 και
1373 1140 1433 1188 τὸ
1483 1116 1821 1209 ἐνεργεῖνί»
1866 1149 1892 1198 ὁ

313 1210 590 1276 μακάριος
633 1210 739 1280 ἔφη
774 1214 1006 1281 Παῦλος,
1056 1228 1150 1272 καὶ
1190 1224 1250 1274 τὸ
1291 1226 1401 1294 πῦρ
1442 1230 1601 1293 αὐτὸς
1663 1236 1889 1292 ἀνάπτει

303 1300 403 1351 καὶ
442 1305 726 1371 προσάγει,
764 1308 856 1359 καὶ
890 1311 987 1379 τὴν
1032 1314 1307 1383 μάχαιραν
1330 1322 1489 1385 αὐτός
1522 1325 1672 1379 ἐστιν
1706 1331 1733 1381 ὁ
1765 1347 1891 1384 κατ-

302 1391 465 1456 έχων.
499 1395 609 1446 Καὶ
633 1396 792 1459 ὅλως.
825 1418 842 1450 t
867 1401 988 1454 οὔτε
1015 1405 1169 1477 ἀξίνη
1194 1409 1579 1482 δοξασθήσεται
1622 1420 1750 1473 ἄνευ
1794 1424 1889 1476 τοῦ

300 1482 557 1551 ατροντος
585 1487 774 1557 αὐτὴν,
808 1510 825 1542 ι
869 1495 962 1546 καὶ
986 1492 1066 1557 οἷς
1097 1501 1157 1549 οὐ
1191 1503 1456 1571 πάρεστιν
1490 1510 1515 1559 ὀ
1546 1510 1768 1577 ἀγαθὸς,
1800 1516 1889 1580 γέ-

301 1575 438 1625 νοιτ’
500 1576 565 1630 ἄν
612 1583 761 1635 οὐδὲν
824 1586 1045 1649 ἀγαθόν.
1119 1594 1307 1646 Καίτοι
1350 1598 1409 1648 οὐ
1470 1605 1722 1670 παρεῖναι
1778 1610 1885 1668 τοῖς

302 1664 485 1730 ἁγίεις
524 1671 550 1719 ὁ
582 1671 781 1740 Κύριος
806 1676 1177 1746 ἐπηγγείλατο
1208 1687 1387 1752 μόνον,
1419 1664 1560 1743 άλλὲι
1586 1694 1680 1745 καὶ
1704 1664 1888 1764 μένειν

302 1761 436 1827 παρ’
471 1762 652 1820 αὐτοῖς
685 1770 794 1828 καὶ,
822 1768 850 1820 ὃ
899 1773 1092 1826 τούτου
1134 1780 1339 1846 μεῖζον,
1379 1785 1544 1851 μονὴν
1593 1792 1650 1840 ἐν
1703 1792 1885 1857 αὐτοῖς

300 1853 551 1917 ποιῆσαι.
579 1858 687 1909 Καὶ
718 1860 767 1911 τί
793 1862 934 1928 λέγω
959 1883 973 1926 ;
998 1868 1132 1919 ὅπου
1165 1888 1226 1938 γε
1254 1875 1343 1925 καὶ
1389 1874 1635 1933 ἑνοῦσθαι
1668 1882 1883 1952 λέγεται

303 1945 513 2007 αᾷτοῖς,
574 1949 718 2002 οὕτω
774 1954 1171 2027 φιλανθρώπως
1217 1963 1356 2017 ὥστε
1385 1967 1443 2019 ἓν
1486 1972 1701 2041 πνεῦμα
1767 1978 1884 2043 μετ’

300 2038 487 2135 αὖτῗιν
556 2037 729 2095 εἶναι·
774 2064 792 2097 ‹
825 2045 885 2099 '0
958 2050 1065 2120 γάρ
1112 2054 1455 2123 κολλώςένος
1492 2062 1567 2129 τῷ
1613 2037 1799 2135 κυρίη)
1828 2069 1885 2121 ἓν

298 2128 522 2197 πνεῦμά
553 2133 691 2197 ἐστι,
728 2154 743 2184 ι
782 2141 895 2203 καὶ,
934 2160 949 2191 ι
989 2144 1100 2195 Ἵνα
1122 2141 1215 2215 ᾗτε
1240 2146 1301 2199 ἐν
1330 2150 1484 2219 σῶμα
1515 2157 1608 2206 καὶ
1639 2157 1695 2208 ἒν
1724 2161 1883 2213 πνεῦ-

298 2238 401 2287 μα,
434 2225 619 2289 καθὼς
662 2230 948 2301 ἐκλήθητε,
994 2255 1012 2286 ι
1053 2238 1266 2293 Παύλου
1302 2248 1479 2315 φωνή.

899 432 913 451 ,
1387 381 1481 435 ne
1515 380 1687 439 νιτΑ
1734 384 2196 446 ιικυιιιιιετο
2236 389 2383 448 Lm.
2437 390 2477 449 ι.

313 471 726 572 ἐπαγγέλληται
753 477 861 539 τοῖς
898 478 1069 545 ἁγίοις
1101 498 1116 512 ο
1152 500 1169 533 ι
1211 484 1341 537 Ἰδοὺ
1378 489 1507 557 γάρ,
1566 492 1751 558 φησιν,
1782 493 1890 559 ἐγὼ
1922 495 1966 550 Α
1996 519 2000 542 ι

1877 511 1890 543 λ
1922 495 1966 550 Α
1996 498 2177 549 omnia
2213 514 2363 559 vero,
2399 515 2519 551 cum
2548 501 2658 566 ipsa
2689 500 2891 553 sanctis
2929 516 3144 569 semper
3178 501 3412 556 alfttttn-a
3441 520 3564 572 pm-

3460 399 3566 457 498

2000 590 2260 643 mittitur:
2290 591 2481 649 «Ecce.
2508 591 2702 659 inquit,
2724 607 2822 659 ego
2855 594 3129 645 vobiscum
3158 608 3276 646 sum
3311 598 3565 647 omnibus

1997 684 2208 747 diebus,
2247 700 2416 752 usque
2438 686 2501 734 ad
2544 684 3070 738 consummationem
3094 688 3279 740 saeculi
3302 689 3356 752 ⁹;
3387 706 3404 739 ι
3434 692 3561 756 quid

1995 776 2139 830 aliud
2164 816 2177 835 ,
2217 777 2316 829 nisi
2355 777 2458 829 hoc
2490 775 2665 843 ipsum
2689 791 2787 827 nos
2810 778 3055 845 cogitare
3084 788 3135 830 et
3159 779 3414 847 colligere
3437 795 3567 832 con-

1994 867 2165 921 venit?
2202 866 2352 920 Haud
2380 868 2523 921 enim
2560 882 2684 920 cum
2714 870 2917 921 semina
2946 870 3070 921 vitm
3096 884 3189 935 per
3213 880 3383 925 terras
3410 888 3565 941 spar-

1994 962 2176 1023 sisset,
2232 962 2519 1029 ignemque
2549 968 2601 1012 et
2634 959 2869 1028 gladium
2904 961 3163 1023 misisset,
3200 963 3384 1014 statim
3425 965 3559 1017 alis-

1996 1066 2115 1105 cess
2141 1058 2180 1113 ι,
2237 1050 2660 1118 hominibusque
2708 1051 2980 1103 seminum
3016 1051 3080 1103 ad
3114 1052 3324 1120 frugem
3364 1054 3564 1121 perdu-

1992 1146 2288 1199 cendorum
2344 1154 2395 1197 et
2438 1143 2969 1204 conservandorum,
3028 1144 3169 1211 ignis
3195 1146 3556 1206 accendendi,

1994 1235 2171 1303 gladio
2199 1233 2383 1287 utendi
2417 1249 2605 1286 curam
2646 1235 2860 1302 reliquit
2892 1234 3027 1288 :sed
3056 1236 3288 1302 ipsemet
3324 1252 3564 1303 praisens

1992 1329 2168 1393 adest,
2203 1347 2218 1379 t
2246 1343 2480 1396 operans
2514 1327 2565 1378 in
2587 1325 2743 1377 nobis
2766 1327 2898 1377 velle
2918 1337 2966 1377 et
2986 1326 3267 1393 perﬁcere,
3298 1346 3314 1377 ι
3352 1339 3407 1379 ut
3428 1328 3568 1380 l’au-

1994 1421 2076 1474 lus
2106 1419 2180 1472 ait
2206 1418 2269 1469 ‘°.
2329 1415 2392 1468 Et
2428 1418 2603 1487 ignem
2641 1418 2866 1485 ipsemet
2912 1416 3159 1470 accendit
3184 1426 3237 1469 et
3271 1417 3563 1479 admovet;

1992 1524 2043 1567 et
2077 1512 2311 1583 gladium
2366 1511 2481 1577 ipse
2532 1518 2695 1561 tenet.
2729 1508 2805 1561 Ad
2841 1524 3137 1575 summam,
3177 1525 3313 1563 «nec
3350 1513 3563 1564 securis

1991 1607 2316 1671 gloriabitur
2364 1605 2568 1671 absque
2620 1617 2684 1654 eo
2727 1601 2818 1670 qui
2860 1610 3007 1655 secat
3049 1602 3100 1653 in
3129 1604 3308 1665 ca“;t
3341 1613 3396 1655 et
3424 1619 3565 1671 quos

1990 1695 2207 1762 deseritl
2239 1694 2331 1760 qui
2361 1692 2510 1745 solus
2535 1699 2620 1744 cst
2678 1692 2874 1756 bonus,
2906 1691 2970 1745 iis
3004 1691 3139 1743 nihil
3181 1693 3303 1743 boni
3343 1694 3568 1745 evenire

1989 1796 2169 1857 queat.
2218 1787 2483 1840 Craterum
2521 1784 2723 1837 sanctis
2752 1797 2810 1836 se
2840 1798 2943 1834 nou
2974 1781 3289 1836 adfuturum
3324 1792 3565 1837 tantum-

1994 1879 2175 1943 modo,
2236 1878 2327 1931 sed
2365 1878 2529 1930 etiam
2571 1876 2708 1944 apud
2764 1876 2909 1943 ipsos
2958 1889 3302 1940 mansurum,
3339 1883 3390 1928 ct
3419 1877 3564 1942 quod

1994 1973 2262 2037 inStgnius
2299 1981 2421 2034 est,
2466 1969 2804 2022 mansionem
2834 1968 2976 2036 apud
3010 1983 3103 2021 eos
3134 1967 3408 2021 facturum
3449 1969 3557 2019 Do-

1994 2069 2174 2121 minus
2236 2064 2579 2134 promisit".
2635 2061 2777 2127 Quid
2836 2061 3041 2115 multa?
3100 2061 3437 2115 etiam'illis
3492 2064 3564 2114 ita

1991 2168 2241 2215 amanter
2281 2157 2533 2226 copulari
2581 2164 2632 2208 et
2662 2154 2807 2209 uniri
2852 2154 3132 2216 scribitur,
3185 2162 3241 2206 ut
3267 2170 3407 2208 unus
3439 2169 3563 2207 cum

1991 2256 2122 2325 ipsis
2181 2250 2408 2321 spiritus
2456 2245 2749 2300 efﬁciatur:
2807 2242 2941 2309 «Qui
2978 2245 3121 2296 enim
3160 2243 3401 2298 adltaaret
3430 2244 3563 2305 Deo,

296 2335 445 2374 unus
470 2323 694 2389 spiritus
724 2340 808 2382 est
838 2344 961 2385 cum
986 2349 1051 2387 eo
1087 2336 1184 2389 η.»
1208 2337 1472 2398 Similiter
1497 2346 1647 2402 Pauli
1680 2366 1780 2406 vox
1808 2362 1923 2413 est;
1966 2323 2068 2409 «Ut
2100 2350 2221 2406 sitis
2246 2362 2410 2402 unum
2445 2358 2666 2411 corpus,
2709 2351 2761 2394 et
2795 2356 2937 2393 unus
2998 2340 3251 2408 spiritus,
3282 2340 3419 2393 sicut
3470 2356 3566 2393 vo-

292 2412 404 2463 cati
444 2416 578 2469 estis
622 2419 717 2472 η’.»

374 2509 642 2607 Καθάπερ
710 2514 820 2583 γὰρ
869 2517 899 2585 ἡ
946 2518 1328 2591 φιλανθρωπία
1382 2529 1619 2599 άῤῥητος
1685 2538 1777 2587 καὶ
1842 2539 1873 2607 ἡ

300 2599 819 2695 ⁸περὶίιδνίλμιέτερον
859 2610 1013 2674 γένος
1053 2613 1241 2683 ἀγάπη
1276 2619 1368 2669 τοῦ
1416 2622 1550 2673 Θεοῦ
1585 2625 1673 2675 τὸν
1722 2599 1877 2695 λόγον

295 2689 395 2738 τὸν
441 2689 787 2758 ἀνθρώπινον
821 2697 1139 2769 ὑπερὸαἱνει
1190 2708 1279 2757 καὶ
1309 2710 1371 2775 τῇ
1418 2710 1537 2781 θείᾳ
1588 2689 1878 2786 άγαθότητι

298 2782 446 2879 pel-vn
475 2788 772 2879 προσῆκεν·
795 2791 931 2862 αὕτη
966 2796 1070 2865 γάρ
1099 2800 1246 2851 ἐστιν
1281 2820 1298 2851 ι
1328 2804 1358 2872 ἡ
1386 2804 1573 2875 είρήνη
1602 2810 1692 2862 τοῦ
1718 2782 1876 2879 Θεοῦ,

295 2874 329 2941 ἠ
360 2874 706 2945 ὑπερέχουσα
738 2883 915 2937 πάντα
939 2887 1062 2939 νοῦν
1086 2907 1097 2919 '
1124 2910 1143 2941 ι
1172 2892 1261 2943 τὸν
1289 2894 1401 2946 ἴσον
1431 2874 1631 2966 τρόπον
1661 2874 1883 2956 ἀκόλουξ-

296 2966 394 3016 θον
423 2970 517 3065 καὶ
546 2970 646 3040 τὴν
677 2975 814 3065 πρὸς
843 2979 969 3042 τοὺς
995 2981 1352 3052 φιλουμένους
1377 2990 1571 3042 ἕνωσιν
1610 2993 1748 3065 ὑπὲρ
1775 3001 1879 3051 πᾶ-

297 3075 404 3111 σαν
459 3061 657 3117 ἕνωσιν
698 3064 861 3135 εἶναι,
908 3074 974 3143 ἢν
1015 3074 1078 3126 ἄν
1122 3096 1204 3140 τις
1278 3080 1492 3139 δύναιτο
1539 3086 1876 3157 λογίσασθαι,

297 3153 395 3203 καὶ
437 3155 575 3222 πρὸς
610 3158 764 3212 οὐδὲν
794 3165 1144 3237 παράδειγμα
1204 3173 1409 3242 φέρειν.
1453 3180 1549 3231 Διὰ
1597 3153 1750 3234 τοῦτο
1788 3153 1879 3238 καί

2054 2532 2206 2586 Sicut
2259 2537 2437 2581 aule'n
2500 2522 2803 2591 benignitas
2846 2520 2937 2575 Dei
2999 2520 3403 2588 inesplirabilis
3456 2532 3565 2593 est,

1981 2638 2035 2679 et
2074 2622 2315 2677 cltaritas
2348 2620 2467 2686 ejus
2491 2632 2616 2681 erga
2657 2630 2830 2684 genus
2893 2614 3195 2665 humanum
3238 2628 3455 2665 omnem
3485 2615 3563 2667 di-

1984 2716 2139 2771 cendi
2183 2713 2495 2767 facultatem
2533 2717 2773 2777 superat,
2804 2707 2901 2761 soli
2928 2706 3127 2758 divittre
3160 2706 3390 2759 bonitati
3429 2721 3568 2758 con-

1982 2826 2182 2883 gruens
2216 2808 2356 2877 (ipsa
2387 2806 2658 2875 siquidem
2694 2814 2779 2856 est
2842 2817 2975 2870 «pax
3011 2800 3131 2864 Dei,
3171 2815 3291 2868 quae
3320 2817 3559 2867 exsupe-

1988 2914 2068 2956 rat
2093 2917 2307 2957 omnem
2341 2914 2565 2955 sensum
2594 2898 2635 2929 ¹⁸
2678 2896 2725 2965 ι)
2755 2912 2768 2947 :
2808 2894 2881 2948 ita
2923 2894 3301 2961 consequitur,
3334 2902 3390 2945 nt
3437 2895 3559 2959 ejus

1988 2998 2115 3049 unio
2174 3009 2299 3047 cum
2349 2993 2417 3046 iis
2464 3006 2600 3060 quos
2664 2988 2862 3057 diligit,
2944 2986 3239 3055 quamlibet
3301 2987 3558 3039 unionem

1986 3102 2148 3156 quam
2200 3085 2323 3155 quis
2379 3083 2710 3153 cogitatione
2765 3082 3046 3149 percipere
3110 3086 3311 3146 potest,
3371 3079 3559 3131 multis

1987 3179 2233 3248 partibus
2266 3180 2467 3241 vincat,
2522 3190 2622 3229 nec
2657 3175 2834 3241 aliqua
2890 3171 3299 3239 comparatione
3342 3186 3441 3239 pro
3473 3172 3557 3223 di-

296 3246 519 3340 πολλῶν
558 3250 749 3320 ἐδέησε
787 3257 851 3325 τῇ
887 3257 1075 3331 Γραφῇ
1118 3266 1597 3336 παραδειγμάτων,
1634 3273 1771 3326 ὥστε
1792 3276 1879 3328 δυ·
1910 3258 1950 3313 c

1865 3306 1879 3315 -
1910 3258 1950 3313 C
1986 3246 2189 3340 gnitate
2217 3270 2547 3324 declaretur.
2581 3268 2944 3333 Quamobrem
2982 3263 3267 3329 Scriptura
3303 3262 3552 3330 pluribus

294 3337 530 3406 νηθῆναι
583 3341 681 3412 τὴν
729 3346 1024 3414 συνάφειαν
1076 3353 1291 3424 ἐκείνην
1373 3361 1609 3430 μηνῦσαι
1660 3364 1733 3427 ὡς
1786 3368 1883 3417 οὐκ

293 3430 603 3499 ἀρκοῦντος
630 3435 770 3501 ἑνὸς,
797 3440 889 3490 καὶ
932 3441 1025 3492 νῦν
1059 3444 1158 3512 μὲν
1182 3447 1389 3502 ἕνοικον
1419 3454 1511 3503 καὶ
1552 3454 1731 3507 οἰκίαν
1772 3459 1883 3509 εἱσ-

294 3526 443 3592 άγει,
480 3526 580 3578 νῦν
626 3528 680 3580 δὲ
720 3530 965 3596 ἄμπελον
1007 3535 1102 3587 καὶ
1154 3538 1359 3608 κλῆμα,
1392 3546 1481 3594 καὶ
1523 3546 1617 3597 νῦν
1662 3549 1759 3615 μὲν
1786 3550 1882 3614 γά-

298 3636 428 3687 μον,
460 3620 556 3673 νῦν
588 3621 643 3673 δὲ
682 3622 819 3692 μέλη
846 3625 939 3677 καὶ
980 3630 1241 3700 κεφαλὴν,
1272 3626 1344 3685 ὧν
1368 3635 1521 3687 οὐδέν
1570 3640 1715 3691 ἐστιν
1767 3642 1881 3695 ἴσον

293 3711 522 3781 ἐκείνῃο
575 3716 635 3766 οὐ
698 3716 808 3784 γὰρ
857 3718 1003 3770 ἔστιν
1052 3722 1160 3772 ἀπὸ
1211 3724 1419 3777 τούτων
1477 3729 1573 3797 τῆς
1626 3731 1881 3798 ἀληθείας

287 3802 547 3870 ἀκριὸὦς
566 3806 875 3873 ἐφικέσθαι.
906 3810 1157 3864 Μάλιστα
1186 3813 1283 3880 μὲν
1308 3816 1415 3885 γὰρ
1438 3819 1672 3890 ἀνάγκη,
1704 3826 1770 3893 τῇ
1798 3841 1881 3891 φι-

293 3893 387 3964 λίᾳ.
419 3896 517 3947 καὶ
540 3898 637 3964 τὴν
667 3900 960 3969 συνάφειαν
992 3904 1282 3958 ἀκόλουθον
1311 3903 1469 3972 εἶναι,
1537 3912 1587 3963 τί
1617 3912 1661 3965 δ’
1691 3914 1755 3966 ἂν
1791 3916 1881 3982 γι-

292 4008 442 4045 νοιτο
466 3994 561 4061 τῆς
589 3993 738 4052 θείας
767 3996 986 4066 ἀγάπης
1021 4000 1165 4065 ἴσους
1196 4001 1365 4055 ἔπειθ’
1388 4008 1469 4059 ὅτι
1497 4009 1587 4059 καὶ
1616 4008 1688 4060 τὰ
1723 4011 1878 4077 μάλι-

293 4102 400 4137 στα
432 4085 729 4153 συνάφειαν
754 4089 846 4141 καὶ
887 4090 1111 4159 ἑνότητα
1141 4093 1413 4147 δεικνύναι
1442 4098 1699 4151 δοκοῦντα
1728 4104 1754 4153 ὁ
1779 4104 1877 4168 γά-

293 4194 397 4243 μος
438 4178 556 4229 ἐστὶ
587 4180 677 4230 καὶ
711 4181 740 4249 ἡ
768 4180 877 4231 τῶν
909 4183 1087 4250 μελῶν
1111 4186 1245 4254 πρὶς
1278 4187 1376 4255 τὴν
1407 4191 1649 4259 κεφαλὴν
1707 4193 1879 4260 ἁρμο-

291 4273 403 4330 νά,
436 4270 614 4322 ταῦτα
633 4271 687 4323 δὲ
720 4274 1048 4343 παμπληθὲς
1078 4274 1209 4327 εἴσω
1229 4278 1439 4342 πίπτει,
1464 4283 1556 4332 καὶ
1582 4283 1775 4335 πολλοῦ
1798 4285 1879 4337 δεῖ

288 4364 360 4415 τά
386 4363 519 4415 ὄντα
550 4362 812 4430 δηλῶσαι.
839 4366 949 4417 Καὶ
978 4366 1133 4435 γὰρό
1167 4369 1266 4436 μὲν
1303 4370 1477 4437 γάμος
1509 4373 1605 4424 οὐκ
1638 4375 1703 4426 ἂν
1736 4376 1878 4429 οὕτω

294 4458 559 4525 συνάψαι,
611 4458 687 4519 ὡς
718 4460 777 4509 ὲν
810 4458 1061 4529 ἀλλήλοις
1103 4458 1369 4516 εἶναικαὶ
1425 4466 1523 4534 ζῇν
1571 4468 1697 4529 τοὺς
1754 4486 1875 4520 συν-

1985 3364 2247 3431 exemplis
2274 3378 2409 3431 opus
2436 3362 2643 3424 habuit,
2671 3361 2866 3429 quibus
2898 3358 3343 3425 conjunctionetn
3401 3359 3549 3411 illam

1993 3456 2361 3509 aretissimam
2430 3453 2788 3520 exprimeret,
2816 3450 2957 3518 qttod
2984 3465 3151 3502 unum
3176 3451 3398 3502 minime
3428 3450 3560 3504 satis

1983 3544 2227 3599 esset.Et
2253 3545 2415 3598 modo
2436 3544 2649 3612 quidem
2678 3543 3034 3595 habitatorem
3059 3550 3112 3594 et
3143 3542 3367 3594 domum
3400 3541 3561 3593 indu-

1984 3637 2056 3689 cit
2084 3652 2099 3700 ;
2139 3636 2298 3689 modo
2320 3636 2478 3688 vitem
2502 3645 2553 3687 et
2581 3635 2887 3702 palmitem:
2929 3634 3087 3685 modo
3116 3634 3363 3699 nuptias;
3394 3632 3557 3685 modo

1986 3724 2226 3778 membra
2266 3735 2321 3778 et
2354 3733 2519 3791 caput
2542 3724 2603 3786 ¹⁶,
2629 3738 2863 3792 quorum
2901 3722 3109 3775 nullum
3140 3722 3295 3790 plene
3329 3737 3560 3790 respon-

1982 3817 2104 3882 det;
2143 3832 2241 3871 nec
2273 3817 2419 3871 enim
2463 3833 2559 3885 per
2601 3818 2768 3871 ullum
2815 3816 3007 3868 horum
3058 3816 3345 3867 veritatem
3368 3824 3557 3868 exacte

1982 3908 2108 3962 licet
2140 3908 2427 3977 attingere.
2480 3908 2661 3962 Amori
2706 3918 2760 3961 et
2810 3907 3063 3960 cbaritati
3117 3922 3301 3975 parem
3359 3914 3558 3960 esseet

1982 4000 2421 4067 conjunctionem
2476 4000 2711 4053 maxime
2771 4007 3008 4065 oportet.
3085 3998 3293 4049 Divina;
3366 4008 3550 4050 autem

1984 4092 2234 4145 eltaritati
2266 4091 2395 4160 quid
2426 4092 2643 4145 tandem
2691 4092 2895 4159 mquari
2959 4092 3176 4159 potest?
3201 4091 3402 4144 Deinde
3433 4108 3552 4159 qua:

1982 4184 2380 4252 copulationem
2426 4195 2478 4237 et
2534 4186 2789 4237 unionem
2839 4183 3089 4252 inprimis
3129 4184 3440 4253 significare
3477 4185 3555 4236 vi-

1979 4275 2197 4338 dentur,
2250 4274 2452 4343 nuptiae
2492 4284 2639 4335 sunt,
2706 4284 2760 4328 et
2810 4276 3183 4327 membrorum
3244 4276 3553 4343 capitisque

1981 4375 2102 4433 apta
2151 4369 2567 4434 coagmentatio.
2629 4367 2806 4434 Atque
2853 4367 2951 4420 ista
3010 4383 3172 4434 quam
3254 4368 3549 4434 plurimum

1978 4458 2200 4522 distant,
2260 4460 2601 4527 multumque
2659 4459 2811 4512 abest
2854 4469 2907 4511 ut
2936 4474 3051 4511 rem
3081 4466 3205 4511 ante
3236 4459 3424 4512 oculos
3455 4474 3554 4524 po-

289 4552 661 4619 απτομένους,
694 4552 830 4621 ὅπερ
868 4553 961 4603 ἐπὶ
988 4552 1081 4605 τοῦ
1108 4555 1343 4624 Χριστοῦ
1377 4559 1469 4609 καὶ
1518 4559 1616 4626 τῆς
1653 4559 1876 4630 Ἐκκλη-
1909 4586 1952 4641 D

1863 4592 1876 4600 .
1909 4586 1952 4641 Β
1982 4562 2135 4602 nant.
2177 4552 2384 4604 Etenim
2430 4552 2744 4619 conjugiutn
2794 4566 3073 4617 nunquam
3121 4550 3259 4603 adeo
3288 4550 3550 4618 cimjuges

292 4645 420 4704 σίας
452 4642 775 4709 συμϐαίνει·
811 4641 934 4696 ὅθεν
966 4645 993 4696 ὀ
1024 4644 1165 4707 θεῖος
1216 4644 1532 4711 Ἀπόστολος
1573 4650 1740 4702 εἰπὼν
1784 4670 1879 4705 πε-

292 4738 349 4805 ρὶ
379 4735 479 4789 τοῦ
524 4737 726 4804 γάμου,
758 4754 778 4787 ι
810 4736 882 4790 Τὸ
913 4742 1208 4808 μυστήριον
1242 4741 1400 4793 τοῦτο
1444 4743 1585 4811 μέγα
1628 4746 1793 4807 ἐστὶν,
1853 4765 1870 4796 ι

287 4832 570 4897 ἐπήγαγε,
610 4847 628 4879 ι
657 4830 818 4895 Λέγω
856 4829 911 4881 δὲ
960 4831 1041 4892 είς
1097 4833 1330 4899 Χριστὸν
1391 4836 1484 4887 καὶ
1507 4837 1604 4905 τὴν
1649 4840 1873 4908 Ἐκκλη-

288 4923 441 4982 σίαν,
476 4940 495 4971 ι
531 4919 745 4981 δεικνὺς
770 4920 829 4972 οὐ
862 4919 1071 4986 τοῦτον,
1103 4922 1216 4973 ἀλλ’
1245 4925 1448 4976 ἐκεῖνον
1471 4926 1561 4977 τὸν
1587 4927 1761 4995 γάμον
1788 4930 1874 4981 διὰ

292 5014 582 5081 θαύματος
604 5012 776 5079 ἄγων.
804 5012 885 5064 Τὰ
912 5012 968 5065 δὲ
1010 5014 1145 5083 μέλη
1176 5017 1441 5084 συνῆπται
1474 5018 1572 5085 μὲν
1597 5021 1661 5088 τῇ
1701 5036 1872 5088 κεφα-

286 5108 382 5176 λῇ,
416 5106 513 5159 καὶ⁵
533 5104 597 5174 ζῇ
624 5104 705 5173 τῷ
735 5105 1026 5175 συνῆφθαι,
1059 5107 1150 5158 καὶ
1166 5108 1505 5176 διαιρεθέντα
1526 5110 1877 5179 ἀποθνήσκει⁸

292 5202 556 5267 φαίνεται
592 5198 650 5250 δὲ
687 5197 781 5248 καί
821 5196 993 5248 ταῦτα
1018 5198 1096 5266 τῷ
1125 5198 1343 5268 Χριστῷ
1391 5201 1713 5269 συνημμένα
1745 5202 1876 5269 μᾶλο

285 5293 383 5344 λον
404 5293 439 5361 ἢ
471 5293 540 5360 τῇ
563 5289 775 5342 ἑαυτῶν
802 5288 1034 5359 κεφαλῇ,
1070 5290 1165 5343 καὶ
1190 5289 1364 5360 τούτῳ
1394 5291 1570 5353 ζῶντα
1602 5292 1801 5361 μᾶλλον
1841 5292 1873 5362 ἢ

284 5386 356 5453 τῇ
396 5382 535 5451 πρὸς
565 5380 737 5449 αὐτὴν
771 5382 1030 5452 ἁρμονίᾳ.
1063 5382 1170 5433 Καὶ
1199 5379 1358 5435 τοῦτο
1380 5382 1536 5451 δῆλον
1596 5384 1700 5435 ἀπὸ
1764 5384 1874 5435 τῶν

292 5474 593 5546 μακαρίων
625 5473 947 5543 μαρτύρων,
990 5472 1038 5525 οἳ
1068 5473 1128 5525 τὸ
1162 5475 1258 5542 μὲν
1313 5474 1613 5541 ὑπέμειναν
1678 5474 1866 5543 ἡδέως,

1982 4640 2311 4708 conjugabit,
2351 4650 2408 4694 ut
2437 4640 2573 4694 alter
2624 4643 2676 4695 in
2710 4644 2880 4700 altero
2926 4642 3068 4695 sitet
3123 4644 3287 4706 vivat,
3322 4643 3371 4695 id
3406 4644 3550 4711 quod

1980 4730 2037 4784 in
2063 4731 2157 4785 Ch.
2177 4733 2280 4785 isto
2305 4741 2358 4785 et
2394 4730 2634 4786 Ecclesia
2664 4737 2929 4788 cernitur.
2959 4732 3112 4787 Unde
3146 4744 3371 4787 sanctus
3404 4737 3549 4801 Apo-

1981 4823 2174 4883 stultis,
2224 4838 2346 4875 cum
2406 4824 2635 4877 dixisset
2669 4825 2735 4880 de
2766 4826 3140 4887 matrimonio,
3180 4823 3545 4879 «Sicramen—

1983 4922 2095 4968 tum
2123 4916 2223 4970 hoc
2254 4932 2505 4982 magnum
2528 4917 3171 4986 est,iadjeciteontinuo,
3205 4938 3220 4968 ι
3239 4919 3344 4985 Ego
3365 4929 3543 4971 autem

1978 5006 2097 5058 dico
2134 5006 2183 5057 in
2211 5008 2449 5070 Christo,
2480 5016 2531 5059 et
2558 5008 2608 5060 in
2640 5007 2880 5062 Ecclesia
2911 5011 2975 5074 υ,
3006 5029 3022 5061 ι
3090 5013 3402 5074 ostendens,
3438 5027 3542 5063 non

1984 5098 2101 5152 illas
2132 5114 2249 5151 sese
2296 5099 2532 5164 nuptias,
2585 5115 2770 5153 verum
2809 5100 2971 5154 hasce
3030 5104 3209 5169 potius
3260 5104 3542 5158 admirari.

1983 5190 2218 5243 Membra
2253 5200 2431 5245 autem
2466 5208 2712 5247 connexa
2743 5194 2961 5263 quidem
2986 5206 3113 5249 sunt
3147 5199 3332 5265 capiti,
3370 5208 3423 5253 et
3449 5215 3547 5267 per

1975 5300 2095 5337 eam
2116 5286 2507 5337 conuexionem
2551 5295 2711 5354 atque
2741 5295 2988 5355 copulam
3016 5289 3223 5352 vivunt,
3265 5304 3370 5357 qua
3395 5290 3544 5344 diru-

1979 5388 2064 5445 pta
2101 5377 2425 5430 moriuntur.
2459 5378 2527 5435 At
2554 5393 2679 5431 vero
2705 5379 2805 5433 ista
2831 5381 3074 5434 membra
3100 5382 3317 5435 Christo
3345 5384 3541 5451 magis,

1979 5484 2138 5536 quam
2167 5482 2264 5521 suo
2292 5470 2451 5537 capiti
2484 5471 2773 5536 conjuncta
2802 5472 3074 5534 videntur,
3110 5472 3389 5541 magisque
3419 5476 3539 5538 hac,

286 5564 351 5615 τὸ
381 5562 440 5614 δὲ
474 5561 597 5613 οὐδὲ
631 5560 865 5614 ἀκοῦσαι
895 5562 1197 5631 ὲνέσχοντο,
1228 5564 1318 5615 καί
1355 5564 1451 5634 τὴν
1504 5565 1601 5632 μὲν
1647 5566 1892 5634 κεφαλὴν
1953 5581 1973 5617 c

1851 5587 1892 5634 iv
1953 5578 2116 5630 quam
2149 5562 2237 5613 illa
2265 5576 2386 5613 cum
2438 5562 2614 5631 capite
2652 5566 3023 5618 commissura
3061 5574 3114 5617 et
3167 5581 3427 5635 compage
3458 5568 3538 5621 vi-

364 5776 386 5805 ⁹
432 5771 636 5843 Matth.
662 5788 857 5834 xxviii,
898 5771 986 5825 20.
1070 5775 1113 5806 ιθ
1140 5775 1372 5843 Philipp.
1409 5791 1465 5833 ll,
1509 5776 1588 5827 15.

293 5863 373 5911 tv,
411 5845 464 5896 ι.
550 5844 590 5873 ’³
622 5842 857 5912 Philipp,
912 5860 981 5907 tv,
1026 5844 1079 5899 7,
1164 5847 1205 5875 ”
1250 5842 1403 5899 ms.

1671 5777 1707 5805 "
1734 5777 1838 5827 lsa.
1882 5775 2054 5836 x,15.

1451 5862 1556 5905 xw,
1621 5846 1712 5907 lii;
1758 5846 1940 5898 illiilli.
1980 5862 2086 5898 χχιι
2115 5864 2125 5911 ;
2158 5846 2366 5899 (leloss.
2403 5848 2436 5898 Ι.

2137 5776 2177 5804 ¹²
2211 5774 2364 5827 Joan.
2403 5791 2510 5837 xw,
2542 5775 2635 5827 2’).
2715 5775 2754 5803 ¹³
2787 5773 2806 5827 Ι
2843 5774 2965 5825 Cor.
3009 5788 3081 5837 vl,
3112 5774 3194 5826 l7.

2522 5848 2559 5874 υ
2590 5846 2784 5914 minus.
2825 5860 2871 5908 ν,
2916 5842 3020 5899 5-2..

3275 5774 3317 5802 “
3340 5771 3545 5839 Epist-5..
