4272 6446
746 287 930 366 Μ’

750 505 987 567 iucunde
1019 515 1392 582 pertulerunt,
1419 520 1519 573 hoc
1545 535 1612 574 ne
1645 522 1831 578 audire
1858 505 2096 598 quidem
2120 529 2303 583 volue-

747 611 892 702 runt.
956 602 1090 659 Nam
1126 618 1288 677 caput
1333 611 1551 680 quidem
1588 614 1842 683 ipsosque
1872 629 2022 674 artus
2051 636 2173 674 cum
2224 624 2493 695 voluptate
2541 602 2878 702 pos-tierunt;

745 692 868 747 dem
903 702 1062 751 tenus
1100 699 1308 767 sejungi
1341 702 1634 773 divellique
1665 715 1980 775 potuerunt.

820 789 1068 846 Nondum
1104 793 1239 858 dixi,
1259 798 1402 866 quod
1427 798 1691 868 imprimis
1723 802 2040 860 inusitatum
2062 808 2312 879 etsingn-

743 880 856 936 lare
877 893 980 936 est.
1001 881 1141 948 Quid
1169 888 1310 940 enim
1334 889 1487 944 alteri
1517 894 1691 961 magis
1721 895 2100 964 conjungatur,
2149 914 2312 968 quam

743 972 920 1041 ipsum
957 976 1320 1046 sibimetipsi?
1356 980 1419 1034 Et
1481 992 1660 1037 tamen
1692 986 1808 1040 haec
1845 989 1962 1057 ipsa
1999 993 2314 1059 c0ujnnetio

743 1068 860 1120 sive
891 1068 1019 1120 unio
1049 1070 1434 1136 conjunctione
1478 1074 1567 1128 illa
1610 1075 1835 1130 iul'erior
1862 1089 1914 1133 et
1945 1080 2314 1149 imperfectior

740 1166 844 1212 est.
883 1158 1170 1214 Beatorum
1203 1163 1401 1231 quippe
1424 1166 1717 1234 spirituum
1750 1173 2133 1242 unusquisque
2166 1191 2310 1228 unus

741 1257 795 1300 et
829 1249 967 1302 idem
998 1251 1097 1304 sibi
1124 1251 1226 1320 ipsi
1271 1264 1388 1307 est:
1424 1257 1691 1312 Salvatori
1744 1262 2096 1317 nihilominus
2146 1267 2320 1334 magis

743 1356 908 1406 quam
967 1343 1185 1398 sibimet
1236 1349 1558 1414 copulatur:
1615 1351 1734 1419 plus
1777 1355 1920 1405 enim
1981 1356 2129 1408 illum
2156 1374 2316 1425 quam

741 1446 862 1487 Sese
911 1444 1078 1490 amat.
1133 1436 1288 1503 Quod
1349 1441 1616 1507 dicimus,
1669 1444 1866 1500 Paulus
1921 1451 2207 1502 contirmat
2255 1451 2318 1510 ’⁸.

740 1537 934 1594 optans
961 1532 1251 1585 anathema
1275 1547 1396 1587 esse
1421 1551 1449 1587 a
1481 1534 1701 1592 Christo
1725 1550 1945 1608 propter
1970 1542 2197 1595 salutem
2219 1542 2317 1596 Ju-

740 1621 1002 1687 daeorum,
1027 1639 1135 1690 quo
1162 1624 1307 1679 illius
1338 1627 1513 1695 gloria
1556 1639 1837 1697 augeatur.
1870 1633 2020 1696 Quod
2057 1635 2100 1685 si
2127 1635 2319 1686 huma-

2014 326 2322 389 NlCOLAI
2357 333 2748 405 CABASIIJS
3876 361 3975 421 500
4023 348 4029 388 ί

751 431 902 508 tere;
934 416 1080 491 quod
1114 423 1259 480 beati
1303 436 1570 499 martyres
1624 431 2025 498 demonstrant,
2066 440 2159 508 qui
2187 442 2313 495 illud
2345 448 2392 503 Α
2421 445 2685 501 ἀπέθεντο

2737 453 2828 504 καὶ
2882 455 2948 507 τὰ
2979 457 3114 526 μέλη
3152 460 3247 511 σὺν
3276 461 3462 533 ήδονῇ,
3497 466 3589 520 τοῦ
3648 468 3886 536 Χριστοῦ
3934 473 3981 526 δὲ

2411 536 2530 590 οὐδὲ
2561 540 2721 610 μέχρι
2750 543 2934 612 φωνῆς
2958 545 3291 618 ἐδυνήθησαν
3317 554 3644 624 ἀποστῆναι.

2951 651 2983 691 a
3026 639 3248 696 Christo
3289 654 3469 700 autem
3541 664 3610 705 ne
3674 665 3806 706 voce
3867 655 3986 721 qni-

2491 813 2599 866 Καὶ
2650 812 2793 868 οὕτω
2829 816 2971 884 λέγω
3027 821 3086 893 τὸ
3143 824 3484 881 καινότατον.
3513 829 3578 882 Τί
3610 829 3719 900 γὰρ
3751 832 3818 885 ἂν
3842 834 3984 905 ἄλλῳ

2417 905 2740 958 συνάπτοιτο
2766 908 2968 975 μᾶλλον
2992 909 3022 979 ἣ
3048 912 3179 964 αὐτὸ
3207 914 3419 985 ἐαυτῷ;
3450 919 3583 971 ἀλλά
3623 922 3718 974 καὶ
3753 922 3894 993 αὕτη
3946 927 3976 994 ἡ

2413 993 2600 1064 ἑνότης
2630 999 2726 1066 τῆς
2756 1002 3048 1068 συναφείας
3074 1004 3292 1075 ἐκείνης
3323 1007 3544 1062 ἔλαττον
3567 1010 3702 1079 εχει.
3737 1013 3859 1066 Τῶν
3883 993 3986 1082 γὰρ

2415 1089 2738 1153 πνευμάτων
2773 1090 2881 1144 τῶν
2909 1096 3197 1164 μακαρίων
3231 1097 3461 1176 ἕκαστόν
3487 1101 3604 1154 ἐστι
3635 1105 3738 1170 μὲν
3783 1103 3843 1157 ἓν
3897 1086 3988 1158 καὶ

2413 1178 2579 1230 ταύτὸ
2607 1181 2805 1252 ἐαυτῷ,
2837 1185 3104 1253 συνῆπται
3132 1187 3188 1239 δὲ
3220 1188 3298 1258 τῷ
3328 1179 3539 1261 Σωτῆρι
3569 1194 3770 1262 μᾶλλον
3799 1195 3836 1265 ,ἢ
3867 1179 3988 1248 ἐαυ-

2413 1268 2490 1336 τῷ
2517 1287 2529 1298 ·
2567 1269 2712 1337 φιλεῖ
2738 1272 2844 1341 γὰρ
2897 1273 2989 1325 τὸν
3050 1275 3282 1345 Σωτῆρα
3343 1278 3616 1355 μᾶλλον
3656 1273 3836 1342 ἑαυτὸ,
3897 1285 3987 1334 καὶ.

2419 1362 2760 1430 μαρτυρήσει
2789 1362 2865 1432 τῷ
2927 1365 3070 1434 λόγῳ
3119 1367 3326 1431 Παῦλος
3384 1371 3676 1440 εὐχόμενος
3745 1374 3987 1439 ἀνάθεμα

2414 1448 2554 1504 εἶναι
2581 1454 2687 1506 ἀπο
2717 1455 2951 1524 Χριστοῦ
2981 1458 3121 1527 ὑπὲρ
3161 1461 3261 1529 τῆς
3315 1463 3505 1529 σοφίας
3545 1465 3656 1516 τῶν
3695 1467 3986 1532 Ἰουδαίων,

2413 1546 2481 1596 ἶν’
2508 1547 2700 1615 ἐκείνῳ
2740 1548 3023 1620 προσθήκη
3089 1551 3316 1620 γένηται
3355 1554 3537 1624 δόξης.
3574 1557 3639 1608 El
3685 1557 3741 1609 δὲ
3766 1557 3827 1610 τὺ
3882 1559 3988 1610 τῶν

2415 1636 2716 1705 ἀνθρώπων
2770 1639 2988 1708 φίλτρον
3020 1643 3301 1706 τοσοῦτον,
3330 1643 3392 1698 τὸ
3421 1645 3563 1698 θετον
3589 1646 3698 1700 οὐδ’
3731 1647 3848 1700 ἐστι
3901 1649 3989 1700 λ.οὲ

740 1725 843 1763 nus
875 1726 1029 1766 amor
1058 1721 1240 1768 tantus
1277 1725 1376 1780 est,
1438 1718 1653 1772 divinus
1683 1733 1920 1788 qunn:ns
1967 1723 2314 1778 sitmstimari
2351 1707 2389 1760 η
2419 1741 2427 1751 ·

2302 1727 2314 1777 i
2351 1707 2389 1760 η
2419 1725 2697 1790 γίσασθαι.
2728 1728 2786 1779 Ei
2818 1707 2929 1797 γὰρ
2976 1733 3022 1782 οἱ
3053 1732 3280 1803 πονηροὶ
3325 1734 3597 1804 τοσαύτην
3645 1738 3989 1802 ἐπεδείξαντο

740 1815 846 1853 non
880 1813 1076 1869 potest.
1105 1803 1160 1858 Si
1186 1809 1329 1859 enim
1364 1812 1454 1876 qui
1487 1812 1609 1863 mali
1637 1821 1763 1865 sunt
1786 1822 1989 1868 tantam
2016 1815 2312 1868 bonitatem

737 1891 1121 1959 exhibuerunt,
1153 1899 1379 1964 quid'de
1409 1900 1495 1953 illa
1547 1902 1808 1955 bonitate'
1841 1905 2270 1959 memorabimus
2293 1906 2314 1942 ν

737 1981 871 2036 Cum
914 1999 1079 2052 porro
1107 2002 1261 2042 amor
1298 2000 1401 2043 tam
1446 1993 1513 2045 sit
1551 1995 1820 2050 excellens
1853 2009 1906 2050 et
1939 1997 2192 2064 eximius,
2223 2015 2286 2052 ne

737 2088 893 2129 cesse
917 2087 1000 2130 est
1025 2078 1188 2132 etiam
1246 2087 1793 2150 conglutinatiouem,
1819 2087 1886 2141 ad
1916 2105 2079 2156 quam
2120 2099 2311 2143 amau-

737 2176 818 2222 tes
847 2170 1036 2239 adigit,
1079 2173 1380 2228 humanum
1441 2178 1714 2243 ingenium
1766 2181 1845 2236 sic
1899 2183 2221 2252 deprimere.
2256 2192 2315 2238 ul.

735 2281 794 2320 se
821 2281 923 2320 nec
969 2266 1036 2319 ad
1090 2265 1504 2320 sitttilitudinrut
1549 2271 1770 2335 quidem
1811 2289 1908 2326 seu
1963 2275 2308 2328 collationem

735 2358 1114 2412 inveniendam
1147 2359 1603 2429 queatextullcre.
1636 2362 1738 2415 Sed
1779 2377 1890 2415 rem
1922 2364 1987 2417 ad
2019 2364 2162 2418 hune
2195 2380 2312 2418 mo-

736 2451 864 2505 dum
896 2447 1332 2504 consideremus.

806 2535 941 2591 Cum
969 2537 1136 2591 multa
1184 2539 1313 2603 sint,
1336 2541 1535 2608 quibus
1569 2556 1663 2610 per
1694 2541 1859 2596 vitam
1911 2559 2158 2609 egentius,
2184 2560 2307 2600 aere

736 2633 982 2701 inquam,
1029 2634 1252 2698 lumine,
1297 2635 1577 2699 alimento,
1639 2638 1903 2695 vestibus.
1949 2637 2080 2706 ipsis
2105 2649 2312 2700 natura:

736 2725 1112 2790 facultatibus,
1165 2735 1220 2780 et
1245 2728 1530 2795 membris.
1580 2731 1637 2780 lit
1668 2739 1869 2792 tamen,
1915 2740 1973 2784 ut
2010 2731 2212 2785 nullius
2247 2750 2311 2784 n-

733 2835 855 2873 sum
889 2835 954 2872 ex
991 2807 1274 2873 tomnibns
1311 2810 1526 2886 semper
1573 2831 1623 2874 et
1662 2823 1726 2873 a:|
1790 2825 1973 2874 omnia
2033 2824 2302 2877 desidere-

735 2928 878 2970 mus.
912 2914 1006 2964 sed
1035 2926 1181 2966 nunc
1211 2910 1380 2973 istud.
1405 2928 1550 2966 nunc
1578 2913 1725 2965 aliud
1759 2913 2148 2979 adhibeamus,
2175 2916 2311 2968 alias

734 3005 839 3058 alio
866 3004 934 3057 ad
972 2984 1290 3072 pra-sentem
1333 3003 1710 3066 necessitatem
1759 3002 2092 3058 inserviente
2155 3005 2205 3058 vi
2230 3007 2306 3059 le-

733 3098 882 3149 licet.
915 3094 1133 3148 Vestem
1159 3095 1357 3163 quippe
1378 3095 1679 3154 induimus.
1706 3110 1824 3177 qutt-
1855 3097 2165 3150 alimoniam
2199 3113 2303 3151 non

734 3191 975 3258 praebet;
1035 3188 1132 3242 sed
1155 3189 1336 3242 cibum
1394 3192 1774 3257 appetentibus
1842 3192 1986 3246 aliud
2061 3208 2327 3262 (μενεῖ-ρει.⁴

733 3281 862 3335 dum
893 3291 992 3332 est.
1032 3277 1241 3333 Lumen
1277 3281 1340 3334 ad
1376 3282 1617 3335 animam
1660 3282 1961 3337 ducendam
2014 3301 2120 3338 non
2155 3285 2306 3340 facit.

732 3373 842 3426 Aer
879 3371 1115 3425 vicissim
1154 3371 1356 3426 lumine
1406 3375 1561 3428 nobis
1593 3391 1698 3428 non
1732 3377 1921 3430 radiat.
1958 3377 2228 3436 Seusuum
2255 3392 2306 3434 et

736 3467 1104 3518 membrorum
1147 3465 1326 3519 ollieio
1355 3483 1459 3520 non
1517 3484 1688 3536 usque
1711 3478 1766 3522 et
1792 3485 1961 3538 usque
1993 3468 2306 3541 fmgimur;

734 3555 826 3608 sed
857 3571 982 3609 cum
1031 3556 1245 3619 oculus,
1291 3566 1405 3611 tum
1441 3572 1634 3613 manus
1692 3560 1962 3613 interdum
1996 3563 2168 3614 otiosa
2201 3571 2304 3625 est,

733 3638 857 3699 cum
895 3649 1208 3701 ansrultarc
1253 3648 1530 3718 quippiam
1569 3660 1800 3718 opo:tet.
1830 3650 2159 3718 Contingere
2211 3667 2306 3706 seu

734 3749 967 3793 trartare
1001 3741 1201 3808 aliquid
1231 3742 1574 3808 cupientibus
1606 3759 1798 3796 manus
1821 3743 2039 3805 sullicit,
2067 3744 2146 3796 vel
2173 3745 2306 3797 odo-

737 3835 867 3896 raii,
899 3834 984 3886 vri
1023 3837 1236 3896 audire,
1290 3837 1371 3888 vel
1402 3836 1598 3889 intueri
1628 3837 1935 3892 volentibus
1986 3838 2117 3891 nihil
2154 3854 2307 3892 com-

735 3931 947 3995 modat;
981 3930 1074 3984 sed
1107 3945 1168 3981 ea
1221 3929 1382 3982 missa
1420 3931 1484 3981 ad
1515 3930 1673 3982 aliam
1723 3930 2034 3985 facultatem
2085 3931 2310 4000 respici-

735 4035 876 4076 mus.
913 4022 980 4077 Αι
1017 4023 1264 4077 Salvator
1297 4022 1348 4074 in
1381 4021 1500 4090 ipso
1550 4023 1854 4077 viventibus
1884 4024 1963 4077 sic
1990 4038 2205 4092 semper
2255 4031 2309 4076 et

733 4114 1080 4168 omnimodus
1120 4115 1295 4178 adest,
1318 4123 1374 4167 ut
1406 4113 1822 4184 quibuscunque
1845 4131 2036 4169 eorum
2073 4117 2308 4170 necessi-

732 4208 938 4259 tatibus
979 4209 1251 4269 consulat,
1285 4220 1339 4259 et
1375 4206 1505 4274 ipsis
1528 4207 1600 4260 sit
1648 4210 1849 4268 omnia.
1883 4223 1979 4262 nec
2012 4208 2119 4260 alio
2154 4224 2311 4277 pror-

733 4314 909 4352 susse
941 4308 1172 4362 vertere,
1209 4315 1308 4352 nec
1345 4300 1568 4352 aliunde
1622 4315 1868 4368 quaarere
1893 4301 2193 4370 quidquam
2233 4301 2306 4355 si-

2419 1818 2518 1886 τὴν
2568 1820 3005 1888 εὐγνωμοσύνην,
3048 1822 3120 1896 ντί
3173 1823 3277 1894 χρὴ
3336 1826 3462 1894 περὶ
3507 1826 3607 1896 τῆς
3653 1829 3990 1896 ἀγαθὸτητος

2421 1910 2632 1979 ἐκείνης
2682 1914 2887 1976 εἰπείν;
2920 1914 3079 1966 Οὕτω
3114 1915 3169 1967 δὲ
3200 1917 3511 1986 ὑπερφυοῦς
3543 1919 3695 1982 ὄντος
3726 1922 3819 1973 τοῦ
3849 1922 3990 1991 ἐρω-

2416 2017 2528 2065 τος,
2565 2002 2777 2069 ἀνάγκη
2806 2003 2899 2056 καὶ
2928 2004 3025 2075 τὴν
3045 2008 3360 2076 συνάφειαν,
3413 2011 3548 2081 πρὸς
3597 2012 3664 2081 ἢν
3720 2014 3989 2083 συνήλασα

2417 2095 2541 2155 τοὺς
2568 2095 2829 2163 ἐρῶντας,
2859 2095 2960 2163 τὴν
2989 2097 3230 2153 διάνοιαν
3270 2101 3372 2172 τὴν
3424 2101 3774 2172 ἀνθρώπειαν
3828 2105 3981 2156 κάτω

2415 2186 2643 2252 τιθέναι,
2673 2187 2814 2240 ὥστε
2848 2191 2980 2259 μηδὲ
3021 2191 3155 2266 πρὸς
3205 2193 3564 2262 παράδειγμα
3625 2195 3986 2264 ἀνενεχθῆναι

2415 2279 2642 2350 δυνατὴν
2671 2277 2830 2335 εἶναι.
2866 2283 3164 2354 Σκοπῶμεν
3195 2285 3250 2337 δὲ
3292 2266 3386 2340 καὶ
3411 2288 3558 2340 τόνδε
3617 2289 3711 2342 τὸν
3740 2289 3965 2358 τρόπον.

2485 2547 2701 2601 Πολλῶν
2770 2547 2959 2612 ὄντων,
3015 2541 3096 2612 οἷς
3178 2551 3415 2603 συνεῖναι
3488 2549 3627 2602 κατὰ
3713 2551 3804 2603 τὸν
3873 2551 3990 2617 βίον

2415 2639 2650 2708 ἀνάγκη,
2679 2640 2859 2707 ἀέρος,
2892 2641 3090 2706 φωτὸς,
3121 2643 3346 2712 τροφῆς,
3388 2641 3638 2710 ἱματίων,
3662 2644 3842 2696 αὐτῶν
3878 2644 3990 2697 τῶν

2415 2734 2472 2783 ἐν
2497 2733 2558 2798 τῇ
2595 2730 2752 2796 φύσει
2777 2730 3061 2796 δυνάμεων
3117 2731 3209 2783 καὶ
3239 2732 3438 2801 μελῶν,
3483 2733 3656 2786 οὐδενὶ
3707 2734 3815 2786 τῶν
3848 2738 3988 2788 πᾶν·

2412 2839 2522 2874 των
2552 2823 2811 2875 ἑκάστοτε
2843 2826 2936 2874 καὶ
2973 2823 3110 2893 πρὸς
3142 2824 3357 2898 ἅπαντα
3412 2825 3712 2896 κεχρῆσθαι
3744 2829 3838 2895 καὶ
3862 2844 3988 2879 συν-

2414 2915 2551 2966 εἶναι
2577 2913 2887 2981 συμϐαίνει,
2921 2913 3056 2966 ἀλλὰ
3089 2915 3184 2967 νῦν
3218 2914 3315 2983 μὲν
3346 2913 3544 2985 τούτῳ,
3566 2915 3730 2994 νῦν;δ’
3764 2918 3983 2982 ἐκείνῳ,

2418 3005 2551 3076 πρὸς
2582 3006 2678 3076 τὴν
2731 3006 2818 3060 ἀεὶ
2853 3006 3135 3076 παροῦσαν
3178 3007 3376 3081 χρείοιν¹
3429 3008 3617 3084 ἄλλοτε
3661 3004 3818 3062 ἄλλου
3857 3010 3987 3078 βοη-

2415 3099 2651 3160 θοῦντος.
2692 3099 2762 3150 Τὸ
2798 3100 2903 3166 γᾶρ
2936 3097 3151 3167 ἱμάτιον
3192 3097 3487 3168 ἐνδυόμεθα
3539 3097 3656 3168 μὲν,
3687 3102 3863 3170 τροφὴ
3929 3100 3988 3152 δὲ

2409 3192 2508 3244 οὐκ
2541 3187 2606 3242 ἂν
2637 3188 2743 3257 εἴη,
2779 3188 2914 3241 ἀλλὰ
2939 3187 3222 3258 τραπέζης
3255 3188 3525 3258 δεηθεῖσιν
3564 3189 3693 3244 ἄλλο
3714 3209 3762 3243 τι
3795 3191 3986 3260 ζητεῖν

2410 3282 2648 3350 ἀνάγκη.
2682 3282 2791 3334 Καὶ
2819 3280 2879 3334 τὸ
2904 3279 3004 3351 μὲν
3039 3281 3152 3348 φῶς
3180 3281 3240 3333 οὐ
3293 3281 3507 3357 δίδωσιν
3561 3282 3924 3345 ἀναπνεῦσαι,
3958 3286 3987 3335 ὁ

2408 3374 2462 3426 δὲ
2497 3375 2603 3444 ἀὴρ
2630 3375 2728 3425 οὑκ
2765 3372 2831 3424 ἂν
2879 3373 3086 3439 γένοιτο
3132 3374 3265 3442 ἡμῖν
3303 3374 3424 3450 ἀντι
3472 3375 3571 3442 τῆς
3618 3374 3858 3437 ἀκτῖνος,
3892 3376 3989 3426 καὶ

2409 3467 2518 3523 τῶν
2577 3468 2882 3536 αἰσθήσεων
2928 3466 2984 3519 δέ
3040 3469 3155 3530 ταῖς
3192 3467 3494 3537 ἐνεργείαις
3529 3470 3620 3520 καὶ
3655 3469 3764 3520 τῶν
3802 3467 3986 3537 μελῶν

2409 3561 2508 3612 οὐκ
2537 3560 2621 3612 ἀεὶ
2654 3558 2934 3628 πάρεσμεν
2964 3557 3084 3610 οὐδὲ
3113 3556 3395 3627 χρώμεθα,
3444 3546 3580 3612 ἀλλὰ
3601 3559 3692 3612 καὶ
3724 3561 3751 3611 ὁ
3780 3559 3987 3626 ὀφθαλο

2414 3653 2512 3722 μὸς
2548 3651 2713 3704 ἐνίοτε
2741 3651 2834 3702 καὶ
2887 3649 3010 3719 χεὶρ
3061 3649 3230 3719 ἀργός
3275 3651 3443 3714 ἐστιν,
3480 3633 3711 3703 ἀκοῦσαι
3765 3649 3987 3718 δεῆσαν,

2410 3748 2504 3798 καὶ
2532 3744 2770 3814 ἅψασθαι
2802 3743 2900 3811 μὲν
2926 3741 3268 3810 βουλομένοις
3291 3743 3323 3809 ἡ
3350 3743 3470 3812 χεὶρ
3493 3727 3736 3810 ἀρκέσει,
3756 3743 3991 3811 {Eappa-:-

2411 3837 2568 3908 θῆναι
2599 3837 2655 3889 δὲ
2687 3835 2974 3906 ἧὰκοῦσαι
3018 3833 3050 3902 ἢ
3082 3833 3208 3886 ίδεῖν
3240 3833 3337 3885 οὐκ
3368 3833 3433 3885 ἂν
3481 3833 3580 3898 ἑτι,
3613 3833 3744 3886 ἀλλὰ
3777 3834 3991 3903 ταύτην

2411 3931 2640 3998 ἀφέντες
2667 3930 2748 3990 είς
2773 3926 2941 3996 ἄλλην
2983 3927 3200 3995 ὁρῶμεν
3266 3924 3524 3995 δύναμιν.
3566 3924 3626 3979 Ὀ
3684 3925 3740 3978 δέ
3791 3926 3991 3996 Σωτὴρ

2411 4024 2520 4084 τοῖς
2552 4023 2610 4073 ἐν
2638 4020 2783 4089 αὐτῷ
2815 4019 2978 4084 ζῶσιν
3005 4018 3178 4079 οὕτως
3232 4018 3318 4069 ἀεὶ
3347 4016 3488 4070 κατά
3539 4018 3717 4070 πάντα
3767 4017 3991 4070 σύνεστι

2411 4099 2806 4188 τρόπον,’ὦστε
2834 4115 3015 4166 πᾶσαν
3047 4111 3236 4182 χρείαν
3268 4113 3501 4181 παρέχει
3534 4112 3624 4164 καὶ
3655 4111 3835 4165 πάντα
3895 4111 3995 4163 αὖ-

2410 4209 2519 4267 τοῖς
2551 4208 2686 4270 ἐστι,
2721 4207 2812 4256 καὶ
2845 4206 2942 4256 οὐκ
2969 4205 3032 4274 ἐᾷ
3065 4203 3198 4271 πρὸς
3228 4201 3356 4255 ἄλλο
3387 4221 3438 4255 τι
3465 4201 3571 4254 τῶν
3600 4204 3819 4256 πάντων
3854 4204 3990 4255 ίδεῖν

2397 4298 2530 4351 »οὐδὲ
2566 4297 2748 4368 ζητεῖν
2775 4295 3038 4366 ἑτέρωθεν
3067 4293 3238 4347 οὐδέν.
3277 4295 3351 4346 Οὐ
3407 4297 3517 4364 γὰρ
3569 4294 3717 4346 ἔστιν
3741 4287 3804 4347 οὗ
3865 4298 3994 4363 δεη-

734 4402 846 4444 nat.
882 4389 999 4444 Non
1056 4393 1198 4444 enim
1231 4405 1391 4459 egent
1427 4392 1611 4459 aliquo
1643 4392 1838 4452 sancti.
1877 4395 2021 4461 quod
2054 4394 2167 4462 ipse
2198 4410 2300 4446 non
2338 4383 2382 4440 D
2414 4391 2421 4436 ι

2338 4383 2382 4440 D
2414 4390 2599 4449 θεῖσιν,
2635 4390 2769 4452 ὅπερ
2801 4389 2900 4439 οὐκ
2953 4387 3112 4446 αὑτός
3146 4389 3260 4438 ἐστι
3291 4388 3401 4448 τοῖς
3431 4387 3608 4452 ἁγίοις
3629 4403 3643 4416 ·
3689 4387 3786 4439 καὶ
3820 4389 3990 4454 γεννᾷ

731 4480 1088 4536 sit.ﬁenerat
1133 4482 1386 4535 nimirum
1441 4483 1608 4550 ipsos.
1643 4493 1697 4538 et
1751 4484 1968 4547 educat,
2027 4484 2222 4546 etalit,
2255 4492 2308 4536 et

731 4574 912 4627 lumen
957 4573 1086 4642 ipsis
1119 4584 1221 4639 est,
1279 4583 1332 4626 et
1355 4573 1597 4638 habitus.
1630 4583 1682 4627 ct
1717 4574 1866 4644 ﬁngit
1899 4575 2031 4644 ipsis
2088 4575 2302 4629 oculum

731 4667 1024 4734 senn-tipso
1048 4678 1100 4719 et
1132 4665 1401 4719 illuminat
1457 4668 1771 4732 semetipso,
1802 4678 1851 4720 et
1878 4684 1936 4720 se
1968 4667 2301 4722 cernendum

731 4758 954 4826 pra-bet.
989 4758 1200 4812 Etcum
1251 4759 1322 4810 sit
1344 4755 1505 4820 altor,
1547 4759 1706 4811 simul
1734 4769 1816 4812 est
1846 4761 1934 4827 qui
1965 4773 2154 4827 panem
2187 4758 2306 4810 vita:

732 4851 860 4912 dat;
896 4847 1029 4916 ipse.
1063 4849 1309 4918 inquam.
1343 4861 1421 4905 est
1457 4851 1549 4919 qui
1583 4853 1704 4905 dat:
1740 4862 1793 4905 et
1830 4853 1934 4904 vita
1970 4863 2053 4906 est
2079 4849 2308 4904 viventi-

732 4939 854 5004 bus,
887 4951 938 4994 et
963 4950 1296 5011 unguentum
1326 4943 1679 5011 spirantibus,
1704 4954 1751 4996 et
1782 4945 2158 4999 vestimentum
2185 4958 2311 5012 ope-

732 5032 824 5083 riri
862 5032 1225 5098 cupientibus.
1263 5031 1465 5100 Nempe
1495 5034 1540 5086 is
1565 5045 1666 5097 est,
1703 5050 1797 5102 per
1827 5051 1988 5105 quem
2025 5034 2306 5091 ambulare

732 5139 1043 5190 possumus.
1097 5137 1147 5176 et
1183 5124 1295 5191 ipsa
1363 5127 1466 5187 via.
1498 5135 1550 5178 et
1608 5126 1829 5192 insuper
1882 5125 2148 5179 terminus
2186 5124 2308 5189 viai,

731 5209 976 5282 adeoque
1008 5213 1390 5268 diversorium.
1427 5216 1661 5270 Membra
1695 5231 1796 5270 nos
1825 5233 2035 5277 sumus.
2070 5217 2182 5285 ipse
2213 5232 2305 5269 ca-

729 5317 852 5376 put.
873 5305 1202 5361 Certandum
1231 5309 1352 5362 est?
1371 5308 1484 5364 Una
1509 5319 1699 5364 certat.
1727 5311 1992 5363 Pru-clare
2014 5309 2312 5364 certamus?

727 5397 938 5454 Prmses
1015 5409 1069 5454 ct
1147 5400 1351 5454 arbiter
1420 5402 1734 5455 certaminis
1817 5412 1918 5456 est.
1997 5401 2305 5456 Vincimus?

728 5491 852 5544 Mox
902 5505 1104 5545 corona
1162 5503 1268 5546 est.
1330 5493 1420 5547 Sic
1474 5495 1837 5563 undecunque
1896 5506 2130 5549 tuentem
2210 5512 2304 5546 nu-

728 5591 897 5638 slt‘atn
949 5582 1015 5637 ad
1059 5585 1296 5654 seipsum
1327 5587 1584 5649 advertit,
1632 5604 1729 5643 nec
1781 5589 1848 5642 ad
1901 5589 2045 5643 aliud
2103 5590 2309 5658 patitur

803 5765 843 5795 ³³
879 5764 1034 5818 “0m.
1082 5768 1223 5825 1L5

2416 4481 2522 4547 γὰρ
2553 4478 2648 4531 καὶ
2694 4476 2845 4540 αὔξει
2891 4477 2982 4530 καὶ
3014 4478 3203 4546 τρέφει
3239 4477 3333 4529 καὶ
3382 4477 3495 4544 φῶς
3527 4477 3762 4529 ἐστικαὶ
3822 4479 3992 4544 πνοὴ,

2415 4573 2510 4624 καὶ
2579 4571 2803 4623 πλάττει
2871 4568 2970 4637 μὲν
3021 4570 3203 4629 αὐτοῖς
3278 4567 3556 4637 ὀφθαλμὸν
3605 4567 3804 4636 ἐαυτῷ,
3880 4584 3997 4634 φω-

2412 4666 2549 4727 τίζει
2585 4663 2641 4715 δὲ
2674 4666 2854 4731 ἐαυτῳ
2884 4660 3044 4714 πάλιν
3066 4701 3080 4726 ,
3108 4660 3338 4728 παρέχει
3368 4659 3420 4711 δὲ
3455 4660 3587 4729 ὀρᾷν
3616 4661 3830 4711 ἑαυτόν.
3879 4661 3993 4711 Καὶ

2412 4755 2644 4826 τροφεὺς
2676 4753 2752 4806 ὣν
2787 4754 2880 4806 καὶ
2905 4752 3075 4822 τροφή
3111 4752 3248 4815 ἐστι,
3279 4750 3371 4802 καὶ
3403 4751 3563 4811 αὐτὸς
3608 4750 3706 4819 μέν
3761 4753 3911 4802 ἐστιν
3965 4751 3997 4800 ὀ

2415 4845 2673 4916 παρέχων
2708 4845 2796 4897 τὸν
2840 4843 3003 4913 ἄρτον
3059 4841 3159 4910 τῆς
3223 4841 3390 4909 ζωῆς,
3439 4841 3598 4902 αὐτὸς
3644 4840 3699 4892 δέ
3755 4844 3906 4894 ἐστιν
3966 4843 3997 4893 ὃ
4079 4867 4084 4870 ·

2413 4940 2680 5010 παρέχειο
2713 4939 2806 4991 καὶ
2858 4935 2972 5002 ζωὴ
3035 4935 3134 5005 μέν
3167 4937 3284 4988 ἐστι
3330 4931 3517 4999 ζῶσιν.
3553 4935 3888 4990 ἀναπνέουσι
3931 4937 3996 4988 δὲ

2416 5034 2609 5103 μύρον,
2642 5030 2852 5100 ἱμάτιον
2876 5029 2930 5082 δὲ
2958 5027 3275 5082 ἐνδύσασθαι
3320 5026 3686 5097 βουλομένοις.
3733 5029 3840 5079 Καὶ
3875 5029 3992 5097 μὴν

2411 5127 2573 5188 αὐτὸς
2607 5127 2707 5196 μέν
2738 5126 2872 5190 ἐστι,
2902 5117 2944 5192 ᾧ
2972 5120 3242 5192 δυνάμεθα
3275 5121 3529 5190 βαδίζειν,
3555 5120 3714 5184 αὐτὸς
3744 5121 3799 5172 δέ
3840 5124 3996 5174 ἐστιν

2413 5223 2442 5287 ἡ
2478 5218 2616 5279 ὁδὸς,
2650 5217 2742 5270 καὶ
2777 5219 2913 5282 πρὸς
2942 5233 3001 5281 γε
3030 5216 3107 5265 ἔτι
3138 5215 3194 5264 τ),
3252 5214 3540 5282 κατάλυμα
3599 5211 3700 5278 τῆς
3732 5211 3855 5264 ὁδοῦ
3893 5215 3996 5264 καὶ

2412 5313 2472 5363 τὸ
2504 5311 2696 5380 πέρας.
2727 5307 3086 5376 Μεληὲσμέν,
3109 5308 3313 5368 ἐκεῖνος
3348 5305 3556 5374 κεφαλὴ
3579 5320 3592 5334 ο
3619 5304 3997 5372 ἀγωνίζεσθαι

2412 5405 2526 5460 δέον
2566 5399 3007 5468 συναγωνίζεται,
3037 5398 3414 5466 εὐδοκιμοῦσιν
3446 5397 3794 5466 ἀγωνοθέτης
3845 5399 3989 5450 ἐστί’

2414 5498 2676 5563 νικῶμεν,
2719 5495 2978 5561 στέφανος
3014 5495 3222 5553 ἐκεῖνος
3286 5492 3466 5553 εὐθὺς.
3509 5490 3665 5543 Οὕτω
3711 5492 3992 5558 πανταχό-

2414 5589 2503 5641 Οεν
2541 5574 2671 5658 πρὸς
2701 5585 2891 5638 ἑαυτὸν
2946 5584 3284 5654 ἐπιστρέφει,
3321 5584 3413 5636 καὶ
3471 5584 3571 5635 οὐκ
3604 5583 3667 5653 ἐᾷ
3719 5584 3992 5653 προσχεῖν
