4272 6446
1417 415 1516 475 DE
1561 419 1736 479 VITA
1776 420 1857 479 IN
1891 422 2225 486 CHRISTO
2265 428 2414 489 LIB.
2454 428 2498 491 ῐ.

3485 448 3590 512 502

341 507 435 559 τδν
482 508 607 563 νοῦν
628 511 805 567 οὐδενὶ
834 515 943 571 τῶν
969 518 1147 575 ἄλλων
1186 524 1307 579 οὑδλ
1369 528 1553 584 λαϐεἰν
1576 533 1753 601 ἔρωτα
1802 534 1911 586 τῶν
1939 533 1984 589 Α
2010 548 2028 588 ε

1896 533 1984 589 θΑ
2010 534 2213 591 edundi
2249 552 2349 593 nec
2392 539 2553 597 ullius
2601 544 2677 599 rei
2727 560 2913 604 amore
2965 550 3250 621 implicui.
3283 557 3394 612 Etsi
3436 566 3583 615 enim

338 598 511 655 ὀντων
536 604 769 669 οὐδενός.
801 609 921 665 Κᾶν
939 612 1051 684 γὰρ
1072 607 1174 668 ὧδε
1216 620 1531 691 κινήσωμεν
1576 598 1674 693 τήν
1722 628 1911 681 ἐπιθυ-

342 690 495 759 μίαν,
530 694 690 761 αὐτὸς
721 696 905 770 ἵστησι
943 705 1040 759 καὶ
1073 707 1367 778 ἀναπαύει,
1392 714 1495 767 κᾶν
1522 690 1726 781 lactist,
1747 721 1909 775 πάλιν

335 776 521 844 αὐτὸς,
577 782 681 835 κάν
708 784 969 857 ιτιρωσε,
1023 794 1118 849 καὶ
1150 776 1361 870 ταύτην
1398 804 1620 875 κατέχει
1656 776 1760 880 τῆν
1792 809 1909 863 ὁδὸν

335 869 433 923 καὶ
484 875 785 944 παριόντας
824 882 1105 952 χειροῦται
1127 928 1141 943 .
1187 908 1207 943 ι
1268 869 1393 947 Ἐὰν
1444 869 1631 953 ἀναϐῶ
1689 869 1770 966 εἰς
1817 904 1908 959 τὸν

335 961 596 1033 οὐρανὸν,
624 969 689 1022 σὺ
732 970 849 1025 ἐκεῖ
889 969 959 1040 εῐ,
1008 980 1193 1049 φησίν·
1240 984 1338 1037 ἐὰν
1388 991 1613 1046 καταϐῶ
1673 961 1764 1059 εἰς⁷
1816 998 1907 1051 τὸν

334 1053 494 1126 ᾅδην.
541 1059 737 1131 πάρει’
775 1064 873 1118 ἐὰν
910 1068 1166 1127 ἀναλάϐω
1194 1074 1300 1139 τὰς
1322 1080 1599 1151 πτέρυγάς
1640 1053 1750 1154 μου.
1784 1090 1905 1141 κατ’

329 1146 530 1219 ϐρθρον
555 1154 650 1207 καὶ
684 1161 1096 1231 κατασκηνώσω
1122 1167 1201 1230 εἰς
1236 1170 1304 1223 τά
1348 1146 1550 1242 ἔσχατα
1587 1146 1687 1249 τῆς
1709 1179 1907 1237 θαλάσ-

332 1255 455 1309 σης.
512 1245 608 1298 καὶ
665 1250 778 1320 γὰρ
834 1252 951 1305 btet
1009 1255 1202 1329 ήχείρ
1250 1277 1345 1315 σου
1403 1245 1659 1337 ὁδηγήσει
1693 1289 1759 1341 με
1810 1276 1904 1330 καὶ

329 1332 561 1436 καθέξει
682 1340 715 1409 ή
743 1340 901 1407 δεξιά
921 1363 1034 1399 σου·
1074 1366 1094 1401 ι
1130 1352 1344 1423 ἀνάγκῃ
1372 1332 1788 1436 τινὶνθαυμαστῇ
1808 1369 1903 1422 καὶ

328 1420 704 1497 φιλανθρώπῳ
764 1436 1038 1501 τυραννίδι
1089 1420 1466 1509 πρδςνὲαυτδν
1526 1420 1684 1518 μόνον

326 1514 423 1563 καὶ
464 1516 647 1587 ἑαυτῷ
697 1523 846 1593 μόνῳ
910 1527 1219 1611 συνάπτων.
1262 1535 1372 1589 Καὶ
1410 1514 1612 1611 ταύτην
1650 1538 1790 1597 εἶναι
1824 1542 1902 1599 οτ-

327 1617 429 1668 μαι
459 1605 558 1675 τὴν
588 1609 859 1683 ἀνάγκην,
956 1619 1215 1676 συνέλασε
1255 1626 1390 1690 πρὸς
1440 1628 1539 1701 τήν
1568 1605 1764 1688 ὀἰκίαν
1807 1640 1899 1693 καὶ

323 1691 425 1759 τὴν
462 1695 702 1767 εὐωχίαν
732 1702 823 1766 οὒς
860 1706 1066 1773 ικάλιι,
1112 1712 1189 1780 τῷ
1223 1713 1394 1787 δούλῳ
1423 1691 1615 1787 λέγων,
1650 1741 1670 1775 ‹
1711 1691 1898 1796 Ἀνάχ-

322 1799 493 1837 κασον
538 1789 822 1859 εἰσελθεῖν,
853 1797 1002 1862 ὅπως
1030 1805 1264 1876 γεμισθῇ
1292 1810 1320 1860 6
1339 1807 1487 1874 οἰκός
1528 1830 1649 1883 μου.
1692 1836 1711 1870 ι

394 1873 544 1935 Εἶεν.
602 1882 731 1936 Ὅτι
763 1885 861 1953 μιν
903 1885 1047 1960 οὗνή
1100 1897 1161 1949 ἑν
1299 1873 1775 1980 ΧριστῷΙζωῆηὺκ
1802 1915 1895 1969 ἐπὶ

320 1966 420 2019 τοῦ
458 1971 751 2039 μέλλοντος
797 1980 981 2048 μόνον,
1016 1984 1132 2039 ἀλλ’
1152 1966 1258 2058 ήδηή
1282 1966 1374 2045 καλ
1416 1966 1517 2050 hri
1550 1966 1654 2054 an;
1696 1966 1896 2075 παρόῷ

317 2073 412 2121 τος
442 2063 676 2130 πάρεστι
718 2071 833 2132 τοῖς
877 2072 1056 2141 ἁγίοις
1100 2078 1196 2132 καὶ
1223 2081 1355 2145 ζῶσι
1399 2090 1519 2141 κατ’
1554 2063 1894 2165 ἰκείνηίκαὶ

316 2149 630 2220 ἐνεργοῦσι,
680 2162 917 2231 φανερὸν
960 2166 1024 2218 ὲκ
1073 2169 1183 2222 τῶν
1243 2173 1567 2244 εἰρημένων.
1632 2149 1797 2240 Ὅθεν

314 2237 470 2292 [στιν
531 2243 676 2301 οὕτω
704 2248 867 2317 ζῆσαι
919 2257 1035 2320 καὶ,
1073 2259 1100 2312 ὅ
1141 2237 1557 2337 φησι-Παῦλος,
1604 2237 1893 2333 ἑν-ιιαινϐζ

312 2345 443 2398 τητι
505 2335 653 2405 ζωῆς
700 2346 1098 2417 περιπατῆσαι,
1154 2352 1297 2422 λέγω
1355 2358 1419 2430 δή
1464 2361 1515 2414 τί
1546 2335 1552 2337 ἰ
1581 2367 1821 2425 ποιοῦσιν
1862 2373 1891 2426 6

312 2424 554 2492 Χριστὸς
584 2430 730 2485 οὕτω
766 2437 1096 2495 συνάπτεται
1141 2446 1237 2499 καὶ
1272 2424 1631 2521 προσφύεται,
1665 2460 1757 2512 καὶ
1791 2424 1891 2517 οὐκ

310 2511 410 2569 οἷδ’
437 2520 465 2572 ὅ
495 2538 549 2573 τι
590 2524 684 2577 καὶ
709 2527 816 2597 χρὴ
846 2532 1057 2599 καλεῖν,
1093 2535 1221 2605 ἑξῆς
1254 2511 1329 2591 ἂν⁷
1354 2511 1439 2612 ehi
1480 2511 1688 2614 ῥητέον.

389 2610 545 2665 Ἔστι
596 2615 775 2671 τοίνυν
827 2621 885 2672 τὸ
943 2624 1047 2692 μὲν
1098 2627 1300 2696 θεόθεν,
1332 2632 1393 2684 τὸ
1526 2610 1622 2706 τῆς
1680 2641 1886 2711 ήμετέ-

311 2718 416 2771 ρας
460 2707 718 2779 σπουδῆς,
765 2714 862 2765 καὶ
903 2716 963 2768 τὸ
1003 2718 1103 2784 μὲν
1133 2722 1348 2777 ἐκείνου
1401 2728 1657 2799 καθαρῶς
1700 2707 1883 2804 ἔργον,

309 2794 375 2845 τὸ
408 2795 465 2847 δὲ
508 2798 603 2850 καὶ
636 2801 769 2868 ήμτν
800 2803 914 2872 ἔχει
957 2807 1271 2879 φιλοτιμίαν
1292 2830 1305 2844 ·
1351 2794 1561 2884 μᾶλλον.
1605 2820 1663 2874 δὶ
1698 2794 1885 2879 τοιιοῦζ

305 2898 406 2934 τον
452 2885 586 2955 παρ’
614 2889 775 2958 ήμῶν
826 2894 1138 2964 εἰσφέρεται
1186 2901 1370 2968 μόνον,
1412 2905 1536 2960 ὅσον
1594 2911 1882 2981 ὑπομείναι

305 2974 412 3040 τὴν
451 2976 613 3046 χάριν
639 2981 737 3033 καὶ
804 2984 877 3054 μὴ
946 2989 1240 3056 προδοῦναι
1281 2994 1373 3047 τὸν
1407 2974 1716 3071 θησαυρὸνί
1748 3007 1884 3075 μηδὲ

307 3066 508 3120 σϐέσαι
538 3069 635 3139 τὴν
660 3071 918 3140 λαμπάδα
950 3078 1202 3151 ήμμίνην
1244 3084 1365 3157 ῆδη.
1388 3066 1545 3156 Λέγω
1583 3066 1660 3164 ⁷δὴ
1685 3066 1694 3069 ﬁ
1717 3066 1884 3165 μηδὲν

302 3161 779 3231 ἑπεισαγαγόντας
808 3170 1049 3225 ἀναντίον
1087 3177 1150 3245 τῇ
1183 3177 1293 3250 ζωῇ
1324 3180 1419 3233 καὶ
1445 3181 1481 3237 ά
1521 3184 1613 3238 τὸν
1649 3161 1885 3242 θάνατον

297 3253 521 3307 τίκτειο
551 3257 686 3326 πρὸς
710 3258 869 3314 τοῦτο
912 3265 1021 3335 γάρ
1052 3269 1161 3322 πᾶν
1194 3271 1528 3340 ἀνθρώπειον
1550 3276 1752 3344 ἀγαθὸν
1785 3281 1879 3336 καὶ

298 3347 457 3398 πᾶσα
486 3347 655 3418 ἁρετὴ
711 3353 888 3422 φέρει,
940 3356 1020 3428 μὴ
1068 3361 1190 3413 καθ’
1234 3363 1430 3417 ἑαυτοῦ
1470 3384 1588 3421 τινα
1622 3372 1682 3422 τὸ
1728 3370 1877 3440 ξίφος

296 3434 538 3505 ὡθῆσαι,
574 3440 707 3510 μηδὲ
731 3447 929 3512 φυγεῖν
955 3448 1058 3519 τὴν
1073 3451 1421 3523 εὐδαιμονίαν
1454 3459 1549 3511 καὶ
1586 3464 1685 3530 τῆς
1708 3434 1879 3531 κεφαξι

295 3525 399 3590 λῆς
425 3527 820 3586 ἀποσείσασθαι
846 3535 971 3599 τοὺς
1012 3542 1329 3611 στεφάνους,
1359 3546 1434 3609 ὡς
1465 3550 1563 3618 τήν
1588 3525 1649 3617 γε
1690 3525 1876 3607 οὐσίαν

294 3616 475 3687 αὐτὴν
531 3618 628 3689 τῆς
661 3622 807 3692 ζωῆς
873 3627 1035 3691 αὐτὸς
1066 3632 1256 3702 παρὼν
1289 3636 1316 3686 6
1347 3616 1608 3705 Χριστὸς
1631 3641 1874 3713 άρρητόν

293 3726 423 3762 τινα
451 3711 661 3781 τρόπον
686 3717 909 3782 φυτεύει
946 3723 1066 3785 ταῖς
1110 3724 1411 3796 ἡμετέραις
1438 3711 1875 3806 ψυχαῖςξΠάρε-

295 3818 384 3855 στι
414 3803 527 3875 γὰρ
550 3805 769 3877 άληθῶς
795 3811 889 3864 καὶ
918 3812 1105 3884 βοηθεῖ
1151 3820 1270 3881 ταῖς
1308 3820 1507 3891 ἀρχαῖς
1552 3826 1651 3892 τῆς
1700 3803 1868 3898 ζωῆς,

293 3888 386 3956 αἷς
433 3896 597 3959 αὐτὸς
641 3899 993 3973 ἐπιδημήσας
1046 3909 1285 3980 παρέσχε
1314 3888 1617 3983 (πάρεστι
1665 3888 1723 3971 δέ
1775 3888 1873 3989 οθχ

296 3986 489 4058 ὥσπερ
516 3990 579 4042 τὸ
618 3992 837 4061 πρῶτον
870 3996 1081 4069 διαίτης
1110 4002 1205 4053 καὶ
1236 4004 1508 4072 συλλόγων
1542 4010 1636 4061 καὶ
1669 3986 1876 4082 διατριζ

295 4078 411 4130 ϐῶν
439 4081 577 4149 ήμίν
607 4082 702 4133 καὶ
733 4086 1028 4154 κοινωνῶν,
1067 4090 1184 4143 ἀλλ’
1219 4092 1405 4163 ῑτερον
1435 4098 1629 4169 ἀκείνῳ
1658 4104 1752 4154 καὶ
1786 4078 1873 4156 τε·

290 4170 566 4241 λεώτερον
592 4174 817 4245 τράπον,
848 4178 971 4231 καθ’
993 4180 1053 4233 ὃν
1079 4180 1358 4254 σύσσωμοι
1407 4189 1554 4260 αὐτῷ
1612 4193 1873 4263 γινόμεθα

291 4264 389 4318 καὶ
422 4265 625 4328 σύζωοι
655 4268 749 4321 καὶ
784 4270 945 4339 μέλη,
983 4273 1079 4325 καὶ
1108 4274 1163 4327 εἰ
1204 4294 1256 4329 τι
1303 4279 1439 4348 πρὸς
1484 4284 1646 4337 τοῦτο
1691 4287 1869 4358 φέρει.

289 4356 567 4426 Καθάπερ
615 4360 728 4428 γὰρ
776 4362 808 4430 ή
860 4362 1238 4433 φιλανθρωπία
1294 4370 1519 4437 άςατος,
1580 4375 1700 4428 ὅθεν
1734 4356 1871 4447 προ-

288 4448 435 4517 ήχθη
468 4450 594 4511 τοὺς
629 4452 942 4521 αἰσχίστους
970 4454 1115 4510 οὕτω
1153 4459 1385 4528 φιλήσας
1413 4462 1558 4517 οὓτω
1591 4468 1867 4535 μεγίστων

286 4538 526 4602 ἀξιῶσαι
556 4542 821 4609 χαρίτων,
856 4545 1002 4616 καὶή
1044 4550 1327 4617 συνάφεια,
1365 4553 1489 4605 καθ’
1521 4558 1590 4626 ήν

283 4633 396 4691 τοῖς
428 4634 798 4699 φιλουμένοις,
825 4638 1006 4691 πᾶσαν
1033 4641 1215 4695 εἰκόνα
1242 4645 1336 4697 καὶ
1361 4646 1542 4699 πᾶσαν
1588 4650 1865 4722 ἐπωνυμί-

282 4740 353 4775 αν
392 4725 540 4794 νικᾷ,
570 4724 715 4781 οὕτω
747 4728 844 4780 καὶ
881 4730 909 4780 6
952 4730 1174 4798 τρόπος,
1231 4735 1354 4787 καθ’
1382 4736 1441 4789 ὃν
1504 4739 1719 4794 σύνεστι

278 4908 607 4977 προσήκων.
634 4909 738 4962 Τὸν
771 4912 880 4979 γὰρ
910 4912 1161 4978 θάνατον,
1218 4916 1280 4969 6v
1305 4919 1520 4990 άληθῶς
1577 4922 1717 4995 ὑπὲρ
1761 4931 1861 4998 τῆς

277 5000 564 5069 ἡμετέρας
593 5000 739 5072 ζωῆς
765 5003 1031 5071 άπέθανε,
1066 5008 1357 5077 συμϐόλοις
1424 5014 1536 5067 τισὶ
1602 5019 1855 5090 καθάπερ

276 5093 341 5143 ἀν
380 5094 571 5162 γραφῇ
609 5096 984 5164 μιμουμένους
1014 5100 1336 5170 πράγμασιν
1363 5106 1546 5171 αὐτοῖς
1577 5109 1862 5164 άνακαινί-

278 5182 366 5248 ζει
396 5184 493 5236 καὶ
528 5183 862 5239 ἀναπλάττει
886 5188 976 5241 ταὶ
1009 5191 1107 5251 τῆς
1136 5192 1332 5245 ἑαυτοῦ
1384 5200 1671 5264 κοινωνοὺς
1693 5206 1863 5256 ποιεῖ-

274 5293 373 5330 ται
392 5256 579 5346 ζωῆς.

362 5464 495 5519 ἐπὶ
520 5466 633 5536 γάρ
649 5465 760 5520 τῶν
783 5467 1102 5539 μυστηρίων
1141 5470 1253 5524 τῶν
1275 5472 1437 5543 ιερῶν
1459 5475 1551 5528 τδν
1574 5476 1743 5544 τάφον
1764 5480 1859 5530 αὐ-

272 5557 373 5613 τοῦ
406 5558 721 5628 γράφοντες
745 5560 841 5615 καὶ
867 5561 960 5613 τὸν
990 5561 1222 5617 θάνατον
1262 5566 1429 5618 αὑτοῦ
1458 5570 1859 5641 καταγγέλλονο

270 5668 391 5717 τες,
424 5651 495 5705 δι’
515 5652 700 5705 αὐτῶν
729 5654 1053 5724 γεννώμεθα
1075 5658 1170 5711 καὶ
1199 5660 1542 5728 πλαττόμεθα
1572 5662 1664 5713 καὶ
1696 5663 1862 5732 ὑπερ-

273 5746 438 5814 φυῶς
479 5746 875 5816 ωναπτόμεθα
897 5747 975 5819 τῷ
1007 5749 1221 5821 Σωτῆρι
1243 5765 1257 5779 °
1286 5753 1458 5805 ταῦτα
1489 5754 1597 5822 γάρ
1624 5756 1761 5820 ἐστι,
1788 5756 1858 5808 δι’

2016 624 2104 680 hic
2156 629 2479 700 cupiditates
2526 634 2994 706 debellaverimus,
3054 644 3170 714 ipse
3227 663 3323 705 eas
3371 663 3586 709 coercet

2011 729 2075 770 ac
2097 718 2267 776 sedat.
2297 721 2367 776 Et
2385 737 2480 778 seu
2513 723 2638 780 illuc
2659 743 2771 795 cas,
2799 746 2899 787 seu
2916 733 3045 800 alio,
3068 738 3230 797 etiam
3254 740 3413 796 aliam
3434 744 3577 797 viam

2010 820 2259 880 occupat,
2322 822 2772 891 transeuntesque
2798 840 2960 883 manu
2989 831 3396 898 comprehendit
3425 849 3439 888 :
3472 854 3490 888 ι
3523 834 3581 890 Si

2009 902 2309 956 ascendero
2336 902 2390 958 in
2420 908 2640 974 caelum,
2674 910 2872 981 inquit,
2902 924 2957 968 tu
2986 915 3097 975 illic
3132 932 3226 984 es;
3258 919 3305 974 si
3348 922 3579 981 descen-

2008 989 2137 1047 dero
2175 991 2228 1047 in
2260 993 2551 1063 infernum,
2600 1000 2752 1060 ades.
2784 1000 2839 1057 Si
2875 1018 3158 1074 sumpsero
3191 1024 3399 1079 pennas
3428 1030 3578 1070 meas

2006 1080 2247 1151 diliculo,
2279 1096 2333 1141 et
2364 1086 2685 1147 habitavero
2750 1093 2803 1148 in
2838 1099 3103 1154 extremis
3130 1104 3329 1169 maris;
3371 1107 3574 1160 etenim

2005 1174 2133 1231 illuc
2171 1192 2370 1251 manus
2400 1188 2488 1233 tua
2521 1181 2753 1242 deducet
2781 1200 2889 1249 tne,
2922 1199 2978 1241 et
3013 1190 3213 1245 tenebit
3243 1208 3329 1249 me
3355 1193 3575 1253 dextera

2004 1273 2096 1320 tua
2129 1268 2194 1328 ".
2236 1287 2255 1321 ι
2285 1280 2471 1325 coactu
2496 1274 2735 1341 quodam
2776 1277 3095 1334 admirando
3123 1289 3175 1336 et
3200 1287 3352 1337 suavi
3387 1298 3571 1354 tyran-

2005 1356 2132 1412 nide
2164 1360 2229 1413 ad
2268 1375 2328 1416 se
2358 1362 2534 1418 solum
2568 1379 2668 1421 nos
2696 1367 2939 1436 trahens,
2978 1372 3194 1442 sibique
3227 1378 3490 1446 copulans
3518 1389 3572 1433 et

2003 1453 2326 1522 astringens.
2364 1456 2539 1525 Atque
2558 1451 2703 1515 Italic.
2721 1461 2865 1517 illam
2894 1480 3013 1520 esse
3049 1467 3154 1521 vim
3182 1476 3235 1523 et
3274 1472 3573 1525 necessita-

2002 1550 2107 1597 tem
2140 1547 2353 1613 opinor,
2413 1564 2514 1617 qua
2547 1554 2598 1603 in
2656 1552 2880 1609 domum
2944 1571 3097 1613 suam
3129 1560 3201 1615 ad
3260 1563 3570 1617 convivium

2001 1637 2455 1706 compulit,fquos
2497 1646 2830 1710 convocavit,
2900 1662 3022 1702 cum
3085 1664 3241 1705 servo
3291 1653 3500 1708 diceret

2006 1742 2024 1777 ι
2053 1727 2328 1797 Compelle
2352 1732 2579 1795 intrare,
2612 1744 2668 1789 ut
2700 1736 2987 1807 impleatur
3008 1740 3206 1798 domus
3235 1760 3353 1799 mea
3379 1746 3476 1801 ³⁸.»

2066 1903 2241 1961 Vitam
2296 1908 2461 1979 igitur
2516 1912 2569 1965 in
2617 1913 2834 1970 Christo
2861 1933 2967 1973 non
2998 1934 3050 1975 tn
3078 1932 3307 1980 venturo
3358 1937 3563 1983 tantum

1994 2002 2195 2059 sarculo
2248 2004 2580 2071 adfuturam,
2633 2010 2724 2065 sed
2780 2011 2835 2065 in
2896 2019 3144 2084 praesenti
3180 2021 3344 2076 etiam
3372 2025 3563 2081 adesse

1994 2095 2221 2161 sanctis,
2251 2104 2301 2150 et
2332 2100 2629 2154 secundum
2687 2102 2837 2159 illam
2878 2120 2973 2162 eos
3000 2109 3184 2170 vivere
3242 2123 3407 2182 atque
3437 2134 3565 2187 ope-

1993 2183 2125 2249 rari,
2171 2200 2236 2239 ex
2272 2186 2357 2242 his
2393 2206 2512 2258 qua:
2554 2192 2697 2247 dicta
2735 2207 2862 2250 sunt
2919 2202 3268 2269 perspicuum
3291 2205 3368 2260 ﬁt.
3410 2183 3565 2264 unde

1994 2286 2175 2332 autem
2224 2278 2299 2334 ita
2338 2283 2521 2339 vivere
2554 2285 2734 2353 liceat,
2770 2298 2825 2344 et
2862 2292 3008 2362 quod
3061 2294 3261 2353 Paulus
3301 2300 3377 2355 ait
3405 2303 3473 2368 “,
3504 2303 3558 2357 in

1993 2368 2233 2424 novitate
2285 2371 2407 2427 vitae
2437 2375 2740 2446 ambulare,
2772 2382 2926 2451 quid,
2958 2384 3199 2454 inquam,
3229 2389 3559 2451 (acientibus

1991 2455 2243 2515 Christus
2292 2462 2368 2519 ita
2407 2467 2771 2538 conjungatur
2827 2482 2881 2528 et
2926 2476 3282 2547 adhmrescat,
3322 2492 3419 2538 aut
3450 2500 3558 2555 quo

1989 2552 2206 2607 nomine
2241 2570 2328 2611 res
2361 2560 2679 2628 appellanda
2709 2572 2814 2629 est,
2848 2565 3102 2635 deinceps
3128 2552 3484 2632 disseremus.

2058 2642 2449 2704 Faciendorum
2504 2652 2685 2723 itaque
2721 2656 2867 2711 aliud
2911 2674 2941 2713 a
2972 2658 3097 2724 Deo,
3130 2663 3277 2718 aliud
3306 2681 3337 2721 a
3374 2670 3559 2726 studio

1987 2742 2041 2789 et
2064 2736 2343 2807 diligentia
2375 2753 2557 2797 nostra
2587 2756 2771 2815 aptum
2798 2728 2879 2803 est
2907 2766 2919 2803 :
2946 2762 2998 2805 et
3029 2753 3157 2809 illud
3177 2757 3395 2826 quidem
3413 2776 3553 2832 opus

1987 2826 2108 2895 ejus
2134 2830 2302 2887 solius
2328 2844 2433 2898 est,
2473 2835 2572 2891 hoc
2605 2848 2847 2894 nostram
2898 2858 3116 2913 quoque
3146 2853 3552 2909 contentionem

1987 2919 2280 2990 desiderat,
2336 2926 2416 2978 vel
2463 2929 2666 2996 potius,
2723 2934 2943 2989 a-nohis
2995 2946 3205 2995 tantum
3261 2956 3554 3012 praestatur

1986 3007 2270 3077 duntaxat,
2306 3029 2566 3082 quantum
2597 3023 2783 3092 gratiae
2811 3024 3079 3096 innititur,
3112 3045 3211 3088 nec
3234 3007 3548 3093 thesaurum

1984 3102 2181 3169 prodit,
2240 3120 2341 3161 nec
2393 3108 2670 3169 lucernam
2726 3117 2838 3186 jam
2899 3134 3187 3178 accensam
3216 3128 3551 3199 exstinguit;

1907 3209 1953 3274 ρ
1985 3205 2109 3245 ειιιιι
2146 3194 2357 3252 scilicet
2406 3200 2541 3255 nihil
2570 3207 3068 3276 superinducimus,
3102 3217 3246 3283 quod
3287 3194 3420 3273 vita;
3448 3194 3550 3275 ad;

1982 3293 2247 3351 versetur,
2285 3301 2625 3363 mortemque
2667 3300 2971 3371 progignunt.
3014 3303 3133 3362 Huc
3162 3309 3308 3365 enim
3342 3312 3546 3369 bonum

1980 3388 2139 3431 omne
2183 3391 2236 3432 et
2266 3384 2442 3439 omnis
2497 3387 2670 3445 virtus
2717 3392 2953 3451 humana
2996 3397 3272 3463 collineat,
3324 3418 3392 3459 ne
3418 3408 3546 3475 quis

1978 3466 2217 3535 gladium
2254 3472 2306 3527 in
2337 3479 2693 3549 semetipsum
2739 3486 2961 3556 adigat,
2996 3506 3097 3547 nec
3122 3494 3294 3564 fugiat
3319 3466 3545 3553 felicita-

1978 3563 2107 3623 tem,
2154 3574 2205 3619 et
2254 3579 2512 3623 coronam
2547 3586 2579 3626 e
2610 3576 2787 3644 capite
2836 3582 3107 3649 excutiat;
3170 3563 3427 3655 quoniam
3459 3607 3548 3648 es-

1976 3657 2206 3710 sentiam
2227 3658 2400 3726 ipsam
2437 3663 2555 3717 vitze
2580 3664 2831 3724 Christus
2856 3671 3082 3740 ipsemet
3104 3692 3363 3746 praesens,
3383 3688 3546 3743 modo

1974 3751 2233 3815 quodam,
2283 3752 2369 3805 cui
2410 3753 2753 3822 explananda
2800 3764 2963 3818 verba
3001 3780 3113 3823 non
3168 3773 3547 3842 reperiuntur,

1974 3842 2169 3897 atiiiuis
2193 3846 2392 3901 nostris
2419 3848 2572 3903 serit.
2613 3849 2752 3908 Vere
2780 3856 2924 3911 enim
2979 3858 3155 3927 adest,
3180 3870 3234 3918 et
3259 3867 3545 3935 principiis

1972 3931 2186 3988 vivendi
2220 3951 2377 4006 opem
2416 3938 2544 4005 fert,
2588 3959 2711 4012 qua:
2746 3945 2974 4015 ipsemet
3000 3952 3239 4009 adventu
3259 3931 3374 4013 suo
3400 3931 3542 4017 attu-

1973 4022 2052 4077 lit.
2086 4024 2250 4082 Adest
2283 4041 2486 4095 autem,
2525 4050 2630 4089 non
2666 4047 2724 4091 ut
2753 4039 2988 4107 primum
3021 4044 3189 4112 victu,
3217 4064 3539 4121 congressu,

1972 4119 2363 4173 consuetudine
2400 4122 2683 4183 nobiscum
2712 4133 3124 4191 communicans
3145 4139 3257 4192 :sed
3277 4119 3382 4195 alia
3408 4159 3544 4213 qua-

1972 4200 2093 4254 dam
2160 4206 2367 4261 ratione
2426 4211 2649 4267 meliore
2708 4216 3155 4291 perfectioreque,
3236 4200 3538 4287 secundum

1972 4306 2132 4355 quam
2174 4310 2559 4367 concorpores,
2601 4313 2655 4360 et
2684 4305 2927 4373 ejusdem
2961 4312 3083 4368 vita;
3133 4318 3450 4390 participes,
3482 4332 3540 4379 et

1972 4384 2210 4438 memhra
2278 4387 2351 4441 illi
2406 4392 2705 4461 evadimus,
2767 4408 2821 4453 et
2860 4402 2911 4455 si
2955 4404 3097 4472 quid
3140 4406 3289 4463 aliud
3336 4384 3554 4469 eodem

1971 4474 2223 4541 pertinet.
2253 4475 2720 4542 Quemadmodum
2759 4489 2903 4544 enim
2960 4492 3378 4565 benignitatem,
3430 4519 3535 4574 qua

1651 4558 1865 4616 σύνεστι
1894 4554 1947 4616 D
1973 4564 2235 4633 impulsus
2270 4569 2522 4628 inimicos
2551 4576 2687 4630 adeo
2704 4578 2915 4646 dilexit,
2948 4554 3223 4655 tantisque
3250 4554 3535 4652 beneﬁziis

1967 4856 2091 4894 ιιι-ιιι
2118 4858 2237 4910 qua!
2255 4845 2437 4900 animo
2455 4848 2732 4907 informari
2774 4866 2867 4909 aut
2890 4859 3160 4916 nominari
3185 4862 3383 4931 potest,
3404 4883 3533 4924 con-

1964 4932 2294 5000 iunctionem
2327 4949 2451 5007 post
2478 4956 2537 4998 se
2574 4944 2869 5015 relinquit;
2902 4950 2982 5004 sic
3008 4952 3135 5007 item
3195 4960 3387 5013 modus
3422 4976 3535 5030 quo

1968 5024 2120 5080 adest
2168 5036 2225 5081 et
2247 5028 2532 5096 bcnefacit,
2565 5034 2923 5092 admiratione
2963 5039 3183 5110 dignus,
3216 5054 3269 5101 et
3308 5024 3531 5105 facienti

1967 5116 2232 5171 mirabilia
2258 5120 2359 5174 soli
2413 5125 2745 5181 conveniens
2786 5139 2885 5184 est.
2924 5129 3147 5187 Mortem
3172 5136 3339 5201 enim,
3368 5156 3526 5207 quam

1967 5207 2081 5276 ipse
2107 5224 2203 5277 pro
2253 5211 2359 5264 vita
2396 5223 2582 5269 nostra
2611 5232 2735 5273 vere
2757 5220 2908 5287 obiit,
2936 5224 3106 5291 signis
3154 5236 3208 5282 et
3237 5229 3383 5283 notis
3409 5232 3530 5302 qui-

1966 5300 2217 5365 busdam,
2258 5304 2401 5359 vclut
2427 5306 2480 5361 in
2510 5309 2717 5377 pictura
2749 5314 3049 5379 imitantes,
3092 5318 3270 5374 rebus.
3288 5320 3420 5389 ipsis
3442 5300 3531 5377 τε·
3571 5354 3579 5367 ι

1965 5400 2128 5444 novat
2155 5401 2206 5445 et
2236 5394 2537 5462 instaurat,
2590 5416 2652 5453 ac
2678 5402 2800 5458 vitm
2832 5421 2943 5461 suae
2973 5420 3255 5465 consortes
3284 5421 3527 5480 praestat.

2023 5479 2079 5534 In
2102 5483 2269 5539 sacris
2291 5502 2522 5556 namque
2556 5493 3155 5565 mysteriissepulturam
3178 5502 3296 5569 ejus
3336 5501 3528 5556 adum-

1964 5572 2203 5636 hrantes,
2226 5585 2279 5630 et
2300 5590 2523 5632 mortem
2542 5585 2949 5655 annuntiantes,
2974 5590 3150 5657 por'ea
3178 5606 3525 5659 generamur,

1962 5673 2015 5717 et
2039 5663 2312 5734 ﬁugimur,
2342 5678 2395 5723 et
2423 5674 2877 5734 excellentissime
2924 5695 3046 5734 cum
3099 5680 3383 5737 Salvatore
3435 5699 3528 5738 co-

1962 5756 2274 5813 alcscimus.
2315 5760 2436 5818 Haec
2462 5765 2603 5821 enim
2631 5778 2777 5835 sunt,
2806 5784 2900 5839 per
2929 5787 3049 5842 qua:
3070 5773 3120 5827 in
3157 5774 3530 5844 lpso,utPaur

354 5858 396 5888 ι’
435 5854 582 5913 Psal.
617 5871 886 5924 cum",
923 5858 1070 5915 8-H).
1149 5862 1194 5893 ¹⁶
1248 5861 1380 5919 Luc.
1419 5882 1527 5934 τιν,
1588 5866 1678 5923 23.
1759 5869 1799 5900 ³¹
1834 5870 1995 5926 Rom.
2031 5886 2107 5940 ix,
2138 5871 2191 5927 ὅ.
