  <div class='ocr_page' id='page_1' title='image "/cluster/home/n/w/nwhite01/storage/ocr_20150623/150/nnc1.0022106740/263.png"; bbox 0 0 4272 6446; ppageno 0'>
   <div class='ocr_carea' id='block_1_1' title="bbox 692 417 791 478">
    <p class='ocr_par' dir='ltr' id='par_1_1' title="bbox 692 417 791 478">
     <span class='ocr_line' id='line_1_1' title="bbox 692 417 791 478; baseline -0.02 -1"><span class='ocrx_word' id='word_1_1' title='bbox 692 417 791 478; x_wconf 83' lang='grc' dir='ltr'><strong>5οἹ</strong></span> 
     </span>
    </p>
   </div>
   <div class='ocr_carea' id='block_1_2' title="bbox 1943 411 2673 474">
    <p class='ocr_par' dir='ltr' id='par_1_2' title="bbox 1943 411 2673 474">
     <span class='ocr_line' id='line_1_2' title="bbox 1943 411 2673 474; baseline 0.004 -2"><span class='ocrx_word' id='word_1_2' title='bbox 1943 411 2250 474; x_wconf 78' lang='lat' dir='ltr'><strong>NICOLAI</strong></span> <span class='ocrx_word' id='word_1_3' title='bbox 2285 411 2372 470; x_wconf 78' lang='lat' dir='ltr'><strong>CA</strong></span> <span class='ocrx_word' id='word_1_4' title='bbox 2387 412 2673 474; x_wconf 75' lang='lat' dir='ltr'><strong>BASlL/E</strong></span> 
     </span>
    </p>
   </div>
   <div class='ocr_carea' id='block_1_3' title="bbox 3823 410 3927 477">
    <p class='ocr_par' dir='ltr' id='par_1_3' title="bbox 3823 410 3927 477">
     <span class='ocr_line' id='line_1_3' title="bbox 3823 410 3927 477; baseline 0.019 -1"><span class='ocrx_word' id='word_1_5' title='bbox 3823 410 3927 477; x_wconf 81' lang='lat'><strong>508</strong></span> 
     </span>
    </p>
   </div>
   <div class='ocr_carea' id='block_1_4' title="bbox 690 521 2377 595">
    <p class='ocr_par' dir='ltr' id='par_1_4' title="bbox 690 525 2377 589">
     <span class='ocr_line' id='line_1_4' title="bbox 690 525 2377 589; baseline -0.004 -6"><span class='ocrx_word' id='word_1_6' title='bbox 690 528 908 583; x_wconf 85' lang='lat' dir='ltr'><strong>scribit:</strong></span> <span class='ocrx_word' id='word_1_7' title='bbox 942 525 1190 581; x_wconf 72' lang='lat' dir='ltr'><strong>«Iustitia</strong></span> <span class='ocrx_word' id='word_1_8' title='bbox 1247 527 1388 580; x_wconf 85' lang='lat' dir='ltr'><strong>enim</strong></span> <span class='ocrx_word' id='word_1_9' title='bbox 1425 528 1515 581; x_wconf 88' lang='lat' dir='ltr'><strong>Dei</strong></span> <span class='ocrx_word' id='word_1_10' title='bbox 1553 529 1605 581; x_wconf 88' lang='lat' dir='ltr'><strong>in</strong></span> <span class='ocrx_word' id='word_1_11' title='bbox 1633 543 1698 582; x_wconf 83' lang='lat' dir='ltr'><strong>eo</strong></span> <span class='ocrx_word' id='word_1_12' title='bbox 1729 527 2089 589; x_wconf 73' lang='lat' dir='ltr'><strong>revelatur“,</strong></span> <span class='ocrx_word' id='word_1_13' title='bbox 2122 547 2138 576; x_wconf 70' lang='grc' dir='ltr'><strong>ι</strong></span> <span class='ocrx_word' id='word_1_14' title='bbox 2178 525 2247 576; x_wconf 86' lang='lat' dir='ltr'><strong>in-</strong></span> <span class='ocrx_word' id='word_1_15' title='bbox 2285 528 2332 581; x_wconf 77' lang='grc' dir='ltr'><strong>Α</strong></span> <span class='ocrx_word' id='word_1_16' title='bbox 2367 528 2377 576; x_wconf 99' lang='lat' dir='ltr'><strong>l</strong></span> 
     </span>
    </p>
   </div>
   <div class='ocr_carea' id='block_1_5' title="bbox 2226 521 3913 595">
    <p class='ocr_par' dir='ltr' id='par_1_5' title="bbox 2226 521 3913 595">
     <span class='ocr_line' id='line_1_5' title="bbox 2226 521 3913 595; baseline -0.001 -14"><span class='ocrx_word' id='word_1_17' title='bbox 2226 557 2247 570; x_wconf 61' lang='grc' dir='ltr'>ι-</span> <span class='ocrx_word' id='word_1_18' title='bbox 2285 528 2332 581; x_wconf 78' lang='grc' dir='ltr'><strong>Α</strong></span> <span class='ocrx_word' id='word_1_19' title='bbox 2367 526 2574 589; x_wconf 82' lang='grc' dir='ltr'>Παῦλος</span> <span class='ocrx_word' id='word_1_20' title='bbox 2599 523 2718 579; x_wconf 78' lang='grc' dir='ltr'>εἶπε</span> <span class='ocrx_word' id='word_1_21' title='bbox 2751 543 2764 556; x_wconf 89' lang='grc'><strong>·</strong></span> <span class='ocrx_word' id='word_1_22' title='bbox 2791 527 2841 578; x_wconf 86' lang='grc' dir='ltr'><strong>εί</strong></span> <span class='ocrx_word' id='word_1_23' title='bbox 2867 527 2976 595; x_wconf 83' lang='grc' dir='ltr'><strong>γάρ</strong></span> <span class='ocrx_word' id='word_1_24' title='bbox 3001 525 3117 578; x_wconf 79' lang='grc' dir='ltr'>ἐστί</span> <span class='ocrx_word' id='word_1_25' title='bbox 3144 542 3226 588; x_wconf 84' lang='grc' dir='ltr'><strong>τις</strong></span> <span class='ocrx_word' id='word_1_26' title='bbox 3257 523 3426 593; x_wconf 81' lang='grc' dir='ltr'>ἀρετὴ</span> <span class='ocrx_word' id='word_1_27' title='bbox 3445 521 3581 576; x_wconf 83' lang='grc' dir='ltr'><strong>Θεοῦ</strong></span> <span class='ocrx_word' id='word_1_28' title='bbox 3607 523 3702 578; x_wconf 74' lang='grc' dir='ltr'>καὶ</span> <span class='ocrx_word' id='word_1_29' title='bbox 3721 525 3913 579; x_wconf 80' lang='grc' dir='ltr'>δικαιο-</span> 
     </span>
    </p>
   </div>
   <div class='ocr_carea' id='block_1_6' title="bbox 691 620 2256 689">
    <p class='ocr_par' dir='ltr' id='par_1_6' title="bbox 691 620 2256 689">
     <span class='ocr_line' id='line_1_6' title="bbox 691 620 2256 689; baseline 0.001 -17"><span class='ocrx_word' id='word_1_30' title='bbox 691 621 827 689; x_wconf 85' lang='lat' dir='ltr'><strong>quit.</strong></span> <span class='ocrx_word' id='word_1_31' title='bbox 861 620 1045 688; x_wconf 84' lang='lat' dir='ltr'><strong>Siqua</strong></span> <span class='ocrx_word' id='word_1_32' title='bbox 1079 620 1219 672; x_wconf 90' lang='lat' dir='ltr'><strong>enim</strong></span> <span class='ocrx_word' id='word_1_33' title='bbox 1243 628 1323 673; x_wconf 85' lang='lat' dir='ltr'><strong>est</strong></span> <span class='ocrx_word' id='word_1_34' title='bbox 1349 620 1555 686; x_wconf 89' lang='lat' dir='ltr'><strong>justitia</strong></span> <span class='ocrx_word' id='word_1_35' title='bbox 1613 630 1666 673; x_wconf 91' lang='lat' dir='ltr'><strong>et</strong></span> <span class='ocrx_word' id='word_1_36' title='bbox 1695 622 1862 674; x_wconf 89' lang='lat' dir='ltr'><strong>virtus</strong></span> <span class='ocrx_word' id='word_1_37' title='bbox 1893 621 2006 685; x_wconf 86' lang='lat' dir='ltr'><strong>Dei,</strong></span> <span class='ocrx_word' id='word_1_38' title='bbox 2039 636 2099 674; x_wconf 88' lang='lat' dir='ltr'><strong>ea</strong></span> <span class='ocrx_word' id='word_1_39' title='bbox 2132 623 2256 685; x_wconf 90' lang='lat' dir='ltr'><strong>erit,</strong></span> 
     </span>
    </p>
   </div>
   <div class='ocr_carea' id='block_1_7' title="bbox 690 712 2261 784">
    <p class='ocr_par' dir='ltr' id='par_1_7' title="bbox 690 712 2261 784">
     <span class='ocr_line' id='line_1_7' title="bbox 690 712 2261 784; baseline 0.003 -20"><span class='ocrx_word' id='word_1_40' title='bbox 690 713 946 765; x_wconf 83' lang='lat' dir='ltr'><strong>omnibus</strong></span> <span class='ocrx_word' id='word_1_41' title='bbox 984 712 1266 765; x_wconf 86' lang='lat' dir='ltr'><strong>aflluentes</strong></span> <span class='ocrx_word' id='word_1_42' title='bbox 1339 718 1476 765; x_wconf 83' lang='lat' dir='ltr'><strong>bona</strong></span> <span class='ocrx_word' id='word_1_43' title='bbox 1525 729 1622 767; x_wconf 88' lang='lat' dir='ltr'><strong>sua</strong></span> <span class='ocrx_word' id='word_1_44' title='bbox 1690 714 1979 781; x_wconf 79' lang='lat' dir='ltr'><strong>impertiri,</strong></span> <span class='ocrx_word' id='word_1_45' title='bbox 2036 715 2261 784; x_wconf 84' lang='lat' dir='ltr'><strong>ipsaque</strong></span> 
     </span>
    </p>
   </div>
   <div class='ocr_carea' id='block_1_8' title="bbox 691 804 2259 876">
    <p class='ocr_par' dir='ltr' id='par_1_8' title="bbox 691 804 2259 876">
     <span class='ocr_line' id='line_1_8' title="bbox 691 804 2259 876; baseline 0.002 -19"><span class='ocrx_word' id='word_1_46' title='bbox 691 806 1000 858; x_wconf 85' lang='lat' dir='ltr'><strong>communio</strong></span> <span class='ocrx_word' id='word_1_47' title='bbox 1035 804 1405 858; x_wconf 79' lang='lat' dir='ltr'><strong>beatitudinis.</strong></span> <span class='ocrx_word' id='word_1_48' title='bbox 1439 807 1590 859; x_wconf 77' lang='lat' dir='ltr'><strong>Haiic</strong></span> <span class='ocrx_word' id='word_1_49' title='bbox 1624 807 1694 859; x_wconf 75' lang='lat' dir='ltr'><strong>ob</strong></span> <span class='ocrx_word' id='word_1_50' title='bbox 1728 822 1950 860; x_wconf 84' lang='lat' dir='ltr'><strong>causam</strong></span> <span class='ocrx_word' id='word_1_51' title='bbox 2003 807 2259 876; x_wconf 88' lang='lat' dir='ltr'><strong>mysteria</strong></span> 
     </span>
    </p>
   </div>
   <div class='ocr_carea' id='block_1_9' title="bbox 693 894 2258 963">
    <p class='ocr_par' dir='ltr' id='par_1_9' title="bbox 693 894 2258 963">
     <span class='ocr_line' id='line_1_9' title="bbox 693 894 2258 963; baseline 0.003 -18"><span class='ocrx_word' id='word_1_52' title='bbox 693 894 1062 946; x_wconf 80' lang='lat' dir='ltr'><strong>sacratissima</strong></span> <span class='ocrx_word' id='word_1_53' title='bbox 1124 906 1292 962; x_wconf 65' lang='lat' dir='ltr'><strong>portae</strong></span> <span class='ocrx_word' id='word_1_54' title='bbox 1347 896 1575 963; x_wconf 72' lang='lat' dir='ltr'><strong>iustitia:</strong></span> <span class='ocrx_word' id='word_1_55' title='bbox 1637 899 1830 950; x_wconf 87' lang='lat' dir='ltr'><strong>merito</strong></span> <span class='ocrx_word' id='word_1_56' title='bbox 1879 899 2258 963; x_wconf 76' lang='lat' dir='ltr'><strong>nominentur,</strong></span> 
     </span>
    </p>
   </div>
   <div class='ocr_carea' id='block_1_10' title="bbox 693 984 2259 1058">
    <p class='ocr_par' dir='ltr' id='par_1_10' title="bbox 693 984 2259 1058">
     <span class='ocr_line' id='line_1_10' title="bbox 693 984 2259 1058; baseline 0.006 -26"><span class='ocrx_word' id='word_1_57' title='bbox 693 985 948 1049; x_wconf 77' lang='lat' dir='ltr'><strong>quoniam</strong></span> <span class='ocrx_word' id='word_1_58' title='bbox 981 984 1066 1036; x_wconf 86' lang='lat' dir='ltr'><strong>Dei</strong></span> <span class='ocrx_word' id='word_1_59' title='bbox 1098 1001 1219 1052; x_wconf 79' lang='lat' dir='ltr'><strong>erga</strong></span> <span class='ocrx_word' id='word_1_60' title='bbox 1251 1001 1420 1053; x_wconf 81' lang='lat' dir='ltr'><strong>genus</strong></span> <span class='ocrx_word' id='word_1_61' title='bbox 1446 997 1688 1040; x_wconf 84' lang='lat' dir='ltr'><strong>nostrum</strong></span> <span class='ocrx_word' id='word_1_62' title='bbox 1731 1003 1983 1057; x_wconf 86' lang='lat' dir='ltr'><strong>suprema</strong></span> <span class='ocrx_word' id='word_1_63' title='bbox 2014 991 2259 1058; x_wconf 76' lang='lat' dir='ltr'><strong>benigni-</strong></span> 
     </span>
    </p>
   </div>
   <div class='ocr_carea' id='block_1_11' title="bbox 696 1077 2263 1150">
    <p class='ocr_par' dir='ltr' id='par_1_11' title="bbox 696 1077 2263 1150">
     <span class='ocr_line' id='line_1_11' title="bbox 696 1077 2263 1150; baseline 0.01 -28"><span class='ocrx_word' id='word_1_64' title='bbox 696 1087 776 1126; x_wconf 80' lang='lat' dir='ltr'><strong>ias</strong></span> <span class='ocrx_word' id='word_1_65' title='bbox 793 1087 842 1126; x_wconf 83' lang='lat' dir='ltr'><strong>et</strong></span> <span class='ocrx_word' id='word_1_66' title='bbox 875 1077 1108 1137; x_wconf 84' lang='lat' dir='ltr'><strong>bonitas,</strong></span> <span class='ocrx_word' id='word_1_67' title='bbox 1136 1093 1254 1143; x_wconf 74' lang='lat' dir='ltr'><strong>uiue</strong></span> <span class='ocrx_word' id='word_1_68' title='bbox 1280 1090 1359 1130; x_wconf 88' lang='lat' dir='ltr'><strong>est</strong></span> <span class='ocrx_word' id='word_1_69' title='bbox 1382 1079 1559 1132; x_wconf 76' lang='lat' dir='ltr'><strong>divina</strong></span> <span class='ocrx_word' id='word_1_70' title='bbox 1591 1082 1764 1134; x_wconf 87' lang='lat' dir='ltr'><strong>virtus</strong></span> <span class='ocrx_word' id='word_1_71' title='bbox 1788 1090 1841 1134; x_wconf 89' lang='lat' dir='ltr'><strong>et</strong></span> <span class='ocrx_word' id='word_1_72' title='bbox 1861 1082 2093 1150; x_wconf 79' lang='lat' dir='ltr'><strong>justitia,</strong></span> <span class='ocrx_word' id='word_1_73' title='bbox 2119 1081 2263 1137; x_wconf 86' lang='lat' dir='ltr'><strong>hunc</strong></span> 
     </span>
    </p>
   </div>
   <div class='ocr_carea' id='block_1_12' title="bbox 695 1167 1792 1237">
    <p class='ocr_par' dir='ltr' id='par_1_12' title="bbox 695 1167 1792 1237">
     <span class='ocr_line' id='line_1_12' title="bbox 695 1167 1792 1237; baseline 0.008 -22"><span class='ocrx_word' id='word_1_74' title='bbox 695 1167 850 1217; x_wconf 84' lang='lat' dir='ltr'><strong>nobis</strong></span> <span class='ocrx_word' id='word_1_75' title='bbox 889 1167 1162 1218; x_wconf 78' lang='lat' dir='ltr'><strong>introitum</strong></span> <span class='ocrx_word' id='word_1_76' title='bbox 1202 1169 1253 1219; x_wconf 93' lang='lat' dir='ltr'><strong>iu</strong></span> <span class='ocrx_word' id='word_1_77' title='bbox 1287 1170 1482 1221; x_wconf 76' lang='lat' dir='ltr'><strong>C(elum</strong></span> <span class='ocrx_word' id='word_1_78' title='bbox 1523 1171 1792 1237; x_wconf 74' lang='lat' dir='ltr'><strong>patefecit.</strong></span> 
     </span>
    </p>
   </div>
   <div class='ocr_carea' id='block_1_13' title="bbox 767 1260 2261 1332">
    <p class='ocr_par' dir='ltr' id='par_1_13' title="bbox 767 1260 2261 1332">
     <span class='ocr_line' id='line_1_13' title="bbox 767 1260 2261 1332; baseline 0.008 -25"><span class='ocrx_word' id='word_1_79' title='bbox 767 1260 879 1308; x_wconf 84' lang='lat' dir='ltr'><strong>tum</strong></span> <span class='ocrx_word' id='word_1_80' title='bbox 933 1273 1058 1311; x_wconf 81' lang='lat' dir='ltr'><strong>vero</strong></span> <span class='ocrx_word' id='word_1_81' title='bbox 1111 1262 1268 1312; x_wconf 70' lang='lat' dir='ltr'><strong>etiam</strong></span> <span class='ocrx_word' id='word_1_82' title='bbox 1298 1264 1403 1314; x_wconf 80' lang='lat' dir='ltr'><strong>alio</strong></span> <span class='ocrx_word' id='word_1_83' title='bbox 1435 1265 1611 1324; x_wconf 83' lang='lat' dir='ltr'><strong>modo,</strong></span> <span class='ocrx_word' id='word_1_84' title='bbox 1638 1265 1845 1329; x_wconf 70' lang='lat' dir='ltr'><strong>judirio</strong></span> <span class='ocrx_word' id='word_1_85' title='bbox 1897 1267 2156 1332; x_wconf 81' lang='lat' dir='ltr'><strong>quodam,</strong></span> <span class='ocrx_word' id='word_1_86' title='bbox 2208 1277 2261 1320; x_wconf 88' lang='lat' dir='ltr'><strong>et</strong></span> 
     </span>
    </p>
   </div>
   <div class='ocr_carea' id='block_1_14' title="bbox 694 1348 2264 1415">
    <p class='ocr_par' dir='ltr' id='par_1_14' title="bbox 694 1348 2264 1415">
     <span class='ocr_line' id='line_1_14' title="bbox 694 1348 2264 1415; baseline 0.007 -20"><span class='ocrx_word' id='word_1_87' title='bbox 694 1348 907 1409; x_wconf 59' lang='lat' dir='ltr'><strong>justitia</strong></span> <span class='ocrx_word' id='word_1_88' title='bbox 940 1349 1044 1406; x_wconf 81' lang='lat' dir='ltr'><strong>hoc</strong></span> <span class='ocrx_word' id='word_1_89' title='bbox 1072 1358 1334 1415; x_wconf 65' lang='lat' dir='ltr'><strong>trapaaum</strong></span> <span class='ocrx_word' id='word_1_90' title='bbox 1393 1353 1677 1404; x_wconf 78' lang='lat' dir='ltr'><strong>constituit</strong></span> <span class='ocrx_word' id='word_1_91' title='bbox 1715 1352 1990 1414; x_wconf 87' lang='lat' dir='ltr'><strong>Dominus,</strong></span> <span class='ocrx_word' id='word_1_92' title='bbox 2041 1362 2094 1405; x_wconf 90' lang='lat' dir='ltr'><strong>et</strong></span> <span class='ocrx_word' id='word_1_93' title='bbox 2125 1354 2264 1406; x_wconf 89' lang='lat' dir='ltr'><strong>hanc</strong></span> 
     </span>
    </p>
   </div>
   <div class='ocr_carea' id='block_1_15' title="bbox 697 1437 2260 1507">
    <p class='ocr_par' dir='ltr' id='par_1_15' title="bbox 697 1437 2260 1507">
     <span class='ocr_line' id='line_1_15' title="bbox 697 1437 2260 1507; baseline 0.005 -20"><span class='ocrx_word' id='word_1_94' title='bbox 697 1451 780 1492; x_wconf 73' lang='lat' dir='ltr'><strong>poi</strong></span> <span class='ocrx_word' id='word_1_95' title='bbox 798 1444 903 1486; x_wconf 90' lang='lat' dir='ltr'><strong>tam</strong></span> <span class='ocrx_word' id='word_1_96' title='bbox 941 1446 992 1485; x_wconf 81' lang='lat' dir='ltr'><strong>et</strong></span> <span class='ocrx_word' id='word_1_97' title='bbox 1037 1437 1174 1486; x_wconf 85' lang='lat' dir='ltr'><strong>hanc</strong></span> <span class='ocrx_word' id='word_1_98' title='bbox 1218 1439 1354 1489; x_wconf 80' lang='lat' dir='ltr'><strong>viam</strong></span> <span class='ocrx_word' id='word_1_99' title='bbox 1389 1441 1547 1493; x_wconf 84' lang='lat' dir='ltr'><strong>nobis</strong></span> <span class='ocrx_word' id='word_1_100' title='bbox 1571 1449 1653 1493; x_wconf 88' lang='lat' dir='ltr'><strong>est</strong></span> <span class='ocrx_word' id='word_1_101' title='bbox 1691 1442 1939 1507; x_wconf 72' lang='lat' dir='ltr'><strong>largitus.</strong></span> <span class='ocrx_word' id='word_1_102' title='bbox 1971 1443 2089 1497; x_wconf 86' lang='lat' dir='ltr'><strong>Non</strong></span> <span class='ocrx_word' id='word_1_103' title='bbox 2117 1443 2260 1497; x_wconf 90' lang='lat' dir='ltr'><strong>enim</strong></span> 
     </span>
    </p>
   </div>
   <div class='ocr_carea' id='block_1_16' title="bbox 695 1525 2261 1602">
    <p class='ocr_par' dir='ltr' id='par_1_16' title="bbox 695 1525 2261 1602">
     <span class='ocr_line' id='line_1_16' title="bbox 695 1525 2261 1602; baseline 0.011 -31"><span class='ocrx_word' id='word_1_104' title='bbox 695 1525 936 1590; x_wconf 65' lang='lat' dir='ltr'><strong>captivos</strong></span> <span class='ocrx_word' id='word_1_105' title='bbox 964 1527 1165 1591; x_wconf 91' lang='lat' dir='ltr'><strong>rapuit,</strong></span> <span class='ocrx_word' id='word_1_106' title='bbox 1201 1529 1292 1580; x_wconf 76' lang='grc' dir='ltr'>διιιι</span> <span class='ocrx_word' id='word_1_107' title='bbox 1347 1530 1681 1584; x_wconf 87' lang='lat' dir='ltr'><strong>liberationis</strong></span> <span class='ocrx_word' id='word_1_108' title='bbox 1720 1535 1949 1600; x_wconf 83' lang='lat' dir='ltr'><strong>pretium</strong></span> <span class='ocrx_word' id='word_1_109' title='bbox 1983 1535 2261 1602; x_wconf 75' lang='lat' dir='ltr'><strong>persolvit,</strong></span> 
     </span>
    </p>
   </div>
   <div class='ocr_carea' id='block_1_17' title="bbox 695 1613 2262 1695">
    <p class='ocr_par' dir='ltr' id='par_1_17' title="bbox 695 1613 2262 1695">
     <span class='ocr_line' id='line_1_17' title="bbox 695 1613 2262 1695; baseline 0.016 -37"><span class='ocrx_word' id='word_1_110' title='bbox 695 1623 745 1663; x_wconf 74' lang='grc' dir='ltr'><strong>ιιι</strong></span> <span class='ocrx_word' id='word_1_111' title='bbox 781 1613 970 1665; x_wconf 79' lang='lat' dir='ltr'><strong>fortem</strong></span> <span class='ocrx_word' id='word_1_112' title='bbox 1033 1616 1294 1683; x_wconf 76' lang='lat' dir='ltr'><strong>alligavit,</strong></span> <span class='ocrx_word' id='word_1_113' title='bbox 1333 1621 1478 1686; x_wconf 84' lang='lat' dir='ltr'><strong>quod</strong></span> <span class='ocrx_word' id='word_1_114' title='bbox 1507 1631 1652 1675; x_wconf 85' lang='lat' dir='ltr'><strong>esset</strong></span> <span class='ocrx_word' id='word_1_115' title='bbox 1701 1627 1994 1691; x_wconf 88' lang='lat' dir='ltr'><strong>potentior,</strong></span> <span class='ocrx_word' id='word_1_116' title='bbox 2033 1639 2084 1680; x_wconf 90' lang='lat' dir='ltr'><strong>et</strong></span> <span class='ocrx_word' id='word_1_117' title='bbox 2115 1629 2262 1695; x_wconf 77' lang='lat' dir='ltr'><strong>justa</strong></span> 
     </span>
    </p>
   </div>
   <div class='ocr_carea' id='block_1_18' title="bbox 695 1705 2261 1784">
    <p class='ocr_par' dir='ltr' id='par_1_18' title="bbox 695 1705 2261 1784">
     <span class='ocr_line' id='line_1_18' title="bbox 695 1705 2261 1784; baseline 0.015 -32"><span class='ocrx_word' id='word_1_118' title='bbox 695 1705 962 1756; x_wconf 68' lang='lat' dir='ltr'><strong>sententia</strong></span> <span class='ocrx_word' id='word_1_119' title='bbox 1004 1721 1069 1759; x_wconf 81' lang='lat' dir='ltr'><strong>eo</strong></span> <span class='ocrx_word' id='word_1_120' title='bbox 1104 1709 1482 1775; x_wconf 84' lang='lat' dir='ltr'><strong>condemnato,</strong></span> <span class='ocrx_word' id='word_1_121' title='bbox 1512 1715 1754 1782; x_wconf 78' lang='lat' dir='ltr'><strong>regnavit</strong></span> <span class='ocrx_word' id='word_1_122' title='bbox 1780 1717 1831 1768; x_wconf 92' lang='lat' dir='ltr'><strong>in</strong></span> <span class='ocrx_word' id='word_1_123' title='bbox 1877 1719 2038 1771; x_wconf 85' lang='lat' dir='ltr'><strong>domo</strong></span> <span class='ocrx_word' id='word_1_124' title='bbox 2075 1719 2261 1784; x_wconf 82' lang='lat' dir='ltr'><strong>Jacob,</strong></span> 
     </span>
    </p>
   </div>
   <div class='ocr_carea' id='block_1_19' title="bbox 696 1790 2259 1873">
    <p class='ocr_par' dir='ltr' id='par_1_19' title="bbox 696 1790 2259 1873">
     <span class='ocr_line' id='line_1_19' title="bbox 696 1790 2259 1873; baseline 0.014 -32"><span class='ocrx_word' id='word_1_125' title='bbox 696 1790 748 1841; x_wconf 87' lang='lat' dir='ltr'><strong>in</strong></span> <span class='ocrx_word' id='word_1_126' title='bbox 779 1793 1064 1848; x_wconf 67' lang='lat' dir='ltr'><strong>animabus</strong></span> <span class='ocrx_word' id='word_1_127' title='bbox 1119 1798 1399 1852; x_wconf 83' lang='lat' dir='ltr'><strong>hominum</strong></span> <span class='ocrx_word' id='word_1_128' title='bbox 1466 1805 1800 1870; x_wconf 83' lang='lat' dir='ltr'><strong>tyrannidem</strong></span> <span class='ocrx_word' id='word_1_129' title='bbox 1838 1820 2121 1873; x_wconf 81' lang='lat' dir='ltr'><strong>evertens;</strong></span> <span class='ocrx_word' id='word_1_130' title='bbox 2154 1826 2259 1863; x_wconf 88' lang='lat' dir='ltr'><strong>non</strong></span> 
     </span>
    </p>
   </div>
   <div class='ocr_carea' id='block_1_20' title="bbox 694 1883 2256 1966">
    <p class='ocr_par' dir='ltr' id='par_1_20' title="bbox 694 1883 2256 1966">
     <span class='ocr_line' id='line_1_20' title="bbox 694 1883 2256 1966; baseline 0.014 -34"><span class='ocrx_word' id='word_1_131' title='bbox 694 1883 820 1948; x_wconf 83' lang='lat' dir='ltr'><strong>quia</strong></span> <span class='ocrx_word' id='word_1_132' title='bbox 856 1895 1102 1939; x_wconf 81' lang='lat' dir='ltr'><strong>evertere</strong></span> <span class='ocrx_word' id='word_1_133' title='bbox 1155 1890 1350 1955; x_wconf 90' lang='lat' dir='ltr'><strong>potuit,</strong></span> <span class='ocrx_word' id='word_1_134' title='bbox 1399 1893 1490 1944; x_wconf 85' lang='lat' dir='ltr'><strong>sed</strong></span> <span class='ocrx_word' id='word_1_135' title='bbox 1537 1894 1662 1960; x_wconf 87' lang='lat' dir='ltr'><strong>quia</strong></span> <span class='ocrx_word' id='word_1_136' title='bbox 1695 1910 1812 1948; x_wconf 88' lang='lat' dir='ltr'><strong>eam</strong></span> <span class='ocrx_word' id='word_1_137' title='bbox 1855 1900 2256 1966; x_wconf 88' lang='lat' dir='ltr'><strong>evertijustum</strong></span> 
     </span>
    </p>
   </div>
   <div class='ocr_carea' id='block_1_21' title="bbox 693 1974 2260 2060">
    <p class='ocr_par' dir='ltr' id='par_1_21' title="bbox 693 1974 2260 2060">
     <span class='ocr_line' id='line_1_21' title="bbox 693 1974 2260 2060; baseline 0.016 -39"><span class='ocrx_word' id='word_1_138' title='bbox 693 1981 827 2024; x_wconf 86' lang='lat' dir='ltr'><strong>erat.</strong></span> <span class='ocrx_word' id='word_1_139' title='bbox 859 1974 1033 2043; x_wconf 82' lang='lat' dir='ltr'><strong>Atque</strong></span> <span class='ocrx_word' id='word_1_140' title='bbox 1058 1977 1158 2030; x_wconf 88' lang='lat' dir='ltr'><strong>hoc</strong></span> <span class='ocrx_word' id='word_1_141' title='bbox 1189 1979 1351 2032; x_wconf 78' lang='lat' dir='ltr'><strong>David</strong></span> <span class='ocrx_word' id='word_1_142' title='bbox 1381 1982 1646 2042; x_wconf 88' lang='lat' dir='ltr'><strong>indicans.</strong></span> <span class='ocrx_word' id='word_1_143' title='bbox 1674 1987 1784 2041; x_wconf 87' lang='lat' dir='ltr'><strong>ait:</strong></span> <span class='ocrx_word' id='word_1_144' title='bbox 1824 1988 2068 2044; x_wconf 72' lang='lat' dir='ltr'><strong>«Justitia</strong></span> <span class='ocrx_word' id='word_1_145' title='bbox 2093 2000 2145 2043; x_wconf 90' lang='lat' dir='ltr'><strong>et</strong></span> <span class='ocrx_word' id='word_1_146' title='bbox 2166 1991 2260 2060; x_wconf 90' lang='lat' dir='ltr'><strong>ju-</strong></span> 
     </span>
    </p>
   </div>
   <div class='ocr_carea' id='block_1_22' title="bbox 694 2065 2256 2140">
    <p class='ocr_par' dir='ltr' id='par_1_22' title="bbox 694 2065 2256 2140">
     <span class='ocr_line' id='line_1_22' title="bbox 694 2065 2256 2140; baseline 0.015 -24"><span class='ocrx_word' id='word_1_147' title='bbox 694 2065 919 2132; x_wconf 87' lang='lat' dir='ltr'><strong>dicium,</strong></span> <span class='ocrx_word' id='word_1_148' title='bbox 946 2074 1262 2138; x_wconf 62' lang='lat' dir='ltr'><strong>preparatiu</strong></span> <span class='ocrx_word' id='word_1_149' title='bbox 1295 2075 1438 2130; x_wconf 77' lang='lat' dir='ltr'><strong>sedis</strong></span> <span class='ocrx_word' id='word_1_150' title='bbox 1466 2081 1686 2132; x_wconf 56' lang='lat' dir='ltr'><strong>tuam.»</strong></span> <span class='ocrx_word' id='word_1_151' title='bbox 1721 2081 1839 2135; x_wconf 90' lang='lat' dir='ltr'><strong>Non</strong></span> <span class='ocrx_word' id='word_1_152' title='bbox 1864 2085 2037 2138; x_wconf 88' lang='lat' dir='ltr'><strong>solum</strong></span> <span class='ocrx_word' id='word_1_153' title='bbox 2077 2095 2256 2140; x_wconf 87' lang='lat' dir='ltr'><strong>autem</strong></span> 
     </span>
    </p>
   </div>
   <div class='ocr_carea' id='block_1_23' title="bbox 690 2155 2257 2247">
    <p class='ocr_par' dir='ltr' id='par_1_23' title="bbox 690 2155 2257 2247">
     <span class='ocr_line' id='line_1_23' title="bbox 690 2155 2257 2247; baseline 0.018 -41"><span class='ocrx_word' id='word_1_154' title='bbox 690 2157 901 2224; x_wconf 89' lang='lat' dir='ltr'><strong>justitia</strong></span> <span class='ocrx_word' id='word_1_155' title='bbox 933 2161 1028 2214; x_wconf 85' lang='lat' dir='ltr'><strong>has</strong></span> <span class='ocrx_word' id='word_1_156' title='bbox 1059 2174 1242 2230; x_wconf 83' lang='lat' dir='ltr'><strong>portas</strong></span> <span class='ocrx_word' id='word_1_157' title='bbox 1295 2173 1532 2235; x_wconf 78' lang='lat' dir='ltr'><strong>aperuit,</strong></span> <span class='ocrx_word' id='word_1_158' title='bbox 1585 2175 1677 2224; x_wconf 89' lang='lat' dir='ltr'><strong>sed</strong></span> <span class='ocrx_word' id='word_1_159' title='bbox 1713 2155 1872 2226; x_wconf 76' lang='lat' dir='ltr'><strong>etiam</strong></span> <span class='ocrx_word' id='word_1_160' title='bbox 1904 2177 2107 2244; x_wconf 79' lang='lat' dir='ltr'><strong>iustitia</strong></span> <span class='ocrx_word' id='word_1_161' title='bbox 2139 2180 2257 2247; x_wconf 89' lang='lat' dir='ltr'><strong>ipsa</strong></span> 
     </span>
    </p>
   </div>
   <div class='ocr_carea' id='block_1_24' title="bbox 695 2251 2254 2324">
    <p class='ocr_par' dir='ltr' id='par_1_24' title="bbox 695 2251 2254 2324">
     <span class='ocr_line' id='line_1_24' title="bbox 695 2251 2254 2324; baseline 0.016 -25"><span class='ocrx_word' id='word_1_162' title='bbox 695 2262 790 2310; x_wconf 85' lang='lat' dir='ltr'><strong>per</strong></span> <span class='ocrx_word' id='word_1_163' title='bbox 820 2264 911 2302; x_wconf 87' lang='lat' dir='ltr'><strong>eas</strong></span> <span class='ocrx_word' id='word_1_164' title='bbox 936 2251 997 2303; x_wconf 88' lang='lat' dir='ltr'><strong>ad</strong></span> <span class='ocrx_word' id='word_1_165' title='bbox 1031 2268 1201 2320; x_wconf 81' lang='lat' dir='ltr'><strong>genus</strong></span> <span class='ocrx_word' id='word_1_166' title='bbox 1261 2268 1505 2311; x_wconf 75' lang='lat' dir='ltr'><strong>nosurum</strong></span> <span class='ocrx_word' id='word_1_167' title='bbox 1571 2263 1739 2316; x_wconf 85' lang='lat' dir='ltr'><strong>venit.</strong></span> <span class='ocrx_word' id='word_1_168' title='bbox 1771 2262 2054 2320; x_wconf 85' lang='lat' dir='ltr'><strong>l&#39;rioribus</strong></span> <span class='ocrx_word' id='word_1_169' title='bbox 2112 2271 2254 2324; x_wconf 91' lang='lat' dir='ltr'><strong>enim</strong></span> 
     </span>
    </p>
   </div>
   <div class='ocr_carea' id='block_1_25' title="bbox 697 2340 2260 2415">
    <p class='ocr_par' dir='ltr' id='par_1_25' title="bbox 697 2340 2260 2415">
     <span class='ocr_line' id='line_1_25' title="bbox 697 2340 2260 2415; baseline 0.017 -25"><span class='ocrx_word' id='word_1_170' title='bbox 697 2340 1050 2407; x_wconf 75' lang='lat' dir='ltr'><strong>temporibus,</strong></span> <span class='ocrx_word' id='word_1_171' title='bbox 1094 2345 1409 2415; x_wconf 85' lang='lat' dir='ltr'><strong>priusquam</strong></span> <span class='ocrx_word' id='word_1_172' title='bbox 1448 2350 1588 2404; x_wconf 91' lang='lat' dir='ltr'><strong>Deus</strong></span> <span class='ocrx_word' id='word_1_173' title='bbox 1619 2352 1682 2405; x_wconf 88' lang='lat' dir='ltr'><strong>ad</strong></span> <span class='ocrx_word' id='word_1_174' title='bbox 1713 2354 1960 2409; x_wconf 81' lang='lat' dir='ltr'><strong>homines</strong></span> <span class='ocrx_word' id='word_1_175' title='bbox 1985 2357 2260 2415; x_wconf 84' lang='lat' dir='ltr'><strong>delabere-</strong></span> 
     </span>
    </p>
   </div>
   <div class='ocr_carea' id='block_1_26' title="bbox 695 2432 2256 2516">
    <p class='ocr_par' dir='ltr' id='par_1_26' title="bbox 695 2432 2256 2516">
     <span class='ocr_line' id='line_1_26' title="bbox 695 2432 2256 2516; baseline 0.018 -34"><span class='ocrx_word' id='word_1_176' title='bbox 695 2438 806 2493; x_wconf 90' lang='lat' dir='ltr'><strong>tur,</strong></span> <span class='ocrx_word' id='word_1_177' title='bbox 837 2432 1044 2500; x_wconf 89' lang='lat' dir='ltr'><strong>justitia</strong></span> <span class='ocrx_word' id='word_1_178' title='bbox 1079 2438 1131 2490; x_wconf 91' lang='lat' dir='ltr'><strong>In</strong></span> <span class='ocrx_word' id='word_1_179' title='bbox 1167 2443 1296 2492; x_wconf 82' lang='lat' dir='ltr'><strong>orbe</strong></span> <span class='ocrx_word' id='word_1_180' title='bbox 1326 2451 1591 2497; x_wconf 88' lang='lat' dir='ltr'><strong>terrarum</strong></span> <span class='ocrx_word' id='word_1_181' title='bbox 1635 2463 1907 2516; x_wconf 90' lang='lat' dir='ltr'><strong>nusquam</strong></span> <span class='ocrx_word' id='word_1_182' title='bbox 1946 2455 2256 2510; x_wconf 81' lang='lat' dir='ltr'><strong>invenieba-</strong></span> 
     </span>
    </p>
   </div>
   <div class='ocr_carea' id='block_1_27' title="bbox 697 2525 2257 2616">
    <p class='ocr_par' dir='ltr' id='par_1_27' title="bbox 697 2525 2257 2616">
     <span class='ocr_line' id='line_1_27' title="bbox 697 2525 2257 2616; baseline 0.02 -42"><span class='ocrx_word' id='word_1_183' title='bbox 697 2531 808 2576; x_wconf 90' lang='lat' dir='ltr'><strong>tur.</strong></span> <span class='ocrx_word' id='word_1_184' title='bbox 847 2525 960 2590; x_wconf 87' lang='lat' dir='ltr'><strong>lpsc</strong></span> <span class='ocrx_word' id='word_1_185' title='bbox 1010 2531 1153 2581; x_wconf 88' lang='lat' dir='ltr'><strong>enim</strong></span> <span class='ocrx_word' id='word_1_186' title='bbox 1191 2532 1328 2586; x_wconf 74' lang='lat' dir='ltr'><strong>Deus</strong></span> <span class='ocrx_word' id='word_1_187' title='bbox 1374 2535 1438 2588; x_wconf 86' lang='lat' dir='ltr'><strong>de</strong></span> <span class='ocrx_word' id='word_1_188' title='bbox 1460 2538 1598 2591; x_wconf 66' lang='lat' dir='ltr'><strong>uelo</strong></span> <span class='ocrx_word' id='word_1_189' title='bbox 1648 2543 1919 2609; x_wconf 81' lang='lat' dir='ltr'><strong>aspiciens</strong></span> <span class='ocrx_word' id='word_1_190' title='bbox 1975 2551 2257 2616; x_wconf 64' lang='lat' dir='ltr'><strong>quaesivit,</strong></span> 
     </span>
    </p>
   </div>
   <div class='ocr_carea' id='block_1_28' title="bbox 696 2620 2259 2706">
    <p class='ocr_par' dir='ltr' id='par_1_28' title="bbox 696 2620 2259 2706">
     <span class='ocr_line' id='line_1_28' title="bbox 696 2620 2259 2706; baseline 0.021 -43"><span class='ocrx_word' id='word_1_191' title='bbox 696 2629 854 2680; x_wconf 86' lang='lat' dir='ltr'><strong>quem</strong></span> <span class='ocrx_word' id='word_1_192' title='bbox 897 2620 1061 2670; x_wconf 79' lang='lat' dir='ltr'><strong>latere</strong></span> <span class='ocrx_word' id='word_1_193' title='bbox 1119 2637 1224 2674; x_wconf 90' lang='lat' dir='ltr'><strong>non</strong></span> <span class='ocrx_word' id='word_1_194' title='bbox 1285 2628 1565 2690; x_wconf 82' lang='lat' dir='ltr'><strong>potuisset,</strong></span> <span class='ocrx_word' id='word_1_195' title='bbox 1627 2632 1669 2684; x_wconf 91' lang='lat' dir='ltr'><strong>si</strong></span> <span class='ocrx_word' id='word_1_196' title='bbox 1714 2633 1816 2686; x_wconf 85' lang='lat' dir='ltr'><strong>nlla</strong></span> <span class='ocrx_word' id='word_1_197' title='bbox 1849 2639 2168 2706; x_wconf 74' lang='lat' dir='ltr'><strong>exstitisset,</strong></span> <span class='ocrx_word' id='word_1_198' title='bbox 2209 2653 2259 2698; x_wconf 85' lang='lat' dir='ltr'><strong>et</strong></span> 
     </span>
    </p>
   </div>
   <div class='ocr_carea' id='block_1_29' title="bbox 699 2713 2260 2794">
    <p class='ocr_par' dir='ltr' id='par_1_29' title="bbox 699 2713 2260 2794">
     <span class='ocr_line' id='line_1_29' title="bbox 699 2713 2260 2794; baseline 0.019 -35"><span class='ocrx_word' id='word_1_199' title='bbox 699 2717 876 2760; x_wconf 82' lang='lat' dir='ltr'><strong>tamen</strong></span> <span class='ocrx_word' id='word_1_200' title='bbox 903 2725 1007 2762; x_wconf 89' lang='lat' dir='ltr'><strong>non</strong></span> <span class='ocrx_word' id='word_1_201' title='bbox 1039 2713 1271 2766; x_wconf 83' lang='lat' dir='ltr'><strong>invenit:</strong></span> <span class='ocrx_word' id='word_1_202' title='bbox 1300 2716 1528 2774; x_wconf 71' lang='lat' dir='ltr'><strong>«Omnes</strong></span> <span class='ocrx_word' id='word_1_203' title='bbox 1553 2724 1927 2794; x_wconf 85' lang='lat' dir='ltr'><strong>enim,iuquit,</strong></span> <span class='ocrx_word' id='word_1_204' title='bbox 1954 2731 2260 2787; x_wconf 83' lang='lat' dir='ltr'><strong>declinave-</strong></span> 
     </span>
    </p>
   </div>
   <div class='ocr_carea' id='block_1_30' title="bbox 701 2801 2260 2884">
    <p class='ocr_par' dir='ltr' id='par_1_30' title="bbox 701 2801 2260 2884">
     <span class='ocr_line' id='line_1_30' title="bbox 701 2801 2260 2884; baseline 0.019 -39"><span class='ocrx_word' id='word_1_205' title='bbox 701 2807 843 2858; x_wconf 87' lang='lat' dir='ltr'><strong>runt,</strong></span> <span class='ocrx_word' id='word_1_206' title='bbox 879 2808 930 2851; x_wconf 90' lang='lat' dir='ltr'><strong>et</strong></span> <span class='ocrx_word' id='word_1_207' title='bbox 956 2801 1172 2856; x_wconf 86' lang='lat' dir='ltr'><strong>inutiles</strong></span> <span class='ocrx_word' id='word_1_208' title='bbox 1206 2805 1327 2858; x_wconf 83' lang='lat' dir='ltr'><strong>facti</strong></span> <span class='ocrx_word' id='word_1_209' title='bbox 1370 2819 1529 2862; x_wconf 89' lang='lat' dir='ltr'><strong>sunt:</strong></span> <span class='ocrx_word' id='word_1_210' title='bbox 1571 2827 1675 2865; x_wconf 89' lang='lat' dir='ltr'><strong>non</strong></span> <span class='ocrx_word' id='word_1_211' title='bbox 1731 2825 1812 2867; x_wconf 77' lang='lat' dir='ltr'><strong>est</strong></span> <span class='ocrx_word' id='word_1_212' title='bbox 1846 2819 1935 2884; x_wconf 87' lang='lat' dir='ltr'><strong>qui</strong></span> <span class='ocrx_word' id='word_1_213' title='bbox 1976 2818 2135 2874; x_wconf 87' lang='lat' dir='ltr'><strong>faciat</strong></span> <span class='ocrx_word' id='word_1_214' title='bbox 2166 2826 2260 2876; x_wconf 87' lang='lat' dir='ltr'><strong>bo-</strong></span> 
     </span>
    </p>
   </div>
   <div class='ocr_carea' id='block_1_31' title="bbox 699 2902 2256 2980">
    <p class='ocr_par' dir='ltr' id='par_1_31' title="bbox 699 2902 2256 2980">
     <span class='ocr_line' id='line_1_31' title="bbox 699 2902 2256 2980; baseline 0.017 -41"><span class='ocrx_word' id='word_1_215' title='bbox 699 2904 826 2941; x_wconf 92' lang='lat' dir='ltr'><strong>num</strong></span> <span class='ocrx_word' id='word_1_216' title='bbox 858 2908 871 2950; x_wconf 86' lang='lat'><strong>;</strong></span> <span class='ocrx_word' id='word_1_217' title='bbox 914 2908 1017 2946; x_wconf 89' lang='lat' dir='ltr'><strong>non</strong></span> <span class='ocrx_word' id='word_1_218' title='bbox 1078 2907 1158 2949; x_wconf 91' lang='lat' dir='ltr'><strong>est</strong></span> <span class='ocrx_word' id='word_1_219' title='bbox 1217 2911 1388 2967; x_wconf 88' lang='lat' dir='ltr'><strong>usque</strong></span> <span class='ocrx_word' id='word_1_220' title='bbox 1425 2902 1490 2953; x_wconf 84' lang='lat' dir='ltr'><strong>ad</strong></span> <span class='ocrx_word' id='word_1_221' title='bbox 1553 2920 1719 2956; x_wconf 91' lang='lat' dir='ltr'><strong>unum</strong></span> <span class='ocrx_word' id='word_1_222' title='bbox 1747 2907 1843 2956; x_wconf 79' lang='grc'><strong>³².›</strong></span> <span class='ocrx_word' id='word_1_223' title='bbox 1877 2909 1945 2960; x_wconf 85' lang='lat' dir='ltr'><strong>At</strong></span> <span class='ocrx_word' id='word_1_224' title='bbox 1975 2919 2256 2980; x_wconf 85' lang='lat' dir='ltr'><strong>postquam</strong></span> 
     </span>
    </p>
   </div>
   <div class='ocr_carea' id='block_1_32' title="bbox 698 2981 2257 3063">
    <p class='ocr_par' dir='ltr' id='par_1_32' title="bbox 698 2981 2257 3063">
     <span class='ocr_line' id='line_1_32' title="bbox 698 2981 2257 3063; baseline 0.017 -34"><span class='ocrx_word' id='word_1_225' title='bbox 698 2981 896 3034; x_wconf 81' lang='lat' dir='ltr'><strong>veritas</strong></span> <span class='ocrx_word' id='word_1_226' title='bbox 925 2985 991 3036; x_wconf 90' lang='lat' dir='ltr'><strong>de</strong></span> <span class='ocrx_word' id='word_1_227' title='bbox 1019 2994 1156 3039; x_wconf 87' lang='lat' dir='ltr'><strong>terra</strong></span> <span class='ocrx_word' id='word_1_228' title='bbox 1210 2989 1260 3040; x_wconf 92' lang='lat' dir='ltr'><strong>in</strong></span> <span class='ocrx_word' id='word_1_229' title='bbox 1291 2992 1525 3045; x_wconf 87' lang='lat' dir='ltr'><strong>tenebris</strong></span> <span class='ocrx_word' id='word_1_230' title='bbox 1557 3005 1718 3063; x_wconf 88' lang='lat' dir='ltr'><strong>atque</strong></span> <span class='ocrx_word' id='word_1_231' title='bbox 1769 2999 1957 3050; x_wconf 82' lang='lat' dir='ltr'><strong>umbra</strong></span> <span class='ocrx_word' id='word_1_232' title='bbox 1996 3003 2257 3055; x_wconf 77' lang='lat' dir='ltr'><strong>mendacii</strong></span> 
     </span>
    </p>
   </div>
   <div class='ocr_carea' id='block_1_33' title="bbox 697 3072 2260 3156">
    <p class='ocr_par' dir='ltr' id='par_1_33' title="bbox 697 3072 2260 3156">
     <span class='ocr_line' id='line_1_33' title="bbox 697 3072 2260 3156; baseline 0.014 -32"><span class='ocrx_word' id='word_1_233' title='bbox 697 3072 1012 3130; x_wconf 79' lang='lat' dir='ltr'><strong>sedentibus</strong></span> <span class='ocrx_word' id='word_1_234' title='bbox 1045 3090 1233 3132; x_wconf 75' lang='lat' dir='ltr'><strong>exorta</strong></span> <span class='ocrx_word' id='word_1_235' title='bbox 1271 3092 1372 3142; x_wconf 87' lang='lat' dir='ltr'><strong>est,</strong></span> <span class='ocrx_word' id='word_1_236' title='bbox 1405 3091 1534 3137; x_wconf 91' lang='lat' dir='ltr'><strong>tunc</strong></span> <span class='ocrx_word' id='word_1_237' title='bbox 1564 3086 1724 3138; x_wconf 88' lang='lat' dir='ltr'><strong>etiam</strong></span> <span class='ocrx_word' id='word_1_238' title='bbox 1784 3089 1992 3156; x_wconf 80' lang='lat' dir='ltr'><strong>justitia</strong></span> <span class='ocrx_word' id='word_1_239' title='bbox 2023 3093 2089 3145; x_wconf 74' lang='lat' dir='ltr'><strong>ile</strong></span> <span class='ocrx_word' id='word_1_240' title='bbox 2123 3095 2260 3146; x_wconf 81' lang='lat' dir='ltr'><strong>coelo</strong></span> 
     </span>
    </p>
   </div>
   <div class='ocr_carea' id='block_1_34' title="bbox 699 3168 2273 3250">
    <p class='ocr_par' dir='ltr' id='par_1_34' title="bbox 699 3168 2273 3250">
     <span class='ocr_line' id='line_1_34' title="bbox 699 3168 2273 3250; baseline 0.014 -36"><span class='ocrx_word' id='word_1_241' title='bbox 699 3168 993 3232; x_wconf 77' lang='lat' dir='ltr'><strong>prospexit,</strong></span> <span class='ocrx_word' id='word_1_242' title='bbox 1021 3180 1072 3222; x_wconf 89' lang='lat' dir='ltr'><strong>et</strong></span> <span class='ocrx_word' id='word_1_243' title='bbox 1095 3180 1206 3222; x_wconf 91' lang='lat' dir='ltr'><strong>tum</strong></span> <span class='ocrx_word' id='word_1_244' title='bbox 1241 3173 1474 3239; x_wconf 89' lang='lat' dir='ltr'><strong>primum</strong></span> <span class='ocrx_word' id='word_1_245' title='bbox 1509 3191 1629 3228; x_wconf 83' lang='lat' dir='ltr'><strong>vere</strong></span> <span class='ocrx_word' id='word_1_246' title='bbox 1673 3179 2015 3250; x_wconf 88' lang='lat' dir='ltr'><strong>perfecteque</strong></span> <span class='ocrx_word' id='word_1_247' title='bbox 2044 3183 2273 3237; x_wconf 86' lang='lat' dir='ltr'><strong>homini-</strong></span> 
     </span>
    </p>
   </div>
   <div class='ocr_carea' id='block_1_35' title="bbox 699 3254 2270 3342">
    <p class='ocr_par' dir='ltr' id='par_1_35' title="bbox 699 3254 2270 3342">
     <span class='ocr_line' id='line_1_35' title="bbox 699 3254 2270 3342; baseline 0.015 -38"><span class='ocrx_word' id='word_1_248' title='bbox 699 3254 800 3307; x_wconf 61' lang='lat' dir='ltr'><strong>lius</strong></span> <span class='ocrx_word' id='word_1_249' title='bbox 825 3259 1068 3324; x_wconf 81' lang='lat' dir='ltr'><strong>apparuit</strong></span> <span class='ocrx_word' id='word_1_250' title='bbox 1097 3301 1110 3323; x_wconf 98' lang='lat'><strong>,</strong></span> <span class='ocrx_word' id='word_1_251' title='bbox 1139 3271 1188 3312; x_wconf 89' lang='lat' dir='ltr'><strong>et</strong></span> <span class='ocrx_word' id='word_1_252' title='bbox 1216 3261 1496 3327; x_wconf 86' lang='lat' dir='ltr'><strong>justifirati</strong></span> <span class='ocrx_word' id='word_1_253' title='bbox 1529 3281 1752 3330; x_wconf 90' lang='lat' dir='ltr'><strong>sumus;</strong></span> <span class='ocrx_word' id='word_1_254' title='bbox 1785 3271 2018 3338; x_wconf 88' lang='lat' dir='ltr'><strong>primum</strong></span> <span class='ocrx_word' id='word_1_255' title='bbox 2055 3276 2270 3342; x_wconf 82' lang='lat' dir='ltr'><strong>quidem</strong></span> 
     </span>
    </p>
   </div>
   <div class='ocr_carea' id='block_1_36' title="bbox 699 3347 2271 3435">
    <p class='ocr_par' dir='ltr' id='par_1_36' title="bbox 699 3347 2271 3435">
     <span class='ocr_line' id='line_1_36' title="bbox 699 3347 2271 3435; baseline 0.015 -39"><span class='ocrx_word' id='word_1_256' title='bbox 699 3361 727 3396; x_wconf 72' lang='grc' dir='ltr'>δ</span> <span class='ocrx_word' id='word_1_257' title='bbox 768 3347 1018 3413; x_wconf 79' lang='lat' dir='ltr'><strong>vinculis,</strong></span> <span class='ocrx_word' id='word_1_258' title='bbox 1077 3359 1129 3402; x_wconf 87' lang='lat' dir='ltr'><strong>et</strong></span> <span class='ocrx_word' id='word_1_259' title='bbox 1183 3367 1209 3403; x_wconf 90' lang='lat' dir='ltr'><strong>a</strong></span> <span class='ocrx_word' id='word_1_260' title='bbox 1244 3356 1452 3406; x_wconf 83' lang='lat' dir='ltr'><strong>ratione</strong></span> <span class='ocrx_word' id='word_1_261' title='bbox 1486 3357 1752 3412; x_wconf 73' lang='lat' dir='ltr'><strong>reddenda</strong></span> <span class='ocrx_word' id='word_1_262' title='bbox 1808 3362 2046 3429; x_wconf 82' lang='lat' dir='ltr'><strong>liberati,</strong></span> <span class='ocrx_word' id='word_1_263' title='bbox 2084 3381 2147 3418; x_wconf 92' lang='lat' dir='ltr'><strong>eo</strong></span> <span class='ocrx_word' id='word_1_264' title='bbox 2179 3369 2271 3435; x_wconf 90' lang='lat' dir='ltr'><strong>qui</strong></span> 
     </span>
    </p>
   </div>
   <div class='ocr_carea' id='block_1_37' title="bbox 701 3436 2273 3522">
    <p class='ocr_par' dir='ltr' id='par_1_37' title="bbox 701 3436 2273 3522">
     <span class='ocr_line' id='line_1_37' title="bbox 701 3436 2273 3522; baseline 0.017 -38"><span class='ocrx_word' id='word_1_265' title='bbox 701 3436 832 3488; x_wconf 82' lang='lat' dir='ltr'><strong>nihil</strong></span> <span class='ocrx_word' id='word_1_266' title='bbox 864 3441 1084 3493; x_wconf 87' lang='lat' dir='ltr'><strong>sceleris</strong></span> <span class='ocrx_word' id='word_1_267' title='bbox 1118 3443 1412 3498; x_wconf 69' lang='lat' dir='ltr'><strong>admiserat</strong></span> <span class='ocrx_word' id='word_1_268' title='bbox 1446 3461 1540 3513; x_wconf 81' lang='lat' dir='ltr'><strong>per</strong></span> <span class='ocrx_word' id='word_1_269' title='bbox 1571 3459 1795 3503; x_wconf 90' lang='lat' dir='ltr'><strong>mortem</strong></span> <span class='ocrx_word' id='word_1_270' title='bbox 1833 3455 2013 3509; x_wconf 88' lang='lat' dir='ltr'><strong>crucis</strong></span> <span class='ocrx_word' id='word_1_271' title='bbox 2049 3472 2146 3522; x_wconf 91' lang='lat' dir='ltr'><strong>pro</strong></span> <span class='ocrx_word' id='word_1_272' title='bbox 2174 3472 2273 3512; x_wconf 82' lang='lat' dir='ltr'><strong>no-</strong></span> 
     </span>
    </p>
   </div>
   <div class='ocr_carea' id='block_1_38' title="bbox 703 3529 2271 3614">
    <p class='ocr_par' dir='ltr' id='par_1_38' title="bbox 703 3529 2271 3614">
     <span class='ocr_line' id='line_1_38' title="bbox 703 3529 2271 3614; baseline 0.015 -35"><span class='ocrx_word' id='word_1_273' title='bbox 703 3529 783 3580; x_wconf 87' lang='lat' dir='ltr'><strong>bis</strong></span> <span class='ocrx_word' id='word_1_274' title='bbox 819 3533 1216 3598; x_wconf 83' lang='lat' dir='ltr'><strong>respondente;</strong></span> <span class='ocrx_word' id='word_1_275' title='bbox 1249 3551 1353 3603; x_wconf 90' lang='lat' dir='ltr'><strong>qua</strong></span> <span class='ocrx_word' id='word_1_276' title='bbox 1398 3553 1584 3605; x_wconf 74' lang='lat' dir='ltr'><strong>ptenas</strong></span> <span class='ocrx_word' id='word_1_277' title='bbox 1614 3541 1711 3594; x_wconf 90' lang='lat' dir='ltr'><strong>luit</strong></span> <span class='ocrx_word' id='word_1_278' title='bbox 1735 3537 1738 3540; x_wconf 64' lang='grc'><strong>’</strong></span> <span class='ocrx_word' id='word_1_279' title='bbox 1766 3559 1979 3608; x_wconf 78' lang='lat' dir='ltr'><strong>eorum,</strong></span> <span class='ocrx_word' id='word_1_280' title='bbox 2023 3562 2141 3614; x_wconf 68' lang='lat' dir='ltr'><strong>quae</strong></span> <span class='ocrx_word' id='word_1_281' title='bbox 2174 3566 2271 3603; x_wconf 89' lang='lat' dir='ltr'><strong>nos</strong></span> 
     </span>
    </p>
   </div>
   <div class='ocr_carea' id='block_1_39' title="bbox 703 3620 2271 3701">
    <p class='ocr_par' dir='ltr' id='par_1_39' title="bbox 703 3620 2271 3701">
     <span class='ocr_line' id='line_1_39' title="bbox 703 3620 2271 3701; baseline 0.017 -32"><span class='ocrx_word' id='word_1_282' title='bbox 703 3620 909 3675; x_wconf 79' lang='lat' dir='ltr'><strong>nefarie</strong></span> <span class='ocrx_word' id='word_1_283' title='bbox 941 3624 1058 3676; x_wconf 89' lang='lat' dir='ltr'><strong>ausi</strong></span> <span class='ocrx_word' id='word_1_284' title='bbox 1092 3624 1406 3681; x_wconf 86' lang='lat' dir='ltr'><strong>fueramus:</strong></span> <span class='ocrx_word' id='word_1_285' title='bbox 1441 3629 1635 3684; x_wconf 81' lang='lat' dir='ltr'><strong>deinde</strong></span> <span class='ocrx_word' id='word_1_286' title='bbox 1663 3648 1757 3701; x_wconf 87' lang='lat' dir='ltr'><strong>per</strong></span> <span class='ocrx_word' id='word_1_287' title='bbox 1783 3646 2008 3689; x_wconf 88' lang='lat' dir='ltr'><strong>mortem</strong></span> <span class='ocrx_word' id='word_1_288' title='bbox 2044 3639 2186 3693; x_wconf 91' lang='lat' dir='ltr'><strong>illam</strong></span> <span class='ocrx_word' id='word_1_289' title='bbox 2218 3651 2271 3694; x_wconf 91' lang='lat' dir='ltr'><strong>et</strong></span> 
     </span>
    </p>
   </div>
   <div class='ocr_carea' id='block_1_40' title="bbox 699 3713 2270 3786">
    <p class='ocr_par' dir='ltr' id='par_1_40' title="bbox 699 3713 2270 3786">
     <span class='ocr_line' id='line_1_40' title="bbox 699 3713 2270 3786; baseline 0.014 -23"><span class='ocrx_word' id='word_1_290' title='bbox 699 3714 856 3765; x_wconf 83' lang='lat' dir='ltr'><strong>amici</strong></span> <span class='ocrx_word' id='word_1_291' title='bbox 886 3713 997 3775; x_wconf 86' lang='lat' dir='ltr'><strong>Dei,</strong></span> <span class='ocrx_word' id='word_1_292' title='bbox 1017 3726 1069 3768; x_wconf 88' lang='lat' dir='ltr'><strong>et</strong></span> <span class='ocrx_word' id='word_1_293' title='bbox 1090 3717 1539 3784; x_wconf 83' lang='lat' dir='ltr'><strong>justi-evasimus.</strong></span> <span class='ocrx_word' id='word_1_294' title='bbox 1571 3723 1690 3777; x_wconf 85' lang='lat' dir='ltr'><strong>Non</strong></span> <span class='ocrx_word' id='word_1_295' title='bbox 1717 3726 1861 3779; x_wconf 87' lang='lat' dir='ltr'><strong>enim</strong></span> <span class='ocrx_word' id='word_1_296' title='bbox 1889 3734 2270 3786; x_wconf 83' lang='lat' dir='ltr'><strong>tantummodo</strong></span> 
     </span>
    </p>
   </div>
   <div class='ocr_carea' id='block_1_41' title="bbox 701 3804 2267 3883">
    <p class='ocr_par' dir='ltr' id='par_1_41' title="bbox 701 3804 2267 3883">
     <span class='ocr_line' id='line_1_41' title="bbox 701 3804 2267 3883; baseline 0.013 -29"><span class='ocrx_word' id='word_1_297' title='bbox 701 3819 800 3856; x_wconf 90' lang='lat' dir='ltr'><strong>uos</strong></span> <span class='ocrx_word' id='word_1_298' title='bbox 836 3804 1103 3870; x_wconf 67' lang='lat' dir='ltr'><strong>liberavit,</strong></span> <span class='ocrx_word' id='word_1_299' title='bbox 1129 3816 1182 3861; x_wconf 85' lang='lat' dir='ltr'><strong>et</strong></span> <span class='ocrx_word' id='word_1_300' title='bbox 1214 3825 1334 3862; x_wconf 86' lang='lat' dir='ltr'><strong>cum</strong></span> <span class='ocrx_word' id='word_1_301' title='bbox 1365 3811 1519 3864; x_wconf 82' lang='lat' dir='ltr'><strong>Patre</strong></span> <span class='ocrx_word' id='word_1_302' title='bbox 1545 3813 1599 3865; x_wconf 86' lang='lat' dir='ltr'><strong>in</strong></span> <span class='ocrx_word' id='word_1_303' title='bbox 1629 3817 1856 3883; x_wconf 78' lang='lat' dir='ltr'><strong>gratiam</strong></span> <span class='ocrx_word' id='word_1_304' title='bbox 1884 3821 2096 3873; x_wconf 78' lang='lat' dir='ltr'><strong>reduxit</strong></span> <span class='ocrx_word' id='word_1_305' title='bbox 2125 3839 2267 3876; x_wconf 89' lang='lat' dir='ltr'><strong>mor-</strong></span> 
     </span>
    </p>
   </div>
   <div class='ocr_carea' id='block_1_42' title="bbox 701 3894 2265 3976">
    <p class='ocr_par' dir='ltr' id='par_1_42' title="bbox 701 3894 2265 3976">
     <span class='ocr_line' id='line_1_42' title="bbox 701 3894 2265 3976; baseline 0.017 -36"><span class='ocrx_word' id='word_1_306' title='bbox 701 3900 826 3944; x_wconf 83' lang='lat' dir='ltr'><strong>tuus</strong></span> <span class='ocrx_word' id='word_1_307' title='bbox 850 3894 1132 3960; x_wconf 85' lang='lat' dir='ltr'><strong>Salvator,</strong></span> <span class='ocrx_word' id='word_1_308' title='bbox 1168 3899 1258 3951; x_wconf 90' lang='lat' dir='ltr'><strong>sed</strong></span> <span class='ocrx_word' id='word_1_309' title='bbox 1291 3899 1513 3970; x_wconf 89' lang='lat' dir='ltr'><strong>insuper</strong></span> <span class='ocrx_word' id='word_1_310' title='bbox 1549 3905 1727 3958; x_wconf 73' lang='lat' dir='ltr'><strong>«dedit</strong></span> <span class='ocrx_word' id='word_1_311' title='bbox 1759 3908 1915 3960; x_wconf 90' lang='lat' dir='ltr'><strong>nobis</strong></span> <span class='ocrx_word' id='word_1_312' title='bbox 1948 3921 2265 3976; x_wconf 79' lang='lat' dir='ltr'><strong>potestatem</strong></span> 
     </span>
    </p>
   </div>
   <div class='ocr_carea' id='block_1_43' title="bbox 701 3981 2264 4063">
    <p class='ocr_par' dir='ltr' id='par_1_43' title="bbox 701 3981 2264 4063">
     <span class='ocr_line' id='line_1_43' title="bbox 701 3981 2264 4063; baseline 0.018 -32"><span class='ocrx_word' id='word_1_313' title='bbox 701 3981 839 4037; x_wconf 76' lang='lat' dir='ltr'><strong>filios</strong></span> <span class='ocrx_word' id='word_1_314' title='bbox 873 3982 960 4036; x_wconf 82' lang='lat' dir='ltr'><strong>Dei</strong></span> <span class='ocrx_word' id='word_1_315' title='bbox 996 3986 1108 4038; x_wconf 88' lang='lat' dir='ltr'><strong>fieri</strong></span> <span class='ocrx_word' id='word_1_316' title='bbox 1136 3989 1232 4042; x_wconf 72' lang='grc'><strong>³⁸.)</strong></span> <span class='ocrx_word' id='word_1_317' title='bbox 1292 3991 1566 4060; x_wconf 86' lang='lat' dir='ltr'><strong>Copulans</strong></span> <span class='ocrx_word' id='word_1_318' title='bbox 1624 3997 1844 4063; x_wconf 74' lang='lat' dir='ltr'><strong>quidem</strong></span> <span class='ocrx_word' id='word_1_319' title='bbox 1881 4000 1983 4052; x_wconf 86' lang='lat' dir='ltr'><strong>sibi</strong></span> <span class='ocrx_word' id='word_1_320' title='bbox 2019 4013 2264 4059; x_wconf 88' lang='lat' dir='ltr'><strong>naturam</strong></span> 
     </span>
    </p>
   </div>
   <div class='ocr_carea' id='block_1_44' title="bbox 699 4082 2264 4155">
    <p class='ocr_par' dir='ltr' id='par_1_44' title="bbox 699 4082 2264 4155">
     <span class='ocr_line' id='line_1_44' title="bbox 699 4082 2264 4155; baseline 0.017 -32"><span class='ocrx_word' id='word_1_321' title='bbox 699 4082 968 4140; x_wconf 87' lang='lat' dir='ltr'><strong>nostram,</strong></span> <span class='ocrx_word' id='word_1_322' title='bbox 1006 4092 1101 4143; x_wconf 80' lang='lat' dir='ltr'><strong>per</strong></span> <span class='ocrx_word' id='word_1_323' title='bbox 1135 4093 1350 4133; x_wconf 85' lang='lat' dir='ltr'><strong>carnem</strong></span> <span class='ocrx_word' id='word_1_324' title='bbox 1387 4084 1546 4138; x_wconf 88' lang='lat' dir='ltr'><strong>nobis</strong></span> <span class='ocrx_word' id='word_1_325' title='bbox 1599 4099 1944 4155; x_wconf 79' lang='lat' dir='ltr'><strong>comparatus</strong></span> <span class='ocrx_word' id='word_1_326' title='bbox 2007 4104 2129 4147; x_wconf 87' lang='lat' dir='ltr'><strong>est:</strong></span> <span class='ocrx_word' id='word_1_327' title='bbox 2166 4111 2264 4149; x_wconf 89' lang='lat' dir='ltr'><strong>no-</strong></span> 
     </span>
    </p>
   </div>
   <div class='ocr_carea' id='block_1_45' title="bbox 699 4173 2264 4253">
    <p class='ocr_par' dir='ltr' id='par_1_45' title="bbox 699 4173 2264 4253">
     <span class='ocr_line' id='line_1_45' title="bbox 699 4173 2264 4253; baseline 0.017 -37"><span class='ocrx_word' id='word_1_328' title='bbox 699 4173 874 4216; x_wconf 88' lang='lat' dir='ltr'><strong>strum</strong></span> <span class='ocrx_word' id='word_1_329' title='bbox 903 4179 1082 4220; x_wconf 82' lang='lat' dir='ltr'><strong>autem</strong></span> <span class='ocrx_word' id='word_1_330' title='bbox 1128 4186 1568 4242; x_wconf 87' lang='lat' dir='ltr'><strong>unumquemque</strong></span> <span class='ocrx_word' id='word_1_331' title='bbox 1626 4181 1773 4232; x_wconf 82' lang='lat' dir='ltr'><strong>carni</strong></span> <span class='ocrx_word' id='word_1_332' title='bbox 1836 4196 1948 4234; x_wconf 75' lang='lat' dir='ltr'><strong>suae</strong></span> <span class='ocrx_word' id='word_1_333' title='bbox 1981 4187 2264 4253; x_wconf 78' lang='lat' dir='ltr'><strong>cepulaus,</strong></span> 
     </span>
    </p>
   </div>
   <div class='ocr_carea' id='block_1_46' title="bbox 699 4255 2262 4343">
    <p class='ocr_par' dir='ltr' id='par_1_46' title="bbox 699 4255 2262 4343">
     <span class='ocr_line' id='line_1_46' title="bbox 699 4255 2262 4343; baseline 0.017 -39"><span class='ocrx_word' id='word_1_334' title='bbox 699 4255 899 4310; x_wconf 86' lang='lat' dir='ltr'><strong>virtute</strong></span> <span class='ocrx_word' id='word_1_335' title='bbox 951 4264 1333 4328; x_wconf 85' lang='lat' dir='ltr'><strong>mysteriorum</strong></span> <span class='ocrx_word' id='word_1_336' title='bbox 1369 4266 1638 4331; x_wconf 75' lang='lat' dir='ltr'><strong>videlicet,</strong></span> <span class='ocrx_word' id='word_1_337' title='bbox 1673 4271 1775 4324; x_wconf 80' lang='lat' dir='ltr'><strong>line</strong></span> <span class='ocrx_word' id='word_1_338' title='bbox 1808 4274 1969 4325; x_wconf 85' lang='lat' dir='ltr'><strong>modo</strong></span> <span class='ocrx_word' id='word_1_339' title='bbox 1996 4276 2262 4343; x_wconf 83' lang='lat' dir='ltr'><strong>justitiam</strong></span> 
     </span>
    </p>
   </div>
   <div class='ocr_carea' id='block_1_47' title="bbox 700 4354 2262 4425">
    <p class='ocr_par' dir='ltr' id='par_1_47' title="bbox 700 4354 2262 4425">
     <span class='ocr_line' id='line_1_47' title="bbox 700 4354 2262 4425; baseline 0.016 -26"><span class='ocrx_word' id='word_1_340' title='bbox 700 4363 854 4400; x_wconf 87' lang='lat' dir='ltr'><strong>suam</strong></span> <span class='ocrx_word' id='word_1_341' title='bbox 892 4361 944 4404; x_wconf 87' lang='lat' dir='ltr'><strong>et</strong></span> <span class='ocrx_word' id='word_1_342' title='bbox 972 4354 1133 4406; x_wconf 89' lang='lat' dir='ltr'><strong>vitam</strong></span> <span class='ocrx_word' id='word_1_343' title='bbox 1183 4357 1236 4407; x_wconf 89' lang='lat' dir='ltr'><strong>in</strong></span> <span class='ocrx_word' id='word_1_344' title='bbox 1265 4359 1546 4412; x_wconf 85' lang='lat' dir='ltr'><strong>animabus</strong></span> <span class='ocrx_word' id='word_1_345' title='bbox 1570 4362 1766 4416; x_wconf 88' lang='lat' dir='ltr'><strong>nostris</strong></span> <span class='ocrx_word' id='word_1_346' title='bbox 1789 4365 1987 4418; x_wconf 80' lang='lat' dir='ltr'><strong>exoriri</strong></span> <span class='ocrx_word' id='word_1_347' title='bbox 2017 4367 2158 4422; x_wconf 86' lang='lat' dir='ltr'><strong>facit.</strong></span> <span class='ocrx_word' id='word_1_348' title='bbox 2192 4373 2262 4425; x_wconf 80' lang='lat' dir='ltr'><strong>lla</strong></span> 
     </span>
    </p>
   </div>
   <div class='ocr_carea' id='block_1_48' title="bbox 701 4439 2340 4545">
    <p class='ocr_par' dir='ltr' id='par_1_48' title="bbox 701 4439 2340 4545">
     <span class='ocr_line' id='line_1_48' title="bbox 701 4439 2340 4545; baseline 0.018 -59"><span class='ocrx_word' id='word_1_349' title='bbox 701 4451 887 4488; x_wconf 84' lang='lat' dir='ltr'><strong>veram</strong></span> <span class='ocrx_word' id='word_1_350' title='bbox 931 4439 1197 4506; x_wconf 88' lang='lat' dir='ltr'><strong>justitiam</strong></span> <span class='ocrx_word' id='word_1_351' title='bbox 1235 4459 1326 4511; x_wconf 88' lang='lat' dir='ltr'><strong>per</strong></span> <span class='ocrx_word' id='word_1_352' title='bbox 1357 4461 1508 4500; x_wconf 82' lang='lat' dir='ltr'><strong>saera</strong></span> <span class='ocrx_word' id='word_1_353' title='bbox 1568 4442 1825 4520; x_wconf 84' lang='lat' dir='ltr'><strong>mysteria</strong></span> <span class='ocrx_word' id='word_1_354' title='bbox 1855 4464 1908 4508; x_wconf 87' lang='lat' dir='ltr'><strong>et</strong></span> <span class='ocrx_word' id='word_1_355' title='bbox 1937 4469 2264 4524; x_wconf 78' lang='lat' dir='ltr'><strong>COgnoscere</strong></span> <span class='ocrx_word' id='word_1_356' title='bbox 2299 4491 2340 4545; x_wconf 69' lang='grc' dir='ltr'><strong>ι)</strong></span> 
     </span>
    </p>
   </div>
   <div class='ocr_carea' id='block_1_49' title="bbox 702 4526 1705 4613">
    <p class='ocr_par' dir='ltr' id='par_1_49' title="bbox 702 4526 1705 4613">
     <span class='ocr_line' id='line_1_49' title="bbox 702 4526 1705 4613; baseline 0.016 -36"><span class='ocrx_word' id='word_1_357' title='bbox 702 4526 1012 4585; x_wconf 81' lang='lat' dir='ltr'><strong>hominibus</strong></span> <span class='ocrx_word' id='word_1_358' title='bbox 1041 4530 1212 4598; x_wconf 87' lang='lat' dir='ltr'><strong>licuit,</strong></span> <span class='ocrx_word' id='word_1_359' title='bbox 1247 4547 1298 4589; x_wconf 88' lang='lat' dir='ltr'><strong>et</strong></span> <span class='ocrx_word' id='word_1_360' title='bbox 1323 4551 1383 4590; x_wconf 90' lang='lat' dir='ltr'><strong>ea</strong></span> <span class='ocrx_word' id='word_1_361' title='bbox 1411 4539 1508 4592; x_wconf 88' lang='lat' dir='ltr'><strong>rite</strong></span> <span class='ocrx_word' id='word_1_362' title='bbox 1536 4539 1705 4613; x_wconf 75' lang='lat' dir='ltr'><strong>fungi.</strong></span> 
     </span>
    </p>
   </div>
   <div class='ocr_carea' id='block_1_50' title="bbox 772 4703 2266 4794">
    <p class='ocr_par' dir='ltr' id='par_1_50' title="bbox 772 4703 2266 4794">
     <span class='ocr_line' id='line_1_50' title="bbox 772 4703 2266 4794; baseline 0.018 -39"><span class='ocrx_word' id='word_1_363' title='bbox 772 4703 885 4760; x_wconf 85' lang='lat' dir='ltr'><strong>Etsi</strong></span> <span class='ocrx_word' id='word_1_364' title='bbox 926 4709 1069 4759; x_wconf 89' lang='lat' dir='ltr'><strong>enim</strong></span> <span class='ocrx_word' id='word_1_365' title='bbox 1122 4711 1276 4763; x_wconf 86' lang='lat' dir='ltr'><strong>multi</strong></span> <span class='ocrx_word' id='word_1_366' title='bbox 1313 4712 1467 4777; x_wconf 88' lang='lat' dir='ltr'><strong>justi,</strong></span> <span class='ocrx_word' id='word_1_367' title='bbox 1499 4724 1551 4768; x_wconf 89' lang='lat' dir='ltr'><strong>et</strong></span> <span class='ocrx_word' id='word_1_368' title='bbox 1575 4718 1734 4772; x_wconf 89' lang='lat' dir='ltr'><strong>amici</strong></span> <span class='ocrx_word' id='word_1_369' title='bbox 1766 4717 1856 4773; x_wconf 82' lang='lat' dir='ltr'><strong>Dei</strong></span> <span class='ocrx_word' id='word_1_370' title='bbox 1907 4723 1959 4775; x_wconf 89' lang='lat' dir='ltr'><strong>in</strong></span> <span class='ocrx_word' id='word_1_371' title='bbox 2021 4723 2266 4794; x_wconf 87' lang='lat' dir='ltr'><strong>Scriptu-</strong></span> 
     </span>
    </p>
   </div>
   <div class='ocr_carea' id='block_1_51' title="bbox 703 4808 2266 4880">
    <p class='ocr_par' dir='ltr' id='par_1_51' title="bbox 703 4808 2266 4880">
     <span class='ocr_line' id='line_1_51' title="bbox 703 4808 2266 4880; baseline 0.017 -34"><span class='ocrx_word' id='word_1_372' title='bbox 703 4810 762 4847; x_wconf 89' lang='lat' dir='ltr'><strong>ra</strong></span> <span class='ocrx_word' id='word_1_373' title='bbox 792 4808 1178 4862; x_wconf 74' lang='lat' dir='ltr'><strong>niemorentur,</strong></span> <span class='ocrx_word' id='word_1_374' title='bbox 1218 4813 1502 4870; x_wconf 87' lang='lat' dir='ltr'><strong>antequam</strong></span> <span class='ocrx_word' id='word_1_375' title='bbox 1535 4808 1837 4873; x_wconf 78' lang='lat' dir='ltr'><strong>adveniret,</strong></span> <span class='ocrx_word' id='word_1_376' title='bbox 1866 4814 1958 4880; x_wconf 85' lang='lat' dir='ltr'><strong>qui</strong></span> <span class='ocrx_word' id='word_1_377' title='bbox 1997 4817 2266 4880; x_wconf 71' lang='lat' dir='ltr'><strong>justiflca-</strong></span> 
     </span>
    </p>
   </div>
   <div class='ocr_carea' id='block_1_52' title="bbox 707 4892 2263 4974">
    <p class='ocr_par' dir='ltr' id='par_1_52' title="bbox 707 4892 2263 4974">
     <span class='ocr_line' id='line_1_52' title="bbox 707 4892 2263 4974; baseline 0.013 -35"><span class='ocrx_word' id='word_1_378' title='bbox 707 4897 788 4940; x_wconf 84' lang='lat' dir='ltr'><strong>ret</strong></span> <span class='ocrx_word' id='word_1_379' title='bbox 835 4898 888 4941; x_wconf 84' lang='lat' dir='ltr'><strong>et</strong></span> <span class='ocrx_word' id='word_1_380' title='bbox 920 4892 1330 4955; x_wconf 82' lang='lat' dir='ltr'><strong>reconciliaret,</strong></span> <span class='ocrx_word' id='word_1_381' title='bbox 1369 4904 1546 4948; x_wconf 88' lang='lat' dir='ltr'><strong>tamen</strong></span> <span class='ocrx_word' id='word_1_382' title='bbox 1592 4899 1721 4951; x_wconf 90' lang='lat' dir='ltr'><strong>illud</strong></span> <span class='ocrx_word' id='word_1_383' title='bbox 1780 4902 1829 4953; x_wconf 93' lang='lat' dir='ltr'><strong>in</strong></span> <span class='ocrx_word' id='word_1_384' title='bbox 1876 4907 2063 4969; x_wconf 72' lang='lat' dir='ltr'><strong>primis</strong></span> <span class='ocrx_word' id='word_1_385' title='bbox 2115 4908 2263 4974; x_wconf 73' lang='lat' dir='ltr'><strong>cogi-</strong></span> 
     </span>
    </p>
   </div>
   <div class='ocr_carea' id='block_1_53' title="bbox 708 4982 2263 5060">
    <p class='ocr_par' dir='ltr' id='par_1_53' title="bbox 708 4982 2263 5060">
     <span class='ocr_line' id='line_1_53' title="bbox 708 4982 2263 5060; baseline 0.012 -31"><span class='ocrx_word' id='word_1_386' title='bbox 708 4982 927 5035; x_wconf 84' lang='lat' dir='ltr'><strong>tandum</strong></span> <span class='ocrx_word' id='word_1_387' title='bbox 960 4991 1065 5044; x_wconf 88' lang='lat' dir='ltr'><strong>est,</strong></span> <span class='ocrx_word' id='word_1_388' title='bbox 1111 4987 1252 5050; x_wconf 84' lang='lat' dir='ltr'><strong>quod</strong></span> <span class='ocrx_word' id='word_1_389' title='bbox 1288 4986 1521 5053; x_wconf 90' lang='lat' dir='ltr'><strong>primum</strong></span> <span class='ocrx_word' id='word_1_390' title='bbox 1561 4990 1623 5041; x_wconf 85' lang='lat' dir='ltr'><strong>ad</strong></span> <span class='ocrx_word' id='word_1_391' title='bbox 1679 4993 1934 5045; x_wconf 66' lang='lat' dir='ltr'><strong>saeculum</strong></span> <span class='ocrx_word' id='word_1_392' title='bbox 1999 4995 2263 5060; x_wconf 78' lang='lat' dir='ltr'><strong>ipsorum,</strong></span> 
     </span>
    </p>
   </div>
   <div class='ocr_carea' id='block_1_54' title="bbox 706 5071 2267 5153">
    <p class='ocr_par' dir='ltr' id='par_1_54' title="bbox 706 5071 2267 5153">
     <span class='ocr_line' id='line_1_54' title="bbox 706 5071 2267 5153; baseline 0.01 -29"><span class='ocrx_word' id='word_1_393' title='bbox 706 5082 823 5136; x_wconf 80' lang='lat' dir='ltr'><strong>post</strong></span> <span class='ocrx_word' id='word_1_394' title='bbox 857 5073 921 5123; x_wconf 88' lang='lat' dir='ltr'><strong>ad</strong></span> <span class='ocrx_word' id='word_1_395' title='bbox 975 5071 1217 5128; x_wconf 79' lang='lat' dir='ltr'><strong>futurum</strong></span> <span class='ocrx_word' id='word_1_396' title='bbox 1247 5077 1530 5141; x_wconf 87' lang='lat' dir='ltr'><strong>attinebat,</strong></span> <span class='ocrx_word' id='word_1_397' title='bbox 1580 5094 1673 5132; x_wconf 88' lang='lat' dir='ltr'><strong>eos</strong></span> <span class='ocrx_word' id='word_1_398' title='bbox 1705 5083 1968 5148; x_wconf 87' lang='lat' dir='ltr'><strong>potuisse.</strong></span> <span class='ocrx_word' id='word_1_399' title='bbox 2004 5095 2057 5138; x_wconf 88' lang='lat' dir='ltr'><strong>et</strong></span> <span class='ocrx_word' id='word_1_400' title='bbox 2109 5102 2267 5153; x_wconf 85' lang='lat' dir='ltr'><strong>para-</strong></span> 
     </span>
    </p>
   </div>
   <div class='ocr_carea' id='block_1_55' title="bbox 708 5161 2265 5244">
    <p class='ocr_par' dir='ltr' id='par_1_55' title="bbox 708 5161 2265 5244">
     <span class='ocr_line' id='line_1_55' title="bbox 708 5161 2265 5244; baseline 0.012 -32"><span class='ocrx_word' id='word_1_401' title='bbox 708 5170 791 5213; x_wconf 88' lang='lat' dir='ltr'><strong>tos</strong></span> <span class='ocrx_word' id='word_1_402' title='bbox 834 5161 999 5215; x_wconf 85' lang='lat' dir='ltr'><strong>fuisse</strong></span> <span class='ocrx_word' id='word_1_403' title='bbox 1027 5163 1091 5215; x_wconf 87' lang='lat' dir='ltr'><strong>ad</strong></span> <span class='ocrx_word' id='word_1_404' title='bbox 1119 5166 1413 5231; x_wconf 70' lang='lat' dir='ltr'><strong>justitiam,</strong></span> <span class='ocrx_word' id='word_1_405' title='bbox 1447 5169 1610 5223; x_wconf 86' lang='lat' dir='ltr'><strong>veluti</strong></span> <span class='ocrx_word' id='word_1_406' title='bbox 1641 5172 1704 5223; x_wconf 85' lang='lat' dir='ltr'><strong>ad</strong></span> <span class='ocrx_word' id='word_1_407' title='bbox 1739 5173 2011 5228; x_wconf 87' lang='lat' dir='ltr'><strong>sublatum</strong></span> <span class='ocrx_word' id='word_1_408' title='bbox 2049 5178 2265 5244; x_wconf 88' lang='lat' dir='ltr'><strong>aliquod</strong></span> 
     </span>
    </p>
   </div>
   <div class='ocr_carea' id='block_1_56' title="bbox 706 5253 2271 5334">
    <p class='ocr_par' dir='ltr' id='par_1_56' title="bbox 706 5253 2271 5334">
     <span class='ocr_line' id='line_1_56' title="bbox 706 5253 2271 5334; baseline 0.009 -29"><span class='ocrx_word' id='word_1_409' title='bbox 706 5253 919 5319; x_wconf 73' lang='lat' dir='ltr'><strong>signum</strong></span> <span class='ocrx_word' id='word_1_410' title='bbox 992 5271 1298 5320; x_wconf 85' lang='lat' dir='ltr'><strong>accurrere,</strong></span> <span class='ocrx_word' id='word_1_411' title='bbox 1374 5262 1755 5330; x_wconf 86' lang='lat' dir='ltr'><strong>persolutuque</strong></span> <span class='ocrx_word' id='word_1_412' title='bbox 1825 5265 2018 5332; x_wconf 79' lang='lat' dir='ltr'><strong>pretio,</strong></span> <span class='ocrx_word' id='word_1_413' title='bbox 2069 5267 2271 5334; x_wconf 81' lang='lat' dir='ltr'><strong>quibus</strong></span> 
     </span>
    </p>
   </div>
   <div class='ocr_carea' id='block_1_57' title="bbox 709 5346 2268 5428">
    <p class='ocr_par' dir='ltr' id='par_1_57' title="bbox 709 5346 2268 5428">
     <span class='ocr_line' id='line_1_57' title="bbox 709 5346 2268 5428; baseline 0.012 -33"><span class='ocrx_word' id='word_1_414' title='bbox 709 5346 1035 5400; x_wconf 79' lang='lat' dir='ltr'><strong>tenebantur</strong></span> <span class='ocrx_word' id='word_1_415' title='bbox 1056 5349 1282 5404; x_wconf 73' lang='lat' dir='ltr'><strong>vinculis</strong></span> <span class='ocrx_word' id='word_1_416' title='bbox 1306 5351 1493 5416; x_wconf 89' lang='lat' dir='ltr'><strong>levari,</strong></span> <span class='ocrx_word' id='word_1_417' title='bbox 1513 5354 1861 5424; x_wconf 86' lang='lat' dir='ltr'><strong>oblatumque</strong></span> <span class='ocrx_word' id='word_1_418' title='bbox 1891 5358 2068 5410; x_wconf 89' lang='lat' dir='ltr'><strong>lumen</strong></span> <span class='ocrx_word' id='word_1_419' title='bbox 2108 5372 2268 5428; x_wconf 70' lang='grc' dir='ltr'>ηερε·</span> 
     </span>
    </p>
   </div>
   <div class='ocr_carea' id='block_1_58' title="bbox 707 5446 2272 5522">
    <p class='ocr_par' dir='ltr' id='par_1_58' title="bbox 707 5446 2272 5522">
     <span class='ocr_line' id='line_1_58' title="bbox 707 5446 2272 5522; baseline 0.01 -28"><span class='ocrx_word' id='word_1_420' title='bbox 707 5453 877 5503; x_wconf 80' lang='lat' dir='ltr'><strong>ctare,</strong></span> <span class='ocrx_word' id='word_1_421' title='bbox 929 5456 982 5498; x_wconf 91' lang='lat' dir='ltr'><strong>et</strong></span> <span class='ocrx_word' id='word_1_422' title='bbox 1036 5446 1408 5501; x_wconf 88' lang='lat' dir='ltr'><strong>demonstrata</strong></span> <span class='ocrx_word' id='word_1_423' title='bbox 1444 5449 1554 5518; x_wconf 88' lang='lat' dir='ltr'><strong>jam</strong></span> <span class='ocrx_word' id='word_1_424' title='bbox 1617 5452 1867 5514; x_wconf 84' lang='lat' dir='ltr'><strong>veritate,</strong></span> <span class='ocrx_word' id='word_1_425' title='bbox 1906 5469 1934 5505; x_wconf 85' lang='lat' dir='ltr'><strong>a</strong></span> <span class='ocrx_word' id='word_1_426' title='bbox 1969 5455 2157 5522; x_wconf 74' lang='lat' dir='ltr'><strong>figuris</strong></span> <span class='ocrx_word' id='word_1_427' title='bbox 2218 5465 2272 5508; x_wconf 87' lang='lat' dir='ltr'><strong>et</strong></span> 
     </span>
    </p>
   </div>
   <div class='ocr_carea' id='block_1_59' title="bbox 709 5522 2268 5612">
    <p class='ocr_par' dir='ltr' id='par_1_59' title="bbox 709 5522 2268 5612">
     <span class='ocr_line' id='line_1_59' title="bbox 709 5522 2268 5612; baseline 0.011 -28"><span class='ocrx_word' id='word_1_428' title='bbox 709 5522 918 5587; x_wconf 79' lang='lat' dir='ltr'><strong>umbris</strong></span> <span class='ocrx_word' id='word_1_429' title='bbox 961 5539 1229 5594; x_wconf 77' lang='lat' dir='ltr'><strong>recedere.</strong></span> <span class='ocrx_word' id='word_1_430' title='bbox 1283 5537 1347 5593; x_wconf 89' lang='lat' dir='ltr'><strong>Et</strong></span> <span class='ocrx_word' id='word_1_431' title='bbox 1370 5542 1473 5593; x_wconf 82' lang='lat' dir='ltr'><strong>hoc</strong></span> <span class='ocrx_word' id='word_1_432' title='bbox 1500 5543 1628 5611; x_wconf 82' lang='lat' dir='ltr'><strong>justi</strong></span> <span class='ocrx_word' id='word_1_433' title='bbox 1674 5545 1742 5598; x_wconf 84' lang='lat' dir='ltr'><strong>ab</strong></span> <span class='ocrx_word' id='word_1_434' title='bbox 1787 5546 2048 5612; x_wconf 82' lang='lat' dir='ltr'><strong>improbis</strong></span> <span class='ocrx_word' id='word_1_435' title='bbox 2096 5547 2268 5601; x_wconf 78' lang='lat' dir='ltr'><strong>diffe-</strong></span> 
     </span>
    </p>
   </div>
   <div class='ocr_carea' id='block_1_60' title="bbox 709 5629 2266 5703">
    <p class='ocr_par' dir='ltr' id='par_1_60' title="bbox 709 5629 2266 5703">
     <span class='ocr_line' id='line_1_60' title="bbox 709 5629 2266 5703; baseline 0.006 -25"><span class='ocrx_word' id='word_1_436' title='bbox 709 5630 921 5693; x_wconf 81' lang='lat' dir='ltr'><strong>rebant,</strong></span> <span class='ocrx_word' id='word_1_437' title='bbox 957 5642 1079 5681; x_wconf 88' lang='lat' dir='ltr'><strong>cum</strong></span> <span class='ocrx_word' id='word_1_438' title='bbox 1127 5639 1312 5684; x_wconf 80' lang='lat' dir='ltr'><strong>essent</strong></span> <span class='ocrx_word' id='word_1_439' title='bbox 1369 5629 1571 5702; x_wconf 87' lang='lat' dir='ltr'><strong>alioqui</strong></span> <span class='ocrx_word' id='word_1_440' title='bbox 1631 5637 2023 5703; x_wconf 85' lang='lat' dir='ltr'><strong>propemodum</strong></span> <span class='ocrx_word' id='word_1_441' title='bbox 2075 5635 2266 5689; x_wconf 72' lang='lat' dir='ltr'><strong>iisdem</strong></span> 
     </span>
    </p>
   </div>
   <div class='ocr_carea' id='block_1_61' title="bbox 2365 613 3923 684">
    <p class='ocr_par' dir='ltr' id='par_1_61' title="bbox 2365 613 3923 684">
     <span class='ocr_line' id='line_1_61' title="bbox 2365 613 3923 684; baseline 0.001 -17"><span class='ocrx_word' id='word_1_442' title='bbox 2365 616 2524 684; x_wconf 89' lang='grc' dir='ltr'>σύνη,</span> <span class='ocrx_word' id='word_1_443' title='bbox 2564 616 2718 668; x_wconf 87' lang='grc' dir='ltr'>τοῦτο</span> <span class='ocrx_word' id='word_1_444' title='bbox 2752 617 2818 670; x_wconf 80' lang='grc' dir='ltr'><strong>ἂν</strong></span> <span class='ocrx_word' id='word_1_445' title='bbox 2855 618 2938 684; x_wconf 80' lang='grc' dir='ltr'><strong>εἴη</strong></span> <span class='ocrx_word' id='word_1_446' title='bbox 2969 617 3028 668; x_wconf 78' lang='grc' dir='ltr'>τὸ</span> <span class='ocrx_word' id='word_1_447' title='bbox 3055 617 3220 668; x_wconf 81' lang='grc' dir='ltr'>πᾶσιν</span> <span class='ocrx_word' id='word_1_448' title='bbox 3265 613 3515 682; x_wconf 78' lang='grc' dir='ltr'><strong>ἀφθόνως</strong></span> <span class='ocrx_word' id='word_1_449' title='bbox 3564 613 3673 668; x_wconf 82' lang='grc' dir='ltr'><strong>τῶν</strong></span> <span class='ocrx_word' id='word_1_450' title='bbox 3703 615 3923 682; x_wconf 77' lang='grc' dir='ltr'><strong>ἀγαθῶν</strong></span> 
     </span>
    </p>
   </div>
   <div class='ocr_carea' id='block_1_62' title="bbox 2363 706 3916 776">
    <p class='ocr_par' dir='ltr' id='par_1_62' title="bbox 2363 706 3916 776">
     <span class='ocr_line' id='line_1_62' title="bbox 2363 706 3916 776; baseline 0.001 -18"><span class='ocrx_word' id='word_1_451' title='bbox 2363 707 2471 758; x_wconf 83' lang='grc' dir='ltr'><strong>τῶν</strong></span> <span class='ocrx_word' id='word_1_452' title='bbox 2501 707 2694 758; x_wconf 81' lang='grc' dir='ltr'>ἑαυτοῦ</span> <span class='ocrx_word' id='word_1_453' title='bbox 2724 707 3045 775; x_wconf 84' lang='grc' dir='ltr'>μεταδοῦναι</span> <span class='ocrx_word' id='word_1_454' title='bbox 3071 708 3163 759; x_wconf 77' lang='grc' dir='ltr'><strong>καὶ</strong></span> <span class='ocrx_word' id='word_1_455' title='bbox 3188 708 3220 776; x_wconf 74' lang='grc' dir='ltr'>ἡ</span> <span class='ocrx_word' id='word_1_456' title='bbox 3243 706 3343 774; x_wconf 84' lang='grc' dir='ltr'>τῆς</span> <span class='ocrx_word' id='word_1_457' title='bbox 3378 707 3781 774; x_wconf 76' lang='grc' dir='ltr'><strong>μακαριότητος</strong></span> <span class='ocrx_word' id='word_1_458' title='bbox 3809 725 3916 760; x_wconf 83' lang='grc' dir='ltr'>κοι-</span> 
     </span>
    </p>
   </div>
   <div class='ocr_carea' id='block_1_63' title="bbox 2363 795 3922 866">
    <p class='ocr_par' dir='ltr' id='par_1_63' title="bbox 2363 795 3922 866">
     <span class='ocr_line' id='line_1_63' title="bbox 2363 795 3922 866; baseline 0 -18"><span class='ocrx_word' id='word_1_459' title='bbox 2363 797 2550 849; x_wconf 89' lang='grc' dir='ltr'>νωνία.</span> <span class='ocrx_word' id='word_1_460' title='bbox 2586 795 2790 848; x_wconf 86' lang='grc' dir='ltr'><strong>Τούτου</strong></span> <span class='ocrx_word' id='word_1_461' title='bbox 2833 795 2995 865; x_wconf 83' lang='grc' dir='ltr'>χάριν</span> <span class='ocrx_word' id='word_1_462' title='bbox 3029 799 3095 848; x_wconf 69' lang='grc' dir='ltr'>τὰ</span> <span class='ocrx_word' id='word_1_463' title='bbox 3143 795 3413 866; x_wconf 82' lang='grc' dir='ltr'>ίερώτατα</span> <span class='ocrx_word' id='word_1_464' title='bbox 3445 799 3722 866; x_wconf 82' lang='grc' dir='ltr'><strong>μυστήρια</strong></span> <span class='ocrx_word' id='word_1_465' title='bbox 3762 798 3922 851; x_wconf 84' lang='grc' dir='ltr'>πύλαι</span> 
     </span>
    </p>
   </div>
   <div class='ocr_carea' id='block_1_64' title="bbox 2365 887 3926 960">
    <p class='ocr_par' dir='ltr' id='par_1_64' title="bbox 2365 887 3926 960">
     <span class='ocr_line' id='line_1_64' title="bbox 2365 887 3926 960; baseline 0.001 -19"><span class='ocrx_word' id='word_1_466' title='bbox 2365 887 2431 941; x_wconf 80' lang='grc' dir='ltr'><strong>ἂν</strong></span> <span class='ocrx_word' id='word_1_467' title='bbox 2478 888 2702 951; x_wconf 87' lang='grc' dir='ltr'>είκότως</span> <span class='ocrx_word' id='word_1_468' title='bbox 2738 889 2986 941; x_wconf 78' lang='grc' dir='ltr'><strong>καλοῖντο</strong></span> <span class='ocrx_word' id='word_1_469' title='bbox 3039 888 3410 958; x_wconf 78' lang='grc' dir='ltr'><strong>δικαιοσύνης,</strong></span> <span class='ocrx_word' id='word_1_470' title='bbox 3451 890 3599 960; x_wconf 75' lang='grc' dir='ltr'>ὁτιή</span> <span class='ocrx_word' id='word_1_471' title='bbox 3645 890 3737 943; x_wconf 86' lang='grc' dir='ltr'><strong>τοῦ</strong></span> <span class='ocrx_word' id='word_1_472' title='bbox 3791 890 3926 943; x_wconf 89' lang='grc' dir='ltr'>Θεοῦ</span> 
     </span>
    </p>
   </div>
   <div class='ocr_carea' id='block_1_65' title="bbox 2365 979 3928 1049">
    <p class='ocr_par' dir='ltr' id='par_1_65' title="bbox 2365 979 3928 1049">
     <span class='ocr_line' id='line_1_65' title="bbox 2365 979 3928 1049; baseline 0.009 -21"><span class='ocrx_word' id='word_1_473' title='bbox 2365 980 2493 1049; x_wconf 75' lang='grc' dir='ltr'>περὶ</span> <span class='ocrx_word' id='word_1_474' title='bbox 2522 979 2581 1032; x_wconf 77' lang='grc' dir='ltr'>τὸ</span> <span class='ocrx_word' id='word_1_475' title='bbox 2614 981 2769 1046; x_wconf 83' lang='grc' dir='ltr'>γένος</span> <span class='ocrx_word' id='word_1_476' title='bbox 2817 980 3019 1049; x_wconf 73' lang='grc' dir='ltr'>ἐσχάτη</span> <span class='ocrx_word' id='word_1_477' title='bbox 3069 979 3453 1049; x_wconf 76' lang='grc' dir='ltr'><strong>φιλανθρωπία</strong></span> <span class='ocrx_word' id='word_1_478' title='bbox 3499 981 3597 1033; x_wconf 79' lang='grc' dir='ltr'>καὶ</span> <span class='ocrx_word' id='word_1_479' title='bbox 3633 979 3928 1047; x_wconf 79' lang='grc' dir='ltr'>ἀγαθότης.</span> 
     </span>
    </p>
   </div>
   <div class='ocr_carea' id='block_1_66' title="bbox 2363 1070 3930 1140">
    <p class='ocr_par' dir='ltr' id='par_1_66' title="bbox 2363 1070 3930 1140">
     <span class='ocr_line' id='line_1_66' title="bbox 2363 1070 3930 1140; baseline -0.001 -18"><span class='ocrx_word' id='word_1_480' title='bbox 2363 1071 2483 1140; x_wconf 74' lang='grc' dir='ltr'>ἥτις</span> <span class='ocrx_word' id='word_1_481' title='bbox 2533 1072 2679 1123; x_wconf 70' lang='grc' dir='ltr'>ἐστὶν</span> <span class='ocrx_word' id='word_1_482' title='bbox 2726 1073 2758 1138; x_wconf 84' lang='grc' dir='ltr'><strong>ἡ</strong></span> <span class='ocrx_word' id='word_1_483' title='bbox 2799 1070 2915 1122; x_wconf 82' lang='grc' dir='ltr'>θεία</span> <span class='ocrx_word' id='word_1_484' title='bbox 2963 1071 3133 1140; x_wconf 79' lang='grc' dir='ltr'>ἀρετὴ</span> <span class='ocrx_word' id='word_1_485' title='bbox 3185 1073 3276 1123; x_wconf 79' lang='grc' dir='ltr'>καὶ</span> <span class='ocrx_word' id='word_1_486' title='bbox 3331 1070 3671 1139; x_wconf 75' lang='grc' dir='ltr'>δικαιοσύνη,</span> <span class='ocrx_word' id='word_1_487' title='bbox 3726 1072 3930 1130; x_wconf 84' lang='grc' dir='ltr'>ταύτας</span> 
     </span>
    </p>
   </div>
   <div class='ocr_carea' id='block_1_67' title="bbox 2365 1162 3638 1232">
    <p class='ocr_par' dir='ltr' id='par_1_67' title="bbox 2365 1162 3638 1232">
     <span class='ocr_line' id='line_1_67' title="bbox 2365 1162 3638 1232; baseline -0.001 -18"><span class='ocrx_word' id='word_1_488' title='bbox 2365 1165 2494 1232; x_wconf 81' lang='grc' dir='ltr'>ἡμῖν</span> <span class='ocrx_word' id='word_1_489' title='bbox 2525 1165 2602 1224; x_wconf 81' lang='grc' dir='ltr'><strong>είς</strong></span> <span class='ocrx_word' id='word_1_490' title='bbox 2628 1164 2718 1215; x_wconf 75' lang='grc' dir='ltr'>τὸν</span> <span class='ocrx_word' id='word_1_491' title='bbox 2745 1162 2970 1232; x_wconf 75' lang='grc' dir='ltr'>οὐρανὸν</span> <span class='ocrx_word' id='word_1_492' title='bbox 2996 1163 3217 1229; x_wconf 77' lang='grc' dir='ltr'>εποίησε</span> <span class='ocrx_word' id='word_1_493' title='bbox 3252 1163 3350 1223; x_wconf 82' lang='grc' dir='ltr'>τὰς</span> <span class='ocrx_word' id='word_1_494' title='bbox 3379 1162 3638 1221; x_wconf 78' lang='grc' dir='ltr'><strong>εἰσόδους.</strong></span> 
     </span>
    </p>
   </div>
   <div class='ocr_carea' id='block_1_68' title="bbox 2436 1253 3932 1323">
    <p class='ocr_par' dir='ltr' id='par_1_68' title="bbox 2436 1253 3932 1323">
     <span class='ocr_line' id='line_1_68' title="bbox 2436 1253 3932 1323; baseline 0.001 -18"><span class='ocrx_word' id='word_1_495' title='bbox 2436 1255 2543 1308; x_wconf 74' lang='grc' dir='ltr'>Καὶ</span> <span class='ocrx_word' id='word_1_496' title='bbox 2581 1253 2686 1322; x_wconf 79' lang='grc' dir='ltr'><strong>μὴν</strong></span> <span class='ocrx_word' id='word_1_497' title='bbox 2718 1256 2807 1305; x_wconf 72' lang='grc' dir='ltr'><strong>καὶ</strong></span> <span class='ocrx_word' id='word_1_498' title='bbox 2829 1253 3016 1323; x_wconf 78' lang='grc' dir='ltr'>ἕτερον</span> <span class='ocrx_word' id='word_1_499' title='bbox 3051 1254 3249 1321; x_wconf 84' lang='grc' dir='ltr'>τρόπον</span> <span class='ocrx_word' id='word_1_500' title='bbox 3286 1253 3463 1322; x_wconf 67' lang='grc' dir='ltr'>κρίσει</span> <span class='ocrx_word' id='word_1_501' title='bbox 3495 1254 3599 1306; x_wconf 80' lang='grc' dir='ltr'>τινὶ</span> <span class='ocrx_word' id='word_1_502' title='bbox 3617 1254 3932 1307; x_wconf 66' lang='grc' dir='ltr'>καὶδικαιο-</span> 
     </span>
    </p>
   </div>
   <div class='ocr_carea' id='block_1_69' title="bbox 2367 1343 3935 1413">
    <p class='ocr_par' dir='ltr' id='par_1_69' title="bbox 2367 1343 3935 1413">
     <span class='ocr_line' id='line_1_69' title="bbox 2367 1343 3935 1413; baseline 0 -17"><span class='ocrx_word' id='word_1_503' title='bbox 2367 1344 2499 1413; x_wconf 77' lang='grc' dir='ltr'>σύνῃ</span> <span class='ocrx_word' id='word_1_504' title='bbox 2531 1345 2688 1396; x_wconf 84' lang='grc' dir='ltr'>τοῦτο</span> <span class='ocrx_word' id='word_1_505' title='bbox 2713 1345 2773 1396; x_wconf 79' lang='grc' dir='ltr'>τὸ</span> <span class='ocrx_word' id='word_1_506' title='bbox 2798 1344 3056 1412; x_wconf 87' lang='grc' dir='ltr'>τρόπαιον</span> <span class='ocrx_word' id='word_1_507' title='bbox 3091 1343 3318 1412; x_wconf 76' lang='grc' dir='ltr'>ἔστησεν</span> <span class='ocrx_word' id='word_1_508' title='bbox 3347 1346 3374 1396; x_wconf 84' lang='grc' dir='ltr'>ὁ</span> <span class='ocrx_word' id='word_1_509' title='bbox 3407 1345 3486 1396; x_wconf 86' lang='grc' dir='ltr'>Κύ</span> <span class='ocrx_word' id='word_1_510' title='bbox 3506 1362 3641 1413; x_wconf 89' lang='grc' dir='ltr'>ριος,</span> <span class='ocrx_word' id='word_1_511' title='bbox 3673 1347 3766 1396; x_wconf 66' lang='grc' dir='ltr'><strong>καὶ</strong></span> <span class='ocrx_word' id='word_1_512' title='bbox 3801 1344 3935 1400; x_wconf 84' lang='grc' dir='ltr'>ταύ-</span> 
     </span>
    </p>
   </div>
   <div class='ocr_carea' id='block_1_70' title="bbox 2355 1431 3934 1504">
    <p class='ocr_par' dir='ltr' id='par_1_70' title="bbox 2355 1431 3934 1504">
     <span class='ocr_line' id='line_1_70' title="bbox 2355 1431 3934 1504; baseline 0.002 -19"><span class='ocrx_word' id='word_1_513' title='bbox 2355 1453 2465 1504; x_wconf 76' lang='grc' dir='ltr'><strong>την</strong></span> <span class='ocrx_word' id='word_1_514' title='bbox 2495 1437 2626 1504; x_wconf 81' lang='grc' dir='ltr'>ἡμῖν</span> <span class='ocrx_word' id='word_1_515' title='bbox 2676 1434 2874 1486; x_wconf 64' lang='grc' dir='ltr'>ἔδωκεν</span> <span class='ocrx_word' id='word_1_516' title='bbox 2922 1433 3020 1502; x_wconf 81' lang='grc' dir='ltr'>τὴν</span> <span class='ocrx_word' id='word_1_517' title='bbox 3057 1432 3236 1501; x_wconf 83' lang='grc' dir='ltr'>πύλην</span> <span class='ocrx_word' id='word_1_518' title='bbox 3263 1433 3357 1484; x_wconf 69' lang='grc' dir='ltr'>καὶ</span> <span class='ocrx_word' id='word_1_519' title='bbox 3386 1431 3488 1501; x_wconf 78' lang='grc' dir='ltr'><strong>τὴν</strong></span> <span class='ocrx_word' id='word_1_520' title='bbox 3532 1433 3674 1487; x_wconf 82' lang='grc' dir='ltr'>ὀδόν.</span> <span class='ocrx_word' id='word_1_521' title='bbox 3702 1434 3777 1485; x_wconf 91' lang='grc' dir='ltr'>Ού</span> <span class='ocrx_word' id='word_1_522' title='bbox 3825 1437 3934 1502; x_wconf 73' lang='grc' dir='ltr'>γὰρ</span> 
     </span>
    </p>
   </div>
   <div class='ocr_carea' id='block_1_71' title="bbox 2365 1523 3933 1598">
    <p class='ocr_par' dir='ltr' id='par_1_71' title="bbox 2365 1523 3933 1598">
     <span class='ocr_line' id='line_1_71' title="bbox 2365 1523 3933 1598; baseline -0.004 -17"><span class='ocrx_word' id='word_1_523' title='bbox 2365 1529 2581 1598; x_wconf 62' lang='grc' dir='ltr'>ἥρπασε</span> <span class='ocrx_word' id='word_1_524' title='bbox 2613 1527 2738 1589; x_wconf 72' lang='grc' dir='ltr'>τοὺς</span> <span class='ocrx_word' id='word_1_525' title='bbox 2794 1523 3193 1593; x_wconf 77' lang='grc' dir='ltr'>αἰχμαλώτους,</span> <span class='ocrx_word' id='word_1_526' title='bbox 3242 1524 3378 1577; x_wconf 87' lang='grc' dir='ltr'><strong>ἀλλά</strong></span> <span class='ocrx_word' id='word_1_527' title='bbox 3406 1525 3604 1594; x_wconf 84' lang='grc' dir='ltr'>λύτρον</span> <span class='ocrx_word' id='word_1_528' title='bbox 3637 1526 3803 1578; x_wconf 78' lang='grc' dir='ltr'>ἔδωκε</span> <span class='ocrx_word' id='word_1_529' title='bbox 3840 1528 3933 1580; x_wconf 71' lang='grc' dir='ltr'><strong>καὶ</strong></span> 
     </span>
    </p>
   </div>
   <div class='ocr_carea' id='block_1_72' title="bbox 2365 1613 3932 1687">
    <p class='ocr_par' dir='ltr' id='par_1_72' title="bbox 2365 1613 3932 1687">
     <span class='ocr_line' id='line_1_72' title="bbox 2365 1613 3932 1687; baseline -0.001 -17"><span class='ocrx_word' id='word_1_530' title='bbox 2365 1619 2527 1687; x_wconf 75' lang='grc' dir='ltr'>ἔδησε</span> <span class='ocrx_word' id='word_1_531' title='bbox 2571 1619 2661 1669; x_wconf 82' lang='grc' dir='ltr'><strong>τὸν</strong></span> <span class='ocrx_word' id='word_1_532' title='bbox 2728 1617 2968 1685; x_wconf 63' lang='grc' dir='ltr'>ίσχυρὶν,</span> <span class='ocrx_word' id='word_1_533' title='bbox 3016 1617 3076 1667; x_wconf 81' lang='grc' dir='ltr'><strong>ού</strong></span> <span class='ocrx_word' id='word_1_534' title='bbox 3129 1613 3205 1685; x_wconf 84' lang='grc' dir='ltr'>τῷ</span> <span class='ocrx_word' id='word_1_535' title='bbox 3264 1617 3435 1682; x_wconf 80' lang='grc' dir='ltr'><strong>μείζω</strong></span> <span class='ocrx_word' id='word_1_536' title='bbox 3487 1617 3715 1685; x_wconf 86' lang='grc' dir='ltr'>δύναμιν</span> <span class='ocrx_word' id='word_1_537' title='bbox 3768 1618 3932 1684; x_wconf 77' lang='grc' dir='ltr'>ἔγειν,</span> 
     </span>
    </p>
   </div>
   <div class='ocr_carea' id='block_1_73' title="bbox 2366 1709 3936 1780">
    <p class='ocr_par' dir='ltr' id='par_1_73' title="bbox 2366 1709 3936 1780">
     <span class='ocr_line' id='line_1_73' title="bbox 2366 1709 3936 1780; baseline -0.001 -18"><span class='ocrx_word' id='word_1_538' title='bbox 2366 1712 2531 1780; x_wconf 82' lang='grc' dir='ltr'><strong>ψήφῳ</strong></span> <span class='ocrx_word' id='word_1_539' title='bbox 2566 1711 2618 1762; x_wconf 69' lang='grc' dir='ltr'>δὲ</span> <span class='ocrx_word' id='word_1_540' title='bbox 2654 1710 2841 1778; x_wconf 78' lang='grc' dir='ltr'>δικαίᾳ</span> <span class='ocrx_word' id='word_1_541' title='bbox 2879 1709 3303 1778; x_wconf 79' lang='grc' dir='ltr'>κατακριθέντα,</span> <span class='ocrx_word' id='word_1_542' title='bbox 3337 1711 3432 1763; x_wconf 78' lang='grc' dir='ltr'><strong>καὶ</strong></span> <span class='ocrx_word' id='word_1_543' title='bbox 3464 1709 3812 1763; x_wconf 71' lang='grc' dir='ltr'>ἐϐασίλευσεν</span> <span class='ocrx_word' id='word_1_544' title='bbox 3844 1711 3936 1761; x_wconf 75' lang='grc' dir='ltr'>ἐπὶ</span> 
     </span>
    </p>
   </div>
   <div class='ocr_carea' id='block_1_74' title="bbox 2367 1794 3936 1868">
    <p class='ocr_par' dir='ltr' id='par_1_74' title="bbox 2367 1794 3936 1868">
     <span class='ocr_line' id='line_1_74' title="bbox 2367 1794 3936 1868; baseline -0.002 -16"><span class='ocrx_word' id='word_1_545' title='bbox 2367 1801 2458 1852; x_wconf 66' lang='grc' dir='ltr'>τὸν</span> <span class='ocrx_word' id='word_1_546' title='bbox 2483 1794 2630 1852; x_wconf 83' lang='grc' dir='ltr'>οἷκον</span> <span class='ocrx_word' id='word_1_547' title='bbox 2665 1799 2878 1864; x_wconf 72' lang='grc' dir='ltr'>Ἰακὼϐ,</span> <span class='ocrx_word' id='word_1_548' title='bbox 2909 1801 2965 1850; x_wconf 77' lang='grc' dir='ltr'>ἐν</span> <span class='ocrx_word' id='word_1_549' title='bbox 3007 1800 3126 1859; x_wconf 88' lang='grc' dir='ltr'>ταῖς</span> <span class='ocrx_word' id='word_1_550' title='bbox 3156 1797 3353 1866; x_wconf 78' lang='grc' dir='ltr'>ψυχαῖς</span> <span class='ocrx_word' id='word_1_551' title='bbox 3385 1798 3491 1850; x_wconf 81' lang='grc' dir='ltr'><strong>τῶν</strong></span> <span class='ocrx_word' id='word_1_552' title='bbox 3516 1799 3816 1867; x_wconf 84' lang='grc' dir='ltr'>ἀνθρώπων</span> <span class='ocrx_word' id='word_1_553' title='bbox 3837 1798 3936 1868; x_wconf 84' lang='grc' dir='ltr'><strong>τὴν</strong></span> 
     </span>
    </p>
   </div>
   <div class='ocr_carea' id='block_1_75' title="bbox 2376 1891 3937 1961">
    <p class='ocr_par' dir='ltr' id='par_1_75' title="bbox 2376 1891 3937 1961">
     <span class='ocr_line' id='line_1_75' title="bbox 2376 1891 3937 1961; baseline -0.001 -17"><span class='ocrx_word' id='word_1_554' title='bbox 2376 1891 2664 1961; x_wconf 81' lang='grc' dir='ltr'>τυραννίδα</span> <span class='ocrx_word' id='word_1_555' title='bbox 2699 1891 2888 1953; x_wconf 86' lang='grc' dir='ltr'>λύσας.</span> <span class='ocrx_word' id='word_1_556' title='bbox 2937 1891 3034 1960; x_wconf 85' lang='grc' dir='ltr'>οὐχ</span> <span class='ocrx_word' id='word_1_557' title='bbox 3070 1892 3151 1943; x_wconf 84' lang='grc' dir='ltr'>ὅτι</span> <span class='ocrx_word' id='word_1_558' title='bbox 3195 1891 3418 1943; x_wconf 75' lang='grc' dir='ltr'>ἐδύνατο</span> <span class='ocrx_word' id='word_1_559' title='bbox 3463 1891 3646 1952; x_wconf 81' lang='grc' dir='ltr'>λῦσαι,</span> <span class='ocrx_word' id='word_1_560' title='bbox 3696 1891 3810 1943; x_wconf 82' lang='grc' dir='ltr'>ἀλλ’</span> <span class='ocrx_word' id='word_1_561' title='bbox 3854 1893 3937 1944; x_wconf 83' lang='grc' dir='ltr'><strong>ὅτι</strong></span> 
     </span>
    </p>
   </div>
   <div class='ocr_carea' id='block_1_76' title="bbox 2375 1976 3936 2052">
    <p class='ocr_par' dir='ltr' id='par_1_76' title="bbox 2375 1976 3936 2052">
     <span class='ocr_line' id='line_1_76' title="bbox 2375 1976 3936 2052; baseline 0 -19"><span class='ocrx_word' id='word_1_562' title='bbox 2375 1982 2605 2051; x_wconf 73' lang='grc' dir='ltr'>λυθῆναι</span> <span class='ocrx_word' id='word_1_563' title='bbox 2637 1983 2848 2034; x_wconf 76' lang='grc' dir='ltr'>δίκαιον</span> <span class='ocrx_word' id='word_1_564' title='bbox 2876 1977 2961 2052; x_wconf 83' lang='grc' dir='ltr'><strong>ἦν.</strong></span> <span class='ocrx_word' id='word_1_565' title='bbox 2995 1982 3100 2034; x_wconf 72' lang='grc' dir='ltr'><strong>Καὶ</strong></span> <span class='ocrx_word' id='word_1_566' title='bbox 3129 1981 3287 2035; x_wconf 88' lang='grc' dir='ltr'>τοῦτο</span> <span class='ocrx_word' id='word_1_567' title='bbox 3315 1983 3585 2051; x_wconf 76' lang='grc' dir='ltr'>ἐμήνυσεν</span> <span class='ocrx_word' id='word_1_568' title='bbox 3611 1985 3668 2035; x_wconf 80' lang='grc' dir='ltr'>ὲν</span> <span class='ocrx_word' id='word_1_569' title='bbox 3687 1976 3767 2045; x_wconf 77' lang='grc' dir='ltr'>οἷς</span> <span class='ocrx_word' id='word_1_570' title='bbox 3792 1979 3936 2046; x_wconf 75' lang='grc' dir='ltr'>εἶπε,</span> 
     </span>
    </p>
   </div>
   <div class='ocr_carea' id='block_1_77' title="bbox 2378 2071 3934 2141">
    <p class='ocr_par' dir='ltr' id='par_1_77' title="bbox 2378 2071 3934 2141">
     <span class='ocr_line' id='line_1_77' title="bbox 2378 2071 3934 2141; baseline 0 -17"><span class='ocrx_word' id='word_1_571' title='bbox 2378 2092 2397 2124; x_wconf 79' lang='grc' dir='ltr'><strong>ι</strong></span> <span class='ocrx_word' id='word_1_572' title='bbox 2435 2072 2756 2140; x_wconf 83' lang='grc' dir='ltr'>Δικαιοσύνη</span> <span class='ocrx_word' id='word_1_573' title='bbox 2804 2073 2895 2124; x_wconf 76' lang='grc' dir='ltr'><strong>καὶ</strong></span> <span class='ocrx_word' id='word_1_574' title='bbox 2922 2071 3094 2140; x_wconf 86' lang='grc' dir='ltr'>κρίμα</span> <span class='ocrx_word' id='word_1_575' title='bbox 3121 2073 3412 2140; x_wconf 81' lang='grc' dir='ltr'>ἑτοιμασία</span> <span class='ocrx_word' id='word_1_576' title='bbox 3441 2073 3533 2126; x_wconf 90' lang='grc' dir='ltr'><strong>τοῦ</strong></span> <span class='ocrx_word' id='word_1_577' title='bbox 3566 2073 3776 2141; x_wconf 84' lang='grc' dir='ltr'>θρόνου.</span> <span class='ocrx_word' id='word_1_578' title='bbox 3812 2092 3829 2123; x_wconf 78' lang='grc' dir='ltr'><strong>ι</strong></span> <span class='ocrx_word' id='word_1_579' title='bbox 3860 2075 3934 2125; x_wconf 77' lang='grc' dir='ltr'><strong>Οὐ</strong></span> 
     </span>
    </p>
   </div>
   <div class='ocr_carea' id='block_1_78' title="bbox 2373 2162 3937 2230">
    <p class='ocr_par' dir='ltr' id='par_1_78' title="bbox 2373 2162 3937 2230">
     <span class='ocr_line' id='line_1_78' title="bbox 2373 2162 3937 2230; baseline 0.001 -15"><span class='ocrx_word' id='word_1_580' title='bbox 2373 2163 2686 2230; x_wconf 84' lang='grc' dir='ltr'>δικαιοσύνη</span> <span class='ocrx_word' id='word_1_581' title='bbox 2716 2163 2770 2214; x_wconf 81' lang='grc' dir='ltr'>δὲ</span> <span class='ocrx_word' id='word_1_582' title='bbox 2805 2164 2963 2230; x_wconf 73' lang='grc' dir='ltr'>μόνον</span> <span class='ocrx_word' id='word_1_583' title='bbox 2995 2162 3198 2226; x_wconf 86' lang='grc' dir='ltr'>ταύτας</span> <span class='ocrx_word' id='word_1_584' title='bbox 3230 2163 3392 2222; x_wconf 83' lang='grc' dir='ltr'>διεῖλε</span> <span class='ocrx_word' id='word_1_585' title='bbox 3437 2165 3536 2226; x_wconf 83' lang='grc' dir='ltr'><strong>τάς</strong></span> <span class='ocrx_word' id='word_1_586' title='bbox 3577 2163 3769 2228; x_wconf 80' lang='grc' dir='ltr'>πύλας,</span> <span class='ocrx_word' id='word_1_587' title='bbox 3802 2163 3937 2216; x_wconf 79' lang='grc' dir='ltr'><strong>ἀλλά</strong></span> 
     </span>
    </p>
   </div>
   <div class='ocr_carea' id='block_1_79' title="bbox 2373 2254 3938 2326">
    <p class='ocr_par' dir='ltr' id='par_1_79' title="bbox 2373 2254 3938 2326">
     <span class='ocr_line' id='line_1_79' title="bbox 2373 2254 3938 2326; baseline -0.001 -19"><span class='ocrx_word' id='word_1_588' title='bbox 2373 2255 2688 2324; x_wconf 78' lang='grc' dir='ltr'>δικαιοσύνη</span> <span class='ocrx_word' id='word_1_589' title='bbox 2738 2254 2806 2306; x_wconf 82' lang='grc' dir='ltr'>δι’</span> <span class='ocrx_word' id='word_1_590' title='bbox 2841 2254 3019 2306; x_wconf 77' lang='grc' dir='ltr'>αὐτῶν</span> <span class='ocrx_word' id='word_1_591' title='bbox 3054 2257 3131 2316; x_wconf 84' lang='grc' dir='ltr'><strong>είς</strong></span> <span class='ocrx_word' id='word_1_592' title='bbox 3163 2255 3224 2307; x_wconf 81' lang='grc' dir='ltr'><strong>τὸ</strong></span> <span class='ocrx_word' id='word_1_593' title='bbox 3276 2255 3549 2326; x_wconf 75' lang='grc' dir='ltr'>ἡμέτερον</span> <span class='ocrx_word' id='word_1_594' title='bbox 3580 2255 3810 2323; x_wconf 82' lang='grc' dir='ltr'>ἀφίκετο</span> <span class='ocrx_word' id='word_1_595' title='bbox 3844 2256 3938 2322; x_wconf 85' lang='grc' dir='ltr'>γέ-</span> 
     </span>
    </p>
   </div>
   <div class='ocr_carea' id='block_1_80' title="bbox 2375 2345 3937 2417">
    <p class='ocr_par' dir='ltr' id='par_1_80' title="bbox 2375 2345 3937 2417">
     <span class='ocr_line' id='line_1_80' title="bbox 2375 2345 3937 2417; baseline -0.001 -18"><span class='ocrx_word' id='word_1_596' title='bbox 2375 2365 2484 2409; x_wconf 76' lang='grc' dir='ltr'>νος.</span> <span class='ocrx_word' id='word_1_597' title='bbox 2533 2347 2655 2397; x_wconf 67' lang='grc' dir='ltr'><strong>Ἐπὶ</strong></span> <span class='ocrx_word' id='word_1_598' title='bbox 2692 2348 2791 2416; x_wconf 80' lang='grc' dir='ltr'>μὲν</span> <span class='ocrx_word' id='word_1_599' title='bbox 2837 2347 2945 2414; x_wconf 88' lang='grc' dir='ltr'>γὰρ</span> <span class='ocrx_word' id='word_1_600' title='bbox 2983 2345 3089 2397; x_wconf 83' lang='grc' dir='ltr'><strong>τῶν</strong></span> <span class='ocrx_word' id='word_1_601' title='bbox 3139 2347 3420 2414; x_wconf 84' lang='grc' dir='ltr'>προτέρων</span> <span class='ocrx_word' id='word_1_602' title='bbox 3459 2347 3687 2417; x_wconf 73' lang='grc' dir='ltr'>χρόνων,</span> <span class='ocrx_word' id='word_1_603' title='bbox 3743 2346 3937 2416; x_wconf 65' lang='grc' dir='ltr'>πρὶνῆ</span> 
     </span>
    </p>
   </div>
   <div class='ocr_carea' id='block_1_81' title="bbox 2372 2434 3940 2508">
    <p class='ocr_par' dir='ltr' id='par_1_81' title="bbox 2372 2434 3940 2508">
     <span class='ocr_line' id='line_1_81' title="bbox 2372 2434 3940 2508; baseline 0.001 -17"><span class='ocrx_word' id='word_1_604' title='bbox 2372 2439 2464 2491; x_wconf 78' lang='grc' dir='ltr'>τὸν</span> <span class='ocrx_word' id='word_1_605' title='bbox 2494 2439 2626 2491; x_wconf 82' lang='grc' dir='ltr'>Θεὸν</span> <span class='ocrx_word' id='word_1_606' title='bbox 2667 2440 2747 2500; x_wconf 89' lang='grc' dir='ltr'><strong>είς</strong></span> <span class='ocrx_word' id='word_1_607' title='bbox 2792 2438 2919 2498; x_wconf 86' lang='grc' dir='ltr'>τοὺς</span> <span class='ocrx_word' id='word_1_608' title='bbox 2959 2434 3279 2506; x_wconf 79' lang='grc' dir='ltr'>ἀνθρώπους</span> <span class='ocrx_word' id='word_1_609' title='bbox 3333 2438 3689 2506; x_wconf 78' lang='grc' dir='ltr'>ἐπιδημῆσαι,</span> <span class='ocrx_word' id='word_1_610' title='bbox 3725 2440 3824 2492; x_wconf 83' lang='grc' dir='ltr'><strong>οὐκ</strong></span> <span class='ocrx_word' id='word_1_611' title='bbox 3870 2435 3940 2508; x_wconf 78' lang='grc' dir='ltr'><strong>ἦν</strong></span> 
     </span>
    </p>
   </div>
   <div class='ocr_carea' id='block_1_82' title="bbox 2374 2527 3939 2599">
    <p class='ocr_par' dir='ltr' id='par_1_82' title="bbox 2374 2527 3939 2599">
     <span class='ocr_line' id='line_1_82' title="bbox 2374 2527 3939 2599; baseline 0.001 -17"><span class='ocrx_word' id='word_1_612' title='bbox 2374 2532 2554 2599; x_wconf 83' lang='grc' dir='ltr'>εὑρεῖν</span> <span class='ocrx_word' id='word_1_613' title='bbox 2589 2527 2939 2596; x_wconf 89' lang='grc' dir='ltr'>δικαιοσύνην</span> <span class='ocrx_word' id='word_1_614' title='bbox 2971 2529 3060 2580; x_wconf 74' lang='grc' dir='ltr'>ἐπὶ</span> <span class='ocrx_word' id='word_1_615' title='bbox 3092 2529 3191 2596; x_wconf 84' lang='grc' dir='ltr'><strong>τῆς</strong></span> <span class='ocrx_word' id='word_1_616' title='bbox 3239 2528 3356 2597; x_wconf 83' lang='grc' dir='ltr'>γῆς.</span> <span class='ocrx_word' id='word_1_617' title='bbox 3394 2530 3569 2593; x_wconf 76' lang='grc' dir='ltr'>Αὐτὸς</span> <span class='ocrx_word' id='word_1_618' title='bbox 3597 2530 3706 2599; x_wconf 78' lang='grc' dir='ltr'>γὰρ</span> <span class='ocrx_word' id='word_1_619' title='bbox 3751 2532 3813 2582; x_wconf 86' lang='grc' dir='ltr'>ἐκ</span> <span class='ocrx_word' id='word_1_620' title='bbox 3846 2530 3939 2584; x_wconf 80' lang='grc' dir='ltr'><strong>τοῦ</strong></span> 
     </span>
    </p>
   </div>
   <div class='ocr_carea' id='block_1_83' title="bbox 2375 2620 3939 2690">
    <p class='ocr_par' dir='ltr' id='par_1_83' title="bbox 2375 2620 3939 2690">
     <span class='ocr_line' id='line_1_83' title="bbox 2375 2620 3939 2690; baseline 0.002 -17"><span class='ocrx_word' id='word_1_621' title='bbox 2375 2621 2604 2690; x_wconf 74' lang='grc' dir='ltr'>ούρανοῦ</span> <span class='ocrx_word' id='word_1_622' title='bbox 2628 2620 2848 2688; x_wconf 77' lang='grc' dir='ltr'>διέκυψε</span> <span class='ocrx_word' id='word_1_623' title='bbox 2879 2620 2974 2673; x_wconf 78' lang='grc' dir='ltr'>καὶ</span> <span class='ocrx_word' id='word_1_624' title='bbox 3005 2620 3270 2689; x_wconf 77' lang='grc' dir='ltr'>ἐζήτησεν</span> <span class='ocrx_word' id='word_1_625' title='bbox 3302 2623 3328 2673; x_wconf 83' lang='grc' dir='ltr'>ὁ</span> <span class='ocrx_word' id='word_1_626' title='bbox 3363 2621 3515 2683; x_wconf 69' lang='grc' dir='ltr'>Θεὸς,</span> <span class='ocrx_word' id='word_1_627' title='bbox 3543 2621 3602 2672; x_wconf 74' lang='grc' dir='ltr'>ὄν</span> <span class='ocrx_word' id='word_1_628' title='bbox 3627 2623 3813 2675; x_wconf 86' lang='grc' dir='ltr'>λαθεῖν</span> <span class='ocrx_word' id='word_1_629' title='bbox 3840 2625 3939 2677; x_wconf 74' lang='grc' dir='ltr'><strong>οὐκ</strong></span> 
     </span>
    </p>
   </div>
   <div class='ocr_carea' id='block_1_84' title="bbox 2373 2708 3941 2782">
    <p class='ocr_par' dir='ltr' id='par_1_84' title="bbox 2373 2708 3941 2782">
     <span class='ocr_line' id='line_1_84' title="bbox 2373 2708 3941 2782; baseline 0.003 -20"><span class='ocrx_word' id='word_1_630' title='bbox 2373 2711 2522 2779; x_wconf 79' lang='grc' dir='ltr'>ἐνῆν,</span> <span class='ocrx_word' id='word_1_631' title='bbox 2558 2713 2716 2782; x_wconf 79' lang='grc' dir='ltr'>εἴπερ</span> <span class='ocrx_word' id='word_1_632' title='bbox 2743 2712 2878 2772; x_wconf 78' lang='grc' dir='ltr'>ὅλως</span> <span class='ocrx_word' id='word_1_633' title='bbox 2905 2708 2992 2782; x_wconf 78' lang='grc' dir='ltr'>ἦν,</span> <span class='ocrx_word' id='word_1_634' title='bbox 3025 2712 3118 2762; x_wconf 67' lang='grc' dir='ltr'><strong>καὶ</strong></span> <span class='ocrx_word' id='word_1_635' title='bbox 3158 2713 3307 2780; x_wconf 81' lang='grc' dir='ltr'>ὅμως</span> <span class='ocrx_word' id='word_1_636' title='bbox 3335 2711 3430 2780; x_wconf 82' lang='grc' dir='ltr'>οὐχ</span> <span class='ocrx_word' id='word_1_637' title='bbox 3462 2708 3585 2782; x_wconf 73' lang='grc' dir='ltr'>εὗρε</span> <span class='ocrx_word' id='word_1_638' title='bbox 3612 2729 3624 2741; x_wconf 81' lang='grc'><em>’</em></span> <span class='ocrx_word' id='word_1_639' title='bbox 3663 2734 3682 2768; x_wconf 84' lang='grc' dir='ltr'><strong>ι</strong></span> <span class='ocrx_word' id='word_1_640' title='bbox 3733 2715 3941 2778; x_wconf 79' lang='grc' dir='ltr'>Πάντες</span> 
     </span>
    </p>
   </div>
   <div class='ocr_carea' id='block_1_85' title="bbox 2373 2801 3937 2870">
    <p class='ocr_par' dir='ltr' id='par_1_85' title="bbox 2373 2801 3937 2870">
     <span class='ocr_line' id='line_1_85' title="bbox 2373 2801 3937 2870; baseline 0.004 -18"><span class='ocrx_word' id='word_1_641' title='bbox 2373 2801 2502 2868; x_wconf 84' lang='grc' dir='ltr'>γὰρ,</span> <span class='ocrx_word' id='word_1_642' title='bbox 2533 2802 2717 2870; x_wconf 73' lang='grc' dir='ltr'>φησὶν,</span> <span class='ocrx_word' id='word_1_643' title='bbox 2761 2802 3062 2866; x_wconf 78' lang='grc' dir='ltr'>ἐξέκλιναν,</span> <span class='ocrx_word' id='word_1_644' title='bbox 3093 2802 3207 2868; x_wconf 68' lang='grc' dir='ltr'><strong>ἅμα</strong></span> <span class='ocrx_word' id='word_1_645' title='bbox 3233 2804 3637 2870; x_wconf 75' lang='grc' dir='ltr'>ἠχρειώθησαν,</span> <span class='ocrx_word' id='word_1_646' title='bbox 3671 2807 3768 2857; x_wconf 79' lang='grc' dir='ltr'><strong>οὐκ</strong></span> <span class='ocrx_word' id='word_1_647' title='bbox 3821 2806 3937 2858; x_wconf 75' lang='grc' dir='ltr'>ἐστι</span> 
     </span>
    </p>
   </div>
   <div class='ocr_carea' id='block_1_86' title="bbox 2373 2894 3934 2967">
    <p class='ocr_par' dir='ltr' id='par_1_86' title="bbox 2373 2894 3934 2967">
     <span class='ocr_line' id='line_1_86' title="bbox 2373 2894 3934 2967; baseline 0.004 -23"><span class='ocrx_word' id='word_1_648' title='bbox 2373 2895 2543 2946; x_wconf 81' lang='grc' dir='ltr'>ποιῶν</span> <span class='ocrx_word' id='word_1_649' title='bbox 2575 2895 2938 2963; x_wconf 76' lang='grc' dir='ltr'>χρηστότητα,</span> <span class='ocrx_word' id='word_1_650' title='bbox 2965 2894 3064 2946; x_wconf 81' lang='grc' dir='ltr'><strong>οὐκ</strong></span> <span class='ocrx_word' id='word_1_651' title='bbox 3089 2894 3234 2944; x_wconf 76' lang='grc' dir='ltr'>ἔστιν</span> <span class='ocrx_word' id='word_1_652' title='bbox 3266 2894 3369 2956; x_wconf 82' lang='grc' dir='ltr'>ἓως</span> <span class='ocrx_word' id='word_1_653' title='bbox 3393 2895 3530 2958; x_wconf 79' lang='grc' dir='ltr'>ἑνός.</span> <span class='ocrx_word' id='word_1_654' title='bbox 3573 2915 3591 2947; x_wconf 75' lang='grc' dir='ltr'><strong>ι</strong></span> <span class='ocrx_word' id='word_1_655' title='bbox 3634 2897 3785 2950; x_wconf 72' lang='grc' dir='ltr'>Ἐπεὶ</span> <span class='ocrx_word' id='word_1_656' title='bbox 3816 2899 3869 2949; x_wconf 74' lang='grc' dir='ltr'>δὲ</span> <span class='ocrx_word' id='word_1_657' title='bbox 3903 2899 3934 2967; x_wconf 87' lang='grc' dir='ltr'><strong>ή</strong></span> 
     </span>
    </p>
   </div>
   <div class='ocr_carea' id='block_1_87' title="bbox 2374 2985 3939 3056">
    <p class='ocr_par' dir='ltr' id='par_1_87' title="bbox 2374 2985 3939 3056">
     <span class='ocr_line' id='line_1_87' title="bbox 2374 2985 3939 3056; baseline 0.001 -17"><span class='ocrx_word' id='word_1_658' title='bbox 2374 2986 2602 3053; x_wconf 82' lang='grc' dir='ltr'>ἀλήθεια</span> <span class='ocrx_word' id='word_1_659' title='bbox 2634 2989 2696 3037; x_wconf 84' lang='grc' dir='ltr'>ὲκ</span> <span class='ocrx_word' id='word_1_660' title='bbox 2735 2987 2832 3054; x_wconf 79' lang='grc' dir='ltr'>τῆς</span> <span class='ocrx_word' id='word_1_661' title='bbox 2861 2985 2962 3051; x_wconf 73' lang='grc' dir='ltr'>γῆς</span> <span class='ocrx_word' id='word_1_662' title='bbox 2997 2985 3239 3036; x_wconf 86' lang='grc' dir='ltr'>ἀνέτειλε</span> <span class='ocrx_word' id='word_1_663' title='bbox 3274 2988 3385 3048; x_wconf 84' lang='grc' dir='ltr'>τοῖς</span> <span class='ocrx_word' id='word_1_664' title='bbox 3420 2988 3474 3037; x_wconf 81' lang='grc' dir='ltr'>ἐν</span> <span class='ocrx_word' id='word_1_665' title='bbox 3515 2986 3592 3056; x_wconf 82' lang='grc' dir='ltr'>τῷ</span> <span class='ocrx_word' id='word_1_666' title='bbox 3637 2989 3820 3040; x_wconf 81' lang='grc' dir='ltr'>σκότει</span> <span class='ocrx_word' id='word_1_667' title='bbox 3844 2990 3939 3040; x_wconf 84' lang='grc' dir='ltr'><strong>τοῦ</strong></span> 
     </span>
    </p>
   </div>
   <div class='ocr_carea' id='block_1_88' title="bbox 2371 3079 3940 3154">
    <p class='ocr_par' dir='ltr' id='par_1_88' title="bbox 2371 3079 3940 3154">
     <span class='ocr_line' id='line_1_88' title="bbox 2371 3079 3940 3154; baseline 0.002 -23"><span class='ocrx_word' id='word_1_668' title='bbox 2371 3080 2601 3148; x_wconf 76' lang='grc' dir='ltr'>ψεύδους</span> <span class='ocrx_word' id='word_1_669' title='bbox 2649 3080 2740 3132; x_wconf 79' lang='grc' dir='ltr'><strong>καὶ</strong></span> <span class='ocrx_word' id='word_1_670' title='bbox 2767 3082 2829 3148; x_wconf 80' lang='grc' dir='ltr'><strong>τῇ</strong></span> <span class='ocrx_word' id='word_1_671' title='bbox 2869 3079 2997 3148; x_wconf 79' lang='grc' dir='ltr'>σκιᾷ</span> <span class='ocrx_word' id='word_1_672' title='bbox 3037 3079 3392 3147; x_wconf 78' lang='grc' dir='ltr'>καθημένοις,</span> <span class='ocrx_word' id='word_1_673' title='bbox 3444 3082 3746 3149; x_wconf 80' lang='grc' dir='ltr'>τηνικαῦτα</span> <span class='ocrx_word' id='word_1_674' title='bbox 3777 3086 3870 3136; x_wconf 71' lang='grc' dir='ltr'><strong>καὶ</strong></span> <span class='ocrx_word' id='word_1_675' title='bbox 3908 3087 3940 3154; x_wconf 84' lang='grc' dir='ltr'><strong>ἡ</strong></span> 
     </span>
    </p>
   </div>
   <div class='ocr_carea' id='block_1_89' title="bbox 2374 3169 3942 3242">
    <p class='ocr_par' dir='ltr' id='par_1_89' title="bbox 2374 3169 3942 3242">
     <span class='ocr_line' id='line_1_89' title="bbox 2374 3169 3942 3242; baseline 0.002 -19"><span class='ocrx_word' id='word_1_676' title='bbox 2374 3170 2688 3238; x_wconf 78' lang='grc' dir='ltr'>δικαιοσύνη</span> <span class='ocrx_word' id='word_1_677' title='bbox 2723 3173 2784 3221; x_wconf 79' lang='grc' dir='ltr'>ὲκ</span> <span class='ocrx_word' id='word_1_678' title='bbox 2837 3169 2932 3221; x_wconf 90' lang='grc' dir='ltr'><strong>τοῦ</strong></span> <span class='ocrx_word' id='word_1_679' title='bbox 2963 3170 3193 3237; x_wconf 76' lang='grc' dir='ltr'>οὐρανοῦ</span> <span class='ocrx_word' id='word_1_680' title='bbox 3243 3170 3500 3240; x_wconf 81' lang='grc' dir='ltr'>διέκυψεν</span> <span class='ocrx_word' id='word_1_681' title='bbox 3529 3174 3659 3241; x_wconf 79' lang='grc' dir='ltr'>ἄρτι</span> <span class='ocrx_word' id='word_1_682' title='bbox 3709 3174 3942 3242; x_wconf 81' lang='grc' dir='ltr'>πρώτως</span> 
     </span>
    </p>
   </div>
   <div class='ocr_carea' id='block_1_90' title="bbox 2375 3260 3941 3330">
    <p class='ocr_par' dir='ltr' id='par_1_90' title="bbox 2375 3260 3941 3330">
     <span class='ocr_line' id='line_1_90' title="bbox 2375 3260 3941 3330; baseline 0.002 -17"><span class='ocrx_word' id='word_1_683' title='bbox 2375 3261 2589 3328; x_wconf 82' lang='grc' dir='ltr'>ἀληθῶς</span> <span class='ocrx_word' id='word_1_684' title='bbox 2613 3261 2704 3312; x_wconf 67' lang='grc' dir='ltr'>καὶ</span> <span class='ocrx_word' id='word_1_685' title='bbox 2721 3260 2939 3322; x_wconf 79' lang='grc' dir='ltr'>τελείως</span> <span class='ocrx_word' id='word_1_686' title='bbox 2954 3263 3065 3322; x_wconf 86' lang='grc' dir='ltr'>τοῖς</span> <span class='ocrx_word' id='word_1_687' title='bbox 3085 3261 3397 3330; x_wconf 83' lang='grc' dir='ltr'>ἀνθρώποις</span> <span class='ocrx_word' id='word_1_688' title='bbox 3421 3266 3648 3330; x_wconf 82' lang='grc' dir='ltr'>φανεῖσα</span> <span class='ocrx_word' id='word_1_689' title='bbox 3674 3280 3685 3294; x_wconf 83' lang='grc'><strong>’</strong></span> <span class='ocrx_word' id='word_1_690' title='bbox 3721 3265 3816 3316; x_wconf 76' lang='grc' dir='ltr'>καὶ</span> <span class='ocrx_word' id='word_1_691' title='bbox 3830 3267 3941 3317; x_wconf 67' lang='grc' dir='ltr'>ὲδις</span> 
     </span>
    </p>
   </div>
   <div class='ocr_carea' id='block_1_91' title="bbox 2374 3351 3941 3424">
    <p class='ocr_par' dir='ltr' id='par_1_91' title="bbox 2374 3351 3941 3424">
     <span class='ocr_line' id='line_1_91' title="bbox 2374 3351 3941 3424; baseline 0.001 -19"><span class='ocrx_word' id='word_1_692' title='bbox 2374 3352 2709 3422; x_wconf 86' lang='grc' dir='ltr'>καιώθημεν,</span> <span class='ocrx_word' id='word_1_693' title='bbox 2728 3351 2942 3418; x_wconf 84' lang='grc' dir='ltr'>πρῶτον</span> <span class='ocrx_word' id='word_1_694' title='bbox 2979 3352 3079 3420; x_wconf 83' lang='grc' dir='ltr'><strong>μὲν</strong></span> <span class='ocrx_word' id='word_1_695' title='bbox 3102 3351 3209 3404; x_wconf 80' lang='grc' dir='ltr'><strong>τῶν</strong></span> <span class='ocrx_word' id='word_1_696' title='bbox 3231 3353 3452 3421; x_wconf 79' lang='grc' dir='ltr'>δεσμῶν</span> <span class='ocrx_word' id='word_1_697' title='bbox 3471 3356 3562 3406; x_wconf 76' lang='grc' dir='ltr'><strong>καὶ</strong></span> <span class='ocrx_word' id='word_1_698' title='bbox 3586 3355 3682 3423; x_wconf 84' lang='grc' dir='ltr'>τῆς</span> <span class='ocrx_word' id='word_1_699' title='bbox 3707 3355 3941 3424; x_wconf 78' lang='grc' dir='ltr'>εὐθύνης</span> 
     </span>
    </p>
   </div>
   <div class='ocr_carea' id='block_1_92' title="bbox 2374 3444 3942 3518">
    <p class='ocr_par' dir='ltr' id='par_1_92' title="bbox 2374 3444 3942 3518">
     <span class='ocr_line' id='line_1_92' title="bbox 2374 3444 3942 3518; baseline 0.003 -22"><span class='ocrx_word' id='word_1_700' title='bbox 2374 3445 2814 3511; x_wconf 79' lang='grc' dir='ltr'>ἀπαλλαγέντες,</span> <span class='ocrx_word' id='word_1_701' title='bbox 2865 3444 2960 3497; x_wconf 87' lang='grc' dir='ltr'><strong>τοῦ</strong></span> <span class='ocrx_word' id='word_1_702' title='bbox 3011 3445 3180 3515; x_wconf 80' lang='grc' dir='ltr'>μηδὲν</span> <span class='ocrx_word' id='word_1_703' title='bbox 3224 3444 3550 3514; x_wconf 75' lang='grc' dir='ltr'>ἀδικηκότος</span> <span class='ocrx_word' id='word_1_704' title='bbox 3599 3447 3740 3516; x_wconf 74' lang='grc' dir='ltr'>ὑπὲρ</span> <span class='ocrx_word' id='word_1_705' title='bbox 3784 3450 3942 3518; x_wconf 80' lang='grc' dir='ltr'>ἡμῶν</span> 
     </span>
    </p>
   </div>
   <div class='ocr_carea' id='block_1_93' title="bbox 2372 3535 3942 3606">
    <p class='ocr_par' dir='ltr' id='par_1_93' title="bbox 2372 3535 3942 3606">
     <span class='ocr_line' id='line_1_93' title="bbox 2372 3535 3942 3606; baseline 0.004 -20"><span class='ocrx_word' id='word_1_706' title='bbox 2372 3535 2858 3604; x_wconf 75' lang='grc' dir='ltr'>ἀπολογησαμένου</span> <span class='ocrx_word' id='word_1_707' title='bbox 2893 3535 2968 3602; x_wconf 81' lang='grc' dir='ltr'>τῷ</span> <span class='ocrx_word' id='word_1_708' title='bbox 3014 3536 3102 3587; x_wconf 81' lang='grc' dir='ltr'>διὰ</span> <span class='ocrx_word' id='word_1_709' title='bbox 3158 3536 3393 3605; x_wconf 81' lang='grc' dir='ltr'>σταυροῦ</span> <span class='ocrx_word' id='word_1_710' title='bbox 3438 3535 3675 3606; x_wconf 80' lang='grc' dir='ltr'>θανάτῳ,</span> <span class='ocrx_word' id='word_1_711' title='bbox 3720 3541 3843 3592; x_wconf 82' lang='grc' dir='ltr'>καθ’</span> <span class='ocrx_word' id='word_1_712' title='bbox 3882 3541 3942 3594; x_wconf 81' lang='grc' dir='ltr'>ὃν</span> 
     </span>
    </p>
   </div>
   <div class='ocr_carea' id='block_1_94' title="bbox 2374 3619 3942 3697">
    <p class='ocr_par' dir='ltr' id='par_1_94' title="bbox 2374 3619 3942 3697">
     <span class='ocr_line' id='line_1_94' title="bbox 2374 3619 3942 3697; baseline 0.002 -18"><span class='ocrx_word' id='word_1_713' title='bbox 2374 3625 2539 3679; x_wconf 80' lang='grc' dir='ltr'>ἔδωκε</span> <span class='ocrx_word' id='word_1_714' title='bbox 2571 3626 2726 3696; x_wconf 86' lang='grc' dir='ltr'>δίκην</span> <span class='ocrx_word' id='word_1_715' title='bbox 2776 3627 2917 3694; x_wconf 84' lang='grc' dir='ltr'>ὑπὲρ</span> <span class='ocrx_word' id='word_1_716' title='bbox 2948 3619 3023 3678; x_wconf 83' lang='grc' dir='ltr'>ὧν</span> <span class='ocrx_word' id='word_1_717' title='bbox 3077 3627 3239 3696; x_wconf 79' lang='grc' dir='ltr'>ἡμεῖς</span> <span class='ocrx_word' id='word_1_718' title='bbox 3298 3627 3701 3697; x_wconf 76' lang='grc' dir='ltr'>ἐτολμήσαμεν,</span> <span class='ocrx_word' id='word_1_719' title='bbox 3747 3629 3942 3684; x_wconf 77' lang='grc' dir='ltr'>ἔπειτα</span> 
     </span>
    </p>
   </div>
   <div class='ocr_carea' id='block_1_95' title="bbox 2374 3715 3943 3786">
    <p class='ocr_par' dir='ltr' id='par_1_95' title="bbox 2374 3715 3943 3786">
     <span class='ocr_line' id='line_1_95' title="bbox 2374 3715 3943 3786; baseline 0.003 -18"><span class='ocrx_word' id='word_1_720' title='bbox 2374 3718 2469 3768; x_wconf 79' lang='grc' dir='ltr'><strong>καὶ</strong></span> <span class='ocrx_word' id='word_1_721' title='bbox 2509 3718 2652 3785; x_wconf 83' lang='grc' dir='ltr'>φίλοι</span> <span class='ocrx_word' id='word_1_722' title='bbox 2685 3715 2822 3768; x_wconf 81' lang='grc' dir='ltr'>θεοῦ</span> <span class='ocrx_word' id='word_1_723' title='bbox 2855 3719 2949 3768; x_wconf 74' lang='grc' dir='ltr'><strong>καὶ</strong></span> <span class='ocrx_word' id='word_1_724' title='bbox 2984 3717 3184 3769; x_wconf 82' lang='grc' dir='ltr'>δίκαιοι</span> <span class='ocrx_word' id='word_1_725' title='bbox 3227 3719 3575 3786; x_wconf 81' lang='grc' dir='ltr'>κατέστημεν</span> <span class='ocrx_word' id='word_1_726' title='bbox 3605 3720 3693 3770; x_wconf 85' lang='grc' dir='ltr'>διὰ</span> <span class='ocrx_word' id='word_1_727' title='bbox 3720 3718 3814 3772; x_wconf 83' lang='grc' dir='ltr'><strong>τὸν</strong></span> <span class='ocrx_word' id='word_1_728' title='bbox 3848 3721 3943 3773; x_wconf 80' lang='grc' dir='ltr'>θά-</span> 
     </span>
    </p>
   </div>
   <div class='ocr_carea' id='block_1_96' title="bbox 2373 3808 3943 3881">
    <p class='ocr_par' dir='ltr' id='par_1_96' title="bbox 2373 3808 3943 3881">
     <span class='ocr_line' id='line_1_96' title="bbox 2373 3808 3943 3881; baseline 0.004 -21"><span class='ocrx_word' id='word_1_729' title='bbox 2373 3827 2532 3861; x_wconf 91' lang='grc' dir='ltr'>νατον</span> <span class='ocrx_word' id='word_1_730' title='bbox 2561 3811 2786 3861; x_wconf 74' lang='grc' dir='ltr'>ἐκεῖνον.</span> <span class='ocrx_word' id='word_1_731' title='bbox 2833 3808 2908 3860; x_wconf 85' lang='grc' dir='ltr'>Ού</span> <span class='ocrx_word' id='word_1_732' title='bbox 2951 3808 3057 3878; x_wconf 75' lang='grc' dir='ltr'>γὰρ</span> <span class='ocrx_word' id='word_1_733' title='bbox 3099 3809 3256 3859; x_wconf 78' lang='grc' dir='ltr'>ἔλυσε</span> <span class='ocrx_word' id='word_1_734' title='bbox 3305 3809 3467 3877; x_wconf 84' lang='grc' dir='ltr'>μόνον</span> <span class='ocrx_word' id='word_1_735' title='bbox 3502 3811 3596 3861; x_wconf 70' lang='grc' dir='ltr'><strong>καὶ</strong></span> <span class='ocrx_word' id='word_1_736' title='bbox 3646 3811 3726 3880; x_wconf 84' lang='grc' dir='ltr'><strong>τῷ</strong></span> <span class='ocrx_word' id='word_1_737' title='bbox 3767 3813 3943 3881; x_wconf 81' lang='grc' dir='ltr'>Πατρὶ</span> 
     </span>
    </p>
   </div>
   <div class='ocr_carea' id='block_1_97' title="bbox 2374 3900 3941 3970">
    <p class='ocr_par' dir='ltr' id='par_1_97' title="bbox 2374 3900 3941 3970">
     <span class='ocr_line' id='line_1_97' title="bbox 2374 3900 3941 3970; baseline 0.003 -17"><span class='ocrx_word' id='word_1_738' title='bbox 2374 3901 2710 3970; x_wconf 81' lang='grc' dir='ltr'>κατήλλαξεν</span> <span class='ocrx_word' id='word_1_739' title='bbox 2749 3900 3036 3953; x_wconf 87' lang='grc' dir='ltr'>ἀποθανὼν</span> <span class='ocrx_word' id='word_1_740' title='bbox 3083 3901 3110 3952; x_wconf 74' lang='grc' dir='ltr'><strong>ὁ</strong></span> <span class='ocrx_word' id='word_1_741' title='bbox 3167 3901 3378 3970; x_wconf 78' lang='grc' dir='ltr'>Σωτὴρ,</span> <span class='ocrx_word' id='word_1_742' title='bbox 3409 3900 3534 3953; x_wconf 83' lang='grc' dir='ltr'><strong>ἀλλά</strong></span> <span class='ocrx_word' id='word_1_743' title='bbox 3567 3905 3662 3954; x_wconf 74' lang='grc' dir='ltr'><strong>καὶ</strong></span> <span class='ocrx_word' id='word_1_744' title='bbox 3695 3923 3713 3954; x_wconf 76' lang='grc' dir='ltr'><strong>ι</strong></span> <span class='ocrx_word' id='word_1_745' title='bbox 3741 3905 3941 3960; x_wconf 75' lang='grc' dir='ltr'>ἔδωκεν</span> 
     </span>
    </p>
   </div>
   <div class='ocr_carea' id='block_1_98' title="bbox 2371 3990 3941 4067">
    <p class='ocr_par' dir='ltr' id='par_1_98' title="bbox 2371 3990 3941 4067">
     <span class='ocr_line' id='line_1_98' title="bbox 2371 3990 3941 4067; baseline 0.001 -21"><span class='ocrx_word' id='word_1_746' title='bbox 2371 3997 2503 4062; x_wconf 79' lang='grc' dir='ltr'>ἡμῖν</span> <span class='ocrx_word' id='word_1_747' title='bbox 2534 3993 2787 4057; x_wconf 78' lang='grc' dir='ltr'>ἐξουσίαν</span> <span class='ocrx_word' id='word_1_748' title='bbox 2818 3993 2984 4046; x_wconf 87' lang='grc' dir='ltr'>τέκνα</span> <span class='ocrx_word' id='word_1_749' title='bbox 3016 3990 3152 4042; x_wconf 89' lang='grc' dir='ltr'>Θεοῦ</span> <span class='ocrx_word' id='word_1_750' title='bbox 3187 3992 3462 4058; x_wconf 77' lang='grc' dir='ltr'>γενέσθαι,</span> <span class='ocrx_word' id='word_1_751' title='bbox 3506 4011 3523 4042; x_wconf 82' lang='grc' dir='ltr'><strong>ι</strong></span> <span class='ocrx_word' id='word_1_752' title='bbox 3563 3994 3807 4061; x_wconf 61' lang='grc' dir='ltr'>συνάψας</span> <span class='ocrx_word' id='word_1_753' title='bbox 3839 3997 3941 4067; x_wconf 76' lang='grc' dir='ltr'>μὲν</span> 
     </span>
    </p>
   </div>
   <div class='ocr_carea' id='block_1_99' title="bbox 2371 4079 3940 4156">
    <p class='ocr_par' dir='ltr' id='par_1_99' title="bbox 2371 4079 3940 4156">
     <span class='ocr_line' id='line_1_99' title="bbox 2371 4079 3940 4156; baseline 0.003 -23"><span class='ocrx_word' id='word_1_754' title='bbox 2371 4081 2549 4150; x_wconf 80' lang='grc' dir='ltr'>ἐαυτῷ</span> <span class='ocrx_word' id='word_1_755' title='bbox 2589 4082 2690 4148; x_wconf 83' lang='grc' dir='ltr'>τὴν</span> <span class='ocrx_word' id='word_1_756' title='bbox 2724 4080 2886 4149; x_wconf 81' lang='grc' dir='ltr'>φύσιν</span> <span class='ocrx_word' id='word_1_757' title='bbox 2909 4081 3007 4149; x_wconf 85' lang='grc' dir='ltr'>τὴν</span> <span class='ocrx_word' id='word_1_758' title='bbox 3043 4080 3320 4149; x_wconf 81' lang='grc' dir='ltr'>ἡμετέραν</span> <span class='ocrx_word' id='word_1_759' title='bbox 3350 4079 3438 4132; x_wconf 81' lang='grc' dir='ltr'>διὰ</span> <span class='ocrx_word' id='word_1_760' title='bbox 3478 4081 3577 4149; x_wconf 78' lang='grc' dir='ltr'>τῆς</span> <span class='ocrx_word' id='word_1_761' title='bbox 3617 4086 3840 4153; x_wconf 68' lang='grc' dir='ltr'>σαρκὸς,</span> <span class='ocrx_word' id='word_1_762' title='bbox 3875 4089 3940 4156; x_wconf 77' lang='grc' dir='ltr'>ἣν</span> 
     </span>
    </p>
   </div>
   <div class='ocr_carea' id='block_1_100' title="bbox 2369 4171 3938 4244">
    <p class='ocr_par' dir='ltr' id='par_1_100' title="bbox 2369 4171 3938 4244">
     <span class='ocr_line' id='line_1_100' title="bbox 2369 4171 3938 4244; baseline 0.003 -20"><span class='ocrx_word' id='word_1_763' title='bbox 2369 4175 2632 4236; x_wconf 85' lang='grc' dir='ltr'>ἀνείλετο,</span> <span class='ocrx_word' id='word_1_764' title='bbox 2700 4174 2985 4228; x_wconf 76' lang='grc' dir='ltr'>συνάπτων</span> <span class='ocrx_word' id='word_1_765' title='bbox 3035 4173 3091 4225; x_wconf 83' lang='grc' dir='ltr'>δὲ</span> <span class='ocrx_word' id='word_1_766' title='bbox 3149 4173 3307 4240; x_wconf 79' lang='grc' dir='ltr'>ἡμῶν</span> <span class='ocrx_word' id='word_1_767' title='bbox 3342 4171 3572 4225; x_wconf 79' lang='grc' dir='ltr'>ἕκαστον</span> <span class='ocrx_word' id='word_1_768' title='bbox 3626 4179 3693 4244; x_wconf 75' lang='grc' dir='ltr'>τῇ</span> <span class='ocrx_word' id='word_1_769' title='bbox 3739 4177 3938 4229; x_wconf 83' lang='grc' dir='ltr'>ἑαυτοῦ</span> 
     </span>
    </p>
   </div>
   <div class='ocr_carea' id='block_1_101' title="bbox 2373 4265 3938 4334">
    <p class='ocr_par' dir='ltr' id='par_1_101' title="bbox 2373 4265 3938 4334">
     <span class='ocr_line' id='line_1_101' title="bbox 2373 4265 3938 4334; baseline 0.003 -18"><span class='ocrx_word' id='word_1_770' title='bbox 2373 4267 2535 4334; x_wconf 71' lang='grc' dir='ltr'>σαρκὶ</span> <span class='ocrx_word' id='word_1_771' title='bbox 2562 4269 2624 4334; x_wconf 86' lang='grc' dir='ltr'>τῇ</span> <span class='ocrx_word' id='word_1_772' title='bbox 2657 4265 2884 4333; x_wconf 84' lang='grc' dir='ltr'>δυνάμει</span> <span class='ocrx_word' id='word_1_773' title='bbox 2931 4266 3039 4316; x_wconf 81' lang='grc' dir='ltr'><strong>τῶν</strong></span> <span class='ocrx_word' id='word_1_774' title='bbox 3088 4268 3428 4333; x_wconf 73' lang='grc' dir='ltr'>μυστηρίων.</span> <span class='ocrx_word' id='word_1_775' title='bbox 3467 4268 3578 4319; x_wconf 75' lang='grc' dir='ltr'><strong>Καὶ</strong></span> <span class='ocrx_word' id='word_1_776' title='bbox 3621 4266 3812 4319; x_wconf 81' lang='grc' dir='ltr'>τοῦτον</span> <span class='ocrx_word' id='word_1_777' title='bbox 3848 4271 3938 4321; x_wconf 77' lang='grc' dir='ltr'><strong>τὸν</strong></span> 
     </span>
    </p>
   </div>
   <div class='ocr_carea' id='block_1_102' title="bbox 2367 4355 3938 4426">
    <p class='ocr_par' dir='ltr' id='par_1_102' title="bbox 2367 4355 3938 4426">
     <span class='ocr_line' id='line_1_102' title="bbox 2367 4355 3938 4426; baseline 0.003 -18"><span class='ocrx_word' id='word_1_778' title='bbox 2367 4357 2567 4422; x_wconf 82' lang='grc' dir='ltr'>τρόπον</span> <span class='ocrx_word' id='word_1_779' title='bbox 2595 4356 2693 4424; x_wconf 78' lang='grc' dir='ltr'>τὴν</span> <span class='ocrx_word' id='word_1_780' title='bbox 2717 4355 2910 4408; x_wconf 80' lang='grc' dir='ltr'>ἑαυτοῦ</span> <span class='ocrx_word' id='word_1_781' title='bbox 2937 4356 3287 4425; x_wconf 84' lang='grc' dir='ltr'>δικαιοσύνην</span> <span class='ocrx_word' id='word_1_782' title='bbox 3320 4360 3411 4411; x_wconf 74' lang='grc' dir='ltr'>καὶ</span> <span class='ocrx_word' id='word_1_783' title='bbox 3442 4359 3542 4426; x_wconf 77' lang='grc' dir='ltr'>τὴν</span> <span class='ocrx_word' id='word_1_784' title='bbox 3570 4359 3714 4423; x_wconf 79' lang='grc' dir='ltr'>ζωὴν</span> <span class='ocrx_word' id='word_1_785' title='bbox 3741 4361 3798 4410; x_wconf 85' lang='grc' dir='ltr'><strong>ὲν</strong></span> <span class='ocrx_word' id='word_1_786' title='bbox 3822 4364 3938 4422; x_wconf 77' lang='grc' dir='ltr'>ταῖς</span> 
     </span>
    </p>
   </div>
   <div class='ocr_carea' id='block_1_103' title="bbox 2371 4446 3946 4519">
    <p class='ocr_par' dir='ltr' id='par_1_103' title="bbox 2371 4446 3946 4519">
     <span class='ocr_line' id='line_1_103' title="bbox 2371 4446 3946 4519; baseline 0.003 -19"><span class='ocrx_word' id='word_1_787' title='bbox 2371 4451 2664 4517; x_wconf 81' lang='grc' dir='ltr'>ἡμετέραις</span> <span class='ocrx_word' id='word_1_788' title='bbox 2696 4446 2972 4500; x_wconf 80' lang='grc' dir='ltr'>ἀνατέλλει</span> <span class='ocrx_word' id='word_1_789' title='bbox 3001 4446 3201 4515; x_wconf 77' lang='grc' dir='ltr'>ψυχαῖς</span> <span class='ocrx_word' id='word_1_790' title='bbox 3223 4465 3236 4478; x_wconf 91' lang='grc'><strong>·</strong></span> <span class='ocrx_word' id='word_1_791' title='bbox 3269 4449 3411 4501; x_wconf 82' lang='grc' dir='ltr'>οὕτω</span> <span class='ocrx_word' id='word_1_792' title='bbox 3425 4449 3523 4519; x_wconf 77' lang='grc' dir='ltr'>τὴν</span> <span class='ocrx_word' id='word_1_793' title='bbox 3553 4449 3725 4517; x_wconf 82' lang='grc' dir='ltr'>ἀληθῆ</span> <span class='ocrx_word' id='word_1_794' title='bbox 3741 4451 3946 4507; x_wconf 58' lang='grc' dir='ltr'>δικαιο-</span> 
     </span>
    </p>
   </div>
   <div class='ocr_carea' id='block_1_104' title="bbox 2373 4538 3940 4609">
    <p class='ocr_par' dir='ltr' id='par_1_104' title="bbox 2373 4538 3940 4609">
     <span class='ocr_line' id='line_1_104' title="bbox 2373 4538 3940 4609; baseline 0.003 -19"><span class='ocrx_word' id='word_1_795' title='bbox 2373 4541 2539 4609; x_wconf 89' lang='grc' dir='ltr'>σύνην</span> <span class='ocrx_word' id='word_1_796' title='bbox 2585 4539 2671 4592; x_wconf 87' lang='grc' dir='ltr'>διὰ</span> <span class='ocrx_word' id='word_1_797' title='bbox 2729 4539 2838 4589; x_wconf 80' lang='grc' dir='ltr'><strong>τῶν</strong></span> <span class='ocrx_word' id='word_1_798' title='bbox 2890 4538 3207 4608; x_wconf 72' lang='grc' dir='ltr'>μυστηρίων</span> <span class='ocrx_word' id='word_1_799' title='bbox 3263 4540 3372 4592; x_wconf 83' lang='grc' dir='ltr'><strong>τῶν</strong></span> <span class='ocrx_word' id='word_1_800' title='bbox 3439 4541 3599 4607; x_wconf 76' lang='grc' dir='ltr'>ἱερῶν</span> <span class='ocrx_word' id='word_1_801' title='bbox 3663 4541 3940 4609; x_wconf 75' lang='grc' dir='ltr'>ἐξεγένετο</span> 
     </span>
    </p>
   </div>
   <div class='ocr_carea' id='block_1_105' title="bbox 2370 4627 3703 4696">
    <p class='ocr_par' dir='ltr' id='par_1_105' title="bbox 2370 4627 3703 4696">
     <span class='ocr_line' id='line_1_105' title="bbox 2370 4627 3703 4696; baseline 0 -13"><span class='ocrx_word' id='word_1_802' title='bbox 2370 4632 2464 4683; x_wconf 72' lang='grc' dir='ltr'>καὶ</span> <span class='ocrx_word' id='word_1_803' title='bbox 2493 4631 2696 4696; x_wconf 86' lang='grc' dir='ltr'>γνῶναι</span> <span class='ocrx_word' id='word_1_804' title='bbox 2726 4631 2836 4689; x_wconf 89' lang='grc' dir='ltr'>τοῖς</span> <span class='ocrx_word' id='word_1_805' title='bbox 2870 4627 3182 4696; x_wconf 81' lang='grc' dir='ltr'>ἀνθρώποις</span> <span class='ocrx_word' id='word_1_806' title='bbox 3211 4628 3307 4680; x_wconf 83' lang='grc' dir='ltr'>καὶ</span> <span class='ocrx_word' id='word_1_807' title='bbox 3337 4629 3703 4692; x_wconf 75' lang='grc' dir='ltr'>κατορθῶσαι.</span> 
     </span>
    </p>
   </div>
   <div class='ocr_carea' id='block_1_106' title="bbox 2441 4718 3934 4790">
    <p class='ocr_par' dir='ltr' id='par_1_106' title="bbox 2441 4718 3934 4790">
     <span class='ocr_line' id='line_1_106' title="bbox 2441 4718 3934 4790; baseline -0.001 -17"><span class='ocrx_word' id='word_1_808' title='bbox 2441 4723 2500 4773; x_wconf 81' lang='lat' dir='ltr'><strong>Ei</strong></span> <span class='ocrx_word' id='word_1_809' title='bbox 2550 4722 2657 4788; x_wconf 76' lang='grc' dir='ltr'><strong>γὰρ</strong></span> <span class='ocrx_word' id='word_1_810' title='bbox 2696 4720 2878 4772; x_wconf 77' lang='grc' dir='ltr'>πολλοὶ</span> <span class='ocrx_word' id='word_1_811' title='bbox 2924 4718 3122 4771; x_wconf 78' lang='grc' dir='ltr'>δίκαιοι</span> <span class='ocrx_word' id='word_1_812' title='bbox 3177 4718 3272 4770; x_wconf 82' lang='grc' dir='ltr'>καὶ</span> <span class='ocrx_word' id='word_1_813' title='bbox 3322 4719 3463 4786; x_wconf 80' lang='grc' dir='ltr'>φίλοι</span> <span class='ocrx_word' id='word_1_814' title='bbox 3506 4718 3641 4770; x_wconf 70' lang='grc' dir='ltr'>θεοῦ</span> <span class='ocrx_word' id='word_1_815' title='bbox 3679 4721 3832 4787; x_wconf 78' lang='grc' dir='ltr'><strong>παρά</strong></span> <span class='ocrx_word' id='word_1_816' title='bbox 3871 4724 3934 4790; x_wconf 78' lang='grc' dir='ltr'>τῇ</span> 
     </span>
    </p>
   </div>
   <div class='ocr_carea' id='block_1_107' title="bbox 2369 4809 3939 4882">
    <p class='ocr_par' dir='ltr' id='par_1_107' title="bbox 2369 4809 3939 4882">
     <span class='ocr_line' id='line_1_107' title="bbox 2369 4809 3939 4882; baseline -0.001 -18"><span class='ocrx_word' id='word_1_817' title='bbox 2369 4813 2558 4882; x_wconf 75' lang='grc' dir='ltr'>Γραφῇ</span> <span class='ocrx_word' id='word_1_818' title='bbox 2609 4813 2733 4880; x_wconf 65' lang='grc' dir='ltr'>πρὶν</span> <span class='ocrx_word' id='word_1_819' title='bbox 2769 4810 2997 4877; x_wconf 83' lang='grc' dir='ltr'>ἀφῖχθαι</span> <span class='ocrx_word' id='word_1_820' title='bbox 3040 4809 3130 4860; x_wconf 77' lang='grc' dir='ltr'>τὸν</span> <span class='ocrx_word' id='word_1_821' title='bbox 3173 4810 3489 4862; x_wconf 80' lang='grc' dir='ltr'>δικαιοῦντα</span> <span class='ocrx_word' id='word_1_822' title='bbox 3544 4811 3636 4862; x_wconf 75' lang='grc' dir='ltr'><strong>καὶ</strong></span> <span class='ocrx_word' id='word_1_823' title='bbox 3686 4811 3939 4864; x_wconf 66' lang='grc' dir='ltr'>διαλλάτ-</span> 
     </span>
    </p>
   </div>
   <div class='ocr_carea' id='block_1_108' title="bbox 2371 4901 3937 4972">
    <p class='ocr_par' dir='ltr' id='par_1_108' title="bbox 2371 4901 3937 4972">
     <span class='ocr_line' id='line_1_108' title="bbox 2371 4901 3937 4972; baseline 0 -16"><span class='ocrx_word' id='word_1_824' title='bbox 2371 4921 2550 4969; x_wconf 84' lang='grc' dir='ltr'>τοντα,</span> <span class='ocrx_word' id='word_1_825' title='bbox 2603 4907 2780 4956; x_wconf 77' lang='grc' dir='ltr'>ἐκεῖνο</span> <span class='ocrx_word' id='word_1_826' title='bbox 2831 4901 3138 4966; x_wconf 81' lang='grc' dir='ltr'>λογίζεσθαι</span> <span class='ocrx_word' id='word_1_827' title='bbox 3174 4902 3298 4970; x_wconf 80' lang='grc' dir='ltr'>χρὴ,</span> <span class='ocrx_word' id='word_1_828' title='bbox 3338 4903 3574 4968; x_wconf 82' lang='grc' dir='ltr'>μάλιστα</span> <span class='ocrx_word' id='word_1_829' title='bbox 3627 4904 3726 4971; x_wconf 81' lang='grc' dir='ltr'><strong>μὲν</strong></span> <span class='ocrx_word' id='word_1_830' title='bbox 3779 4906 3836 4956; x_wconf 79' lang='grc' dir='ltr'>ὲν</span> <span class='ocrx_word' id='word_1_831' title='bbox 3871 4908 3937 4972; x_wconf 81' lang='grc' dir='ltr'>τῇ</span> 
     </span>
    </p>
   </div>
   <div class='ocr_carea' id='block_1_109' title="bbox 2372 4991 3938 5062">
    <p class='ocr_par' dir='ltr' id='par_1_109' title="bbox 2372 4991 3938 5062">
     <span class='ocr_line' id='line_1_109' title="bbox 2372 4991 3938 5062; baseline 0 -16"><span class='ocrx_word' id='word_1_832' title='bbox 2372 4997 2536 5062; x_wconf 84' lang='grc' dir='ltr'>γενεᾷ</span> <span class='ocrx_word' id='word_1_833' title='bbox 2569 4996 2769 5056; x_wconf 81' lang='grc' dir='ltr'>αὐτῶν,</span> <span class='ocrx_word' id='word_1_834' title='bbox 2804 4994 2992 5045; x_wconf 76' lang='grc' dir='ltr'>ἔπειτα</span> <span class='ocrx_word' id='word_1_835' title='bbox 3027 4994 3122 5044; x_wconf 75' lang='grc' dir='ltr'><strong>καὶ</strong></span> <span class='ocrx_word' id='word_1_836' title='bbox 3162 4993 3250 5044; x_wconf 77' lang='grc' dir='ltr'>διὰ</span> <span class='ocrx_word' id='word_1_837' title='bbox 3291 4994 3350 5044; x_wconf 72' lang='grc' dir='ltr'>τὸ</span> <span class='ocrx_word' id='word_1_838' title='bbox 3388 4992 3602 5060; x_wconf 81' lang='grc' dir='ltr'>μέλλον,</span> <span class='ocrx_word' id='word_1_839' title='bbox 3629 4995 3710 5046; x_wconf 83' lang='grc' dir='ltr'>ὅτι</span> <span class='ocrx_word' id='word_1_840' title='bbox 3741 4991 3847 5046; x_wconf 81' lang='grc' dir='ltr'>οἷοί</span> <span class='ocrx_word' id='word_1_841' title='bbox 3879 5013 3938 5046; x_wconf 86' lang='grc' dir='ltr'><strong>τε</strong></span> 
     </span>
    </p>
   </div>
   <div class='ocr_carea' id='block_1_110' title="bbox 2374 5085 3947 5156">
    <p class='ocr_par' dir='ltr' id='par_1_110' title="bbox 2374 5085 3947 5156">
     <span class='ocr_line' id='line_1_110' title="bbox 2374 5085 3947 5156; baseline -0.001 -16"><span class='ocrx_word' id='word_1_842' title='bbox 2374 5089 2619 5154; x_wconf 68' lang='grc' dir='ltr'>ἐγένοντο</span> <span class='ocrx_word' id='word_1_843' title='bbox 2666 5088 2760 5139; x_wconf 63' lang='grc' dir='ltr'><strong>καλ⁸</strong></span> <span class='ocrx_word' id='word_1_844' title='bbox 2817 5085 3356 5152; x_wconf 77' lang='grc' dir='ltr'>παρασκευάσθησαν</span> <span class='ocrx_word' id='word_1_845' title='bbox 3412 5086 3722 5156; x_wconf 81' lang='grc' dir='ltr'>ἀνασχούση</span> <span class='ocrx_word' id='word_1_846' title='bbox 3776 5105 3947 5156; x_wconf 82' lang='grc' dir='ltr'>προσ-</span> 
     </span>
    </p>
   </div>
   <div class='ocr_carea' id='block_1_111' title="bbox 2374 5177 3948 5257">
    <p class='ocr_par' dir='ltr' id='par_1_111' title="bbox 2374 5177 3948 5257">
     <span class='ocr_line' id='line_1_111' title="bbox 2374 5177 3948 5257; baseline -0.001 -25"><span class='ocrx_word' id='word_1_847' title='bbox 2374 5181 2602 5249; x_wconf 86' lang='grc' dir='ltr'>δραμεῖν</span> <span class='ocrx_word' id='word_1_848' title='bbox 2637 5181 2700 5248; x_wconf 79' lang='grc' dir='ltr'>τῇ</span> <span class='ocrx_word' id='word_1_849' title='bbox 2740 5177 3058 5248; x_wconf 85' lang='grc' dir='ltr'>δικαιοσύνῃ</span> <span class='ocrx_word' id='word_1_850' title='bbox 3103 5179 3196 5229; x_wconf 72' lang='grc' dir='ltr'><strong>καὶ</strong></span> <span class='ocrx_word' id='word_1_851' title='bbox 3228 5177 3455 5257; x_wconf 80' lang='grc' dir='ltr'>λυθῆναι</span> <span class='ocrx_word' id='word_1_852' title='bbox 3491 5179 3591 5247; x_wconf 77' lang='grc' dir='ltr'><strong>μὲν</strong></span> <span class='ocrx_word' id='word_1_853' title='bbox 3621 5179 3713 5230; x_wconf 84' lang='grc' dir='ltr'><strong>τοῦ</strong></span> <span class='ocrx_word' id='word_1_854' title='bbox 3745 5180 3948 5247; x_wconf 86' lang='grc' dir='ltr'>λύτρου</span> 
     </span>
    </p>
   </div>
   <div class='ocr_carea' id='block_1_112' title="bbox 2374 5267 3947 5337">
    <p class='ocr_par' dir='ltr' id='par_1_112' title="bbox 2374 5267 3947 5337">
     <span class='ocr_line' id='line_1_112' title="bbox 2374 5267 3947 5337; baseline -0.001 -14"><span class='ocrx_word' id='word_1_855' title='bbox 2374 5270 2831 5337; x_wconf 71' lang='grc' dir='ltr'>καταϐληθέντος,</span> <span class='ocrx_word' id='word_1_856' title='bbox 2885 5268 3013 5318; x_wconf 74' lang='grc' dir='ltr'>ἰδεῖν</span> <span class='ocrx_word' id='word_1_857' title='bbox 3042 5267 3096 5319; x_wconf 82' lang='grc' dir='ltr'>δὲ</span> <span class='ocrx_word' id='word_1_858' title='bbox 3138 5267 3233 5320; x_wconf 83' lang='grc' dir='ltr'><strong>τοῦ</strong></span> <span class='ocrx_word' id='word_1_859' title='bbox 3276 5270 3454 5334; x_wconf 71' lang='grc' dir='ltr'>φωτὸς</span> <span class='ocrx_word' id='word_1_860' title='bbox 3499 5270 3782 5335; x_wconf 80' lang='grc' dir='ltr'>φανέντος,</span> <span class='ocrx_word' id='word_1_861' title='bbox 3815 5271 3947 5321; x_wconf 80' lang='grc' dir='ltr'>ἁνα-</span> 
     </span>
    </p>
   </div>
   <div class='ocr_carea' id='block_1_113' title="bbox 2373 5359 3944 5429">
    <p class='ocr_par' dir='ltr' id='par_1_113' title="bbox 2373 5359 3944 5429">
     <span class='ocr_line' id='line_1_113' title="bbox 2373 5359 3944 5429; baseline 0.001 -16"><span class='ocrx_word' id='word_1_862' title='bbox 2373 5363 2561 5429; x_wconf 84' lang='grc' dir='ltr'>στῆναι</span> <span class='ocrx_word' id='word_1_863' title='bbox 2597 5361 2655 5412; x_wconf 69' lang='grc' dir='ltr'>δὲ</span> <span class='ocrx_word' id='word_1_864' title='bbox 2687 5359 2794 5410; x_wconf 82' lang='grc' dir='ltr'><strong>τῶν</strong></span> <span class='ocrx_word' id='word_1_865' title='bbox 2831 5359 3019 5410; x_wconf 86' lang='grc' dir='ltr'>τύπων</span> <span class='ocrx_word' id='word_1_866' title='bbox 3059 5359 3160 5426; x_wconf 82' lang='grc' dir='ltr'>τῆς</span> <span class='ocrx_word' id='word_1_867' title='bbox 3200 5359 3460 5429; x_wconf 81' lang='grc' dir='ltr'>ἀληθείας</span> <span class='ocrx_word' id='word_1_868' title='bbox 3509 5360 3944 5428; x_wconf 75' lang='grc' dir='ltr'>ἁναδειχθείσης.</span> 
     </span>
    </p>
   </div>
   <div class='ocr_carea' id='block_1_114' title="bbox 2375 5450 3947 5519">
    <p class='ocr_par' dir='ltr' id='par_1_114' title="bbox 2375 5450 3947 5519">
     <span class='ocr_line' id='line_1_114' title="bbox 2375 5450 3947 5519; baseline -0.001 -15"><span class='ocrx_word' id='word_1_869' title='bbox 2375 5457 2479 5506; x_wconf 73' lang='grc' dir='ltr'><strong>Καὶ</strong></span> <span class='ocrx_word' id='word_1_870' title='bbox 2515 5453 2687 5519; x_wconf 67' lang='grc' dir='ltr'>τούτῳ</span> <span class='ocrx_word' id='word_1_871' title='bbox 2729 5451 3024 5517; x_wconf 83' lang='grc' dir='ltr'>διήνεγκαν</span> <span class='ocrx_word' id='word_1_872' title='bbox 3063 5452 3110 5502; x_wconf 80' lang='lat' dir='ltr'><strong>0i</strong></span> <span class='ocrx_word' id='word_1_873' title='bbox 3161 5450 3364 5503; x_wconf 79' lang='grc' dir='ltr'>δίκαιοι</span> <span class='ocrx_word' id='word_1_874' title='bbox 3409 5450 3517 5508; x_wconf 78' lang='grc' dir='ltr'>τῶν</span> <span class='ocrx_word' id='word_1_875' title='bbox 3560 5451 3834 5519; x_wconf 80' lang='grc' dir='ltr'>πονηρῶν,</span> <span class='ocrx_word' id='word_1_876' title='bbox 3885 5453 3947 5504; x_wconf 71' lang='lat' dir='ltr'><strong>tv</strong></span> 
     </span>
    </p>
   </div>
   <div class='ocr_carea' id='block_1_115' title="bbox 2370 5541 3952 5612">
    <p class='ocr_par' dir='ltr' id='par_1_115' title="bbox 2370 5541 3952 5612">
     <span class='ocr_line' id='line_1_115' title="bbox 2370 5541 3952 5612; baseline -0.001 -15"><span class='ocrx_word' id='word_1_877' title='bbox 2370 5549 2482 5607; x_wconf 80' lang='grc' dir='ltr'>τοῖς</span> <span class='ocrx_word' id='word_1_878' title='bbox 2508 5547 2697 5605; x_wconf 81' lang='grc' dir='ltr'>αὐτοῖς</span> <span class='ocrx_word' id='word_1_879' title='bbox 2744 5543 2929 5612; x_wconf 76' lang='grc' dir='ltr'>σχεδὸν</span> <span class='ocrx_word' id='word_1_880' title='bbox 2981 5542 3211 5603; x_wconf 79' lang='grc' dir='ltr'>ἐκείνοις</span> <span class='ocrx_word' id='word_1_881' title='bbox 3259 5541 3412 5608; x_wconf 75' lang='grc' dir='ltr'>ὄντες</span> <span class='ocrx_word' id='word_1_882' title='bbox 3458 5542 3672 5609; x_wconf 76' lang='grc' dir='ltr'>δεσμοῖς</span> <span class='ocrx_word' id='word_1_883' title='bbox 3717 5543 3811 5594; x_wconf 78' lang='grc' dir='ltr'>καὶ</span> <span class='ocrx_word' id='word_1_884' title='bbox 3843 5543 3952 5612; x_wconf 74' lang='grc' dir='ltr'>τὴν</span> 
     </span>
    </p>
   </div>
   <div class='ocr_carea' id='block_1_116' title="bbox 2370 5631 3947 5704">
    <p class='ocr_par' dir='ltr' id='par_1_116' title="bbox 2370 5631 3947 5704">
     <span class='ocr_line' id='line_1_116' title="bbox 2370 5631 3947 5704; baseline -0.001 -17"><span class='ocrx_word' id='word_1_885' title='bbox 2370 5636 2540 5704; x_wconf 81' lang='grc' dir='ltr'>αὐτὴν</span> <span class='ocrx_word' id='word_1_886' title='bbox 2573 5635 2936 5701; x_wconf 76' lang='grc' dir='ltr'>ὑφιστάμενοι</span> <span class='ocrx_word' id='word_1_887' title='bbox 2981 5632 3295 5700; x_wconf 80' lang='grc' dir='ltr'>τυραννίδα,</span> <span class='ocrx_word' id='word_1_888' title='bbox 3328 5631 3408 5684; x_wconf 82' lang='grc' dir='ltr'>ὅτι</span> <span class='ocrx_word' id='word_1_889' title='bbox 3457 5632 3509 5683; x_wconf 81' lang='grc' dir='ltr'>οἱ</span> <span class='ocrx_word' id='word_1_890' title='bbox 3551 5632 3649 5700; x_wconf 78' lang='grc' dir='ltr'><strong>μὲν</strong></span> <span class='ocrx_word' id='word_1_891' title='bbox 3677 5631 3812 5701; x_wconf 66' lang='grc' dir='ltr'>πρὸς</span> <span class='ocrx_word' id='word_1_892' title='bbox 3850 5631 3947 5685; x_wconf 79' lang='grc' dir='ltr'><strong>τὸν</strong></span> 
     </span>
    </p>
   </div>
   <div class='ocr_carea' id='block_1_117' title="bbox 790 5775 2477 5881">
    <p class='ocr_par' dir='ltr' id='par_1_117' title="bbox 790 5807 2477 5881">
     <span class='ocr_line' id='line_1_117' title="bbox 790 5807 2477 5881; baseline 0.007 -23"><span class='ocrx_word' id='word_1_893' title='bbox 790 5807 831 5835; x_wconf 88' lang='grc'><strong>³⁰</strong></span> <span class='ocrx_word' id='word_1_894' title='bbox 880 5807 1032 5862; x_wconf 77' lang='lat' dir='ltr'><strong>llum.</strong></span> <span class='ocrx_word' id='word_1_895' title='bbox 1086 5826 1121 5871; x_wconf 83' lang='grc' dir='ltr'><strong>ι,</strong></span> <span class='ocrx_word' id='word_1_896' title='bbox 1164 5810 1244 5864; x_wconf 85' lang='lat' dir='ltr'><strong>l7.</strong></span> <span class='ocrx_word' id='word_1_897' title='bbox 1323 5810 1364 5841; x_wconf 86' lang='lat'><strong>&quot;</strong></span> <span class='ocrx_word' id='word_1_898' title='bbox 1398 5810 1541 5866; x_wconf 83' lang='lat' dir='ltr'><strong>Psal.</strong></span> <span class='ocrx_word' id='word_1_899' title='bbox 1585 5811 1846 5876; x_wconf 66' lang='grc' dir='ltr'>εἱιυνιιι,</span> <span class='ocrx_word' id='word_1_900' title='bbox 1875 5814 1960 5867; x_wconf 82' lang='grc'><strong>15.</strong></span> <span class='ocrx_word' id='word_1_901' title='bbox 2041 5817 2084 5848; x_wconf 84' lang='grc'><strong>⁸³</strong></span> <span class='ocrx_word' id='word_1_902' title='bbox 2116 5812 2258 5871; x_wconf 88' lang='lat' dir='ltr'><strong>Psal.</strong></span> <span class='ocrx_word' id='word_1_903' title='bbox 2309 5831 2418 5881; x_wconf 72' lang='lat' dir='ltr'><strong>xu,</strong></span> <span class='ocrx_word' id='word_1_904' title='bbox 2456 5815 2477 5869; x_wconf 73' lang='grc' dir='ltr'><strong>ἓ</strong></span> 
     </span>
    </p>
   </div>
   <div class='ocr_carea' id='block_1_118' title="bbox 1336 5775 3023 5881">
    <p class='ocr_par' dir='ltr' id='par_1_118' title="bbox 1336 5775 3023 5881">
     <span class='ocr_line' id='line_1_118' title="bbox 1336 5775 3023 5881; baseline 0.001 -17"><span class='ocrx_word' id='word_1_905' title='bbox 1336 5811 1364 5841; x_wconf 91' lang='grc'>¹¹</span> <span class='ocrx_word' id='word_1_906' title='bbox 1398 5810 1541 5866; x_wconf 83' lang='lat' dir='ltr'><strong>Psal.</strong></span> <span class='ocrx_word' id='word_1_907' title='bbox 1585 5811 1846 5876; x_wconf 66' lang='grc' dir='ltr'>εἱιυνιιι,</span> <span class='ocrx_word' id='word_1_908' title='bbox 1875 5814 1960 5867; x_wconf 82' lang='grc'><strong>15.</strong></span> <span class='ocrx_word' id='word_1_909' title='bbox 2041 5817 2084 5848; x_wconf 84' lang='grc'><strong>⁸³</strong></span> <span class='ocrx_word' id='word_1_910' title='bbox 2116 5812 2258 5871; x_wconf 88' lang='lat' dir='ltr'><strong>Psal.</strong></span> <span class='ocrx_word' id='word_1_911' title='bbox 2309 5831 2418 5881; x_wconf 72' lang='lat' dir='ltr'><strong>xu,</strong></span> <span class='ocrx_word' id='word_1_912' title='bbox 2456 5775 2511 5869; x_wconf 74' lang='grc'><strong>25.¹</strong></span> <span class='ocrx_word' id='word_1_913' title='bbox 2565 5782 2633 5846; x_wconf 41' lang='grc'><strong>’³³</strong></span> <span class='ocrx_word' id='word_1_914' title='bbox 2653 5811 2812 5870; x_wconf 77' lang='lat' dir='ltr'><strong>Joan.</strong></span> <span class='ocrx_word' id='word_1_915' title='bbox 2851 5826 2889 5879; x_wconf 89' lang='lat' dir='ltr'><strong>I,</strong></span> <span class='ocrx_word' id='word_1_916' title='bbox 2938 5812 3023 5865; x_wconf 72' lang='grc'><strong>19..</strong></span> 
     </span>
    </p>
   </div>
  </div>
