4272 6446
354 381 467 442 509

1461 396 1560 455 DE
1602 397 1776 456 VITA
1822 397 1902 457 IN
1945 389 2285 460 CIIRISTO
2328 405 2472 462 LIB.
2517 405 2568 463 ῐ.

3485 406 3590 468 ΜΟ

353 496 798 586 ἀνδραποδισμὸν
835 501 1042 553 ἐκεῖνον
1085 503 1180 556 καὶ
1220 503 1316 573 τὴν
1346 505 1593 559 δουλείαν
1642 511 1917 580 δυσχερῶς
1946 508 1992 566 Α
2022 530 2040 568 c

1904 525 1917 569 ;
1946 508 1992 566 Α
2022 518 2372 584 compedibus
2407 520 2621 578 irretiti,
2666 521 3024 585 eamdemque
3065 517 3402 586 tyrannidem
3438 530 3591 584 pate-

357 583 528 656 εἶχον,
566 590 659 640 καὶ
698 589 927 659 ηὔχοντο
969 594 1028 646 τὸ
1067 594 1438 666 δεσμωτήριον
1474 603 1927 670 καταστραψῆναι

357 683 456 731 καὶ
487 681 554 730 τὰ
601 681 777 745 δεσμὰ
824 686 1004 736 ἐκεῖνα
1039 685 1286 753 λυθῆναι,
1333 690 1428 742 καὶ
1480 692 1787 760 ἐπεθύμουν
1831 711 1932 744 πα-

359 770 633 840 τουμένην
667 773 797 826 ἰδεῖν
831 775 935 825 ὑπὸ
962 777 1069 826 τῶν
1095 778 1392 846 δεδεμένων
1416 780 1514 849 τὴν
1543 781 1634 833 τοῦ
1665 783 1930 850 τυράννου

361 862 629 932 κεφαλήν,
677 867 785 926 τοῖς
824 867 881 920 δὲ
931 868 1050 922 οὔτε
1093 871 1264 924 ἐδόκει
1312 873 1480 925 δεινὸν
1511 874 1660 926 οὐδὲν
1687 878 1754 926 τὰ
1791 893 1935 945 παρ-

367 953 519 1017 όντα,
576 957 670 1007 καὶ
725 957 918 1026 ἥδοντο
965 961 1326 1022 δουλεύοντες.
1385 960 1500 1018 Οἶοι
1555 966 1651 1017 καὶ
1695 967 1785 1016 ἐπὶ
1829 967 1937 1019 τῶν

366 1045 595 1114 ἡμερῶν
654 1049 876 1101 ἐκείνων
942 1053 1189 1116 ἐγένοντο
1243 1055 1351 1105 τῶν
1408 1056 1712 1124 μακαρίων,
1748 1055 1796 1106 οἶ
1850 1057 1939 1108 τὸν

363 1137 520 1204 ἥλιον
555 1140 642 1189 ἐπ’
665 1141 846 1192 αὐτῶν
877 1144 1235 1196 ἁνατείλαντα
1265 1145 1388 1197 οὔτε
1422 1147 1671 1208 ἐδέξαντο
1698 1150 1789 1199 καὶ
1812 1150 1942 1199 ἁπο-

366 1227 560 1278 σσὲσαι
593 1231 958 1300 ἐπεχείρησαν
993 1229 1072 1296 οἷς
1105 1234 1252 1302 ἐξῆν,
1292 1237 1356 1287 δι’
1387 1230 1461 1289 ὧν
1489 1237 1747 1306 ᾠήθησαν
1783 1237 1942 1306 δυνη-

365 1317 527 1383 θῆναι
557 1322 820 1386 ἀφανίσαι
853 1324 954 1393 τὴν
995 1327 1190 1378 ἀκτῖνα
1237 1328 1416 1381 πάντα
1448 1329 1750 1388 ποιοῦντες.
1779 1330 1943 1382 Ὅθεν

367 1413 465 1462 καὶ
497 1413 547 1462 oi
603 1417 702 1481 μὲν
751 1416 1022 1485 ἐλύθησαν
1057 1421 1156 1487 τῆς
1212 1421 1269 1471 ὲν
1311 1417 1438 1491 ᾅδου
1485 1421 1802 1488 τυραννίδος
1850 1421 1942 1472 τοῦ

369 1500 639 1569 βασιλέως
673 1507 959 1572 φανέντος,
1000 1511 1049 1561 oi
1095 1511 1151 1562 δὲ
1181 1511 1403 1574 ἔμειναν
1445 1513 1536 1564 ἐπὶ
1568 1512 1676 1564 τῶν
1706 1511 1941 1580 δεσμῶν.

442 1684 708 1754 Καθάπερ
759 1687 852 1738 ἐπὶ
890 1686 998 1738 τῶν
1035 1689 1394 1742 νοσούντωνοῖ
1435 1689 1532 1760 τὴν
1570 1689 1862 1758 θεραπείαν
1888 1693 1950 1744 ἐκ

368 1779 576 1838 παντὸς
604 1779 807 1846 τρόπου
841 1780 1066 1848 ζητοῦσι
1094 1781 1190 1834 καὶ
1228 1781 1320 1835 τὸν
1352 1783 1536 1852 ἰατρδν
1575 1783 1749 1852 ἡδέως
1779 1784 1945 1853 ὁρῶσι

369 1870 478 1921 τῶν
517 1870 654 1937 μηδὲ
682 1870 903 1923 είδότων
934 1874 1013 1923 ὅτι
1043 1873 1256 1927 νοσοῦσι
1290 1877 1381 1928 καὶ
1415 1875 1550 1945 πρὸς
1585 1876 1654 1928 τὰ
1681 1877 1947 1945 φάρμακα

369 1961 782 2029 ὰποπηδώντων
813 1963 1070 2031 ἀμείνους
1104 1965 1196 2015 καὶ
1223 1965 1613 2035 ἁνεκτο-έρονς
1640 1961 1777 2016 εἶναι
1812 1983 1949 2032 cup-

372 2051 552 2104 ϐαίνει
579 2069 593 2082 ·
634 2052 860 2116 τούτους
902 2056 1014 2124 γὰρ
1052 2057 1079 2106 6
1117 2053 1323 2122 ἰατρὸς,
1359 2049 1647 2122 οἶμαι,καὶ
1673 2055 1950 2121 ὑγιαίνονι

371 2165 474 2209 τας
528 2148 628 2218 ἤδη
678 2151 941 2218 προσερεῖ
989 2151 1081 2201 καὶ
1138 2151 1302 2218 μήπω
1359 2149 1609 2214 ὑγιάσας,
1667 2149 1718 2200 εἴ
1765 2167 1828 2216 γε
1878 2149 1949 2218 μή

377 2240 623 2292 σύνοιδεν
661 2241 844 2309 ἑαυτῷ
876 2241 976 2311 τὴν
1004 2241 1199 2310 τέχνην
1233 2242 1329 2309 τῆς
1364 2243 1674 2312 ἀρρωστίας
1703 2242 1906 2294 ἐλάττω
1935 2258 1948 2272 ο

371 2329 566 2382 τοῦτον
617 2329 710 2385 τὸν
740 2333 942 2400 τρόπον
985 2333 1081 2384 καὶ
1128 2333 1369 2395 δικαίους
1414 2331 1508 2385 καὶ
1554 2333 1739 2400 φίλους
1778 2331 1953 2394 ἐνίους

375 2425 471 2476 ἐπὶ
504 2425 615 2476 τῶν
645 2427 856 2496 χρόνων
903 2426 1133 2479 ἐκείνων
1172 2426 1432 2480 ἐκάλεσεν
1460 2429 1487 2478 6
1534 2425 1686 2488 Θεός.
1738 2425 1817 2478 Τὰ
1845 2425 1953 2495 γὰρ

376 2518 514 2586 παρ’
549 2517 759 2570 ἑαυτῶν
795 2520 1081 2589 εἰσέφερον
1110 2519 1288 2572 πάντα
1315 2521 1410 2572 καὶ
1436 2519 1535 2589 τήν
1564 2520 1798 2587 δυνατὴν
1830 2520 1956 2571 ἐπε-

374 2610 625 2674 δείξαντο
679 2611 1066 2677 δικαιοσύνην,
1129 2613 1269 2683 ὅπερ
1325 2612 1555 2680 λυθῆναι
1613 2611 1711 2680 μὲν
1767 2611 1955 2676 ἀξίους

375 2703 605 2772 ἐποίησε
632 2703 725 2754 τοῦ
751 2702 911 2755 λῦσαι
943 2703 1245 2773 δυναμένου
1279 2706 1563 2772 φανέντος.
1590 2705 1744 2757 ἔλυσε
1778 2704 1833 2756 δὲ
1863 2705 1957 2756 οὑ-

377 2796 593 2862 δαμῶς.
629 2796 823 2847 Καίτοι
866 2797 914 2847 εί
956 2795 1113 2846 τοῦτο
1142 2791 1208 2866 ἦν
1243 2796 1451 2865 ἀληθὴς
1489 2795 1830 2863 δικαιοσύνη.
1863 2798 1957 2852 καὶ

377 2886 533 2937 αὺτοὶ
567 2885 632 2936 ἂν
667 2880 806 2955 ἦσαν
842 2905 862 2936 ι
895 2888 951 2936 ὲν
985 2886 1177 2957 εἰρήνῃ
1225 2887 1316 2938 καὶ
1355 2889 1413 2938 ἐν
1446 2891 1587 2956 χειρὶ
1617 2887 1776 2949 Θεοῦ,
1814 2906 1831 2937 ι
1864 2888 1960 2938 Σο-

376 2977 566 3048 λομὼν
608 2975 752 3041 εἷπε,
785 2979 844 3030 1:6
883 2978 1044 3047 σῶμα
1087 2980 1468 3044 ἀνατιθέμενοι
1509 2981 1702 3032 τοῦτο·
1758 2980 1854 3032 νῦν
1904 2981 1960 3032 δὲ

375 3070 793 3140 ἀπερχομένους
818 3069 1027 3122 ἐνθένδε
1052 3070 1182 3141 ᾅδης
1206 3071 1499 3140 ἐξεδέχετο.
1525 3073 1638 3140 Τήν
1657 3072 1764 3140 γὰρ
1787 3072 1960 3142 ἀληθῆ

375 3160 733 3229 δικαιοσύνην
763 3162 858 3213 καὶ
884 3159 984 3230 τὴν
1021 3162 1162 3230 πρὸς
1195 3161 1327 3213 Θεὸν
1361 3163 1609 3231 ἑταιρίαν
1636 3161 1733 3232 οὐχ
1759 3163 1958 3232 ὑπερό-

380 3273 498 3325 ριον
527 3253 695 3307 οὖσαν
723 3256 1043 3322 κατήγαγεν
1073 3256 1100 3305 6
1131 3256 1411 3324 Δεσπότης
1440 3255 1614 3322 ἡμῶν,
1645 3255 1759 3308 ἀλλ’
1797 3257 1958 3319 αὑτὶμς

377 3349 684 3416 εἰσήγαγεν
719 3347 798 3409 είς
843 3345 938 3398 τὸν
997 3347 1227 3414 κόσμον,
1265 3349 1358 3398 καὶ
1415 3352 1513 3415 τὴν
1558 3348 1830 3416 φέρουσαν
1880 3349 1960 3410 εἰς

376 3442 471 3492 τὸν
505 3440 736 3509 οὐρανὸν
764 3441 866 3492 οὐκ
893 3434 1054 3491 οὖσαν
1087 3432 1271 3508 εὗρεν,
1307 3439 1418 3490 ἀλλ’
1458 3441 1618 3502 αὐτὸς
1650 3440 1863 3509 ἔτεμεν.
1901 3441 1961 3491 El

379 3534 492 3602 γὰρ
525 3530 616 3602 ἦν,
661 3537 754 3586 καὶ
787 3533 944 3595 ἄλλος
977 3533 1041 3584 ἂν
1082 3533 1245 3601 ἔτεμε
1281 3535 1388 3585 τῶν
1419 3535 1702 3604 προτέρων
1730 3551 1742 3564 ·
1784 3535 1877 3588 νῦν
1907 3535 1964 3588 δὲ

386 3617 407 3676 ξ
452 3626 643 3688 Οὐδεὶς
700 3624 1047 3692 ἀναϐἐόηκεν
1092 3627 1173 3687 εἰς
1203 3626 1293 3677 τὸν
1339 3627 1589 3694 οὐρανὸν,
1640 3629 1687 3678 εἰ
1737 3628 1810 3697 μὴ
1842 3629 1868 3679 6
1901 3630 1964 3679 ἐκ

379 3719 478 3773 τοῦ
509 3719 742 3786 οὐρανοῦ
777 3718 1047 3783 καταῦἒις,
1073 3719 1100 3770 6
1136 3718 1263 3781 Υἱὸς
1290 3718 1384 3771 τοῦ
1405 3719 1716 3789 ἀνθρώπου,
1752 3723 1777 3771 ὁ
1803 3721 1879 3772 ὢν
1905 3723 1960 3772 ὲν

377 3813 461 3881 τῷ
492 3811 732 3882 οὐρανῷ.
772 3830 790 3862 ι
823 3811 1131 3884 Ὅπου-γὰρ
1158 3810 1352 3877 ἄφεσιν
1379 3812 1668 3881 ἁμαρτιῶν
1698 3814 1790 3864 καὶ
1812 3814 1968 3881 δίκης

381 3905 718 3974 ἀπαλλαγὴν
750 3904 850 3956 οὐκ
886 3898 955 3972 ἦν
987 3904 1172 3972 εὑρεῖν
1205 3904 1310 3972 πρὸ
1347 3903 1441 3956 τοῦ
1477 3903 1738 3974 σταυροῦ,
1763 3907 1815 3957 τί
1860 3909 1966 3976 χρὴ

383 3999 518 4060 περὶ
565 3995 916 4061 δικαιοσύνης
965 3994 1244 4062 νομίζεινς
1285 3997 1358 4048 Οὐ
1409 3997 1518 4066 γὰρ
1548 3993 1615 4067 ἦν
1651 3999 1966 4063 ἀκόλουθον,

383 4089 570 4155 οἶμαι,
602 4093 735 4159 πρὶν
785 4086 1200 4156 καταλλαγῆναι
1239 4089 1377 4156 μετὰ
1410 4089 1504 4142 τοῦ
1542 4090 1704 4159 χοροῦ
1739 4092 1846 4143 τῶν
1879 4095 1970 4159 φί-

383 4188 498 4233 λων
531 4181 755 4234 ἑστάναι
804 4179 900 4231 καὶ
929 4179 1108 4247 δεσμὰ
1155 4180 1578 4248 περικειμένους
1625 4180 1704 4232 ἔτι
1733 4183 1968 4252 ἐστεφα-

384 4274 667 4343 νωμένους
697 4271 1176 4342 ἀνακηρύττεσθαι
1201 4287 1213 4300 ο
1245 4271 1379 4333 ὅλως
1405 4271 1460 4324 δὲ
1487 4274 1533 4324 εί
1555 4272 1614 4324 τὸ
1641 4273 1748 4325 πᾶν
1777 4274 1972 4343 ήνυσεν

384 4367 415 4418 6
450 4366 622 4431 ἀμνὸς
655 4365 893 4426 ὲκεῖκος,
929 4362 981 4414 τί
1013 4361 1123 4415 τῶν
1148 4363 1418 4429 δευτέρων
1442 4363 1547 4416 ἔδει
1576 4364 1820 4430 τούτωνς
1854 4364 1972 4418 Τῶν

383 4458 501 4528 γὰρ
533 4457 724 4509 τύπων
755 4457 849 4510 καὶ
880 4455 990 4507 τῶν
1032 4455 1258 4506 εἰκόνων
1285 4456 1384 4524 τήν
1409 4455 1754 4526 ζητουμένην
1790 4457 1972 4510 εὐδαι-

2031 619 2233 664 rentnr.
2279 611 2414 662 Nam
2466 613 2538 663 illi
2588 610 2913 676 mancipium
2946 618 3000 660 et
3067 611 3382 660 servitutem
3450 609 3593 659 illam

2035 697 2221 765 iniquo
2285 701 2531 754 ferebant
2604 702 2834 761 animo,
2881 700 3250 767 optabantque
3319 713 3594 751 carcerem

2033 791 2263 852 destrui,
2291 803 2342 846 et
2376 793 2587 844 vincula
2640 793 2725 843 illa
2759 792 3046 858 disrumpi.
3099 800 3152 843 et
3192 791 3402 858 tyranni
3435 801 3596 854 caput

2037 901 2064 936 a
2105 885 2299 937 vinctis
2330 885 2708 935 conculcatum
2748 883 2928 933 videre
2953 881 3262 948 cupiebant.
3289 881 3383 931 llis
3416 890 3595 930 autem

2040 987 2277 1041 praesens
2303 989 2480 1026 rerum
2518 982 2694 1024 status
2755 972 2885 1024 nihil
2923 971 3122 1022 habere
3161 969 3420 1021 horribile
3456 970 3600 1020 vidi--

2042 1071 2219 1129 batur,
2260 1076 2312 1118 et
2349 1067 2609 1119 servitute
2639 1067 2752 1132 ipsa
2789 1065 3126 1115 lwtabantur.
3157 1061 3360 1125 Quales
3390 1072 3438 1113 et
3472 1061 3602 1112 bea-

2045 1159 2112 1210 tis
2151 1157 2256 1209 illis
2282 1158 2620 1223 temporibus
2663 1165 2844 1213 erant,
2877 1155 2971 1220 qui
3024 1153 3191 1205 solem
3227 1167 3391 1218 super
3425 1166 3480 1202 se
3513 1167 3604 1201 e\'-

2043 1259 2222 1299 ortum
2259 1261 2356 1299 nec
2384 1246 2763 1308 admitti-bant,
2800 1254 2854 1297 et
2905 1244 3106 1310 quibus
3145 1253 3366 1307 pOSSt'lll
3431 1243 3605 1292 modis

2046 1341 2388 1405 exstinguere
2413 1338 2794 1398 moliebantur,
2820 1335 2952 1386 nihil
2979 1338 3473 1402 punet-mittentes,
3497 1347 3606 1397 quo

2047 1445 2104 1481 se
2144 1430 2352 1480 radium
2403 1427 2793 1480 obscuratnros
2846 1426 3270 1476 arbitrabantur.
3332 1419 3486 1474 Unde
3554 1432 3606 1473 et

2049 1517 2146 1579 illi,
2179 1518 2269 1569 ubi
2308 1532 2396 1568 rex
2425 1516 2698 1584 apparuit,
2750 1530 2778 1565 e
2835 1524 3069 1566 tartareo
3105 1513 3385 1568 dominatu
3436 1512 3606 1577 erepti

2052 1619 2215 1660 sunt:
2254 1608 2304 1658 hi
2341 1622 2468 1658 vero
2503 1608 2553 1657 in
2588 1603 2819 1657 vinculis
2854 1611 3292 1671 permansermit.

2121 1700 2273 1754 Sicut
2311 1698 2455 1750 enim
2501 1697 2639 1749 inter
2685 1705 2939 1764 aegrotos.
2988 1694 3440 1761 quicurationcm
3465 1707 3611 1744 0mm

2054 1792 2330 1861 diligentia
2361 1791 2678 1857 exquirunt.
2721 1796 2777 1839 et
2808 1785 3075 1838 medicum
3106 1783 3327 1836 minime
3355 1795 3612 1832 aversan-

2051 1896 2159 1948 tur,
2192 1884 2257 1937 iis
2299 1883 2483 1952 quine
2513 1882 2754 1934 sentiunt
2779 1879 3001 1948 quidem
3049 1891 3106 1930 se
3157 1884 3437 1943 a-grotare,
3487 1883 3538 1925 et
3582 1887 3612 1925 a

2052 1977 2323 2031 medicina
2375 1976 2646 2037 resiliunt,
2689 1972 2955 2025 meliores
2987 1980 3039 2022 et
3066 1967 3464 2022 tolerabiliores
3495 1981 3614 2018 esse

2050 2069 2266 2125 solent:
2308 2069 2392 2121 his
2425 2067 2670 2121 medicus
2705 2063 2972 2125 medetur,
2999 2062 3215 2130 opinor,
3281 2068 3334 2112 et
3364 2059 3617 2113 convale-

2051 2172 2268 2216 scentes
2310 2161 2626 2228 alloquitur,
2661 2159 2821 2227 idque
2845 2156 2976 2209 nihil
3009 2154 3282 2214 dubitans.
3331 2153 3375 2207 si
3411 2153 3618 2209 UOVet‘it

2051 2263 2222 2309 artem
2241 2267 2393 2306 suam
2437 2251 2609 2305 morbi
2643 2249 2861 2303 saevitiae
2893 2263 2999 2301 non
3051 2248 3310 2313 imparem
3358 2259 3513 2308 esse;
3551 2244 3612 2294 ad

2053 2347 2300 2398 eumdem
2361 2344 2580 2396 modum
2612 2342 2775 2394 etiam
2803 2339 2982 2408 juslos
3012 2348 3066 2392 et
3113 2337 3314 2391 amicos
3351 2337 3613 2404 quosdam

2055 2440 2160 2493 illis
2190 2438 2400 2493 saeculis
2453 2436 2664 2489 vocavit
2723 2434 2881 2487 Deus.
2924 2433 3071 2497 Quod
3107 2431 3248 2487 enim
3302 2430 3354 2482 in
3392 2444 3449 2482 se
3480 2437 3616 2488 erat,

2057 2535 2107 2588 id
2142 2531 2491 2601 prazslahant,
2537 2534 2590 2579 et
2653 2542 2750 2595 pro
2805 2526 2946 2578 virili
3011 2524 3274 2588 justitiam
3343 2521 3613 2584 colebant,

2057 2626 2198 2695 quod
2235 2639 2329 2676 eos
2383 2621 2657 2674 solutione
2704 2619 2899 2687 dignos
2957 2618 3213 2668 reddebat
3244 2654 3256 2675 ,
3318 2629 3438 2666 cum
3487 2612 3531 2664 is
3566 2612 3616 2662 in

2061 2711 2238 2767 medio
2268 2716 2435 2772 esset,
2462 2708 2560 2777 qui
2607 2707 2848 2761 solvendi
2878 2713 3200 2774 potestatem
3245 2702 3497 2755 habebat.
3526 2702 3623 2754 Ast

2061 2804 2372 2872 neutiquam
2404 2801 2589 2855 solvit.
2631 2798 2791 2867 Atqui
2830 2799 2872 2850 si
2906 2793 3018 2849 hac
3052 2807 3168 2849 erat
3218 2811 3341 2847 vera
3390 2794 3622 2862 iustitia,

2062 2895 2165 2963 ipsi
2226 2905 2442 2961 quoque
2480 2904 2709 2957 corpore
2749 2891 2850 2942 hoc
2875 2889 3121 2954 deposito
3154 2905 3170 2935 ι
3203 2886 3253 2937 in
3307 2900 3435 2952 pace
3487 2892 3539 2936 et
3571 2883 3625 2935 in

2063 3002 2222 3039 manu
2262 2984 2351 3037 Dei
2375 3002 2393 3034 ι
2432 2996 2553 3037 esse
2582 2982 2902 3033 delmernnt.
2929 2979 3082 3031 Nunc
3114 2987 3206 3028 aut
3227 2992 3293 3028 -ιιι
3314 2992 3378 3030 ex
3407 2981 3506 3028 hac
3543 2975 3628 3027 lu-

2064 3099 2124 3135 ce
2178 3082 2476 3141 abeuntes,
2536 3075 2691 3129 inferi
2762 3073 3126 3141 excipiebant.
3193 3069 3389 3122 Veram
3433 3069 3631 3137 quippe

1986 3199 2027 3254 ο
2056 3176 2326 3249 justitiam
2367 3184 2417 3226 et
2451 3186 2572 3224 cum
2622 3170 2728 3222 Deo
2783 3167 3080 3221 amicitiam
3144 3164 3404 3216 Dominus
3451 3170 3635 3214 noster

2066 3286 2172 3323 non
2234 3283 2263 3321 e
2309 3261 2696 3319 remotissimis
2747 3268 2796 3313 et
2856 3257 3158 3326 peregrinis
3213 3256 3346 3309 lacis
3378 3263 3632 3323 tamquam

2063 3367 2130 3416 ab
2159 3360 2351 3415 exsilio
2384 3357 2598 3410 reduxit
2630 3371 2646 3420 ;
2705 3353 2795 3407 sed
2833 3353 3066 3421 ipsemet
3127 3351 3332 3416 primus
3362 3347 3415 3398 in
3475 3362 3639 3398 mun-

2065 3458 2188 3506 dum
2222 3449 2540 3507 introdnvit,
2579 3456 2633 3498 et
2673 3445 2773 3496 iter
2805 3444 2856 3495 in
2885 3444 3078 3494 ccclum
3117 3440 3314 3501 [νει-ης,
3362 3453 3465 3489 non
3490 3437 3632 3505 quod

2063 3554 2181 3598 erat
2237 3543 2466 3601 invenit,
2505 3539 2598 3591 sed
2670 3537 2784 3604 ipse
2848 3535 2978 3585 illud
3014 3532 3267 3594 munivit,
3308 3540 3360 3581 et
3390 3527 3634 3581 ambula-

2068 3637 2163 3689 vit.
2201 3634 2330 3686 Nam
2374 3631 2419 3684 si
2461 3629 2676 3692 fuisset,
2715 3627 2908 3694 utique
2943 3626 3083 3676 alius
3133 3624 3244 3691 pris
3282 3637 3440 3674 orum
3506 3619 3639 3671 illud

2068 3726 2393 3796 capessisset
2439 3741 2453 3776 :
2511 3740 2527 3771 ι
2562 3720 2723 3787 Atqui
2781 3732 2937 3770 nemo
2996 3714 3241 3770 ascendit
3309 3715 3360 3766 in
3417 3712 3641 3773 caelum,

2070 3823 2173 3875 nisi
2209 3819 2376 3873 Filius
2409 3815 2663 3878 hominis,
2693 3813 2784 3882 qui
2821 3823 2903 3865 est
2938 3811 2991 3862 in
3049 3809 3185 3862 coelo
3245 3806 3309 3860 “.
3350 3825 3368 3857 ι
3414 3804 3645 3870 Quando

2069 3915 2213 3966 enim
2241 3918 2588 3979 peccatorum
2619 3906 2858 3965 veniam,
2927 3914 3324 3969 prenarnmque
3383 3898 3644 3950 immuni-

2074 4012 2235 4055 tatem
2294 4008 2421 4053 ante
2461 3997 2750 4050 Dominum
2805 3996 2856 4047 in
2913 4007 3076 4046 cruce
3124 3989 3377 4045 sufﬁxum
3419 3988 3648 4054 adipiSci

2072 4112 2179 4150 non
2218 4095 2387 4156 licuit,
2423 4093 2550 4160 quid
2602 4089 2911 4159 dejustitia
2960 4083 3450 4141 existimabimus?
3492 4081 3647 4135 Haud

2072 4190 2216 4242 enim
2249 4193 2682 4239 consentaneum
2721 4191 2861 4244 erat,
2896 4189 2954 4232 ut
2979 4179 3240 4238 arbitror,
3277 4183 3401 4228 ante
3454 4190 3649 4228 recon-

2074 4281 2406 4347 ciliationem
2443 4278 2496 4331 in
2527 4278 2696 4330 choro
2737 4275 3042 4328 amicorum
3077 4267 3363 4333 collocari,
3396 4267 3647 4320 etadhue

2077 4373 2317 4427 vinculis
2365 4369 2737 4436 circumdatos
2801 4380 2898 4434 pro
2961 4364 3238 4418 coronatis
3289 4358 3646 4428 promulgari.

2075 4468 2144 4523 Ut
2176 4465 2485 4520 summatim
2525 4462 2721 4523 dicam,
2756 4461 2801 4512 si
2843 4474 3016 4526 agnus
3074 4455 3344 4524 paschalis
3389 4453 3478 4506 ille
3537 4467 3654 4503 om-

378 4544 585 4626 ’μονίαν
615 4548 1046 4613 εἰσενεγκόντων
1086 4548 1264 4618 μάτην
1295 4551 1325 4617 ἡ
1358 4550 1584 4618 ἀλήθεια
1616 4551 1708 4602 καὶ
1737 4551 1806 4602 τὰ
1834 4552 1976 4618 πρὰ-
2007 4537 2050 4591 Ῑ)

1966 4580 1976 4590 ·
2007 4537 2050 4591 D
2082 4562 2168 4615 nia
2197 4557 2446 4615 confecit,
2500 4553 2627 4622 quid
2677 4552 2761 4606 his
2808 4550 3201 4620 pOsterioribus
3229 4562 3368 4614 opus
3410 4544 3510 4597 fuit
3545 4545 3591 4576 ³⁸
3630 4544 3653 4596 ?

383 4666 605 4716 γματα.
639 4646 715 4698 Τό
745 4662 808 4713 γε
839 4649 944 4715 μὴν
969 4645 1057 4697 διὰ
1093 4644 1186 4696 τοῦ
1222 4643 1451 4696 θανάτου
1483 4641 1576 4695 τοῦ
1610 4643 1846 4712 Χριστοῦ
1872 4644 1973 4711 τὴν

384 4740 594 4810 ἔχθραν
647 4736 1043 4805 καταλυθῆναι,
1081 4719 1188 4789 ’καὶ
1220 4735 1281 4787 τὸ
1341 4735 1657 4803 μεσότοιχον
1706 4736 1771 4787 ὲκ
1805 4736 1972 4803 μέσου

382 4832 777 4904 γενέσθαικαὶ
819 4833 1048 4901 εἰρήνην
1083 4829 1177 4883 καὶ
1210 4829 1562 4896 δικαιοσύνην
1605 4829 1702 4880 ἐπὶ
1732 4827 1839 4881 τῶν
1877 4827 1972 4881 τοῦ

384 4926 652 4995 Σωτῆρος
682 4923 914 4994 ἡμερῶν
951 4923 1235 4975 ἀνατεῖλαι
1287 4923 1381 4972 καὶ
1408 4920 1590 4973 πάντα
1626 4918 1822 4982 ταῦτα,
1852 4919 1974 4972 τίνα

383 5020 455 5073 ἂν
485 5019 568 5070 ἔτι
614 5015 803 5087 χώραν
834 5015 970 5084 ἔχοι,
1010 5017 1058 5066 εί
1103 5014 1248 5082 φίλοι
1298 5013 1435 5065 Θεοῦ
1488 5012 1583 5063 καὶ
1635 5011 1835 5063 δίκαιοι
1874 5012 1978 5081 πρὸ

383 5113 487 5180 τῆς
545 5110 738 5169 θυσίας
771 5096 916 5180 ἦσαν
969 5095 1219 5177 ἐκείνης
1274 5105 1592 5174 Τεκμήριον
1625 5105 1679 5157 δὲ
1732 5107 1977 5158 κάκεῖνο.

385 5203 433 5253 Τ
449 5205 526 5253 ὶτε
572 5200 674 5268 μὲν
703 5200 816 5266 γὰρ
845 5201 1010 5266 νόμος
1056 5199 1203 5265 ήμᾶς
1235 5197 1312 5265 τῷ
1357 5197 1475 5263 Θεῷ
1514 5197 1772 5262 συνῆπτε,
1807 5197 1899 5247 νῦν
1925 5197 1983 5249 δὲ

385 5294 581 5356 πίστις
609 5296 702 5345 καὶ
736 5292 898 5361 χάρις
930 5291 1023 5343 καὶ
1050 5291 1104 5343 ετ
1130 5307 1180 5343 τι
1209 5290 1416 5342 τούτων
1448 5289 1650 5359 ἔχεται.
1679 5287 1849 5356 Δῆλον
1875 5290 1983 5358 γὰρ

384 5386 652 5442 ἐντεῦθεν
685 5384 992 5454 τηνικαῦτα
1054 5384 1153 5453 μὲν
1196 5383 1470 5445 δουλείαν,
1506 5383 1600 5433 νῦν
1647 5383 1721 5440 δὲ⁴
1761 5381 1983 5449 υίότητα

385 5484 485 5535 καὶ
516 5479 706 5548 φιλίαν
736 5481 837 5544 τζν
872 5477 981 5529 τῶν
1007 5474 1313 5545 ἀνθρώπων
1348 5475 1484 5544 πρὸς
1527 5474 1660 5525 Θεὸν
1699 5474 1984 5525 κοινωνίαν

383 5569 532 5627 εἶναι
561 5587 573 5599 ·
603 5571 632 5621 6
679 5569 779 5639 μὲν
807 5571 918 5639 γὰρ
945 5569 1111 5635 νόμος
1154 5571 1267 5631 τοῖς
1306 5567 1535 5630 δούλοις,
1582 5565 1752 5633 φίλων
1784 5564 1841 5616 δὲ
1891 5563 1984 5616 καὶ

385 5664 530 5719 υἱῶν
567 5666 599 5731 ἡ
636 5660 794 5731 χάρις
834 5659 927 5713 καὶ
963 5661 997 5731 ή
1030 5659 1214 5724 πίστις
1246 5660 1338 5713 καὶ
1387 5659 1448 5711 τὸ
1497 5658 1744 5729 θαρρεῖν.
1787 5655 1874 5720 Ἐξ
1907 5649 1982 5709 ὧν

469 5855 513 5888 ³³
544 5855 680 5910 Joan
720 5868 798 5919 ιιι,
842 5851 926 5907 13.

2080 4650 2212 4704 Nam
2240 4647 2283 4702 si
2321 4649 2425 4717 Iypi
2476 4656 2531 4697 et
2581 4643 2843 4713 imagines
2873 4643 3155 4710 quaesitum
3213 4638 3518 4692 felicitatem
3573 4645 3654 4690 at-

2082 4741 2344 4799 tulerunt,
2380 4737 2579 4790 veritas
2631 4745 2683 4788 ct
2724 4748 2812 4787 res
2842 4733 2954 4801 ipsa
2986 4733 3168 4785 inania
3201 4743 3351 4784 sunt.
3377 4729 3480 4783 Per
3506 4743 3655 4783 mor-

2083 4843 2190 4886 tem
2231 4847 2356 4882 vero
2385 4825 2590 4881 Christi
2622 4823 2941 4877 inimicitias
2989 4821 3253 4884 convelli,
3306 4828 3359 4873 et
3414 4817 3656 4872 medium

2084 4925 2343 4995 parietem
2375 4937 2403 4975 e
2444 4919 2622 4973 medio
2665 4917 2777 4972 tolli
2816 4917 2883 4981 “,
2948 4929 3244 4984 pacemque
3302 4922 3356 4967 et
3388 4913 3658 4981 justitiam

2085 5015 2417 5083 temporibus
2476 5008 2776 5064 Salvatoris
2829 5008 3052 5068 exoriri,
3105 5017 3159 5061 et
3191 5005 3379 5059 omnia
3434 5005 3656 5058 demum

2086 5104 2414 5176 hujnsmodi,
2472 5115 2762 5169 quemnam
2822 5099 3000 5152 adhuc
3059 5097 3238 5150 locum
3303 5096 3558 5156 habeant,
3613 5094 3657 5147 si

2085 5209 2208 5250 ante
2250 5193 2580 5249 saerilicium
2637 5193 2767 5246 illud
2814 5191 2946 5260 justi
3002 5198 3054 5242 et
3119 5190 3276 5243 amici
3331 5187 3422 5239 Dei
3455 5188 3664 5240 erant?

2087 5290 2183 5344 Est
2228 5299 2283 5342 et
2331 5287 2477 5340 aliud
2520 5288 2573 5340 in
2615 5292 2869 5355 promptu
2907 5294 3315 5353 argumentum.
3349 5281 3503 5335 Tunc
3536 5281 3661 5350 qui-

2090 5382 2209 5436 dem
2241 5379 2325 5433 lex
2358 5378 2462 5433 Deo
2490 5391 2592 5431 nos
2621 5375 2958 5430 consociavit
2987 5391 2999 5428 :
3030 5382 3249 5427 at'nunc
3282 5371 3436 5434 ﬁdes,
3467 5382 3662 5440 etgra-

2093 5473 2191 5536 tia,
2245 5484 2297 5525 et
2350 5471 2393 5524 si
2433 5469 2560 5537 quid
2615 5469 2699 5522 his
2768 5467 2925 5521 aliine
2970 5476 3074 5520 est.
3133 5463 3474 5518 Manifestum
3514 5461 3664 5516 enim

2092 5564 2238 5628 hinc,
2290 5573 2402 5616 tum
2443 5562 2662 5632 quidem
2720 5559 3164 5614 communionem
3201 5556 3481 5609 hominum
3537 5569 3662 5607 cum

2095 5656 2204 5710 Deo
2236 5670 2441 5709 meram
2491 5655 2834 5720 servitutem,
2875 5666 3023 5706 nunc
3059 5665 3189 5705 vero
3234 5649 3466 5705 ﬁliorum
3497 5648 3664 5720 adop-

1009 5851 1052 5884 "
1084 5849 1256 5905 Exod.
1289 5864 1387 5914 xu,
1418 5862 1570 5916 seqq.
1627 5844 1670 5877 ³⁸
1702 5845 1898 5915 Ephes.
1931 5861 1988 5910 ιι,
2039 5843 2119 5910 ll,
2169 5841 2250 5898 l6.
