4272 6446
658 404 761 472 511

1931 404 2245 463 NICOLM
2282 401 2671 463 CABASILE

3795 394 3901 458 512

655 526 861 578 tionem
915 532 968 578 et
1006 525 1303 578 amicitiam
1337 538 1477 579 esse.
1535 522 1639 574 va
1692 522 1892 576 ctenim
1935 524 2109 576 servis
2145 522 2237 574 tla-
2270 522 2311 575 Λ

2220 552 2237 560 -
2270 522 2311 575 Λ
2342 523 2595 576 ἁπάντων
2644 519 2851 586 γίνεται
2901 516 3083 583 δῆλον,
3126 512 3313 583 ὥσπερ
3351 532 3371 566 ι
3415 512 3760 582 πρωτότοκος
3790 511 3901 564 τῶν

659 625 767 673 tur.
800 614 1102 667 amicorum
1141 620 1320 666 autem
1356 614 1701 679 liliornmquo
1742 614 1934 681 gratia,
1976 610 2132 671 lides,
2169 611 2229 663 li-

656 704 821 758 ducia
868 712 969 757 est.
1016 705 1087 757 Ex
1132 706 1333 774 quibus
1361 704 1616 756 omnibus
1664 713 1829 771 patet,
1879 702 2233 770 quemadmo—

663 799 791 850 dum
838 798 1091 851 Salvator
1129 820 1146 849 ι
1196 800 1595 866 primogenitus
1624 807 1708 851 est
1745 806 2085 849 mortuorum
2116 797 2179 858 ³⁷,
2207 816 2225 846 ι

666 904 767 941 nec
802 900 1015 957 poterat
1050 892 1346 959 quisquam
1380 890 1763 945 defuncturum
1798 899 1924 943 ante
1950 890 2016 943 ad
2069 891 2231 942 vitam

667 985 1030 1037 immortalem
1067 984 1411 1045 reviviscere,
1472 998 1633 1050 quam
1670 982 1759 1035 ille
1790 981 2065 1035 redivivus
2088 980 2235 1033 exsi-

669 1086 835 1128 steret
873 1092 888 1140 ;
935 1076 1122 1128 eodem
1160 1075 1323 1128 modo
1355 1075 1518 1127 etiam
1541 1072 1606 1126 ad
1635 1074 1974 1127 sanctitatem
1999 1072 2235 1141 etjnsti-

672 1167 803 1217 tiam
831 1164 1144 1217 hominibus
1168 1164 1337 1231 ipsum
1371 1163 1545 1216 solum
1581 1162 1904 1230 praeivisse;
1939 1168 1993 1212 et
2037 1157 2237 1211 Paulus

672 1256 985 1313 conlirmat,
1045 1256 1323 1307 Chris‘um
1372 1268 1765 1322 przecursorevu
1841 1266 1938 1319 pro
1976 1251 2131 1303 nobis
2184 1250 2239 1302 in

673 1357 867 1399 sancta
901 1348 1181 1399 iutroiisse
1239 1348 1512 1400 scribens.
1564 1345 1818 1399 Introivit
1868 1344 2014 1396 enim
2087 1351 2243 1410 post-

675 1453 839 1503 quam
876 1439 1110 1504 seipsum
1145 1438 1342 1490 obtulit
1375 1436 1539 1498 Patri,
1565 1448 1618 1489 et
1642 1436 1883 1489 volentes
1923 1434 2243 1493 introducit,

677 1524 967 1593 sepultura:
990 1524 1108 1593 ejus
1142 1535 1426 1580 consortes
1458 1542 1471 1590 ;
1509 1541 1615 1577 non
1649 1540 1780 1579 sane
1808 1526 2031 1594 perinde
2064 1533 2121 1576 ut
2156 1523 2247 1575 ille

680 1616 1004 1680 morientes,
1034 1618 1128 1671 sed
1168 1627 1396 1669 mortem
1457 1617 1604 1668 illam
1641 1618 1693 1669 in
1722 1616 1943 1669 lavacro
1991 1615 2245 1684 baptismi

682 1707 994 1776 cogitationi
1038 1709 1408 1777 suhjicivnles,
1436 1717 1486 1760 et
1513 1719 1728 1768 unctos.
1757 1719 1810 1761 et
1837 1709 1887 1760 iu
1917 1724 2069 1761 sacra
2099 1723 2249 1759 meu-

684 1813 743 1850 sa
794 1799 1209 1863 annuntiantes,
1273 1802 1542 1869 modoque
1609 1800 1867 1853 iueﬂ'abili
1922 1815 2017 1869 pro
2073 1799 2250 1868 epulis

2332 614 2542 682 νεκρῶν
2574 633 2591 663 ι
2614 614 2643 663 ὁ
2672 610 2886 679 Σωτὴρ,
2919 609 3012 661 καὶ
3033 606 3134 659 οὐκ
3158 603 3225 676 ἦν
3249 603 3546 658 ἀναϐιῶναι
3575 602 3685 655 τῶν
3710 600 3905 669 τεθνη-

2334 705 2509 758 κότων
2544 702 2738 754 ούδένα
2784 701 2883 767 τὴν
2936 698 3204 751 ἀθάνατον
3251 696 3399 765 ζωὴν
3438 695 3513 764 μὴ
3567 693 3903 754 ἀναστάντος

2333 797 2576 850 ἐκείνου·
2605 792 2697 845 τὸν
2750 794 2866 846 ἴσον
2896 791 3098 859 τρόπον
3129 788 3223 842 καὶ
3250 787 3388 857 πρὸς
3430 786 3528 855 τὴν
3588 782 3906 851 ἁγιωσύνην

2335 890 2431 941 καὶ
2458 887 2806 955 δικαιοσύνην
2828 887 2940 947 τοῖς
2965 881 3275 953 ἀνθρώποις
3304 879 3469 943 αὐτὸς
3510 878 3759 948 ἡγήσατο
3800 875 3906 942 μό-

2338 1000 2448 1044 νος,
2484 980 2577 1033 καλ⁸
2623 978 2782 1031 τοῦτο
2829 976 3039 1038 Παῦλος
3084 974 3253 1039 ἔδειξε
3306 972 3559 1042 γράφων,
3592 970 3906 1039 πρόδρομον

2339 1074 2480 1143 ὑπὲρ
2512 1071 2674 1141 ήμῶν
2699 1071 2779 1133 εἰς
2809 1070 2877 1121 τὰ.
2908 1068 3041 1136 ἅγια
3072 1069 3165 1119 τὸν
3201 1064 3436 1135 Χριστὸν
3478 1059 3907 1131 εἰσεληλυθέναι.

2340 1164 2574 1230 Εἱσῆλθε
2589 1162 2698 1232 γὰρ
2712 1161 2791 1224 εἰς
2810 1162 2878 1215 τὰ
2896 1160 3046 1228 ἅγια,
3066 1157 3259 1212 ἐαυτὸν
3280 1153 3587 1222 ἀνενεγκὼν
3607 1152 3687 1221 τῷ
3706 1149 3907 1219 Πατρὶ,

2342 1258 2592 1317 καὶτοὺς
2625 1254 2980 1325 βουλομένους
3008 1251 3216 1319 εἰσάγει
3251 1250 3350 1318 τῆς
3392 1249 3570 1316 ταφῆς
3604 1245 3754 1312 αὐτῷ
3793 1259 3909 1297 κοιο

2343 1349 2667 1413 νωνοῢντας,
2699 1349 2799 1400 ούκ
2827 1347 3274 1414 ἀποθνήσκοντας
3304 1342 3494 1410 ὥσπερ
3538 1340 3767 1400 ἐκεῖνος,
3795 1332 3912 1391 ἀλλ’

2345 1444 2438 1496 ἐπὶ
2469 1442 2563 1495 τοῦ
2590 1439 2816 1509 λουτροῦ
2848 1440 2939 1492 τὸν
2971 1438 3199 1491 θάνατον
3231 1430 3717 1499 ἐπιδεικνυμένους
3767 1427 3912 1479 ἐκεῖ·

2346 1552 2457 1597 νον,
2518 1535 2612 1586 καὶ
2663 1532 2754 1585 ἐπὶ
2810 1530 2910 1599 τῆς
2958 1528 3238 1599 τραπέζης
3285 1522 3758 1592 καταγγέλλοντας
3813 1516 3917 1583 τῆς

2351 1626 2503 1692 ἱερᾶς
2536 1623 2629 1676 καί
2685 1622 3006 1691 χριομένους
3055 1622 3149 1691 καὶ
3209 1616 3618 1686 εὐωχουμένους
3674 1609 3919 1683 άρρητύν

2351 1729 2471 1765 τινα
2509 1711 2709 1779 τρόπον
2743 1710 2909 1763 αὐτὸν
2953 1711 3043 1761 τὸν
3072 1709 3418 1778 νεκρωθέντα
3445 1707 3541 1758 καὶ
3583 1703 3919 1757 ἀναστάντα.

2355 1804 2464 1857 Καὶ
2498 1801 2639 1856 οὕτω
2672 1801 2761 1854 διὰ
2790 1802 2898 1854 τῶν
2925 1800 3110 1853 πυλῶν
3139 1798 3344 1852 τούτων
3374 1796 3686 1865 εἰσαγαγὼν
3716 1795 3796 1856 εἰς
3825 1792 3923 1861 τὴν

685 1898 967 1943 sumentes
1028 1891 1207 1959 ipsum
1259 1892 1349 1957 qui
1400 1902 1646 1944 mortuus
1706 1903 1789 1947 est
1833 1902 1881 1947 et
1934 1892 2251 1946 resurrexit.
2286 1872 2372 1962 Bt

1833 1902 1881 1947 et
1934 1892 2251 1946 resurrexit.
2286 1872 2328 1930 Β
2360 1894 2638 1962 βασιλείαν
2663 1894 2756 1947 καὶ
2783 1895 2912 1956 τοὺς
2946 1894 3242 1962 στεφάνους
3275 1894 3516 1962 ἡγεῖται.

688 1981 754 2034 Et
788 1983 857 2034 ita
895 1996 991 2049 per
1041 1984 1138 2037 has
1201 1992 1388 2051 portas
1432 1985 1774 2038 introductos
1814 1986 1877 2036 ad
1935 1998 2157 2053 regnum
2203 1992 2257 2036 et

689 2072 753 2122 ad
780 2086 1010 2127 coronas
1045 2074 1215 2127 ducit.

763 2165 935 2220 Portze
985 2167 1097 2219 istae
1152 2169 1257 2222 illis
1290 2169 1522 2239 paradisi
1576 2169 1745 2239 portis
1786 2169 1958 2223 multo
1998 2167 2256 2234 majorem

692 2260 1104 2313 venerationem
1135 2271 1185 2314 et
1234 2262 1518 2315 utilitatem
1559 2263 1779 2316 habent.
1818 2264 1927 2318 Illae
1988 2263 2256 2331 siquidem

695 2349 827 2401 nulli
857 2350 1169 2417 aperiantur
1197 2352 1291 2421 qui
1338 2368 1432 2421 per
1461 2354 1625 2407 hasce
1671 2354 1821 2422 prius
1873 2368 1979 2409 non
2024 2352 2260 2406 intrave-

697 2441 767 2494 rit
797 2459 810 2494 :
847 2442 928 2496 ha:
957 2458 1107 2505 vero,
1149 2447 1401 2512 quamvis
1429 2446 1638 2499 clausis
1681 2445 1805 2508 illis,
1830 2454 2013 2514 patent
2065 2443 2129 2496 Et
2162 2444 2264 2496 illte

699 2531 918 2599 quidem
955 2534 1119 2587 etiam
1152 2534 1387 2589 educere
1424 2545 1740 2606 potuerunt,
1771 2538 1916 2591 intus
1938 2544 2217 2590 versantes
2248 2552 2259 2587 :

703 2624 785 2676 ha:
816 2633 1024 2679 tantum
1063 2627 1441 2690 introducunt.
1496 2629 1766 2682 neminem
1804 2630 2058 2684 educunt.
2096 2630 2157 2681 Et
2200 2628 2265 2681 il-

704 2705 771 2759 la:
797 2709 1008 2762 occludi
1061 2721 1334 2779 poterant,
1387 2714 1731 2781 occluszeque
1782 2721 1911 2767 sunt
1945 2730 1959 2778 ;
1994 2729 2157 2783 super
2185 2713 2268 2766 his

704 2801 849 2867 (ιιιοά
880 2801 1054 2854 velum
1098 2803 1221 2867 fuit,
1249 2804 1475 2857 omnino
1515 2805 1829 2873 disjectum,
1858 2814 1910 2857 et
1937 2805 2151 2860 medius
2174 2820 2270 2873 pa-

707 2892 819 2944 ries
875 2892 1125 2947 sublatus
1171 2902 1254 2948 cst
1289 2913 1301 2948 :
1341 2910 1440 2948 nec
1485 2895 1647 2949 datur
1682 2896 1919 2965 amplius
1978 2892 2269 2951 maceriam

709 2981 972 3046 excitare,
1014 2993 1068 3035 et
1098 2994 1284 3052 portas
1310 2986 1385 3039 illi
1440 2995 1648 3054 aptare,
1688 2996 1744 3039 et
1792 2986 1999 3053 pariete
2040 2987 2275 3041 interce-

709 3072 874 3128 dente
908 3076 1138 3129 mundos
1190 3078 1448 3140 invicem,
1500 3078 1863 3147 superiorem,
1912 3079 2154 3145 inquam,
2190 3079 2275 3131 iu-

2429 2154 2672 2215 Αὖταιαί
2712 2148 2877 2215 πύλαι
2914 2162 3022 2215 τῶν
3038 2162 3131 2215 τοῦ
3166 2160 3494 2231 παραδείσου
3537 2159 3724 2214 πυλῶν
3748 2156 3930 2226 πολλῷ

2364 2259 2689 2327 συμνότεραι
2722 2257 2815 2310 καὶ
2861 2257 3322 2327 λυσιτελέστεραι.
3359 2258 3422 2308 Δί
3462 2254 3559 2323 μὲν
3592 2252 3703 2321 γὰρ
3737 2253 3838 2305 ούκ
3864 2251 3930 2305 ἂν

2363 2353 2630 2419 ἀνοιγεῖεν
2663 2351 2840 2404 οὐδενί
2880 2351 2953 2418 μὴ
2981 2352 3067 2403 διὰ
3103 2350 3311 2403 τούτων
3330 2347 3628 2402 εἰσελθόντι
3654 2345 3925 2415 πρότερον

2362 2444 2472 2497 τῶν
2500 2442 2698 2502 πυλῶν,
2736 2443 2792 2495 αἰ
2827 2441 2883 2494 δὲ
2915 2439 3317 2506 κεκλεισμένων
3342 2440 3565 2493 ἐκείνων
3589 2437 3781 2507 ἠνοίγη
3794 2454 3891 2488 σαν
3914 2452 3929 2466 °

2366 2542 2461 2589 καὶ
2499 2538 2553 2587 αἰ
2606 2535 2706 2602 μὲν
2741 2535 2834 2586 καὶ
2867 2533 3125 2588 ἐδύναντο
3170 2533 3385 2600 ἐξάγειν
3429 2532 3557 2593 τοὺς
3590 2530 3758 2591 ἔνδον,
3792 2529 3846 2580 αἱ
3877 2528 3935 2580 δὲ

2368 2629 2650 2695 εἰσάγουσι
2700 2627 2883 2696 μόνον,
2934 2626 3188 2694 ἐξάγουσι
3220 2627 3277 2679 δέ
3305 2626 3520 2679 οὐδένα.
3570 2624 3677 2676 Καὶ
3707 2622 3805 2685 τὰς
3839 2621 3939 2690 μὲν

2371 2718 2461 2771 καὶ
2497 2716 2813 2786 κλεισθῆναι
2848 2717 3075 2769 δυνατὸν
3103 2712 3169 2787 ἦν
3200 2717 3292 2769 καί
3324 2732 3386 2782 γε
3417 2714 3805 2783 ἐκλείσθησαν,
3843 2712 3939 2763 ἐπὶ

2372 2810 2427 2862 δέ
2454 2810 2660 2862 τούτων
2696 2810 3009 2862 παντάπασι
3042 2809 3103 2860 τὸ
3130 2810 3543 2876 παραπέτασμα
3571 2806 3664 2858 καὶ
3693 2805 3753 2857 τδ
3784 2803 3946 2873 μεσόο

2374 2920 2553 2971 τοιχον
2610 2902 2771 2971 ἐλύθη
2827 2904 2922 2955 καὶ
2978 2901 3261 2972 ἀνῃρέθη·
3300 2901 3392 2953 καὶ
3449 2900 3547 2953 οὐκ
3601 2900 3812 2951 ἐνεστιν
3862 2896 3945 2949 ἔτι

2379 2994 2634 3063 φραγμὸν
2666 2993 2966 3061 ἀναστῆναι
3020 2995 3115 3045 καὶ
3164 2991 3337 3052 πύλας
3382 2990 3797 3061 ἀναρμοσθῆναι
3851 2989 3949 3040 καὶ

2378 3089 2504 3146 τοὺς
2535 3086 2773 3154 κόσμους
2821 3084 3067 3151 ἀλλήλων
3102 3084 3288 3153 τειχίῳ
3333 3082 3700 3150 διαιρεθῆναι.
3732 3082 3808 3133 υύ
3840 3081 3950 3148 γὰρ

715 3163 1081 3233 ferioremque
1117 3167 1395 3221 dirimere.
1435 3168 1549 3224 Non
1584 3170 1727 3222 enim
1779 3169 2101 3238 simpliciter
2139 3169 2277 3224 dun-
2307 3208 2347 3260 ο
2381 3180 2402 3231 ἐ

2267 3199 2277 3207 ·
2307 3208 2347 3260 C
2381 3177 2692 3248 ἀνεῴγασιν
2744 3177 2929 3240 ἁπλῶς
2966 3179 3149 3245 μόνον,
3188 3174 3305 3228 ἀλλ’
3335 3174 3665 3244 ἐσχίσθησαν
3706 3175 3753 3226 οἱ
3789 3174 3954 3242 οὐρα-

716 3264 869 3331 taxat'
899 3258 1107 3325 aperti,
1146 3260 1241 3313 sed
1273 3268 1326 3313 et
1374 3260 1600 3323 diducti,
1628 3269 1681 3314 et
1715 3261 1872 3329 quasi
1912 3256 2098 3313 diliissi
2152 3270 2281 3313 sunt

716 3344 865 3405 cmli.
898 3358 955 3399 ut
994 3348 1213 3402 Marcus
1255 3351 1329 3403 ait
1358 3349 1422 3401 ⁸⁸.
1463 3352 1579 3416 Qua
1626 3366 1683 3405 re
1723 3360 2005 3406 ostensum
2036 3361 2138 3415 est,
2172 3368 2280 3405 non

717 3440 827 3506 jam
861 3450 1071 3505 portam
1129 3450 1181 3494 ct
1226 3452 1428 3509 postes,
1462 3458 1637 3510 neque
1687 3445 2052 3498 velamentum
2114 3444 2280 3497 ulltttu

723 3532 977 3585 relictum
1011 3548 1151 3586 esse.
1181 3533 1281 3599 Qui
1337 3536 1482 3589 enim
1535 3551 1831 3605 supernum
1876 3539 2139 3592 mundum
2200 3538 2285 3590 his

722 3624 816 3690 qui
866 3624 1005 3677 infra
1042 3636 1166 3679 sunt
1203 3627 1575 3682 reconciliavit
1605 3638 1659 3683 et
1683 3630 1990 3696 conjunxit,
2014 3639 2067 3683 et
2098 3644 2284 3696 pacem

726 3718 874 3779 fecit,
917 3718 1284 3787 parictcmque
1338 3720 1571 3772 medium
1624 3724 1871 3774 maceria:
1924 3722 2191 3775 destruxit
2219 3722 2287 3783 ",

727 3828 834 3865 non
873 3820 1047 3880 potest
1106 3826 1304 3881 negare
1362 3813 1715 3889 semetipsum
1738 3813 1807 3875 ⁸ο,
1858 3822 1919 3867 ut
1974 3812 2032 3867 Β.
2087 3811 2291 3871 Baulos

730 3904 928 3972 inquit.
962 3905 1153 3958 Portas
1176 3906 1320 3956 enim
1363 3886 1729 3974 illas‘ﬁopter
1756 3906 2023 3959 Adamuut
2055 3914 2290 3975 apertas,

729 4010 797 4047 eo
832 4011 936 4047 non
968 3996 1312 4063 persistente,
1340 3996 1391 4048 in
1424 3996 1623 4064 quibus
1658 3998 1948 4063 persistere
1982 3996 2291 4067 oportebat,

733 4087 897 4139 etiam
936 4088 1112 4141 claudi
1171 4087 1358 4156 utique
1402 4097 1830 4142 consentaneum
1869 4097 2002 4141 erat.
2054 4086 2163 4142 llas
2198 4104 2296 4141 au-

734 4187 843 4230 tem
872 4178 1127 4232 Christus
1173 4180 1401 4248 ipsemet
1434 4183 1720 4242 reseravit,
1748 4180 1841 4249 qui
1876 4189 2155 4248 peccatum
2186 4196 2295 4236 non

740 4268 889 4331 fecit,
938 4280 990 4323 et
1042 4270 1093 4322 in
1126 4287 1287 4339 quem
1344 4284 1567 4339 peccare
1603 4288 1712 4327 non
1752 4273 1896 4325 cadit
1926 4271 1992 4325 “.
2030 4291 2051 4323 ι
2080 4271 2298 4328 Justitia

739 4362 883 4412 enim
912 4361 1051 4428 ejus,
1091 4363 1267 4430 inquit
1312 4362 1500 4424 David.
1535 4374 1717 4417 manet
1767 4364 1818 4417 in
1874 4374 2137 4419 aeternum
2167 4367 2235 4418 δ’.
2278 4385 2295 4416 ι

745 4451 897 4505 Unde
927 4468 1020 4507 eas
1048 4465 1231 4522 patere
1259 4470 1471 4523 semper
1493 4472 1716 4524 prorsus
1748 4471 1971 4511 necesse
2003 4466 2107 4523 est,
2144 4467 2196 4512 et
2234 4456 2299 4511 ad

2381 3269 2484 3330 νοί,
2523 3270 2551 3320 ὁ
2590 3266 2892 3336 θαυμάσιος
2916 3265 3045 3336 ,εςη
3098 3267 3347 3336 Μάρκος,
3394 3265 3609 3326 δεικνὺς
3658 3264 3732 3325 ὡς
3760 3263 3953 3314 οὐκέτι

2383 3359 2521 3428 θύρα
2552 3359 2645 3412 καὶ
2684 3358 3026 3427 παραστάδες
3056 3358 3175 3410 ούδέ
3207 3360 3621 3427 παραπέτασμα
3641 3356 3793 3409 οὐδὲν
3820 3356 3954 3407 ὑπε-

2382 3448 2596 3517 λείφθη.
2633 3446 2695 3499 '0
2723 3450 2833 3519 γὰρ
2883 3447 3225 3512 καταλλάξας
3264 3449 3361 3499 καὶ
3402 3446 3646 3514 συνάψας
3676 3446 3769 3497 καὶ
3794 3447 3951 3513 εἰρη-

2386 3541 2677 3608 νοποιήσας
2711 3541 2802 3593 τὸν
2844 3541 2956 3594 ἅνω
2988 3540 3193 3608 κόσμον
3231 3542 3345 3601 τοῖς
3377 3541 3530 3592 κάτω
3565 3540 3659 3593 καί
3690 3539 3751 3591 τὸ
3794 3536 3961 3605 μεσό-

2387 3648 2565 3700 τοιχον
2607 3630 2703 3684 τοῦ
2740 3632 3000 3701 φραγμοῦ
3049 3631 3220 3694 λύσας
3263 3632 3323 3683 ού
3354 3631 3581 3685 δύναται
3611 3629 3960 3699 ἀρνήσασθαι

2390 3724 2602 3785 ἑαυτὸν,
2639 3724 2668 3775 ό
2715 3726 2981 3794 μακάριος
3015 3724 3117 3792 ἔφη
3151 3722 3387 3784 Παῦλος.
3415 3722 3528 3782 Τὰς
3570 3721 3669 3789 μέν
3711 3722 3820 3790 γὰρ
3854 3720 3963 3772 πύο-

2390 3814 2487 3876 λας
2518 3815 2736 3877 ἐκείνας
2769 3815 2856 3867 διὰ
2902 3816 2991 3867 τὸν
3040 3815 3213 3882 ’Δδὰμ
3260 3814 3585 3881 άνεῳγυίας,
3638 3812 3851 3864 ἐκείνου
3890 3812 3964 3881 μὴ

2399 3909 2677 3978 μείναντος
2710 3907 2795 3971 ἐφ’
2819 3901 2901 3969 οἷς
2926 3907 3034 3960 εδει
3065 3907 3265 3975 μένειν,
3303 3905 3397 3958 καὶ
3423 3903 3736 3973 κλεισθῆναι
3762 3903 3969 3971 δήπου-

2396 4000 2489 4053 θεν
2514 3998 2661 4059 εἰκὸς
2688 3993 2775 4068 ἦν.
2818 3997 3037 4059 Ταύτας
3068 3996 3125 4048 δὲ
3158 3998 3186 4047 ὁ
3225 3996 3466 4064 Χριστὸς
3495 3996 3660 4057 αὐτὸς
3702 3995 3962 4065 ἀνέῳξεν,

2396 4093 2452 4154 ὃς
2471 4091 2755 4162 ἁμαρτίαν
2774 4091 2875 4142 οὔκ
2904 4089 3180 4157 ἐποίησεν,
3204 4090 3328 4142 οὐδὲ
3353 4089 3573 4142 δύναται
3596 4089 3965 4159 ἁμαρτάνειν

2400 4187 2433 4255 ἡ
2463 4186 2573 4256 γὰρ
2593 4184 2907 4254 δικαιοσύνη
2945 4182 3132 4250 αὑτοῦ,
3163 4183 3322 4251 φησί,
3356 4182 3506 4250 μένει
3536 4185 3617 4243 εἰς
3646 4182 3737 4232 τὸν
3763 4179 3969 4235 αἰῶνα·

2401 4276 2523 4329 ὅθεν
2565 4276 2781 4343 ἀνάγκη
2805 4276 2975 4336 πᾶσα,
3007 4274 3191 4343 μένειν
3216 4274 3567 4342 ἀνεῳγμένας
3591 4272 3685 4324 καὶ
3708 4271 3848 4340 πρὸς
3876 4270 3978 4339 μὲν

2402 4368 2502 4436 τὴν
2530 4366 2674 4435 ζωὴν
2721 4366 2989 4433 εἰσάγειν,
3034 4366 3148 4420 ἀπὸ
3172 4365 3236 4418 δὲ
3268 4365 3366 4431 τῆς
3403 4366 3549 4431 ζωῆς
3592 4363 3772 4429 ἔξοδον
3801 4363 3983 4416 οὐδενὶ

2408 4459 2695 4525 παρέχειν.
2742 4474 2761 4506 ι
2796 4452 3002 4509 Ἦλθον
3026 4455 3156 4524 γὰρ,
3198 4454 3366 4524 φησιν
3399 4457 3427 4507 ό
3454 4454 3666 4523 Σωτὴρ,
3713 4455 3801 4506 ἴνα
3832 4455 3980 4518 ζωὴν

744 4544 909 4596 τίιειιιι
943 4544 1162 4612 quidem
1223 4546 1608 4607 intromittcre,
1664 4561 1692 4598 a
1753 4547 1859 4600 vita
1918 4558 2099 4600 autem
2164 4544 2298 4600 nulli
2334 4545 2431 4600 υι

2293 4548 2298 4599 i
2334 4545 2377 4598 Ι)
2408 4548 2573 4617 ἔχωσι
2599 4564 2613 4578 ο
2657 4565 2676 4599 ι
2715 4547 2875 4600 τοῦτο
2921 4548 3033 4615 γάρ
3062 4548 3212 4599 ἐστιν
3240 4547 3272 4617 ή
3310 4545 3445 4615 ζωὴ,
3474 4547 3543 4615 ἥν
3586 4548 3613 4598 ό
3641 4546 3846 4615 Κύριος
3877 4540 3980 4616 ἧκε

745 4634 949 4687 exitum
1006 4636 1155 4690 dare.
1200 4655 1218 4687 ι
1257 4637 1410 4698 Veni,
1470 4638 1646 4705 inquit
1705 4637 1974 4700 Salvator,
2025 4647 2084 4691 ut
2134 4641 2302 4692 vitam

748 4726 981 4779 habeant
1011 4726 1076 4780 “.
1115 4747 1133 4777 ι
1173 4730 1297 4781 Ηιεο
1348 4738 1428 4782 est
1478 4730 1620 4783 enim
1657 4730 1785 4792 vita,
1830 4746 1995 4799 quam
2048 4731 2308 4787 Dominus

749 4834 933 4872 Secum
964 4820 1163 4883 attulit,
1195 4821 1451 4889 mysteria
1486 4823 1585 4872 ista
1617 4834 1971 4889 usurpantes,
2002 4822 2124 4891 ejus
2169 4839 2313 4878 ntor-

753 4910 822 4962 tis
854 4918 906 4963 et
952 4912 1228 4979 passionis
1263 4912 1551 4979 partit-ipes
1580 4922 1635 4965 et
1682 4922 1965 4967 consortes
2008 4912 2145 4977 ﬁeri,
2192 4914 2312 4970 sine

753 5017 859 5069 quo
897 5016 1121 5054 mortem
1154 5002 1391 5072 effugere
1437 5019 1542 5057 non
1572 5019 1885 5071 possumus.
1930 5008 2120 5073 Neque
2165 5006 2313 5059 enim

757 5106 864 5144 non
899 5092 1229 5159 baptizatum
1267 5094 1318 5145 in
1370 5108 1510 5161 aqua
1545 5105 1598 5146 et
1644 5093 1850 5162 Spiritu
1882 5105 2079 5149 sancto
2114 5093 2208 5147 tas
2236 5106 2321 5149 est

757 5185 810 5237 in
862 5185 1025 5236 vitam
1069 5184 1399 5252 ingredi“:
1451 5202 1624 5254 neque
1676 5188 1768 5255 qui
1824 5201 1931 5241 non
1980 5188 2319 5241 comederint

758 5290 978 5328 carnem
1016 5274 1135 5328 Filii
1169 5276 1426 5333 hominis.
1462 5290 1513 5330 et
1553 5277 1785 5330 biberint
1819 5276 1941 5345 ejus
1975 5278 2317 5345 sanguinein,

760 5366 927 5418 vitam
974 5366 1027 5417 in
1068 5382 1124 5419 se
1150 5366 1284 5435 ipsis
1311 5367 1508 5420 habere
1534 5377 1743 5436 queunt
1774 5367 1839 5419 ".

833 5456 1007 5511 Altius
1053 5471 1216 5526 porro
1253 5458 1394 5513 istuc
1432 5458 1813 5512 discutiamus.
1857 5456 2051 5513 Vivere
2090 5460 2197 5513 Deo
2217 5474 2322 5513 non

765 5545 910 5612 licet,
958 5548 1007 5602 si
1049 5550 1286 5617 peccatis
1324 5563 1429 5604 non
1468 5550 1641 5603 simus
1673 5550 1895 5604 mortui.
1929 5550 2097 5605 Posse
2141 5559 2323 5604 autem

847 5751 884 5781 ’⁸
920 5752 1133 5805 (ἷιιιοςς.
1162 5768 1196 5806 1.
1232 5752 1321 5805 20.
1397 5755 1441 5784 “
1487 5756 1645 5810 Marc.
1682 5770 1719 5818 ι,
1768 5754 1853 5808 10.

778 5836 895 5887 ιιιι,
932 5823 979 5871 (δ.
1060 5823 1104 5853 δ’
1148 5825 1288 5876 l’sal.
1330 5839 1415 5888 ενι,
1445 5826 1496 5880 5.

1960 5754 2002 5786 ³⁸
2049 5754 2244 5823 Ephes.
2278 5773 2335 5816 tt.

1574 5823 1799 5877 "Joan.
1846 5842 1897 5889 χ,
1940 5825 2021 5879 l0.
2102 5825 2431 5893 “103mm,
2464 5828 2513 5881 5.
2594 5827 2636 5856 ³⁸
2666 5823 2823 5880 Joau.
2864 5841 2933 5890 ιιι,
2975 5824 3059 5878 54.

2414 4642 2619 4711 φέρων,
2646 4640 2709 4693 τὸ
2730 4640 2820 4694 διὰ
2848 4640 2961 4692 τῶν
2991 4639 3313 4707 μυστηρίων
3346 4638 3555 4690 τούτων
3594 4637 3851 4699 ἐλθόντας
3887 4655 3991 4705 με·

2414 4734 2634 4802 τασχείν
2663 4730 2811 4798 αύτῷ
2843 4728 2942 4783 τοῦ
2981 4729 3216 4783 θανάτου
3243 4730 3335 4781 καὶ
3375 4728 3709 4797 κοινωνῆσαι
3743 4727 3838 4780 τοῦ
3879 4728 3989 4781 πά·

2418 4824 2565 4889 θους,
2590 4827 2684 4876 καὶ
2711 4822 2904 4875 τούτου
2939 4822 3108 4891 χωρῖς
3151 4820 3244 4875 τὸν
3274 4820 3505 4875 θάνατον
3533 4820 3634 4872 ούκ
3666 4818 3745 4871 ενι
3793 4817 3995 4886 διαφυ-

2420 4920 2556 4986 γεῖν.
2592 4916 2733 4969 Οὔτε
2759 4915 2871 4985 γάρ
2902 4916 2976 4985 μὴ
3002 4912 3369 4983 βαπτισθέντα
3400 4913 3458 4965 ἐν
3492 4910 3650 4964 ὕδατι
3679 4910 3775 4962 καί
3816 4909 3995 4965 Ilvati-

2430 5027 2561 5079 ματι
2605 5007 2831 5061 δυνατὸν
2868 5008 2950 5068 εἰς
2988 5008 3088 5074 τὴν
3131 5004 3276 5073 ζωὴν
3326 5002 3611 5067 εἰσελθεῖν,
3668 4999 3792 5053 οὔτε
3823 5001 3871 5051 οἰ
3920 5000 3998 5068 μὴ

2427 5099 2693 5166 φαγόντες
2744 5096 2846 5165 τὴν
2886 5096 3067 5164 σάρκα
3112 5091 3206 5146 τοῦ
3239 5090 3372 5145 Υίοῦ
3405 5090 3501 5144 τού
3551 5089 3867 5161 ἀνθρώπου,
3903 5090 3997 5140 καὶ

2427 5192 2643 5251 πιόντες
2691 5189 2856 5243 αὑτοῦ
2884 5189 2947 5240 τὸ
2995 5181 3158 5255 αἷμα,
3182 5184 3441 5238 δύνανται
3474 5184 3621 5254 ζωὴν
3667 5186 3725 5235 ἐν
3778 5182 3996 5243 ἑαυτοῖς

2426 5283 2589 5353 ἔχειν.

2501 5462 2611 5514 Καὶ
2653 5460 2946 5527 σκοπῶμεν
2976 5459 3204 5513 ἄνωθεν.
3226 5460 3398 5528 Ζῆσαι
3430 5457 3529 5527 μὲν
3552 5456 3662 5527 γὰρ
3694 5454 3794 5508 οὐκ
3821 5450 3890 5523 ἦν
3925 5452 4006 5522 τῷ

2434 5552 2554 5623 Θεῷ
2597 5554 2672 5621 μὴ
2700 5555 2818 5615 ταῖς
2851 5550 3148 5621 ἁμαρτίαις
3176 5548 3573 5611 ἀποθανόντας,
3602 5547 3921 5599 ἀποκτεῖναι
3948 5542 4007 5595 δὲ

2392 5756 2491 5831 HL
2523 5756 2633 5831 ιδτλ
2673 5754 2724 5831 ξ’
2782 5753 2821 5807 ll
2868 5753 3105 5831 Thmui,
3138 5753 3221 5807 1'5.
3312 5752 3354 5783 “
3395 5751 3413 5806 Ι
3450 5751 3593 5806 Petr.
3639 5766 3703 5815 ιι,
3741 5745 3846 5810 ﬂ;
3898 5742 4008 5801 lsa.
