4272 6446
265 423 268 427 ·
361 387 471 452 513

1461 392 1559 450 DE
1593 392 1763 451 vrri
1807 390 1883 448 lN
1917 353 2251 450 cnntsro
2313 394 2454 452 LIB.
2488 395 2540 454 ι.

3488 408 3600 470 ’514

362 498 664 568 δυνηθῆναι
701 498 798 568 τὴν
843 499 1115 569 ἁμαρτίαν
1147 500 1310 569 μόνου
1351 500 1512 552 θεοῦ.
1546 502 1667 564 Τοῖς
1701 502 1807 568 γὸρ
1839 504 1929 552 διο
1967 507 2006 563 Α
2039 517 2049 567 |

1915 529 1929 538 ο
1967 507 2006 563 Α
2039 510 2317 567 peccatum
2354 504 2686 571 interimere,
2720 507 2895 564 solius
2928 509 3016 564 Dei
3067 522 3167 566 est.
3211 513 3512 570 Debebatur
3544 520 3596 576 id

367 592 611 660 θρώποις
644 591 909 658 ὠφείλετο
957 591 1086 659 μέν’
1140 592 1338 644 δίκαιοι
1385 593 1490 660 γὰρ
1528 589 1667 662 ἦμεν
1716 595 1930 654 ἑκόντες

364 681 690 750 ἡττηθέντες
722 683 1067 735 ἁναπαλαίσα
1107 683 1196 734 Οαι
1235 683 1333 751 τὴν
1369 679 1559 754 ἧτταν,
1585 685 1682 735 οὐκ
1716 684 1845 749 ἐνῆν
1873 684 1928 735 δὲ

365 774 478 825 οὐδ’
502 774 667 838 ἐγγὺς
690 773 895 833 δούλοις
919 774 1016 842 ήδη
1041 775 1352 840 γενομένοις
1372 776 1468 842 τῆς
1487 775 1780 844 ἁμαρτίας.
1805 774 1928 835 ιΙῶς

364 865 474 934 γὰρ
498 864 563 917 ἂν
587 864 888 934 ἐγενόμεθα
910 866 1190 934 κρείττους
1285 867 1624 929 δουλεύοντες
1645 861 1786 936 ἦμεν
1815 861 1925 930 ςἾί

361 957 474 1025 γὰρ
493 956 560 1010 ἂν
582 957 674 1009 καὶ
701 955 1094 1029 μείζουςῆμεν,
1122 978 1140 1010 ι
1167 960 1263 1011 οὐκ
1283 959 1395 1010 ἔστι
1415 959 1596 1020 δοῦλος
1615 958 1815 1028 μείζων
1834 960 1927 1010 τοῦ

361 1051 556 1116 κυρίου
598 1051 786 1102 αὐτοῦ.
811 1069 828 1099 ι
867 1052 1016 1102 Ἐπεὶ
1071 1051 1252 1104 τοίνυν
1287 1055 1312 1104 6
1353 1053 1449 1120 μὲν
1489 1053 1549 1103 τὸ
1585 1053 1740 1122 χρέος
1773 1053 1930 1105 τοῦτο

360 1141 694 1194 καταλαϐεῖν
723 1144 818 1194 καὶ
865 1142 964 1212 τὴν
1009 1143 1168 1211 νίκην
1207 1144 1435 1210 ἀρέσθαι
1484 1144 1685 1224 ταύτην
1721 1146 1928 1208 δίκαιος

356 1232 434 1283 ὢν
463 1233 793 1301 ἀνδράποδον
838 1230 923 1304 ἦν,
961 1229 1037 1286 ὧν
1087 1235 1192 1288 ἔδει
1227 1236 1305 1305 τῷ
1353 1237 1574 1306 πολέμῳ
1619 1243 1866 1307 κρατεῖν,
1901 1241 1928 1290 6

354 1323 413 1375 δὲ
452 1323 606 1389 Θεὸς,
637 1317 682 1391 ᾧ
727 1325 900 1378 ταῦτα
954 1327 1102 1396 ἐξῆν,
1134 1327 1346 1388 οὐδενὸς
1382 1329 1664 1395 ύπόιρεως
1691 1324 1778 1398 ἦν,
1833 1331 1926 1381 καὶ

354 1415 446 1467 διά
500 1415 674 1466 ταῦτα
705 1416 794 1466 τὸν
847 1416 1036 1483 ἀγῶνα
1092 1417 1369 1486 οὐδέτερος
1424 1420 1696 1490 ἀνῃρεῖτο,
1751 1422 1841 1471 καὶ
1894 1423 1924 1489 ὴ

353 1507 601 1575 ἁμαρτία
636 1507 752 1575 ἔζη,
809 1507 900 1560 καὶ
944 1505 1012 1577 ἦν
1059 1509 1343 1578 ἀμήχανον
1385 1510 1482 1580 ἤδη
1521 1511 1618 1578 τὴν
1667 1511 1924 1582 ἀληθινὴν

352 1597 503 1665 ζωὴν
533 1599 666 1667 ἡμῖν
701 1599 1002 1665 ἀνατεῖλαι,
1033 1599 1092 1651 τὸ
1140 1601 1403 1668 τρόπαιον
1432 1602 1592 1654 ἄλλου
1636 1604 1734 1672 μὲν
1775 1605 1930 1671 ὀφεί-

349 1692 556 1754 λοντος,
583 1691 748 1743 ἄλλου
773 1691 828 1743 δὲ
849 1691 1151 1758 δυναμένου
1177 1707 1190 1720 °
1217 1692 1423 1745 τούτων
1457 1694 1619 1746 ἕνεκα
1651 1695 1925 1749 συνελθεῖν

351 1783 541 1849 ἐδέησε
573 1781 733 1835 τοῦτο
762 1785 1005 1846 κακεῖνο,
1051 1785 1142 1836 καὶ
1173 1784 1268 1837 ἕνα
1297 1786 1390 1838 καὶ
1439 1785 1528 1837 τὸν
1559 1786 1723 1838 αὑτὸν
1751 1788 1930 1856 ἀμφο-

2036 589 2250 656 quidem
2289 592 2618 646 hominibus.
2651 593 2784 648 Nam
2831 614 2955 651 cum
3007 603 3246 658 volentes
3280 603 3406 658 victi
3448 623 3600 662 εδει»-

2041 693 2180 738 nius,
2239 680 2598 747 redintegrata
2656 685 2844 738 saltem
2897 703 3095 755 pugna,
3149 702 3206 744 ut
3260 695 3600 748 vinceremus

2037 773 2266 836 aequitas
2301 773 2629 840 postulabat.
2682 776 2800 830 Non
2855 778 3052 833 licebat
3102 793 3279 838 autem
3341 797 3394 841 et
3443 789 3602 857 longe

2037 860 2248 924 aberat,
2283 878 2403 915 rum
2431 865 2540 932 jam
2595 869 2736 919 servi
2787 869 2911 922 lacti
2941 886 3186 927 essemus
3218 882 3443 943 peccati.
3479 879 3600 944 Quo

2037 955 2180 1008 enim
2239 965 2395 1020 pacto
2425 972 2489 1009 eo
2521 959 2605 1011 cui
2645 961 3012 1017 serviebamus
3071 969 3382 1033 superiores
3421 970 3601 1025 disce-

2039 1045 2335 1099 deremus?
2365 1047 2520 1102 Certe
2551 1052 2650 1103 etsi
2683 1054 2846 1105 etiam
2893 1057 3123 1123 majores
3149 1071 3392 1125 eramus,
3420 1072 3598 1116 tamen

2043 1155 2060 1186 ι
2095 1136 2210 1188 Νυιι
2251 1149 2330 1191 est
2366 1155 2555 1193 servus
2590 1143 2758 1211 major
2809 1147 3030 1201 domino
3064 1150 3249 1205 suo“.
3284 1171 3300 1202 ι
3330 1153 3598 1217 Quoniam

2041 1227 2205 1294 igitur
2250 1245 2409 1297 quem
2452 1233 2694 1286 debitum
2751 1237 2846 1290 hoc
2879 1242 3185 1307 complecti,
3221 1253 3271 1296 et
3313 1245 3598 1300 victoriam

2038 1318 2180 1372 hanc
2233 1334 2509 1389 reportare
2558 1327 2779 1392 dignum
2835 1341 2972 1391 erat,
3031 1333 3096 1382 iis
3132 1337 3421 1398 serviebat,
3461 1355 3597 1406 quos

2036 1415 2203 1463 armis
2238 1414 2486 1481 subigere
2525 1429 2861 1484 oportuerat,
2915 1423 3051 1476 Deus
3086 1434 3286 1488 autem,
3337 1428 3386 1480 in
3439 1432 3598 1499 cujus

2040 1514 2304 1569 potestate
2333 1507 2433 1559 ista
2475 1519 2623 1572 sunt,
2656 1511 2786 1564 nulli
2822 1515 3117 1584 quidquam
3155 1515 3402 1582 debebat,
3432 1532 3596 1591 atque

2037 1591 2157 1644 ideo
2189 1604 2461 1649 certamen
2495 1610 2688 1652 neuter
2719 1607 3152 1672 aggrediebatur,
3212 1621 3264 1663 et
3310 1627 3590 1679 peccatum

2032 1683 2270 1750 vivebat,
2307 1697 2359 1740 et
2403 1690 2512 1756 jam
2552 1703 2606 1744 ut
2659 1707 2720 1745 ex
2779 1711 2900 1750 vera
2961 1700 3066 1753 vita
3109 1713 3371 1772 tropaeum
3435 1681 3592 1765 nobis

2033 1777 2362 1840 exoriretur,
2420 1781 2530 1832 ﬁeri
2588 1799 2692 1837 non
2732 1796 2965 1854 poterat,
3000 1808 3122 1845 cum
3159 1796 3300 1850 alius
3348 1799 3590 1866 deberet,

348 1873 515 1942 τέρας
547 1870 688 1947 εἶναι
724 1875 822 1937 τὰς
859 1877 1076 1944 φύσεις,
1109 1876 1202 1930 τοῦ
1234 1895 1291 1929 τε
1333 1881 1701 1948 προσήκοντος
1725 1880 1798 1947 τῷ
1828 1898 1923 1932 πο·
1957 1871 1997 1924 Β
2029 1881 2035 1915 ³

1903 1910 1923 1919 ,
1957 1871 1997 1924 Β
2029 1866 2166 1920 alius
2200 1880 2398 1936 posset.
2434 1872 2582 1927 llanc
2623 1877 2689 1929 ob
2725 1893 2972 1948 causam,
2997 1883 3096 1937 hoc
3137 1893 3190 1938 et
3235 1889 3360 1942 illud
3397 1907 3590 1948 conve-

347 1966 521 2035 λὲμῳ,
559 1971 653 2019 καὶ
680 1967 738 2029 ὃς
787 1967 1011 2030 ἐδύνατο
1034 1969 1276 2038 νικῆσαι.
1311 1971 1527 2024 Γίνεται
1567 1973 1749 2025 τοίνυν
1778 1990 1792 2004 ο
1830 1971 1922 2025 καὶ

346 2059 482 2120 Θεὸς
505 2060 605 2127 μὲν
631 2059 932 2112 οἰκειοῦται
967 2061 1056 2113 τὸν
1079 2062 1220 2131 ὑπὲρ
1249 2062 1358 2114 τῶν
1391 2063 1694 2130 ἀνθρώπων
1716 2065 1920 2132 ἀγῶνα,

346 2149 642 2220 ἄνθρωπος
697 2151 843 2221 γάρ·
877 2150 1165 2221 ἄνθρωπος
1207 2152 1264 2205 δὲ
1318 2156 1442 2224 νικᾷ
1474 2157 1570 2225 τὴν
1621 2158 1918 2229 ἁμαρτίαν,

353 2241 593 2318 καθαρὸς
628 2242 908 2313 ἁμαρτίας
958 2242 1194 2314 ἁπάσης,
1230 2244 1360 2308 Θεὸς
1393 2247 1502 2317 γὰρ
1533 2245 1634 2316 ἦν·
1673 2255 1765 2303 καὶ
1790 2251 1916 2304 τοῦ·

345 2352 440 2387 τον
474 2336 564 2387 τὸν
607 2337 808 2404 τρόπον
839 2337 872 2405 ἡ
920 2336 1082 2404 φύσις
1112 2336 1221 2388 τῶν
1254 2336 1474 2390 ὀνειδῶν
1512 2341 1919 2396 ἀπαλλάττεται

341 2429 438 2478 καὶ
474 2427 752 2479 ἀναδεῖται
782 2427 936 2495 νίκης
972 2434 1242 2499 στεφάνῳ,
1271 2432 1368 2498 τῆς
1404 2429 1682 2500 ἁμαρτίας
1720 2433 1920 2485 πεσού-

341 2533 469 2581 σης.
501 2515 669 2570 Οὔπω
714 2516 772 2570 δὲ
823 2517 920 2570 καὶ
950 2517 1058 2570 τῶν
1095 2517 1398 2605 (ξιορώπων
1432 2521 1661 2584 ἕκαστος
1708 2521 1739 2590 ἢ
1781 2523 1919 2575 νενί-

339 2625 483 2677 κηκε
512 2609 720 2660 τούτων
771 2607 1000 2679 ἔνεκαῆ
1053 2610 1375 2680 ἠγώνισται.
1413 2614 1622 2681 ’Πγουν
1669 2614 1778 2665 τῶν
1830 2615 1917 2667 δε-

340 2699 502 2769 σμῶν
533 2699 763 2752 ἐκείνων
816 2699 1006 2770 ἐλύθη,
1051 2702 1332 2755 καὶτοῦτο
1382 2703 1439 2756 δὲ
1475 2705 1640 2766 αὐτὸς
1691 2704 1917 2772 ἐποίησε

337 2791 411 2843 δι’
462 2787 538 2844 ὧν
580 2793 926 2863 προσέθηκεν
968 2794 996 2844 6
1049 2795 1262 2864 Σωτὴρ,
1313 2797 1371 2847 ἐν
1420 2790 1499 2857 οἷς
1537 2795 1752 2865 ἑκάστῳ
1811 2798 1918 2848 τῶν

337 2885 658 2954 ἀνθρώπων
706 2886 908 2938 ἔδωκεν
959 2887 1206 2950 ἐξουσίαν
1254 2890 1572 2940 ἀποκτεῖναι
1603 2889 1703 2955 τὴν
1736 2891 1918 2958 ἁμαρ-

335 2977 468 3029 τίαν
500 2979 596 3029 καὶ
653 2978 945 3040 κοινωνοὺς
975 2976 1123 3047 αύτῷ
1156 2978 1412 3044 γενέσθαι
1460 2977 1561 3045 τῆς
1609 2978 1912 3047 ἀριστείας.

350 3067 513 3119 Ἐπεὶ
548 3067 659 3134 γὰρ
707 3066 849 3135 μετὰ
878 3066 938 3119 τὸ
971 3067 1232 3138 τρόπαιον
1264 3069 1438 3120 ἐκεῖνο
1464 3068 1580 3121 δέον
1617 3070 1916 3140 στεφανοῦ-

338 3159 468 3212 σοαι
502 3160 596 3211 καὶ
624 3159 1004 3229 θριαμϐεύειν,
1036 3160 1063 3211 6
1091 3159 1150 3212 δὲ
1174 3159 1398 3230 πληγιὶν
1427 3161 1515 3212 καὶ
1548 3161 1784 3229 σταυροῦ
1821 3161 1914 3214 καὶ

334 3252 576 3305 θανάτου
612 3254 708 3305 καὶ
747 3252 857 3305 τῶν
887 3252 1148 3306 τοιούτων
1176 3236 1265 3316 ἐίς
1318 3255 1505 3320 πεῖραν
1537 3249 1691 3323 ἦλθε,
1723 3254 1749 3306 ὃ
1781 3272 1912 3323 φησι

335 3343 575 3410 Παῦλος,
606 3363 624 3395 ι
683 3343 830 3396 Ἀντί
860 3344 961 3411 τῆς
996 3345 1366 3414 προκειμένης
1399 3342 1550 3413 αύτῷ
1578 3345 1750 3414 χαρᾶς
1785 3346 1915 3398 ύπέ-

335 3451 496 3503 μεινε
527 3434 789 3505 σταυρὸν,
842 3433 1107 3502 αἰσχύνης
1156 3431 1597 3504 καταφρονήσας,
1636 3452 1654 3484 ι
1691 3436 1742 3488 τί
1769 3436 1913 3502 γίνε-

330 3543 460 3591 ται;
511 3525 571 3577 '0
607 3525 706 3593 μὲν
764 3524 918 3577 οὐδὲν
952 3524 1236 3593 ἠδίκησεν,
1273 3517 1350 3578 ὧν
1399 3522 1465 3575 ἂν
1519 3523 1692 3576 ταῦτα
1742 3525 1909 3579 ἔδωκε

328 3616 516 3683 δίκην,
547 3612 669 3667 οὐδὲ
724 3615 981 3684 ἐποίησεν
1032 3615 1332 3684 ἁμαρτίαν,
1382 3614 1502 3667 οὐδὲ
1537 3611 1686 3686 εἶχεν
1734 3617 1909 3682 οὐδὲν,

329 3707 458 3759 ὅθεν
493 3707 560 3759 ἂν
614 3707 868 3773 ἐγκαλεῖν
909 3703 1057 3776 εἶχεν
1099 3709 1127 3760 6
1180 3706 1524 3775 συκοφάντης
1582 3708 1674 3758 καὶ
1705 3708 1910 3777 σφόδρα

325 3800 735 3867 ἀναισχυντῶν,
795 3798 983 3869 πληγὴ
1016 3799 1070 3852 δὲ
1123 3800 1216 3850 καὶ
1247 3798 1404 3867 ὀδύνη
1452 3799 1545 3851 καὶ
1595 3796 1824 3859 Θάνατος
1853 3799 1909 3864 ἐξ

328 3893 514 3961 ἀρχῆς
563 3897 701 3944 κατὰ
749 3892 846 3961 τῆς
883 3892 1162 3962 ἁμαρτίας
1216 3891 1505 3958 ἐπενοήθη,
1556 3890 1622 3942 Τί
1675 3890 1783 3958 γὰρ
1818 3889 1911 3941 καὶ

332 3986 637 4054 συνεχώρει
693 3984 1074 4054 φιλάνθρωπο,
1106 3982 1180 4036 ὢν
1207 3985 1234 4035 6
1264 3983 1570 4052 Δεσπότης;
1602 3981 1677 4035 Οὺ
1709 3981 1815 4050 γὰρ
1838 3981 1913 4033 εί-

326 4079 423 4140 κός
468 4080 609 4138 ἐστι,
663 4077 880 4146 φοϐερῷ
909 4077 1001 4128 καὶ
1055 4061 1268 4143 Θανάτῳ
1302 4076 1399 4142 τὴν
1435 4073 1750 4142 ἀγαθότητα
1792 4074 1911 4142 χαί-

325 4186 468 4237 ρειν.
509 4168 606 4218 Διά
640 4165 800 4217 τοῦτο
830 4165 972 4235 μετὰ
999 4165 1097 4236 τὴν
1127 4166 1404 4234 ἁμαρτίαν
1434 4164 1594 4224 εὐθὺς
1629 4164 1720 4214 τὸν
1751 4163 1912 4214 ϐάνα-

320 4272 419 4313 τονν
467 4260 563 4311 καὶ
610 4257 713 4328 τὴν
744 4259 940 4328 ὀδύνην
978 4257 1359 4328 συνεχώρησεν
1393 4258 1421 4309 6
1471 4255 1622 4322 6&6,
1656 4255 1716 4307 οὐ
1751 4255 1907 4323 δίκην

323 4350 687 4421 ἡμαρτηκότι
719 4349 922 4420 μᾶλλον
950 4351 1173 4417 ἐπάγων
1211 4349 1242 4417 ἢ
1280 4349 1574 4420 φάρμακον
1595 4345 1906 4414 νενοσηκότι

319 4443 614 4511 παρέχων.
677 4441 832 4494 Ἐπεὶ
871 4442 1050 4496 τοίνυν
1095 4444 1206 4504 τοῖς
1241 4441 1345 4494 ὑπὸ
1387 4439 1481 4492 τοῦ
1521 4437 1757 4508 Χριστοῦ
1809 4453 1903 4488 πε-

2027 1958 2146 2012 nire
2203 1965 2567 2034 conjungiquc
2607 1985 2828 2024 necesse
2865 1973 2984 2035 luit,
3023 1988 3074 2029 et
3112 1995 3273 2032 unum
3311 1985 3587 2039 eumdem-

2026 2064 2128 2118 que
2157 2063 2407 2107 naturam
2437 2073 2618 2110 veram
2648 2075 2856 2127 gerere,
2888 2073 2997 2118 tum
3030 2069 3149 2136 ejus
3179 2073 3269 2140 qui
3305 2080 3582 2131 certamini

2025 2154 2168 2193 esset
2205 2143 2452 2208 idoneus,
2491 2155 2599 2200 tum
2633 2150 2752 2218 ejus
2785 2154 2874 2220 qui
2910 2155 3122 2210 vincere
3155 2175 3356 2228 posset.
3405 2165 3506 2228 Fit,
3534 2180 3587 2221 et

2028 2229 2170 2286 Deus
2224 2235 2442 2303 quidem
2508 2255 2732 2307 agonem
2794 2261 2891 2314 pro
2955 2249 3268 2307 hominibus
3319 2262 3583 2324 assumit,

2024 2332 2184 2377 tratus
2241 2327 2440 2393 homo;
2499 2342 2550 2385 et
2602 2335 2762 2387 homo
2799 2338 3030 2394 debellat
3079 2357 3376 2411 peccatum,
3413 2367 3584 2419 purus

2024 2415 2205 2469 omnis
2263 2421 2648 2491 pcccati,qnia
2711 2425 2853 2482 Deus
2909 2440 3046 2486 erat.
3106 2432 3169 2487 Et
3227 2437 3328 2490 hoc
3366 2415 3583 2502 quidem

2023 2517 2182 2575 pacto
2236 2510 2589 2578 opprobrium
2652 2529 2850 2579 cessat.
2915 2531 2968 2576 et
3028 2537 3246 2590 peccato
3287 2539 3582 2594 prostrato,

2024 2599 2261 2651 victoria-
2321 2614 2522 2656 corona
2590 2609 2894 2663 redimitur.
2965 2617 3060 2666 Ast
3123 2619 3357 2671 nondum
3420 2623 3581 2675 etiam

2023 2685 2182 2738 homo
2237 2690 2464 2755 quilibet
2518 2704 2609 2748 aut
2665 2709 2946 2765 propterea
2996 2704 3140 2767 Vicit,
3181 2717 3273 2759 aut
3334 2712 3580 2775 certarit,

2022 2786 2118 2829 aut
2150 2778 2381 2833 vinculis
2413 2783 2518 2836 illis
2547 2785 2757 2838 solutus
2784 2797 2888 2841 est.
2932 2789 2995 2843 Et
3031 2793 3130 2845 hoc
3159 2809 3290 2848 sane
3333 2795 3586 2853 Salvator

2023 2868 2137 2935 ipse
2170 2869 2297 2922 fecit
2329 2887 2421 2938 per
2445 2888 2505 2925 ea
2551 2892 2670 2942 quae
2703 2880 3018 2946 assumpsit,
3059 2882 3110 2933 in
3143 2885 3340 2951 quibus
3371 2891 3586 2942 unicui-

2024 2973 2128 3029 que
2160 2960 2446 3016 hominum
2473 2974 2792 3032 potestatem
2825 2971 2972 3024 dedit
2999 2975 3358 3030 interﬁciendi
3391 2996 3585 3046 pecca-

2020 3058 2156 3113 tum,
2194 3063 2247 3105 et
2294 3055 2606 3109 societatem
2648 3057 2984 3115 fortitudinis
3032 3064 3152 3132 ejus
3189 3074 3578 3137 consequendi.

2018 3139 2287 3206 Quoniam
2339 3147 2483 3199 enim
2536 3161 2656 3216 post
2703 3155 2985 3206 victoriam
3026 3155 3169 3208 illam
3223 3164 3474 3225 coronari
3529 3176 3584 3217 et

2019 3233 2354 3300 triumphare
2403 3241 2707 3306 oportebat,
2743 3242 2856 3310 ipse
2894 3255 3072 3298 autem
3108 3248 3314 3315 plagas,
3338 3259 3580 3318 crucem,

2015 3333 2274 3390 mortem,
2310 3336 2364 3379 et
2413 3327 2792 3396 hujuscemodi
2829 3334 2966 3385 mala
3000 3347 3254 3402 expertus
3291 3348 3396 3401 est,
3433 3354 3484 3394 et
3525 3353 3583 3394 ut

2015 3414 2218 3472 Paulus
2275 3421 2350 3472 ait
2401 3440 2412 3472 :
2477 3439 2494 3470 ‹
2553 3420 2836 3490 Proposito
2889 3427 2989 3479 sibi
3049 3429 3265 3496 gaudio.
3321 3433 3585 3488 sustinuit

2014 3521 2257 3572 erucem,
2306 3510 2629 3564 confusione
2663 3525 2969 3582 contempta
2998 3517 3082 3581 ‘7;
3127 3535 3144 3566 ι
3178 3521 3306 3586 quid
3345 3522 3446 3574 fit?
3481 3525 3575 3578 ille

2014 3602 2192 3653 scelus
2259 3603 2465 3654 nullum
2527 3605 2814 3667 conscivit,
2876 3607 2945 3658 ob
3016 3611 3159 3676 quod
3224 3627 3411 3677 poenas
3471 3625 3579 3668 tam

2012 3689 2162 3760 diras
2214 3696 2541 3757 exsolveret,
2604 3697 2753 3749 nullo
2781 3711 2838 3751 se
2888 3699 3086 3752 delicto
3135 3702 3448 3767 obstrinxit,
3486 3724 3583 3761 nec

2013 3785 2245 3850 patravit
2281 3785 2584 3853 quidpiam,
2647 3789 2789 3842 unde
2851 3790 3002 3842 illum
3055 3793 3134 3845 vel
3208 3793 3348 3848 inter
3422 3814 3582 3867 syco-

2011 3874 2248 3941 phantas
2317 3879 2834 3944 impudentissimus
2927 3896 3185 3936 accusare
3289 3895 3576 3953 potuisset.

2009 3963 2183 4034 Plagae
2217 3977 2394 4020 autem
2431 3971 2677 4022 et'dolor
2728 3981 2783 4023 et
2829 3987 2975 4026 mors
3015 3975 3083 4027 ab
3115 3977 3268 4028 initio
3319 3981 3580 4034 adversus

2011 4066 2289 4126 peccatum
2329 4061 2628 4129 excogitata
2658 4075 2800 4115 sunt.
2863 4065 2998 4128 Quid
3058 4082 3206 4119 enim
3260 4071 3578 4127 concederet

2012 4151 2111 4213 illi,
2166 4167 2474 4221 quanquam
2537 4156 2802 4223 benignus
2862 4159 3161 4214 Dominus?
3226 4162 3374 4215 llautl
3434 4168 3578 4219 enim

2010 4258 2226 4311 aequum
2281 4256 2382 4308 est,
2416 4245 2718 4313 perditione
2759 4256 2810 4300 et
2849 4261 3022 4301 morte
3052 4251 3219 4304 la-tari
3257 4254 3573 4308 bonitatem.

2005 4329 2277 4399 Quocirca
2359 4347 2482 4405 post
2542 4349 2819 4406 peccatum
2899 4342 3161 4395 continuo
3219 4358 3448 4398 mortem
3526 4358 3579 4400 et

2012 4429 2224 4481 dolores
2257 4429 2478 4483 immisit
2509 4429 2670 4493 Deus,
2705 4447 2810 4485 non
2843 4434 3012 4502 magis
3046 4444 3102 4487 ut
3133 4451 3281 4488 reum
3311 4439 3578 4505 supplicio

321 4533 674 4603 πραγαένοις
699 4534 802 4586 οὐκ
826 4529 894 4605 ἦν
917 4534 1230 4603 ἐφαρμόσαι
1262 4531 1466 4600 ταύτην
1491 4531 1587 4599 τὴν
1611 4531 1790 4599 δίκην,
1816 4531 1905 4581 καὶ
1935 4532 1986 4591 Ι)

1886 4531 1986 4591 ὶῙ)
2017 4520 2294 4585 multaret,
2331 4536 2492 4590 quam
2536 4531 2592 4575 ut
2623 4534 2826 4591 aegroto
2864 4527 3189 4579 medicinam
3235 4529 3573 4584 admoveret.

316 4626 643 4697 ἀρρωστίας
681 4627 827 4695 ῖχνος
881 4622 1028 4696 εἶχεν
1056 4625 1210 4676 οὐδὲν
1260 4626 1287 4676 6
1336 4623 1549 4691 Σωτὴρ,
1582 4619 1647 4689 ἣν
1697 4621 1908 4671 ἀνεῖλεν

315 4722 464 4787 ὅπερ
500 4717 663 4770 ἔλαϐε
697 4721 1016 4788 φάρμακον,
1042 4717 1120 4778 είς
1149 4717 1297 4786 ἡμᾶς
1329 4717 1362 4785 ἡ
1392 4714 1486 4767 τοῦ
1524 4714 1783 4782 ποτηρίου
1816 4711 1906 4763 δύ-

319 4828 492 4879 ναμις
519 4810 731 4864 ἐκείνου
763 4810 1036 4863 διαϐαίνει
1073 4811 1168 4862 καὶ
1209 4811 1524 4863 ἀποκτείνει
1555 4808 1654 4879 τὴν
1691 4812 1747 4862 ὲν
1774 4807 1908 4878 ἡμῖν

319 4902 629 4973 ἁμαρτίαν,
667 4904 761 4954 καὶ
785 4903 819 4972 η
853 4902 946 4955 τοῦ
984 4901 1278 4957 ἀνευθύνυυ
1315 4901 1498 4971 πληγὴ
1542 4903 1750 4967 γίνεται
1783 4900 1907 4968 δίκη

315 4999 439 5057 τοῖς
471 4995 687 5047 πολλῶν
716 4995 1000 5064 ὑπόχρεως
1033 4990 1176 5046 οὖσι.
1205 4995 1310 5046 Καὶ
1331 4995 1452 5045 ἐπεὶ
1491 4992 1702 5061 μιγαλη
1729 5009 1810 5052 τις
1841 4987 1908 5058 ἦν

316 5088 352 5155 ἡ
378 5084 508 5152 δίκη
552 5087 644 5136 καὶ
667 5085 961 5154 Θαυμαστὴ
993 5085 1087 5137 καὶ
1124 5086 1327 5153 μείζων
1361 5086 1392 5151 ἦ
1422 5086 1528 5135 τῶν
1552 5081 1907 5152 ἀνθρωπείων

317 5175 514 5230 κακῶν
543 5176 876 5245 ἁντίρῤοπος
907 5173 1069 5236 εἶναι.
1095 5178 1155 5228 ού
1187 5175 1351 5246 μέχρι
1378 5175 1569 5232 τούτου
1598 5175 1758 5243 μόνον
1777 5173 1906 5244 ἔστη

287 5268 537 5320 ’λύσασα
584 5268 646 5319 τὸ
691 5267 986 5338 ἔγκλημα,
1027 5267 1163 5321 ἀλλὰ
1223 5267 1495 5337 τοσαύτην
1564 5267 1906 5337 προσέθηκεν

313 5358 634 5429 ὑπερϐολὴν
662 5358 909 5426 ἀγαθῶν.
938 5358 1079 5410 ὥστε
1110 5360 1201 5410 καὶ
1234 5359 1312 5419 εἰς
1343 5360 1432 5412 τὸν
1480 5357 1707 5426 οὐρανὸν
1743 5357 1906 5408 αὑτὸν

309 5450 590 5520 ἀναϐῆναι
626 5451 720 5502 καὶ
748 5451 845 5521 τῆς
878 5451 1113 5503 ἐνταῦθα
1148 5451 1426 5521 βασιλείας
1454 5449 1531 5520 τῷ
1561 5449 1679 5518 Θεῴ
1710 5461 1902 5501 κοινω-

311 5543 488 5612 νῆσαι
545 5543 671 5606 τοὺς
729 5542 837 5594 ἀπὸ
898 5543 1022 5611 γῆς,
1071 5543 1199 5604 ’τοὺς
1234 5542 1538 5612 ἐχθίστους.
1581 5542 1706 5610 τοὺς
1760 5539 1903 5594 δεδε-

314 5638 543 5706 μένους,
576 5636 703 5698 τοὺς
736 5634 1301 5708 ἠνδραποδισμένους,
1338 5635 1462 5697 τοὺς
1492 5634 1894 5704 ἡτιμωμὲνους.

384 5813 654 5873 "Matth.
691 5833 719 5874 at
791 5815 882 5872 2‘.
958 5817 1000 5846 "
1040 5808 1202 5871 Hebr.
1241 5830 1331 5878 xit,
1371 5810 1424 5867 9..

2009 4612 2146 4679 Quia
2180 4613 2345 4683 igitur
2374 4616 2681 4669 actionibus
2736 4616 2940 4672 Christi
2975 4617 3356 4687 hujuscemodi
3399 4625 3576 4677 anim-

2008 4706 2259 4759 adversio
2300 4721 2404 4758 non
2442 4707 2821 4772 conveniebat,
2855 4725 2952 4762 nec
2984 4710 3150 4763 ullum
3204 4713 3375 4766 morbi
3409 4716 3576 4769 vesti-

2008 4798 2155 4866 gium
2191 4797 2440 4852 Salvator
2477 4799 2730 4866 habebat,
2781 4803 2923 4870 quod
2960 4812 3181 4872 accepto
3218 4804 3576 4860 medicamine

2009 4895 2308 4952 tolleretur,
2341 4893 2406 4948 ad
2455 4910 2552 4949 nos
2589 4895 2735 4950 illius
2766 4899 3000 4964 potionis
3031 4901 3318 4954 ellicacitas
3355 4903 3573 4968 transit,

2008 4993 2059 5038 ct
2096 4999 2378 5055 peccatum
2437 4987 2489 5040 in
2541 4988 2697 5043 nobis
2733 4990 2946 5045 hrcrens
2980 5004 3192 5056 enecat,
3240 4995 3574 5062 verberaque

2009 5079 2315 5132 ἱιιιιοίοιιιίε
2379 5081 2515 5134 liunt
2568 5083 2897 5151 supplicium
2951 5100 3045 5152 pro
3100 5085 3182 5138 his
3237 5087 3327 5153 qui
3387 5088 3573 5142 multis

2008 5171 2328 5226 Criminibus
2362 5184 2489 5227 sunt
2521 5178 2768 5229 involuti.
2808 5177 2866 5231 Et
2895 5179 3153 5246 quoniam
3186 5193 3344 5247 poena
3382 5180 3571 5248 iugi-ns

2006 5274 2122 5316 erat
2149 5274 2200 5316 et
2233 5263 2553 5332 singularis,
2592 5268 2895 5336 majorque,
2947 5285 3107 5338 quam
3151 5278 3206 5322 ut
3236 5286 3353 5322 eam
3395 5272 3571 5324 homi-

2007 5371 2134 5410 num
2169 5368 2374 5412 scctera
2403 5357 2777 5427 ad.eqnarent,
2812 5378 2916 5414 non
2951 5362 3036 5415 hic
3060 5364 3329 5426 t'OttStilil,
3359 5374 3413 5415 ut
3443 5380 3572 5416 cun-

2009 5460 2176 5503 tracta
2221 5452 2449 5505 erimina
2484 5455 2747 5519 expiaret,
2787 5454 2878 5507 sed
2927 5465 3130 5506 tantum
3171 5456 3433 5508 bonorum
3467 5470 3567 5507 Ctt-

2009 5542 2214 5594 inulum
2241 5542 2458 5611 odjccit,
2489 5555 2544 5596 ut
2570 5553 2622 5597 cl
2665 5545 2717 5597 in
2751 5547 2949 5598 coalum
2980 5547 3354 5608 ascenderem,
3383 5559 3434 5598 et
3461 5548 3570 5600 illic

2010 5630 2116 5686 Deo
2153 5643 2435 5689 consortes
2475 5629 2623 5704 regni
2667 5634 2876 5702 tierent,
2918 5635 3139 5701 terreni,
3182 5635 3570 5702 inimicissimi,
