4272 6446
670 452 780 514 515

1933 452 2242 513 NICOLAI
2276 453 2363 513 CA
2376 452 2667 513 BASILJE

3812 453 3915 514 516

668 559 1151 627 vincti,,servitute
1183 560 1432 629 oppressi
1475 569 1638 630 atque
1694 562 1954 630 despecti.
1987 562 2234 617 Pretiosa
2264 566 2355 625 Α(

2231 589 2234 617 l
2264 567 2315 625 Α
2340 566 2536 635 Τίμιος
2570 566 2677 634 γάρ
2716 559 2786 635 ἦν
2814 564 2842 617 δ
2873 562 3101 626 Θάνατος
3129 564 3335 623 ἐκεῖνος
3366 559 3629 629 οὐμενοῦν
3660 561 3768 614 οὐδ’
3792 563 3918 617 ὅσον

670 652 815 706 enim
848 658 965 704 erat
996 666 1141 707 mors
1174 652 1284 717 illa,
1308 660 1579 721 quantum
1626 668 1777 706 mens
1806 655 2043 708 humana
2085 671 2235 709 com-

670 741 1010 810 prehendere
1057 742 1270 809 nequit,
1310 742 1413 796 etsi
1469 742 1538 797 ab
1572 743 1861 798 homicidis
1915 744 2022 798 illis
2074 760 2238 812 parvo

676 831 934 887 venditus
959 842 1041 887 est
1062 832 1238 888 libens
1265 833 1532 888 Salvator.
1561 834 1625 889 Et
1655 835 1769 889 hare
1799 851 1904 889 una
1938 852 2063 905 pars
2094 835 2238 890 illius

670 940 898 979 summa:
937 925 1275 992 paupertatis
1306 935 1359 979 et
1384 926 1721 994 ignominim,
1748 936 1807 980 ut
1839 927 1982 995 quod
2015 928 2238 980 omnino

674 1013 926 1067 venditus
974 1021 1140 1077 esset,
1172 1015 1225 1065 in
1264 1027 1330 1067 eo
1370 1015 1569 1068 servile
1622 1015 1880 1084 quiddam
1937 1017 2237 1077 sustinens,

670 1105 1030 1158 contumelias
1076 1088 1417 1170 lucraretur;
1458 1106 1693 1160 dedecus
1724 1108 1868 1161 enim
1925 1123 2021 1175 pro
2080 1108 2237 1163 nobis

670 1205 724 1249 et
752 1197 1103 1265 opprobrium
1157 1196 1210 1249 in
1244 1197 1411 1251 lucris
1464 1200 1819 1264 numerabat;
1856 1200 2012 1268 pretii
2056 1210 2235 1253 autem

668 1288 965 1356 exiguitate
1001 1287 1397 1349 insinuaretur,
1424 1304 1546 1341 eum
1584 1290 1649 1343 ad
1688 1300 1915 1343 mortem
1952 1308 2047 1359 pro
2078 1309 2238 1345 lllllll—

668 1378 739 1430 do
773 1378 1177 1446 perpetiemlam
1207 1380 1378 1446 gratis
1420 1380 1654 1444 venisse,
1687 1391 1747 1433 ct
1782 1382 1883 1434 hoc
1919 1382 1991 1435 illi
2039 1399 2239 1438 munus

670 1469 821 1522 dare.
875 1470 1077 1537 Sponte
1109 1477 1161 1522 et
1194 1471 1338 1522 nltro
1396 1480 1478 1523 est
1533 1480 1810 1533 mortuus;
1849 1487 1968 1525 cum
2034 1473 2238 1527 nemini

672 1577 773 1614 nec
822 1561 1164 1624 facultatum,
1202 1578 1300 1615 nec
1355 1562 1475 1614 vitae
1508 1564 1685 1615 civilis
1736 1576 1898 1632 atque
1933 1566 2238 1618 communis

671 1651 843 1718 gratia
901 1650 1062 1704 ullam
1128 1650 1480 1717 imposuisset
1539 1650 1815 1716 injuriatn,
1865 1662 1917 1703 et
1962 1652 2236 1708 beneﬁciis

673 1739 793 1789 illos
829 1739 1211 1791 interfectores
1243 1753 1372 1790 suos
1397 1739 1543 1790 omni
1574 1753 1668 1808 spe
1696 1756 1760 1793 ae
1787 1742 2053 1795 desiderio
2082 1742 2239 1810 longe

673 1831 969 1898 tuajm‘ihus
1007 1831 1409 1883 antevenisset.

740 1959 842 2013 Sed
885 1960 1015 2028 quid
1062 1975 1160 2029 ego
1204 1960 1307 2014 ista
1346 1962 1751 2015 commemoro?
1800 1962 1944 2016 Deus
1988 1972 2237 2018 mortuus

671 2062 803 2105 est:
846 2050 935 2104 Dei
992 2053 1217 2120 sanguis
1265 2054 1319 2106 in
1360 2069 1522 2108 cruce
1568 2053 1775 2108 eﬂ‘usus
1812 2064 1914 2112 est.
1954 2054 2095 2121 Quid
2148 2057 2247 2111 hac

670 2153 847 2197 morte
883 2144 1220 2212 pretiosius?
1278 2145 1408 2214 quid
1468 2146 1837 2200 veneramlum
1892 2146 2068 2217 magis
2132 2146 2246 2201 ﬁeri

670 2234 873 2304 queat?
902 2235 1057 2300 Quod
1113 2243 1320 2290 tantum
1363 2236 1541 2292 scelus
1594 2238 1877 2291 hominum
1936 2238 2058 2303 fuit,
2088 2248 2147 2294 ut
2192 2238 2244 2293 id

669 2329 858 2382 eluere
898 2329 1122 2382 deberet
1173 2328 1293 2398 ipsa
1345 2330 1601 2398 justitia?
1635 2330 1804 2395 Quale
1846 2330 2066 2397 vulnus,
2099 2332 2246 2401 quod

672 2429 783 2470 tam
839 2419 1021 2472 nobile
1077 2419 1341 2472 auxilium
1409 2420 1699 2489 posceret?
1752 2419 2047 2490 Oportebat
2102 2424 2245 2477 enim

672 2510 950 2580 supplicio
980 2510 1170 2580 aliquo
1219 2523 1502 2580 peccatum
1533 2512 1763 2576 aboleri,
1792 2513 2246 2569 commissorum-

672 2616 778 2667 que
838 2602 1107 2656 adversus
1159 2618 1282 2656 cum
1328 2602 1477 2671 jnsta
1510 2617 1667 2671 ptena
1712 2619 1973 2672 expensa,
2013 2619 2240 2659 accusa-

671 2706 819 2744 ιιοιιυ
853 2693 1095 2745 ΙίΙιιἩιΓὶ.
1132 2692 1267 2746 Nam
1316 2699 1409 2761 qui
1444 2689 1636 2762 poenas
1665 2696 1928 2764 suscepit,
1973 2711 2138 2764 super
2171 2697 2239 2751 iis

675 2795 894 2852 propter
944 2801 1065 2853 qua:
1116 2786 1355 2854 suscepit
1408 2788 1459 2839 in
1510 2786 1781 2855 judicium
1839 2787 2074 2856 amplius
2133 2802 2241 2840 non

674 2887 922 2933 vocatur.
985 2878 1279 2932 llomiuum
1335 2895 1464 2934 vero
1501 2880 1878 2948 reperiebatur
1921 2894 2099 2944 nemo,
2149 2879 2242 2949 qui

674 2974 788 3038 ipse
843 2972 1052 3042 integer
1080 2987 1135 3025 et
1192 2988 1221 3026 a
1256 2972 1378 3026 labe
1437 2989 1604 3041 purus
1648 2982 1963 3040 pateretur;
2022 2974 2241 3042 quando

675 3078 775 3114 nec
829 3062 930 3114 sibi
980 3062 1202 3130 quidem
1247 3064 1394 3118 ullus
1449 3062 1769 3126 stiﬂieiebat,
1838 3079 2015 3131 neque
2075 3078 2248 3132 genus

678 3153 978 3205 humanum
1039 3153 1379 3214 universum,
1431 3157 1477 3207 si
1535 3156 1733 3209 millies
1785 3157 1924 3209 mori
1978 3156 2247 3221 licuisset,

675 3240 1059 3298 commeritum
1098 3246 1425 3314 supplicium
1454 3246 1585 3299 dare
1612 3246 1897 3315 potuisset.
1923 3247 2062 3309 Quid
2100 3246 2243 3321 enim

679 3351 777 3405 pro
830 3336 1095 3405 dignitate
1153 3340 1398 3405 patiatur
1442 3354 1634 3392 servus
1687 3338 2118 3407 impurissimus,
2150 3339 2243 3406 qui

678 3423 881 3492 regiam
933 3425 1223 3493 imaginem
1275 3427 1559 3492 contrivit,
1597 3438 1651 3481 et
1688 3421 1989 3481 in'tantam
2027 3428 2248 3482 celsitu-

678 3515 860 3567 tlinum
891 3516 1329 3572 contumeliosus
1363 3517 1501 3572 luit?
1553 3518 1756 3587 Idcirco
1807 3519 2072 3574 Dominus
2106 3519 2243 3588 ipse,

676 3608 745 3661 ab
775 3606 924 3660 omni
957 3617 1185 3677 peccato
1216 3609 1452 3673 alienus,
1482 3611 1652 3663 multa
1687 3610 1918 3664 nefanda
1953 3625 2245 3679 perpessus

676 3701 946 3766 moritur;
980 3710 1035 3755 et
1075 3701 1241 3754 homo
1272 3700 1558 3756 hominum
1594 3716 1818 3756 causam
1854 3702 2245 3771 patrocinium-

681 3804 784 3860 que
828 3792 1158 3860 suscipiens,
1187 3792 1465 3848 cruciatus
1495 3794 1736 3860 excipit,
1768 3802 1823 3845 et
1872 3808 2043 3864 genus
2083 3808 2244 3847 suum

677 3883 909 3949 piaculis
984 3883 1276 3947 absolvit;
1356 3882 1686 3952 compeditis
1763 3884 2065 3937 libertatem
2146 3884 2247 3938 do-

678 3983 804 4040 nat,
844 3989 951 4042 qua
985 3974 1120 4045 ipse,
1148 3986 1208 4029 ut
1233 3976 1376 4030 Deus
1406 3984 1459 4030 et
1489 3976 1779 4040 Dominus,
1810 3992 1919 4031 non
1954 3978 2169 4044 egebat.

752 4068 995 4131 Quorum
1040 4069 1217 4134 gratia
1262 4068 1430 4136 igitur
1475 4084 1600 4122 vera
1648 4070 1753 4122 vita
1775 4085 1871 4139 per
1915 4086 2102 4123 necem
2128 4069 2248 4123 Sal-

680 4159 890 4212 “toris
921 4158 986 4211 ad
1024 4174 1125 4213 nos
1166 4159 1484 4223 dimanarit,
1539 4162 1653 4214 haec
1686 4172 1833 4215 sunt.
1895 4161 2105 4225 Modus,
2137 4178 2247 4231 quo

681 4247 826 4302 hanc
866 4247 1031 4301 vitam
1087 4248 1138 4301 itt
1176 4249 1387 4303 animas
1435 4260 1652 4303 nostras
1682 4251 2016 4318 derivemus,
2049 4264 2152 4316 est,
2190 4264 2250 4306 ut

688 4340 955 4408 mysteriis
987 4340 1298 4393 initientur:
1335 4356 1528 4408 nempe
1560 4350 1617 4392 ut
1652 4343 1958 4405 abluantur,
2003 4354 2063 4397 ut
2094 4347 2251 4397 inun-

686 4445 901 4499 gamur,
965 4439 1024 4484 ut
1074 4441 1424 4492 sacrosancto
1472 4431 1727 4484 convivio
1778 4448 1876 4487 nos
1909 4434 2245 4499 expleamus.

686 4523 808 4577 Ηηό
844 4538 933 4587 qut
991 4522 1215 4584 fat-inut,
1279 4521 1343 4575 ad
1399 4538 1495 4575 eos
1529 4524 1786 4577 Christus
1831 4528 1999 4586 venit,
2049 4527 2100 4579 in
2143 4528 2249 4581 illis

2346 658 2658 729 ἀνθρώποις
2704 655 3024 726 λογίσασθαι
3055 655 3302 717 δυνατὸν,
3349 654 3439 705 καὶ
3476 654 3523 706 εί
3561 655 3745 721 ὀλίγου
3773 656 3921 718 τινὸς

2347 750 2560 819 ἐπράθη
2589 750 2699 808 τοῖς
2734 749 3039 818 φωνευταῖς
3072 746 3392 817 συγχωροῦν
3404 764 3487 807 τος
3507 745 3602 799 τοῦ
3628 745 3780 814 Σωτῆ
3792 762 3881 813 ρος
3901 759 3916 775 ο

2347 840 2438 894 ἵνα
2490 839 2585 893 καὶ
2626 840 2786 892 τοῦτο
2827 840 3100 909 πτωχείας
3147 838 3297 909 αὐτῷ
3339 837 3491 911 γέμῃ
3541 836 3632 890 καὶ
3669 837 3919 904 ἀτιμίας,

2346 934 2496 985 ὼσὰν
2526 931 2599 1003 τῷ
2641 933 2740 1000 μὲν
2789 933 2925 995 ὅλως
2960 931 3235 1002 πραθῆναι
3282 932 3351 984 τά
3380 930 3590 983 δούλων
3617 930 3921 997 ὐπομεὶνας

2347 1026 2406 1078 τὸ
2439 1024 2765 1093 ὑϐρισθῆναι
2792 1025 3059 1094 ϊιερδάνῃ.
3086 1024 3289 1093 Κέρδος
3317 1024 3424 1092 γὰρ
3450 1023 3633 1091 ἡγεῖτο
3660 1021 3754 1087 τὴν
3781 1020 3922 1088 ὑπὲρ

2348 1118 2506 1185 ἡμῶν
2535 1118 2760 1186 ἀτιμίαν
2786 1131 2802 1146 ·
2833 1116 2909 1183 τῷ
2933 1116 2986 1167 δὲ
3019 1116 3199 1182 ὀλίγου
3228 1116 3375 1176 τινὸς
3410 1113 3685 1182 αίνίξηται
3717 1113 3921 1179 προῖκα

2347 1209 2440 1261 καὶ
2470 1208 2643 1276 δῶρον
2667 1210 2742 1269 είς
2767 1207 2858 1260 τὸν
2894 1208 3033 1277 ὑπὲρ
3069 1207 3161 1259 τοῦ
3188 1208 3399 1276 κόσμου
3426 1203 3658 1257 θάνατον
3684 1203 3923 1272 ἀφιγμέ-

2330 1318 2457 1363 .νος.
2507 1300 2681 1353 Ἐκὼν
2717 1302 2981 1366 ἀπέθανε,
3015 1300 3216 1371 μηδένα
3254 1299 3420 1368 μηδὲν
3454 1299 3744 1365 ἀδικήσας,
3792 1293 3920 1347 οὔτε

2346 1392 2440 1444 τοῦ
2474 1393 2590 1463 βίου
2627 1394 2792 1445 ’ἑνεκα
2813 1392 2935 1445 οὗτε
2967 1393 3069 1461 τῆς
3103 1394 3181 1453 είς
3211 1392 3274 1443 τὸ
3300 1391 3479 1444 κοινὸν
3502 1390 3799 1449 πολιτείας,
3834 1405 3924 1457 χαι

2351 1489 2514 1554 ρίτων
2542 1484 2792 1557 ὑπάρξας
2827 1486 2938 1546 τοῖς
2979 1486 3262 1553 φονευταῖς
3299 1483 3410 1535 τῶν
3462 1480 3770 1549 ἐπιθυμιῶν
3826 1479 3921 1530 καὶ

2347 1577 2455 1629 τῶν
2485 1576 2717 1629 ἐλπίδων
2754 1576 2934 1646 πολλῷ
2963 1575 3246 1645 μειζόνων.

2270 1928 2313 1983 Β
2416 1930 2592 1985 Καὶτί
2628 1931 2691 2001 δὴ
2714 1931 2882 1985 ταῦτα
2906 1932 3048 1998 λέγω
3074 1930 3240 1991 ιΘεδς
3272 1927 3540 1982 ἀπέθανεν
3569 1943 3580 1955 ·
3617 1921 3751 1994 αἷμα
3781 1921 3920 1974 Θεοῦ

2350 2027 2408 2076 τὸ
2442 2025 2596 2094 χεθὲν
2627 2026 2719 2075 ἐπὶ
2760 2024 2853 2077 τοῦ
2881 2023 3138 2093 σταυροῦ.
3168 2022 3233 2075 Τί
3260 2021 3585 2090 τιμιώτερον
3609 2020 3797 2070 τούτου
3825 2017 3919 2083 γὲ-

2348 2114 2480 2167 νοιτ’
2510 2116 2576 2168 ἂν
2607 2114 2701 2168 τοῦ
2743 2116 2974 2168 θανάτου
3000 2133 3014 2179 ;
3050 2116 3102 2166 τί
3134 2112 3604 2183 φρικωδέστερον;
3632 2108 3697 2160 Τί
3735 2105 3925 2160 τοσοῦ-

2348 2221 2441 2257 τον
2490 2205 2741 2275 ἥμαρτεν
2790 2208 2821 2275 ἡ
2868 2207 2974 2258 τῶν
3020 2204 3321 2274 ἀνθρώπων
3369 2203 3557 2271 φύσις,
3610 2201 3732 2253 ὅσον
3773 2197 3921 2251 λύειν

2350 2297 2496 2367 ε’χεν
2528 2300 2562 2370 ὴ
2593 2299 2757 2369 δίκης
2792 2301 3027 2366 Πηλίκον
3072 2298 3137 2352 ἂν
3171 2294 3238 2367 ἦν
3263 2299 3323 2349 τὸ
3370 2296 3616 2366 τραῦμα,
3660 2292 3799 2345 ὥστε
3829 2294 3922 2344 ἁν-

2350 2392 2611 2462 τίρροπον
2634 2391 2890 2459 γενέσθαι
2912 2394 2974 2460 τῇ
3004 2390 3097 2444 τοῦ
3128 2392 3421 2459 φαρμάκου
3451 2388 3641 2441 τούτου
3663 2386 3915 2453 δυνάμει;

2354 2484 2499 2535 Ἔδει
2525 2484 2625 2553 μὲν
2656 2484 2764 2554 γὰρ
2787 2486 3027 2555 τιμωρίᾳ
3051 2486 3159 2536 τινὶ
3192 2484 3583 2553 τὴνιᾶιμαρτίαν
3609 2478 3921 2548 καταλυθῆ-

2351 2594 2460 2639 ναι,
2489 2576 2585 2628 καὶ
2615 2569 2688 2628 ὦν
2714 2577 2850 2647 πρὸς
2880 2578 3013 2629 Θεὸν
3042 2575 3449 2646 ὲξημάρτομεν,
3491 2575 3591 2644 τὴν
3618 2574 3775 2637 ἀξίας
3799 2574 3918 2626 δόνο

2350 2684 2447 2731 τας
2499 2668 2656 2738 δίκην
2703 2668 3051 2739 ἀπηλλάχθαι
3103 2669 3213 2719 τῶν
3271 2668 3656 2737 ἐγκλημάτων.
3696 2667 3754 2719 ’0
3810 2665 3920 2734 γὰρ

2350 2760 2808 2830 τιμωρησάμενος
2854 2758 2934 2824 οἷς
2964 2760 3233 2831 ἐπήνεγκε
3265 2761 3443 2828 δίκην,
3492 2760 3753 2829 ἐγκαλοίη
3791 2758 3919 2827 περὶ

2353 2850 2463 2902 τῶν
2498 2852 2675 2903 αὐτῶν
2717 2853 2819 2905 οὐκ
2850 2851 2916 2905 ἀν
2961 2852 3041 2905 ἔτι
3068 2867 3081 2881 ·
3118 2851 3423 2921 ἀνθρώπων
3446 2851 3503 2903 δὲ
3532 2851 3706 2913 οὐδεὶς
3735 2845 3828 2919 ἦν,
3860 2849 3920 2913 ὃς

2351 2940 2582 3009 εὐθύνης
2613 2941 2852 3011 καθαρὸς
2885 2941 2960 2995 ὢν
2994 2943 3154 3005 αὐτὸς
3181 2943 3321 3012 ὑπὲρ
3350 2942 3456 2993 τῶν
3491 2943 3667 2995 ἀλλων
3715 2940 3920 2994 ἔπαθεν

2353 3030 2438 3093 ἂν,
2484 3034 2616 3083 ὅπου
2651 3049 2714 3099 γε
2744 3034 2864 3086 οὐδὲ
2897 3034 3072 3104 ἑαυτῷ
3119 3051 3201 3098 τις
3227 3035 3482 3104 ἢρκεσεν,
3525 3034 3729 3086 οὐδὲτὸ
3762 3034 3921 3100 γένος

2355 3126 2520 3185 ᾶπαν,
2556 3126 2602 3176 εί
2650 3127 2907 3196 μυριάκις
2944 3126 3072 3196 ἐξῆν
3115 3127 3430 3191 ἀποθανεῖν,
3474 3127 3573 3195 τὴν
3618 3126 3923 3195 γενομένην

2352 3215 2576 3268 ἀπέτισε
2621 3217 2797 3285 δίκην.
2832 3220 2895 3270 Τί
2927 3220 3031 3288 γάρ
3074 3218 3140 3271 ἂν
3188 3219 3337 3283 ἄξιον
3371 3219 3465 3271 καὶ
3519 3218 3681 3271 πάθοι
3736 3218 3922 3281 δοῦλος

2344 3308 2651 3381 αἴσχιστος,
2700 3311 2798 3378 τὴν
2825 3311 3012 3364 είκόνα
3063 3312 3360 3382 συντρίψας
3391 3311 3489 3382 τὴν
3519 3309 3803 3382 βασιλικὴν
3827 3313 3921 3363 καὶ

2348 3400 2484 3467 πρὸς
2511 3400 2764 3454 τοσοῦτον
2794 3400 2927 3470 ὕψος
2953 3402 3180 3472 ὑδρίσας
3204 3419 3220 3469 ;
3246 3403 3342 3455 Διά
3381 3402 3554 3456 ταῦτα
3575 3404 3604 3455 ὁ
3639 3403 3919 3473 Δεσπότης

2345 3496 2372 3547 ὁ
2390 3494 2794 3565 ἀναμάρτητος,
2816 3497 3027 3553 πολλῶν
3049 3499 3239 3551 δεινῶν
3256 3500 3647 3571 ἀνασχόμενος,
3679 3500 3920 3571 ἀποθνή-

2318 3622 2319 3625 η
2349 3601 2468 3635 σκει
2500 3587 2595 3639 καὶ
2619 3585 2781 3656 φέρει
2809 3586 2908 3656 μὲν
2931 3586 3029 3659 τὴν
3058 3589 3295 3659 πληγὴν,
3318 3590 3454 3660 ὑπὲρ
3475 3592 3584 3645 τῶν
3612 3590 3920 3662 ἀνθρώπων

2350 3675 2794 3746 ἀπολογούμενος
2835 3678 3124 3751 ἄνθρωπος
3164 3680 3262 3743 ὢν,
3295 3681 3411 3734 λύει
3439 3681 3495 3734 δὲ
3527 3682 3586 3734 τὸ
3620 3681 3775 3749 γένος
3805 3682 3918 3734 τῶν

2350 3768 2722 3838 ἐγκλημάτων
2764 3772 2857 3824 καὶ
2882 3772 3067 3825 δίδωσι
3099 3775 3212 3837 τοῖς
3237 3773 3545 3845 δεδεμένοις
3578 3774 3916 3844 ἐλευθερίαν,

2346 3862 2427 3915 ὅτι
2452 3861 2616 3925 αὐτὸς
2643 3864 2743 3917 οὐκ
2766 3864 2937 3919 ἐδεῖτο
2968 3866 3191 3937 ταύτης,
3221 3865 3353 3930 Θεὸς
3384 3866 3460 3920 ὢν
3494 3869 3587 3919 καὶ
3615 3869 3919 3928 Δεσπότης.

2430 4051 2573 4103 Ἀνθ’
2606 4043 2681 4105 ὧν
2730 4052 2828 4121 μὲν
2867 4051 2958 4105 οῦν
2994 4054 3027 4123 ἡ
3060 4053 3288 4124 ἀληθινὴ
3308 4052 3418 4125 ζωὴ
3443 4055 3538 4107 διὰ
3565 4056 3659 4109 τοῦ
3684 4056 3919 4109 Θανάτου

2348 4142 2445 4206 τοῦ
2472 4146 2723 4215 Σωτῆρος
2754 4147 2835 4206 είς
2874 4148 3018 4215 ἡμᾶς
3048 4147 3336 4213 διαϐαίνει,
3369 4149 3543 4202 ταῦτά
3575 4150 3743 4203 ἐστιν.
3784 4152 3842 4202 '0
3863 4151 3921 4203 δὲ

2348 4238 2568 4306 τρόπος.
2603 4239 2751 4298 ὅπως
2779 4239 2983 4307 ταύτην
3015 4239 3250 4305 ἕλκομεν
3282 4243 3358 4303 είς
3392 4241 3488 4304 τὰς
3518 4241 3794 4310 ἡμετέρας
3823 4241 3924 4310 ψυ-

2348 4332 2468 4398 χὰς,
2501 4330 2659 4382 τοῦτό
2692 4332 2811 4382 ἐστι
2840 4331 2900 4382 τὸ
2934 4330 3261 4401 τελεσθῆναι
3282 4332 3351 4383 τά
3385 4334 3682 4401 μυστήρια,
3710 4333 3771 4383 τὸ
3800 4331 3925 4384 λού-

2351 4422 2569 4483 σασθαι,
2597 4424 2656 4474 τὸ
2705 4416 3019 4495 χρισθῆναι,
3051 4424 3109 4476 τὸ
3155 4426 3443 4493 τραπέζης
3482 4424 3790 4478 ἀπολαῦσαι
3819 4425 3924 4492 τῆς

2352 4515 2524 4582 ἱερᾶς.
2557 4516 2743 4569 Ταῦτα
2781 4518 2888 4584 γὰρ
2922 4516 3167 4568 ποιοῦσιν
3198 4518 3225 4568 ὁ
3254 4519 3489 4584 Χριστὸς
3521 4519 3779 4588 ἐπιδημεῖ
3826 4519 3923 4571 καὶ

681 4612 917 4678 habitat,
965 4613 1074 4666 illis
1104 4611 1387 4683 capulatur
1415 4624 1471 4666 rt
1516 4615 1860 4678 adltmrescit,
1889 4627 1941 4667 et
1966 4629 2244 4684 peccatum
2281 4639 2322 4692 ο
2353 4607 2368 4659 ἒ

2236 4633 2244 4668 ι
2281 4639 2322 4692 D
2353 4607 2548 4662 ἐνοικεῖ
2602 4610 2696 4660 καὶ
2747 4609 3080 4660 συνάπτεται
3119 4610 3211 4662 καὶ
3274 4610 3642 4679 προσφύεται,
3676 4612 3770 4663 καὶ
3818 4612 3923 4678 τὴν

683 4706 858 4769 elidit,
886 4707 1164 4774 vitamque
1212 4721 1367 4767 suam
1392 4716 1449 4765 et
1486 4706 1864 4759 Strenuitatem
1901 4708 2160 4773 impertit,
2193 4708 2247 4761 in

679 4814 891 4870 partem
927 4799 1171 4853 victoriae
1192 4813 1306 4852 sua:
1336 4797 1596 4864 admittit,
1627 4798 1682 4866 (ο
1717 4799 2012 4852 bonitatem
2039 4800 2077 4866 l)
2112 4799 2250 4853 lotos

681 4902 927 4953 τοι-θελοι,
958 4899 1012 4944 et
1042 4889 1389 4944 coenantibus
1422 4890 1749 4956 pra-coniunx
1795 4889 2009 4943 tribuit.
2044 4890 2249 4954 Quam-

683 4986 873 5037 obrem
917 4994 1119 5043 autem,
1176 4991 1230 5032 ct
1286 4994 1521 5049 quanam
1559 4982 1769 5033 ratione
1801 4979 1883 5043 ﬁt,
1930 4986 2051 5032 uta
2100 4980 2247 5032 lava-

679 5076 853 5137 tioue,
888 5086 944 5128 et
991 5074 1272 5133 unctione.
1308 5082 1363 5126 et
1419 5088 1607 5125 mensa
1654 5072 1883 5125 victoria
1934 5086 2249 5141 coronaque

683 5168 957 5230 obveniat,
994 5181 1115 5234 qua:
1146 5166 1419 5227 laborum.
1452 5164 1737 5229 sudorum,
1770 5164 2249 5233 periculorumque

684 5260 905 5326 pra-mia
940 5256 1109 5310 sunt?
1137 5256 1274 5320 Quia
1310 5255 1524 5308 tametsi
1560 5271 1666 5307 non
1700 5264 1997 5318 certamus,
2032 5269 2132 5308 nec
2173 5255 2251 5308 la-

683 5346 944 5400 boramus
978 5347 1081 5399 ista
1129 5346 1417 5409 obeuntes,
1455 5344 1817 5397 nihilominus
1845 5343 1990 5396 illius
2018 5358 2243 5413 agonem

683 5437 937 5492 laudibus
986 5437 1351 5497 celebramus,
1374 5436 1669 5490 .victoriam
1733 5435 2088 5503 suscipimus.
2138 5446 2250 5490 tro-

681 5546 855 5598 pzeum
895 5529 1225 5593 adoramus,
1254 5538 1308 5582 et
1330 5542 1456 5597 erga
1492 5527 1809 5581 bellatorem
1859 5527 2244 5594 fortissimum,

678 5619 960 5682 eximium,
1025 5615 1507 5684 incredibilemque
1571 5631 1813 5669 amorem
1864 5614 2244 5682 ostendimus;

678 5709 1016 5776 vulneraque
1048 5708 1162 5771 illa,
1198 5718 1250 5760 et
1299 5708 1502 5777 plagas,
1532 5717 1587 5761 et
1620 5720 1850 5761 mortem
1884 5708 1948 5760 ad
2002 5722 2100 5761 nos
2134 5718 2247 5761 tra-

682 5802 886 5865 himus,
933 5813 987 5855 et
1031 5816 1135 5869 qua
1190 5801 1271 5855 \iu
1313 5816 1628 5870 possumus,
1672 5797 1830 5855 nobis
1877 5799 2243 5864 vindicamus,

680 5892 961 5961 ipsamque
1013 5905 1233 5946 carnem
1290 5893 1491 5947 mortui
1552 5902 1604 5948 et
1664 5892 1886 5951 redivivi
1933 5898 2238 5961 gustamus.

2352 4699 2629 4773 ἁμαρτίαν
2678 4701 2737 4751 ὲν
2773 4700 2903 4768 ἡμῖν
2956 4689 3251 4768 ἀποπνίγει
3283 4701 3377 4753 καὶ
3427 4700 3526 4768 τὴν
3561 4699 3706 4768 ζωὴν
3745 4700 3922 4768 ἐνίησι

2348 4794 2447 4860 τὴν
2484 4789 2678 4842 ἑαυτοῦ
2709 4791 2804 4843 καὶ
2833 4792 2931 4850 τὴν
2962 4790 3267 4859 ἀριστείαν,
3301 4791 3395 4844 καὶ
3424 4792 3715 4852 κοινωνοὺς
3746 4794 3923 4843 ποιεῖ-

2348 4898 2440 4933 ται
2494 4883 2592 4953 τῆς
2645 4882 2821 4951 νίκης,
2873 4881 2955 4947 (ὣ
3005 4884 3102 4950 τῆς
3127 4883 3458 4951 ἀγαθότητος
3490 4884 3545 4950 l)
3593 4882 3919 4953 λουομένους

2349 4972 2530 5024 ἁναδεί
2554 4972 2644 5023 καὶ
2673 4970 3024 5033 δειπνοῦντας
3050 4970 3436 5040 ἀνακηρύττει.
3463 4971 3560 5023 Διά
3584 4970 3637 5022 τί
3658 4971 3753 5023 καὶ
3778 4969 3924 5021 κατά

2348 5063 2468 5122 τίνει
2505 5063 2598 5118 τοῦ
2653 5065 2936 5132 γινομένου
2986 5057 3148 5129 λόγου
3181 5062 3290 5116 ἀπὸ
3329 5061 3554 5132 λουτροῦ
3601 5063 3696 5114 καὶ
3730 5065 3923 5131 μύρων

2349 5157 2441 5207 καὶ
2471 5156 2750 5224 τραπέζης
2780 5155 2905 5222 νίκη
2930 5156 3024 5207 καὶ
3054 5157 3341 5223 στέφανος,
3373 5153 3409 5207 ἃ.
3433 5154 3611 5206 πόνων
3640 5153 3735 5208 καὶ
3762 5154 3923 5223 ίδρὼ-

2346 5262 2455 5297 των
2480 5247 2599 5297 ἐστὶ
2632 5246 2842 5315 καρπός
2870 5262 2885 5310 ;
2913 5244 3036 5297 Ὀτι
3068 5247 3115 5297 εί
3140 5248 3233 5297 καὶ
3263 5246 3336 5314 μὴ
3366 5239 3750 5313 ἀγωνιζόμεθα
3780 5246 3922 5315 μηδὲ

2348 5336 2619 5405 πονοῦμεν
2674 5336 2846 5388 ταῦτα
2910 5335 3210 5399 ποιοῦντες,
3269 5335 3406 5389 ἀλλὰ
3462 5336 3551 5388 τόν
3606 5353 3669 5403 γε
3728 5337 3921 5405 ἁγῶνα

2351 5425 2636 5497 ὑμνοῦμεν
2690 5429 2896 5479 ἐκεῖνον
2952 5428 3046 5479 καὶ
3078 5426 3433 5495 θαυμάζομεν
3478 5426 3576 5497 τὴν
3628 5426 3786 5497 νίκην
3824 5430 3923 5481 καὶ

2348 5518 2763 5590 προσκυνοῦμεν
2816 5519 2877 5572 τὸ
2930 5520 3191 5588 τρόπαιον
3225 5520 3318 5572 xal.
3375 5522 3503 5589 περὶ
3549 5520 3640 5572 τὸν
3688 5522 3923 5589 ἀριστέα

2350 5609 2578 5679 σφοδρόν
2613 5626 2666 5661 τι
2699 5609 2794 5662 καὶ
2822 5610 3062 5680 ἄρρητον
3094 5611 3515 5681 ἐπιδεικνύμεθα
3538 5611 3779 5681 φίλτρον.
3811 5614 3923 5666 Καὶ

2346 5703 2416 5757 ea
2473 5702 2763 5772 τραύματα
2834 5704 3018 5755 ὲκεῖνα
3085 5705 3178 5755 καὶ
3225 5698 3325 5773 τὴν
3392 5705 3608 5776 πληγὴν
3664 5710 3759 5758 καὶ
3816 5707 3923 5759 τὸν

2348 5794 2573 5849 θάνατον
2606 5795 2974 5866 οἰκειούμεθα,
3032 5798 3123 5848 καὶ
3173 5796 3245 5849 δι’
3274 5791 3347 5850 ὧν
3386 5798 3590 5862 ἔξεστιν
3636 5802 3715 5863 εἰς
3767 5803 3924 5869 ἡμᾶς

2348 5889 2543 5952 αὐτοὺς
2583 5888 2839 5957 ἕλκομεν,
2880 5889 2973 5941 καὶ
3008 5889 3191 5944 αὐτῶν
3234 5891 3505 5963 γενόμεθα
3539 5892 3647 5947 τῶν
3694 5893 3925 5961 σαρκῶν
