4272 6446
332 364 436 426 517

322 476 422 528 τοῦ
456 474 824 546 νεκρωθέντος
860 474 951 525 καὶ
974 474 1302 531 ἀναστάντος
1334 488 1344 500 ·

322 567 435 618 ἀπὸ
466 565 560 617 τοῦ
593 564 825 618 θανάτου
858 566 952 617 καὶ
984 564 1096 616 τῶν
1120 564 1345 631 ἀγώνων
1377 563 1596 613 ἐκείνων
1636 560 1903 617 ἀπολαύο-

326 674 430 727 μεν
464 657 706 723 ἀγαθῶν.
737 657 796 708 Ei
819 658 927 724 γάρ
959 672 1041 717 τις
1068 654 1323 721 τύραννον
1357 653 1551 704 ἁλόντα
1584 653 1675 703 καὶ
1700 652 1896 719 (δίκην)

322 748 735 816 ἀπαιτούμενον
782 746 1072 815 παρελθὼν
1129 745 1424 813 ἐξαιρεῖται
1484 744 1575 795 καὶ
1624 744 1901 809 στεφάνων

321 839 471 901 ἀξιοῖ
502 839 594 890 καὶ
651 839 907 906 σεμνύνει
944 839 1040 903 τὴν
1070 838 1380 907 τυραννίδα,
1414 837 1506 887 καὶ
1556 836 1715 893 αὑτ⁵ις
1751 835 1902 899 ἡγεῖ·

324 946 419 981 ται
454 930 826 996 ἀποθνήσκειν
854 930 1062 982 ἐκείνου
1098 930 1385 988 πίπτοντος
1418 926 1507 979 καὶ
1535 924 1776 993 καταδοᾷ
1797 925 1902 977 τῶν

326 1023 515 1090 νόμων
557 1023 651 1073 καὶ
689 1022 825 1091 πρὸς
873 1021 941 1072 τὰ
983 1023 1165 1073 δ⁷καια
1204 1018 1566 1086 δυσχεραίνει,
1601 1015 1901 1069 καὶταῦτα

325 1114 389 1165 οὐ
436 1114 532 1165 σὺν
569 1113 802 1183 αἰσχύνῃ
853 1113 973 1163 οὐδὲ
1008 1111 1407 1176 συγκαλύπτων
1463 1110 1561 1179 τὴν
1612 1108 1900 1177 πονηρίαν,

325 1206 463 1257 ἀλλά
503 1206 1017 1275 παρρησιαζόμενος
1053 1207 1145 1256 καὶ
1181 1206 1595 1273 μαρτυρόμενος
1637 1204 1732 1254 καὶ
1777 1203 1903 1252 ἐπι-

322 1295 681 1366 δεικνύμενος
726 1298 952 1349 τοῦτον⁸
1010 1297 1169 1348 τίνων
1220 1296 1525 1364 ἀξιώσομεν
1573 1295 1807 1363 ψήφωνς
1842 1294 1901 1344 οὐ

324 1390 441 1441 τῶν
466 1390 650 1442 αὐτῶν
678 1388 1029 1457 τιμησὸμεθα
1058 1389 1134 1455 τῷ
1163 1387 1441 1456 τυράννῳ;
1477 1387 1645 1438 ῐῐαντί
1686 1402 1786 1436 που
1816 1385 1907 1453 δῆ-

327 1480 444 1533 λον.
479 1478 691 1532 Οὐκοῦν
730 1480 1041 1532 τούναντίον
1091 1478 1259 1541 ἅπαν,
1297 1479 1349 1531 εῐ
1396 1495 1476 1540 τις
1512 1479 1739 1547 ἀριστέα
1772 1477 1905 1528 θαυ-

332 1571 498 1641 μάζει
550 1573 644 1623 καὶ
698 1573 878 1640 χαίρει
915 1573 1221 1640 νενικηκότι
1267 1573 1359 1623 καὶ
1409 1571 1701 1639 στεφάνους
1758 1569 1905 1639 αὐτῷ

330 1664 526 1716 πλέκει
559 1665 657 1717 καὶ
721 1663 985 1732 θορύϐους
1040 1665 1243 1733 ἐγείρει
1285 1664 1386 1724 καὶ
1420 1664 1551 1715 σείει
1585 1663 1644 1713 τὸ
1682 1664 1907 1730 θέατρον

328 1756 428 1806 χοὶ
453 1751 848 1822 θριαμϐεύοντι
880 1752 1212 1821 προσπίπτει
1240 1753 1334 1803 σὺν
1362 1751 1519 1822 ἡδονῇ
1552 1752 1641 1802 καὶ
1666 1748 1905 1815 κεφαλὴν

331 1844 630 1911 καταφιλεϊ
659 1844 755 1896 καὶ
781 1842 1215 1912 περιπτύσσεται
1250 1842 1449 1905 δεξιὰν,
1480 1841 1571 1893 καὶ
1603 1840 1744 1893 οὕτω
1775 1840 1906 1906 σφό-

325 1937 433 2006 δρα
475 1933 730 2004 μαίνεται
757 1935 886 2003 περὶ
919 1934 1010 1985 τὸν
1045 1933 1387 2003 στρατιώτην
1428 1932 1521 1983 καὶ
1552 1932 1617 2000 ἣν
1646 1930 1910 1999 ἀνῄρηται

325 2026 510 2091 νίκην,
539 2025 731 2096 ὥσπερ
778 2025 941 2087 αὐτὸς
969 2024 1046 2077 ὢν
1079 2026 1105 2077 ὁ
1134 2024 1231 2092 τὴν
1267 2022 1506 2092 κεφαλὴν
1535 2022 1610 2090 τῷ
1660 2020 1910 2091 στεφάνῳ

326 2119 634 2187 κοσμήσων
681 2118 783 2189 τὴν
826 2114 1048 2171 ἑαυτοῦ.
1085 2108 1253 2178 Οὗτος
1292 2116 1399 2185 γὰρ
1448 2116 1674 2185 μερίτης
1712 2114 1775 2166 ἂν
1824 2114 1909 2183 εἴη

326 2212 441 2264 τῶν
476 2210 733 2263 ἐπάθλων
778 2208 858 2280 τῷ
888 2210 1083 2278 νικητῇ
1118 2207 1269 2277 παρά
1303 2224 1366 2275 γε
1411 2207 1716 2274 εὐγνώμοσι
1752 2206 1908 2258 δικα-

332 2302 515 2363 σταῖς,
561 2300 818 2369 καθάπερ
876 2299 1103 2363 ἐκεῖνος,
1138 2291 1320 2366 οἶμαι,
1370 2296 1793 2365 κοινωνήσειτῷ
1818 2313 1911 2348 τυ-

332 2393 517 2461 ράννῳ
534 2390 633 2460 τῆς
662 2390 838 2461 δίκης.
867 2390 929 2442 Ei
965 2391 1071 2460 γὰρ
1094 2394 1219 2461 περὶ
1244 2392 1367 2453 τοὺς
1398 2390 1666 2459 πονηροὺς
1689 2388 1723 2443 ἃ
1747 2405 1913 2457 προσ-

328 2485 459 2553 ῆκε,
494 2482 708 2551 καὶτῆς
745 2484 1115 2554 προαιρέσεως
1165 2485 1259 2537 καὶ
1289 2484 1385 2553 τῆς
1430 2482 1658 2553 γνώμης
1684 2484 1915 2552 ἀπαιτη-

327 2577 458 2628 τέον
496 2573 756 2643 εὐθύνας,
786 2576 948 2646 σχολῇ
977 2592 1041 2643 γε
1067 2575 1215 2637 εἰκός
1242 2576 1358 2627 ἐστι
1386 2575 1511 2635 τοὺς
1544 2573 1781 2641 ἀγαθοὺς
1804 2574 1914 2627 τῶν

332 2668 686 2736 γιγνομένων
711 2670 1058 2737 ἀποστερεῖν.
1085 2668 1147 2720 Ei
1175 2666 1229 2719 δὲ
1258 2669 1354 2720 καὶ
1381 2664 1538 2717 τοῦτο
1561 2666 1914 2736 προστεθείη,

332 2762 435 2813 καὶ
463 2760 491 2809 ὁ
522 2758 621 2827 τὴν
661 2759 820 2828 νίκην
849 2753 1220 2828 ἐἰργασμένος
1263 2756 1482 2826 ἐκείνην
1510 2757 1668 2820 αὐτὸς
1708 2759 1807 2827 μέν
1853 2759 1914 2812 ού

331 2853 513 2904 δεῖται
560 2849 672 2901 τῶν
723 2849 834 2902 ἀπὸ
882 2850 981 2918 τῆς
1031 2849 1188 2917 νίκης
1226 2850 1423 2918 γερῶν,
1480 2850 1657 2903 ἐκεῖνο
1708 2849 1767 2902 δὲ
1796 2848 1917 2901 ἀντὶ

334 2942 564 3009 πάντων
591 2942 832 3011 ἡγεῖται,
856 2940 1115 3010 λαμπρὸν
1151 2940 1280 2993 ἰδεῖν
1313 2942 1406 2994 ἐπὶ
1436 2941 1531 2993 τοῦ
1566 2942 1796 3009 θεάτρου
1828 2941 1918 2993 τὸν

334 3033 711 3104 σπουδαστὴν,
771 3034 867 3086 καὶ
912 3032 1072 3085 τοῦτο
1105 3034 1202 3101 τῆς
1247 3033 1489 3101 ἀγωνίας
1531 3030 1692 3087 ἆθλον
1736 3034 1917 3105 ἐαυτῷ

1430 358 1528 416 DE
1570 356 1745 415 VlTA
1792 352 1871 411 IN
1914 352 2251 411 CIIRISTO
2295 352 2441 411 LIB.
2489 353 2538 408 Ι.
3292 400 3317 421 ο

1386 471 1508 523 ὅθεν
1542 471 1765 532 εἰκότως
1795 468 1902 521 τῶν
1938 468 1975 522 Α
2008 464 2159 516 Unde
2193 480 2295 516 non
2360 463 2556 529 injuria
2612 460 2772 515 bonis
2794 477 2827 515 ι
2863 468 3035 510 morte
3068 480 3073 505 4

1883 484 1902 515 ν
1938 468 1975 522 Α
2008 464 2159 516 Unth
2193 480 2295 516 non
2360 463 2556 529 injuria
2612 460 2827 515 bonis:
2863 468 3035 510 morte
3068 466 3116 510 et
3164 456 3427 525 agonibus
3461 457 3570 511 illis

3463 342 3567 402 518

2006 554 2401 621 proﬂuentibus
2434 552 2787 621 perfruimur.
2827 550 2881 604 Si
2916 551 3043 618 quis
3089 551 3231 603 enim
3275 561 3567 617 tyrannum

2007 657 2219 710 captum
2280 656 2329 695 et
2391 646 2565 710 pmuis
2622 643 2894 693 addictum
2963 641 3289 692 com-enirns
3342 642 3570 704 eximat,

2007 753 2204 790 corona
2255 740 2601 797 coudcciiret,
2658 736 2726 787 ob
2777 734 3119 804 tyrannidem
3183 744 3489 793 veneretur,
3520 742 3575 785 et

2006 843 2071 879 eo
2123 840 2380 895 pereunte
2436 829 2777 881 moriendum
2832 826 2932 877 sibi
2984 827 3273 886 existimet,
3309 826 3574 877 adversus

2009 921 2151 989 leges
2187 923 2470 979 exclamet.
2506 934 2555 975 et
2598 934 2790 975 contra
2840 923 2964 988 jura
3024 923 3356 989 indignetur.
3399 937 3575 988 neque

2008 1011 2061 1063 id
2102 1027 2223 1063 cum
2287 1013 2514 1079 pudore.
2569 1028 2631 1064 ac.
2682 1014 3027 1080 improbitate
3061 1013 3404 1065 dissimulata
3432 1050 3445 1072 ,
3480 1011 3573 1062 sed

2008 1113 2277 1172 proterve,
2308 1118 2370 1156 ac
2423 1104 2555 1157 deos
2581 1113 2805 1163 testans,
2835 1114 2886 1156 ct
2937 1120 2993 1157 se
3050 1105 3101 1155 in
3156 1119 3219 1154 eo
3270 1114 3572 1165 ostentans,

2010 1210 2171 1263 quam
2202 1197 2524 1247 sententiam
2576 1196 2626 1247 in
2663 1197 2807 1247 hunc
2842 1194 3122 1248 feremus?
3154 1194 3340 1248 Nonne
3380 1196 3571 1247 iisdem

2011 1302 2134 1339 cum
2184 1299 2415 1357 tyranno
2464 1289 2743 1356 suppliciis
2793 1290 3131 1340 nuiltandum
3192 1289 3579 1341 censebimus?

2012 1377 2235 1431 Planum
2272 1380 2372 1431 hoc
2422 1382 2637 1446 quidem
2673 1382 2862 1432 cuivis.
2920 1379 3111 1432 Nonne
3154 1382 3313 1446 igitur
3346 1396 3572 1447 prorsus

2011 1470 2345 1522 contrarium
2380 1470 2530 1534 facit,
2558 1472 2649 1539 qui
2690 1489 2867 1538 regem
2898 1472 3363 1525 bellicosissinmm
3400 1474 3578 1525 admi-

2014 1570 2199 1623 ratur;
2242 1561 2356 1629 ejus
2396 1562 2620 1614 \irtoria
2660 1564 2933 1626 exsultat;
2968 1578 3225 1616 coronam
3265 1564 3314 1616 ei
3351 1564 3574 1631 plectit;

2014 1654 2264 1721 plausum
2303 1656 2539 1715 excitat;
2576 1666 2629 1707 et
2690 1656 2963 1707 theatrum
3022 1665 3193 1707 totum
3230 1667 3613 1719 commovet;'

2014 1755 2136 1799 ante
2173 1746 2590 1809 triumphantem
2646 1763 2766 1799 cum
2821 1749 3095 1814 voluptate
3133 1750 3184 1801 in
3236 1764 3406 1817 genua
3457 1765 3580 1818 pro-

2012 1838 2257 1900 cumbit;
2294 1847 2457 1907 caput
2485 1840 2603 1906 ejus
2634 1841 3013 1905 deosculatur;
3058 1842 3299 1895 dextram
3337 1842 3578 1909 comple-

2014 1928 2199 1989 etitur,
2239 1939 2403 1997 atque
2455 1930 2592 1982 adeo
2648 1932 3015 1993 vehementer,
3050 1939 3101 1983 et
3135 1946 3297 1998 prope
3330 1934 3393 1983 ad
3432 1932 3579 1985 insa-

2014 2020 2159 2073 niam
2196 2021 2599 2089 imperatorem,
2631 2032 3068 2091 reportatamque
3103 2025 3169 2075 ab
3201 2038 3264 2076 eo
3294 2023 3577 2077 victoriam

2014 2112 2210 2177 diligit,
2245 2113 2400 2180 quasi
2440 2112 2508 2166 ab
2537 2115 2727 2166 eodem
2761 2122 2925 2182 caput
2958 2129 3115 2165 suum
3148 2128 3347 2168 corona
3382 2131 3582 2169 Ornan-

2014 2201 2141 2254 dum
2178 2202 2292 2254 sit?
2326 2200 2457 2255 Nam
2489 2203 2573 2256 hic
2601 2213 2806 2270 partem
2842 2206 3130 2273 quamdam
3166 2208 3514 2273 praemiorum
3551 2225 3578 2260 a

2014 2293 2222 2345 victore
2257 2296 2452 2363 rapiet,
2516 2296 2657 2362 apud
2710 2295 2855 2361 juste
2890 2310 3001 2348 rem
3059 2296 3408 2359 :rstimdntes,
3444 2298 3584 2351 sicut

2017 2385 2107 2439 ille
2140 2386 2300 2448 alius,
2350 2388 2565 2455 opinor,
2600 2398 2830 2457 tyranno
2866 2389 3103 2442 victoriae
3152 2391 3336 2443 socius
3366 2392 3489 2443 erit.
3525 2393 3581 2444 Si

2017 2478 2162 2531 enim
2218 2480 2482 2547 improbis
2517 2496 2634 2549 quae
2683 2496 2776 2533 cos
2809 2481 3055 2548 accipere
3086 2482 3276 2535 decent
3323 2483 3584 2535 concede-

2018 2584 2163 2634 mus,
2214 2571 2631 2641 voluntatisque
2685 2582 2739 2625 et
2795 2572 2960 2625 animi
3004 2572 3253 2625 habenda
3306 2582 3387 2629 est
3421 2575 3583 2638 ratio,

2017 2663 2335 2730 neutiquam
2387 2664 2466 2715 las
2497 2674 2582 2717 est
2616 2663 2787 2719 bonos
2840 2666 2954 2719 suis
2984 2666 3367 2721 emolumentis
3402 2668 3584 2736 priva-

2020 2759 2133 2805 tum
2182 2753 2268 2806 iri.
2310 2754 2462 2818 Quod
2497 2755 2539 2807 si
2597 2757 2698 2809 hoc
2730 2756 2895 2809 etiam
2934 2759 3248 2823 accesserit,
3289 2768 3345 2811 ut
3376 2775 3465 2828 qm
3503 2760 3587 2813 vi-

2020 2836 2250 2900 ctoriam
2290 2848 2435 2900 illam
2475 2848 2701 2915 peperit,
2745 2848 2860 2917 ipse
2910 2851 3150 2904 victoriae
3207 2852 3442 2919 praemiis
3479 2868 3588 2907 non

2021 2940 2283 3007 indigeat,
2317 2948 2369 2992 et
2408 2939 2540 2992 illud
2576 2942 2748 2994 instar
2781 2944 3025 2994 omnium
3060 2944 3241 3005 ducat,
3270 2945 3353 2997 sui
3389 2961 3591 2997 aman-

2023 3042 2128 3087 tem
2172 3047 2235 3085 ac
2268 3032 2571 3086 studiosum
2621 3034 2672 3085 iu
2718 3034 2966 3091 theatrali
3000 3036 3351 3089 multitudine
3379 3039 3593 3106 conspi-

335 3125 559 3194 νομίζει
598 3124 1012 3194 στεφανωθῆναι
1043 3124 1135 3177 τὸν
1170 3126 1383 3193 ἑταῖρον
1406 3141 1419 3154 ο
1454 3126 1566 3187 πῶς
1602 3127 1660 3178 ού
1693 3126 1918 3189 δικαίως
1946 3134 1988 3191 C

1901 3134 1988 3191 ςο
2024 3140 2186 3177 cuum
2220 3139 2464 3186 cernere,
2525 3137 2577 3178 et
2608 3126 2708 3179 hoc
2756 3128 3075 3181 certaminis
3122 3131 3204 3181 sui
3238 3128 3588 3181 honorarium

334 3219 548 3279 ἐκεῖνος
584 3217 679 3268 καὶ
718 3216 861 3285 μάλα
900 3215 1214 3278 ἀκολούθως
1238 3218 1365 3271 ἄνευ
1404 3217 1642 3286 ἱδρώτων
1678 3220 1772 3271 καὶ
1803 3235 1918 3270 κιν-

331 3309 511 3361 δύνων
544 3307 637 3359 τὸν
692 3306 799 3358 ἀπὸ
848 3306 943 3359 τοῦ
1001 3307 1242 3376 πολέμου
1274 3311 1543 3376 κομιεῖται
1600 3310 1913 3376 στέφανον;

335 3400 534 3453 Ταῦτα
561 3400 627 3468 δὴ
656 3399 750 3450 καὶ
776 3400 914 3467 ἡμῖν
943 3397 1002 3450 τὸ
1032 3398 1254 3467 λουτρὸν
1286 3397 1446 3451 τοῦτο
1468 3399 1693 3452 δύναται
1733 3398 1828 3450 καὶ
1855 3398 1916 3449 τὸ

332 3496 559 3548 δεῖπνον
594 3492 689 3546 καὶ
719 3494 753 3560 ὴ
788 3492 1024 3561 σώφρων
1058 3489 1156 3543 τοῦ
1192 3490 1364 3560 μύρου
1414 3492 1620 3561 τρυφή.
1657 3492 1917 3558 Muci-pe-

336 3605 421 3639 νοι
456 3586 569 3654 γὰρ
608 3583 699 3637 τὸν
734 3583 833 3651 μὲν
859 3582 1122 3649 τύραννον
1154 3582 1456 3652 κακίζομεν
1486 3585 1579 3636 καὶ
1611 3584 1918 3636 καταπτύο⁴

342 3692 449 3745 μεν
487 3677 578 3727 καὶ
604 3674 1083 3744 ἀποστρεφόμεθα,
1116 3673 1210 3728 τδν
1243 3676 1470 3745 ἀριστέα
1496 3677 1551 3728 δὲ
1588 3676 1918 3745 ἐπαινοῦμεν

340 3774 441 3819 καὶ
491 3766 853 3835 θαυμάζομεν
911 3768 1004 3818 καὶ
1056 3766 1470 3837 προσκυνοῦμεν
1515 3768 1609 3820 καὶ
1660 3769 1920 3839 φιλοῦμεν

333 3860 437 3930 ὅλῃ
471 3859 643 3928 ψυχῇ,
676 3858 817 3909 ὥστε
867 3858 945 3926 τῷ
975 3858 1220 3927 περιόντι
1250 3857 1343 3911 τοῦ
1386 3857 1612 3928 φίλτρου
1643 3859 1716 3921 ὼς
1756 3860 1920 3928 ἄρτον

338 3949 641 4017 σιτούμεθα
694 3951 788 4001 καὶ
810 3949 885 4011 ὡς
924 3948 1094 4018 μύρον
1134 3950 1399 4019 χριόμεθα
1430 3951 1523 4003 καὶ
1551 3951 1622 4013 ὡς
1654 3952 1796 4020 ὕδωρ
1830 3969 1921 4003 πε-

338 4041 737 4112 ριδαλλόμεθα.
771 4040 1011 4111 Φανερὺν
1037 4041 1092 4093 δὲ
1109 4042 1190 4095 ὅτι
1212 4042 1300 4095 τὸν
1322 4042 1554 4112 πόλεμον
1583 4044 1724 4112 ὑπὲρ
1763 4043 1919 4113 ἡμῶν

334 4134 518 4187 εἵλετο
550 4135 763 4197 τοῦτον,
799 4134 894 4186 καὶ
923 4134 1010 4185 ἵνα
1040 4134 1356 4202 νικήσωμεν
1391 4135 1573 4202 ἡμεῖς,
1603 4135 1764 4195 αὐτὸς
1796 4134 1920 4185 ἀνέ-

336 4244 502 4295 σχετο
532 4226 921 4295 ἀποθνήσκων,
983 4223 1123 4277 ὥστε
1186 4225 1337 4277 οὐδὲν
1390 4226 1749 4278 ἀνακόλουθον
1794 4226 1918 4277 ούδέ

334 4319 572 4388 ἀπᾷδον,
602 4319 709 4368 ἀπὸ
736 4316 844 4368 τῶν
873 4316 1192 4385 μυστηρίων
1215 4316 1417 4368 τούτων
1449 4318 1539 4371 ἐπὶ
1569 4320 1693 4379 τοὺς
1721 4318 1920 4385 στεφά-

336 4427 467 4471 νους
496 4408 780 4476 ἔρχεσθαι.
823 4407 1013 4475 Ἡμεῖς
1063 4408 1161 4473 μὲν
1190 4406 1288 4475 τὴν
1333 4408 1565 4477 δυνατὴν
1610 4409 1917 4461 ἐπιδεικνύ-

2024 3227 2259 3284 reputet,
2296 3218 2549 3269 coronari
2599 3218 2854 3271 videlicet
2882 3220 3119 3271 amicum
3150 3260 3161 3282 ,
3203 3222 3474 3284 quomodo
3506 3222 3591 3273 ille

2026 3325 2129 3361 non
2170 3309 2311 3376 jure,
2353 3321 2405 3362 et
2454 3311 2845 3362 convenienter
2876 3312 3191 3374 admodum,
3223 3313 3337 3365 sine
3369 3315 3589 3365 sudori-

2024 3401 2126 3455 bus
2166 3400 2527 3468 periculisque
2579 3416 2609 3454 e
2660 3403 2797 3455 bello
2847 3418 3101 3456 coronam
3160 3405 3406 3458 auferet?
3469 3406 3593 3460 llmc

2026 3508 2155 3546 sane
2195 3492 2352 3546 nobis
2399 3493 2694 3546 conciliare
2742 3504 2970 3561 possunt
3023 3496 3296 3549 lavacrum
3346 3500 3485 3560 istuc
3538 3508 3593 3552 et

2026 3599 2213 3647 creua;
2247 3584 2428 3638 sobria
2458 3598 2630 3647 cana,
2664 3586 2903 3653 inquam,
2938 3597 2990 3637 et
3019 3588 3277 3641 modestae
3309 3590 3589 3641 unctionis

2026 3676 2233 3729 delicia:
2279 3676 2571 3730 conciliare
2611 3689 2873 3743 possunt;
2928 3693 3050 3729 nam
3109 3693 3233 3730 cum
3288 3681 3588 3742 iuitiamur,

2028 3777 2315 3836 tyranuum
2371 3747 2769 3828 'deteslamur,
2845 3768 3204 3832 conspuimus
3260 3779 3311 3819 et
3370 3784 3594 3821 aversa-

2029 3876 2171 3914 mur.
2211 3860 2586 3912 Fortissimum
2620 3869 2797 3911 autem
2828 3860 3143 3912 bellatorem
3191 3860 3591 3922 collaudamus,

2027 3953 2402 4013 admiramur,
2465 3953 2779 4016 adoramus,
2843 3961 2896 4006 et
2964 3962 3073 4006 toto
3120 3962 3335 4020 pectore
3410 3954 3589 4021 diligi-

2026 4058 2171 4107 mus,
2205 4054 2257 4097 et
2288 4045 2619 4097 abundantia
2674 4047 2901 4104 amoris,
2940 4053 3195 4110 tanquam
3233 4059 3367 4109 pane
3418 4047 3597 4112 pasci-

2028 4150 2169 4196 mur,
2222 4144 2274 4188 et
2319 4136 2482 4188 veluti
2533 4151 2673 4203 aqua
2710 4132 3163 4189 circumﬂuiinus.
3201 4134 3397 4202 Liquet
3433 4150 3596 4202 porro

2025 4227 2189 4281 etiam
2228 4230 2473 4296 praelium
2508 4229 2612 4282 hoc
2645 4228 2712 4281 ab
2742 4228 2832 4281 illo
2870 4228 3045 4280 nostri
3085 4242 3247 4281 causa
3279 4237 3594 4296 susceptum

2028 4339 2152 4379 esse
2189 4340 2201 4375 :
2234 4334 2287 4376 et
2318 4332 2375 4374 ut
2413 4338 2515 4375 nos
2546 4323 2911 4384 vincet-emus,
2948 4320 3129 4389 ipsum
3181 4322 3317 4372 mori
3368 4334 3475 4371 non
3510 4335 3595 4371 re-

2028 4429 2275 4471 cusasse.
2306 4414 2575 4477 Quocirca
2613 4428 2716 4465 non
2748 4423 2831 4465 est
2873 4427 3063 4480 parum
3098 4424 3463 4479 consequens,
3496 4425 3598 4464 nec

337 4501 484 4571 μεθα
518 4498 832 4567 προθυμίαν
882 4498 978 4549 καὶ
1022 4498 1082 4548 τὸ
1130 4497 1277 4565 ὕδωρ
1318 4496 1609 4559 ἀκούοντες
1657 4498 1815 4551 τοῦτο
1850 4499 1917 4551 τὰ
1953 4484 1993 4537 D

1907 4518 1917 4551 ι
1953 4484 1993 4537 D
2028 4503 2352 4565 absurdum,
2392 4504 2459 4556 al)
2486 4502 2634 4555 hisce
2667 4501 2943 4570 mysteriis
2980 4515 3077 4553 nos
3108 4501 3172 4551 ad
3204 4515 3433 4552 coronas
3478 4516 3594 4567 pcr-

329 4591 435 4646 τοῦ
479 4590 717 4643 θανάτου
750 4586 847 4639 τοῦ
880 4587 1121 4655 Χριστοῦ
1150 4589 1244 4639 καὶ
1276 4589 1452 4655 τάφου
1496 4587 1779 4652 δύνασθαι,
1825 4593 1921 4642 καὶ

336 4681 679 4749 πιστεύομεν
710 4677 772 4731 εὖ
811 4676 956 4747 μάλα
989 4679 1083 4729 καὶ
1117 4677 1385 4745 πρόσιμεν
1422 4678 1591 4745 ἡδέως
1620 4680 1713 4731 καὶ
1748 4696 1919 4732 κατα·-

331 4773 615 4841 δυόμεθα·
651 4774 678 4824 ὁ
714 4771 771 4823 δὲ
805 4770 884 4837 (οὐ
920 4768 1237 4837 γὰρ’μικρά
1275 4768 1509 4832 δίδωσιν,
1542 4770 1660 4823 οὐδὲ
1704 4773 1918 4842 μικρῶν

331 4866 505 4935 ἀξιοῖ)
550 4865 677 4925 τοὺς
730 4860 1195 4931 προστιθεμένους
1231 4862 1342 4923 τοῖς
1382 4863 1518 4929 μετὰ
1548 4863 1637 4914 τὸν
1687 4864 1919 4916 θάνατον

333 4961 435 5011 καὶ
467 4956 570 5027 τὴν
617 4956 799 5025 ταφὴν
831 4952 1124 5018 δεξιοῦται,
1168 4953 1229 5005 ού
1282 4953 1545 5020 στέφανόν
1596 4972 1715 5007 τινα
1754 4958 1923 5025 παρέ-

334 5069 476 5121 χων,
514 5048 576 5099 ού
604 5048 767 5115 δόξης
820 5046 1161 5114 μεταδιδοὺς.
1194 5043 1310 5097 ἀλλ’
1355 5045 1519 5097 αὐτὸν
1563 5046 1652 5099 τὸν
1699 5048 1921 5117 νικητὴν

336 5144 509 5203 αὐτὸς
543 5140 738 5193 ἑαυτὸν
770 5137 1244 5207 ἐστεφανωμένον.
1286 5137 1399 5189 Καὶ
1426 5137 1487 5189 τὸ
1522 5136 1663 5207 ὕδωρ
1695 5139 1923 5191 ἀναδῦν-

335 5252 432 5297 τες
465 5231 636 5285 αὑτὸν
668 5233 761 5283 τὸν
798 5230 1027 5299 Σωτῆρα
1076 5230 1317 5299 φέρομεν
1349 5228 1441 5280 ἐπὶ
1487 5229 1596 5282 τῶν
1641 5232 1925 5301 ἡμετέρων

332 5325 554 5394 ψυχῶν,
582 5324 675 5375 ἐπὶ
707 5322 806 5390 τῆς
840 5319 1106 5389 κεφαλῆς,
1130 5318 1353 5371 ἐπὶτῶν
1383 5319 1699 5389 ὀφθαλμῶν,
1732 5324 1788 5373 ὲν
1824 5325 1922 5375 αύ-

332 5418 455 5476 τοῖς
513 5416 626 5475 τοῖς
665 5412 1024 5480 σπλάγχνοις,
1084 5410 1181 5461 ἐπὶ
1244 5409 1353 5463 τῶν
1412 5411 1589 5479 μελῶν
1646 5414 1928 5476 ἁπάντων,

334 5505 622 5575 ἁμαρτίας
653 5502 919 5572 καθαρὸν,
953 5500 1161 5570 φθορᾶς
1200 5500 1420 5569 ἀπάσης
1471 5503 1919 5572 ἀπηλλαγμένον,

333 5596 453 5662 οἷος
481 5598 685 5666 ἀνέστη
717 5597 812 5648 καὶ
842 5596 951 5658 τοῖς
987 5593 1260 5663 μαθηταῖς
1296 5592 1453 5663 ὤφθη
1494 5596 1588 5645 καὶ
1618 5596 1920 5667 ἀνελήφθη,

332 5688 449 5756 οἷος
478 5691 740 5760 ἀφίξεται
767 5689 931 5741 πάλιν
950 5686 1141 5741 τοῦτον
1160 5688 1482 5756 ἀπαιτήσων
1512 5688 1603 5739 τὸν
1626 5688 1920 5759 θησαυρόν.

2037 4597 2244 4649 venire.
2281 4593 2389 4647 Nos
2422 4598 2566 4647 enim
2596 4607 2763 4661 quam
2800 4591 3075 4659 potuimus
3106 4591 3439 4644 alacritatem
3478 4606 3596 4643 Slu-

2033 4688 2293 4754 diumque
2351 4684 2885 4746 demonstravimus,
2943 4692 2994 4736 et
3052 4683 3332 4735 audientes
3394 4683 3596 4736 fontem

2032 4779 2199 4832 istmu
2239 4777 2439 4829 habere
2466 4777 2657 4828 mortis
2684 4783 2737 4828 et
2770 4774 3087 4843 sepultura},
3124 4774 3595 4827 Christieﬂicien-

2031 4874 2187 4934 tiam,
2240 4879 2293 4923 et
2340 4869 2617 4923 credimus
2652 4883 2865 4927 omnes.
2898 4878 2957 4920 et
3003 4867 3231 4919 libenter
3258 4870 3593 4930 accedimus,

2031 4970 2086 5015 et
2118 4960 2513 5027 immergimur.
2559 4956 2673 5010 Non
2714 4958 2859 5010 enim
2893 4958 3087 5025 exigua
3133 4957 3318 5021 donat,
3352 4972 3447 5009 nec
3482 4973 3596 5009 me-

2030 5052 2306 5104 diocribus
2347 5051 2621 5116 dignatur.
2675 5052 2741 5102 At
2789 5050 2879 5102 ille
2932 5064 3051 5103 Sese
3106 5060 3225 5117 post
3262 5058 3513 5109 tttortem,
3544 5056 3597 5101 et

2030 5142 2363 5210 sepulturam
2420 5156 2571 5195 suam
2614 5142 2677 5192 ad
2744 5142 2917 5208 ipsum
2960 5140 3293 5208 applicantes
3351 5151 3597 5194 amanter

2030 5230 2281 5295 suscipit,
2340 5243 2444 5282 neu
2509 5244 2768 5281 coronam
2839 5230 3076 5297 aliquant
3142 5231 3445 5298 porrigens,
3497 5245 3597 5284 nec

2030 5323 2259 5391 gloriam
2288 5322 2353 5375 iis
2385 5335 2538 5375 suam
2577 5323 2990 5378 communicatis
3028 5341 3041 5375 :
3078 5324 3173 5375 sed
3208 5325 3386 5390 ipsum
3422 5324 3596 5376 victo-

2032 5427 2168 5476 rem,
2205 5411 2318 5479 ipse
2353 5413 2705 5476 semetipsum
2740 5425 3060 5465 coronatqu
3116 5415 3509 5477 communicat,
3543 5421 3597 5467 ct

2031 5519 2059 5556 e
2091 5516 2248 5556 sacro
2282 5503 2427 5554 loMe
2461 5513 2745 5567 exeuntes,
2785 5504 2960 5571 ipsum
3012 5503 3350 5558 Salvatorem
3384 5505 3435 5557 in
3472 5504 3596 5557 ani-

2033 5594 2224 5647 mabus
2282 5594 2485 5646 nostris
2518 5603 2814 5661 portamus,
2876 5596 2926 5645 in
2957 5596 3157 5662 capite,
3201 5596 3252 5646 in
3306 5594 3504 5655 oculis,
3542 5592 3599 5646 io

2030 5687 2162 5754 ipsis
2202 5685 2527 5748 visceribus,
2568 5686 2621 5737 in
2682 5685 2942 5739 membris
2993 5687 3265 5752 omnibus,
3296 5702 3323 5739 a
3373 5693 3597 5755 peccato

334 5843 581 5900 purum,
624 5826 699 5878 'ab
752 5823 902 5879 omni
961 5824 1313 5892 corruptione
1377 5820 1645 5884 liberum,
1736 5825 1916 5899 quatis
1996 5821 2315 5883 resurrexit,
2374 5828 2425 5876 et
2478 5818 2764 5889 discipulis
2843 5823 3125 5891 apparuit,
3178 5832 3229 5904 ct
3290 5825 3341 5878 in
3398 5823 3598 5877 malum

344 5929 643 6005 proiectus
665 5933 769 5992 est,
801 5925 980 5995 qualis
1012 5923 1228 5987 redibit,
1255 5924 1575 5979 thesaurum
1604 5925 1744 5976 hunc
1770 5934 2081 5979 exacturus.
2716 5906 2721 5912 ’
