4272 6446
1354 381 1451 441 DE
1493 383 1665 443 κἸΤᾹ
1716 384 1787 441 ιχ
1826 382 2165 442 CHRISTO
2203 382 2351 440 LIB.
2394 381 2473 438 ΙΙ.

3429 373 3536 442 5Ξ2

749 694 1144 820 ΠΕΡΙ
1219 693 1556 818 ΤΗΣ
1640 694 1844 816 ΕΝ
1921 692 2535 819 ΧΡΙΣΤΩ
2610 692 3059 819 ΖΩΗΣ

1402 935 1770 1023 ,ΛΟΓΟΣ
1848 934 2434 1022 ΔΕΥΤΕΡΟΣ.

1042 1077 1186 1133 Τίνα
1210 1078 1569 1133 συντέλειαν
1604 1079 1668 1132 τὸ
1706 1078 1868 1132 θεῖον
1907 1077 2063 1146 αὐτῇ
2102 1080 2425 1146 παρέχεται
2452 1076 2791 1143 βάπτισμα.

1082 1283 1277 1489 DE
1340 1365 1735 1497 VITA
1796 1367 1954 1490 IN
2052 1362 2743 1493 CHRISTO

1339 1616 1688 1703 [ABER
1811 1614 2463 1703 SECUNDUS.

954 1773 1144 1849 Quem
1169 1774 1225 1833 ei
1258 1770 1557 1833 utilitatis
1593 1771 1871 1849 fructum
1907 1769 2185 1832 divinum
2226 1772 2533 1862 baptisma
2563 1778 2870 1840 conciliet.

358 1938 428 1989 Τὸ
469 1940 566 2007 μὲν
596 1934 688 1992 οὖν
718 1940 775 1991 ἐν
814 1941 924 2002 τοῖς
975 1941 1143 2008 ἱεροῖς
1184 1937 1507 2007 μυστηρίοις
1558 1936 1659 2005 τὴν
1710 1934 1863 2007 ἱερὰν
1893 1937 1939 1993 Α
2040 1942 2045 1988 ε

1845 1950 1863 1986 ν
1893 1937 1939 1993 Α
2040 1936 2225 1992 Sacris
2258 1938 2443 2009 itaque
2484 1937 2759 2008 mysteriis
2791 1939 2955 1994 vitam
3009 1956 3225 1995 sacram
3261 1945 3532 1999 contineri

278 2029 435 2097 ζωὴν
468 2032 794 2083 συνεστάναι
816 2029 924 2082 ἀπὸ
947 2031 1057 2081 τῶν
1091 2030 1375 2099 προτέρων
1397 2030 1670 2083 δέδεικται
1694 2042 1706 2056 ⁸
1736 2028 1866 2080 Exa-

278 2139 413 2173 σῖον
446 2124 502 2175 δὲ
532 2123 641 2174 τῶν
669 2124 990 2191 μυστηρίων
1016 2123 1165 2185 ὅπως
1207 2124 1287 2186 εἰς
1320 2122 1533 2176 τουτονὶ
1570 2120 1725 2189 φέρει
1773 2118 1864 2171 τὸν

278 2216 424 2281 βίον,
464 2216 583 2265 νυνὶ
624 2215 941 2281 σκοπῶμεν.
983 2215 1141 2266 Ἐστι
1176 2214 1276 2281 μὲν
1330 2216 1437 2283 γάρ
1481 2214 1514 2281 ἡ
1565 2215 1621 2265 ὲν
1643 2211 1865 2281 Χριστῷ

276 2308 399 2377 ζωὴ
431 2309 563 2360 αὐτὸ
604 2308 663 2361 τὸ
698 2306 1039 2375 συναφθῆναι
1075 2306 1299 2376 Χριστῷ
1326 2323 1340 2337 ο
1364 2306 1423 2359 ὃν
1452 2305 1496 2357 δ’
1518 2305 1625 2373 ἄρα
1664 2306 1865 2374 τρόπον

278 2401 493 2467 ἑκάστη
524 2398 720 2465 τελετὴ
750 2400 875 2460 τοὺς
907 2396 1330 2465 τετελεσμένους
1379 2394 1458 2463 τῷ
1486 2395 1709 2465 Χριστῷ
1736 2410 1865 2449 συν-

277 2495 470 2553 άπτει,
502 2490 755 2557 λέγωμεν
786 2490 909 2558 ήδη.

363 2585 525 2635 Ἐστι
562 2582 625 2651 δὴ
657 2580 878 2649 Χριστῷ
903 2579 1247 2648 συνσφθῆναι
1272 2578 1358 2631 διὰ
1387 2582 1605 2632 πάντων
1626 2577 1863 2641 ἐλθοῦσι,

276 2682 351 2735 δι’
391 2676 469 2733 ὧν
501 2681 532 2732 ὁ
573 2680 765 2749 Σωτηρ
819 2673 975 2748 ἦλθε,
1008 2679 1103 2732 καὶ
1136 2678 1314 2732 πάντα
1364 2678 1457 2729 καὶ
1504 2676 1737 2727 παθοῦσι
1771 2673 1866 2727 καὶ

277 2771 606 2840 γενομένοις
637 2770 739 2821 ὅσα
772 2771 1001 2833 ἐκεῖνος.
1046 2769 1282 2831 Ἐκεῖνος
1310 2767 1493 2821 τοίνυν
1521 2764 1708 2836 ὴνώθη
1766 2765 1866 2832 μὲν

274 2864 486 2925 αἵματι
515 2861 609 2912 καὶ
636 2861 805 2930 σαρκὶ
850 2860 1031 2929 πάσης
1056 2858 1320 2928 καθαροῖς
1352 2856 1629 2927 ἁμαρτίας
1652 2872 1665 2886 ·
1703 2855 1865 2923 φύσει

275 2955 337 3006 δὲ
372 2952 448 3005 ὢν
483 2952 617 3014 Θεὸς
652 2953 814 3015 αὐτὸς
873 2950 931 3018 ἐξ
971 2950 1149 3021 ἀρχῆς
1199 2952 1293 3004 καὶ
1338 2949 1497 3002 τοῦτο
1519 2948 1803 3011 τεθέωκεν,
1836 2946 1865 2998 ὃ

276 3048 515 3112 γέγονεν
564 3044 815 3114 ὕστερον,
858 3043 959 3113 τὴν
986 3042 1337 3112 ἀνθρωπείαν
1384 3040 1567 3109 φύσιν,
1596 3038 1864 3093 τελευτῶν

273 3140 332 3191 δὲ
366 3140 462 3190 καὶ
498 3136 739 3190 ἀπέθανε
791 3136 891 3204 τῆς
938 3136 1144 3205 σαρκὸς
1176 3134 1339 3186 ἕνεκα
1369 3135 1466 3187 καὶ
1496 3133 1718 3201 ἀνέστη.
1775 3132 1867 3182 Δεῖ

1968 2039 2020 2082 ct
2054 2030 2347 2092 cohaerere.
2384 2030 2525 2084 libro
2571 2030 2819 2098 proxime
2872 2034 3156 2102 superiore
3188 2034 3538 2091 demonstra-

1970 2128 2083 2173 tum
2116 2132 2217 2173 est.
2249 2118 2533 2185 Quomodo
2565 2131 2747 2176 autem
2784 2126 3217 2195 unumquodque
3249 2144 3343 2195 per
3376 2144 3433 2183 se
3471 2132 3536 2183 ad

1969 2227 2085 2264 eam
2158 2213 2468 2281 pertineat,
2521 2214 2771 2283 sequitur
2819 2225 2877 2269 ut
2929 2216 3272 2287 indagemus.
3308 2218 3428 2273 Vita
3484 2221 3535 2273 in

1968 2303 2190 2357 Christo
2252 2320 2359 2359 non
2428 2305 2575 2359 aliud
2637 2315 2754 2369 est,
2808 2324 2968 2377 quam
3039 2312 3409 2380 conglutinari
3484 2314 3538 2366 in

1967 2395 2345 2462 Christo.Quo
2363 2409 2546 2450 autem
2592 2400 2753 2451 modo
2787 2414 3126 2469 unaqumque
3162 2404 3398 2457 initiatio
3438 2404 3543 2457 ini—

1967 2489 2131 2542 tiatos
2162 2502 2283 2542 cum
2318 2489 2536 2542 Christo
2562 2490 2916 2558 conglutinet,
2955 2509 3099 2547 nunc
3121 2496 3538 2563 explicabimus.

2042 2580 2191 2635 Licet
2225 2580 2390 2647 igitur
2419 2597 2545 2635 cum
2582 2582 2801 2635 Christo
2860 2584 3118 2655 conjungi
3160 2601 3255 2641 eos
3290 2590 3380 2655 qui
3412 2606 3539 2657 per-

1969 2671 2307 2725 transierunt
2343 2673 2550 2735 omnia,
2584 2687 2679 2740 per
2710 2688 2830 2741 qua:
2878 2674 2966 2727 ille
2994 2678 3265 2742 transivit,
3299 2678 3541 2750 factique

1966 2772 2095 2817 sunt
2133 2773 2187 2816 et
2228 2763 2465 2830 perpessi
2496 2763 2683 2816 omnia
2724 2780 2846 2833 quae
2882 2765 2993 2820 illc.
3051 2767 3302 2823 Christus
3356 2770 3541 2838 itaque

1969 2868 2135 2907 carne
2174 2863 2227 2907 et
2258 2856 2520 2923 sanguine
2566 2858 2747 2909 omnis
2792 2860 2993 2923 peccati
3046 2861 3368 2928 expertibus
3412 2842 3542 2915 ἀοι..

1964 2946 2189 3015 junctus
2216 2955 2270 2999 et
2310 2947 2494 3000 unitus
2529 2957 2634 3000 est.
2674 2948 2922 3017 Cumque
2952 2950 3092 3005 Deus
3144 2964 3289 3007 esset
3324 2956 3392 3006 ab
3434 2955 3538 3007 ini-

1971 3036 2067 3099 tio,
2104 3035 2266 3089 etiam
2310 3036 2431 3098 hoc,
2467 3036 2609 3105 quod
2653 3047 2838 3105 postea
2897 3038 3073 3094 factus
3118 3049 3221 3106 est,
3257 3044 3540 3098 divinitate

1970 3125 2175 3190 affecit,
2214 3128 2511 3182 humanam
2541 3136 2794 3182 naturam
2828 3131 3100 3187 videlicet.
3134 3132 3375 3188 Tandem
3414 3152 3539 3190 car-

273 3229 465 3279 τοίνυν
522 3227 617 3279 καὶ
666 3226 768 3295 τῆς
819 3224 1021 3293 σαρκὸς
1068 3223 1218 3291 αὑτῴ
1271 3222 1593 3292 μεταλαϐεῖν
1626 3222 1721 3274 καὶ
1766 3220 1863 3287 τῆς
1900 3268 1941 3322 Β

1852 3238 1863 3281 ;
1900 3268 1941 3322 Β
1972 3218 2055 3271 nis
2085 3220 2256 3288 gratia
2294 3229 2521 3272 mortem
2552 3235 2767 3289 quoque
2796 3222 3020 3287 subivit,
3050 3232 3103 3276 et
3136 3225 3187 3279 in
3223 3228 3386 3280 vitam
3420 3243 3539 3282 sese

276 3317 540 3378 θεὼσεως
595 3317 888 3383 μετασχεῖν
929 3315 1019 3365 καὶ
1049 3312 1143 3364 τοῦ
1176 3313 1350 3379 τάτεου
1382 3312 1478 3365 καὶ
1507 3314 1603 3380 τῆς
1633 3312 1865 3363 ἀναστά-

277 3426 423 3469 σεως
454 3408 792 3475 κοινωνῆσαι
812 3407 904 3457 τὸν
939 3403 1278 3473 συναρθῖψαι
1308 3402 1577 3473 ζητοῦντα
1604 3421 1616 3434 ·
1674 3403 1769 3455 καὶ
1800 3402 1864 3471 δὴ

278 3499 674 3571 βαπτιζόμεθα
745 3497 869 3566 μὲν,
937 3497 1025 3551 ἵνα
1073 3496 1163 3550 τὸν
1218 3497 1449 3549 θάνατον
1500 3496 1864 3562 ἀποθάνωμεν

274 3593 494 3643 ἐκεῖνον
531 3591 623 3641 καὶ
646 3589 747 3657 τὴν
796 3588 1099 3640 ἀνάστασιν
1135 3589 1483 3658 ἀναστῶμεν,
1509 3587 1776 3658 χριόμεθα
1807 3588 1861 3639 δὲ

276 3682 370 3737 ἵνα
410 3679 506 3732 τοῦ
533 3681 839 3750 χρίσματος
871 3678 965 3732 τοῦ
1002 3678 1287 3748 βασιλικοῦ
1308 3682 1407 3747 τῆς
1436 3678 1683 3741 θεώσεως
1712 3678 1864 3749 αὺτῷ

274 3775 574 3844 γενώμεθα
633 3772 908 3826 κοινωνοί.
965 3772 1285 3840 Σιτούμενοι
1342 3770 1398 3825 δὲ
1443 3773 1536 3824 τὸν
1572 3772 1864 3841 ἱερώτατον

273 3870 449 3939 ἄρτον
486 3866 582 3920 καὶ
619 3865 713 3918 τοῦ
752 3864 1037 3918 θειοτάτου
1072 3866 1321 3927 πίνοντες
1369 3865 1637 3933 ποτηρίου
1692 3864 1863 3932 αὐτῆς

282 3962 599 4031 μετέχομεν
623 3959 727 4026 τῆς
767 3956 995 4026 σαρκὸς.
1029 3956 1194 4009 αὐτοῦ
1227 3954 1322 4008 τοῦ
1352 3956 1607 4025 αἵματος,
1650 3956 1757 4009 τῶν
1787 3956 1866 4026 τῷ

274 4056 499 4124 Σωτῆρι
548 4050 1084 4123 προσειλημμένων
1148 4050 1242 4101 καὶ
1292 4050 1482 4102 τοῦτον
1542 4049 1634 4101 τὸν
1665 4048 1866 4118 τρόπον

276 4144 686 4212 συναπτόμεθα
732 4142 813 4211 τῷ
856 4142 1000 4211 ὑπὲρ
1030 4141 1188 4210 ἡμῶν
1214 4140 1551 4210 σαρκωθὲντι
1599 4141 1693 4192 καὶ
1727 4140 1863 4191 θεω-

276 4245 429 4296 θέντι
459 4242 558 4292 καὶ
594 4236 927 4291 ἀποθανόντι
960 4237 1054 4288 καὶ
1095 4235 1413 4287 ἀναστάντι.
1443 4234 1510 4285 Τί
1539 4228 1634 4287 οὖν
1668 4232 1741 4302 μὴ
1774 4233 1866 4285 καὶ

273 4338 375 4405 τὴν
410 4334 587 4403 αὐτὴν
614 4332 810 4401 ἐκείνῳ
844 4328 1094 4397 σώζομεν
1139 4327 1317 4392 τάξιν,
1352 4328 1469 4379 ἀλλ’
1500 4326 1623 4378 ὅθεν
1654 4326 1862 4393 ἔληξεν,

271 4428 597 4495 ἀρχῦμενοι,
636 4426 693 4474 ἐν
726 4415 806 4483 οἷς
831 4424 1037 4478 ἐκεῖνος
1062 4418 1281 4487 ἡοξατο,
1316 4418 1701 4486 τελευτῶμεν;
1741 4417 1864 4468 ’Ότι

273 4518 554 4587 κατῆλθεν
588 4515 656 4567 ἵν’
686 4514 849 4582 ἡμεῖς
877 4512 1218 4579 ἀνέλθωμεν,
1268 4510 1362 4563 καὶ
1390 4512 1486 4579 τῆς
1518 4509 1691 4579 αὐτῆς
1734 4511 1866 4562 ὑπο·

1972 3311 2266 3365 rcvocavit.
2286 3309 2508 3378 Oportet
2530 3326 2657 3380 ergo
2685 3322 2739 3365 et
2765 3312 2816 3365 in
2842 3327 3006 3367 carne
3029 3315 3173 3370 illius
3206 3333 3387 3372 conso:
3406 3332 3537 3379 tem.

1966 3411 2021 3455 et
2067 3402 2118 3453 in
2154 3401 2437 3454 divinitate
2469 3401 2814 3469 participem,
2849 3413 2900 3455 et
2934 3405 2985 3457 in
3032 3408 3307 3474 sepultura
3340 3425 3403 3464 ac
3455 3427 3538 3466 re-

1968 3507 2315 3546 surrectione
2340 3492 2549 3545 socium
2578 3506 2720 3554 esse,
2754 3492 2841 3561 qni
2890 3509 3014 3545 cum
3058 3495 3250 3550 eodem
3288 3499 3535 3571 colligari

1968 3582 2266 3636 desiderat.
2300 3578 2425 3637 ld‘eo
2466 3584 2517 3636 in
2557 3584 2756 3636 undam
2802 3584 3096 3640 Salutarem
3136 3590 3534 3659 immergitnur,

1969 3679 2026 3722 ut
2058 3670 2202 3723 illius
2230 3680 2403 3725 morte
2436 3672 2735 3725 moriamur
2766 3682 2818 3726 et
2850 3678 3256 3732 resurrectione
3288 3695 3538 3750 resurga~

1968 3778 2111 3816 mus.
2150 3761 2415 3829 Ungimur
2445 3774 2650 3829 autem,
2690 3773 2747 3818 ut
2784 3767 2945 3833 regite
2975 3769 3220 3823 unctioni
3254 3781 3308 3826 et
3348 3775 3537 3829 deitati

1970 3857 2047 3910 illi
2084 3856 2495 3909 consociemur.
2552 3849 2789 3911 Edentes
2822 3873 2950 3912 vero
2982 3874 3174 3928 panem
3228 3867 3543 3921 sacratissic

1971 3964 2143 4013 mum,
2176 3958 2229 4003 et
2262 3947 2662 4003 divinisslmum
2702 3949 2959 4018 poculum
2993 3952 3326 4019 haurientes,
3356 3959 3541 4013 carnis

1971 4044 2145 4109 ipsius
2173 4052 2225 4095 et
2251 4043 2558 4113 sanguinis,
2591 4058 2714 4111 quae
2741 4046 3058 4113 assumpsit,
3092 4050 3382 4117 participes
3412 4053 3538 4105 red-

1968 4134 2172 4186 dimur.
2215 4132 2283 4186 Et
2337 4134 2438 4187 ista
2479 4134 2564 4185 via
2602 4134 2925 4201 copulamur
2976 4136 3026 4189 ei
3080 4136 3171 4205 qui
3231 4154 3328 4207 pro
3379 4143 3539 4197 nobis

1972 4225 2302 4285 incarnatus,
2334 4234 2389 4278 et
2409 4224 2707 4288 tleilicatus,
2730 4235 2781 4279 et
2806 4234 3054 4281 mortuus
3085 4236 3188 4293 est,
3216 4236 3269 4283 et
3292 4244 3539 4286 resurre~

1969 4322 2065 4373 xit.
2086 4316 2224 4383 Quid
2261 4318 2463 4388 igitur?
2488 4333 2615 4372 num
2645 4327 2699 4372 et
2722 4320 2973 4372 eumdem
3008 4334 3132 4374 cum
3167 4320 3259 4374 illo
3292 4323 3537 4378 ordinem

1970 4410 2264 4463 tenemus?
2311 4405 2457 4462 Nihil
2494 4410 2695 4473 minus,
2738 4410 2832 4463 sed
2870 4411 2961 4464 uhi
2999 4411 3088 4464 ille
3123 4413 3425 4473 desiit,nos
3458 4418 3541 4467 in-

1971 4502 2229 4570 cipimus,
2254 4510 2308 4554 et
2342 4516 2371 4555 a
2400 4498 2602 4569 quibus
2635 4502 2723 4554 ille
2754 4501 2978 4569 incepit,
3011 4502 3063 4553 in
3097 4516 3297 4555 eanos
3332 4504 3540 4557 desint-

273 4610 544 4677 κειμένης
599 4605 723 4657 ὀδοῦ
772 4605 833 4655 τὸ
865 4604 964 4672 μὲν
1009 4604 1222 4655 ἐκείνου
1254 4603 1488 4672 πρᾶγμα
1520 4602 1743 4663 κάθοδος
1774 4597 1862 4671 ἦν,
1893 4596 1937 4655 C

1975 4605 2115 4643 mus.
2149 4589 2441 4644 Descendit
2471 4594 2615 4643 enim
2666 4598 2723 4643 ut
2762 4605 2863 4645 nos
2897 4591 3285 4660 ascendantus,
3319 4605 3371 4648 et
3416 4610 3538 4648 cum
3626 4642 3630 4646 .

270 4706 441 4775 ἡμεῖς
472 4702 530 4753 δὲ
559 4698 911 4768 ἀνερχόμεθσι
931 4710 946 4725 ·
994 4695 1195 4748 οὐκοῦν
1226 4694 1415 4763 ὥσπερ
1451 4696 1545 4748 ἐπὶ
1594 4694 1861 4762 κλίμακος

270 4799 415 4861 ὅπερ
442 4792 674 4857 ἔσχατον
729 4782 797 4857 ἦν
837 4786 1033 4856 ἐκείνῳ
1091 4786 1506 4854 κατερχομένῳ,
1546 4786 1705 4838 τοῦτο
1736 4787 1866 4855 ἡμῖν

270 4887 492 4942 ἀνιοῦσι
524 4883 737 4949 γίνεται
765 4879 1004 4948 πρῶτον.
1040 4878 1251 4939 Ἀλλως
1281 4894 1341 4929 τε
1372 4878 1479 4929 οὐδ’
1507 4879 1635 4945 ἐξῆν
1664 4880 1865 4949 ἑτέρως

272 4976 465 5032 αὐτῶν
490 4973 656 5024 ἓνεκα
684 4969 792 5020 τῶν
814 4966 1179 5035 πραγμάτων.
1218 4966 1291 5016 Τὸ
1324 4965 1422 5033 μὲν
1445 4964 1552 5031 γὰρ
1582 4964 1866 5033 βάπτισμα

268 5074 561 5139 γέννησις,
612 5062 671 5115 τὸ
706 5061 764 5112 δὲ
806 5059 978 5129 μύρον
1030 5057 1313 5127 ἐνεργείας
1347 5058 1444 5107 καὶ
1486 5058 1759 5125 κινήσεως
1812 5058 1870 5107 ὲν

271 5165 409 5231 ἡμῖν
444 5160 560 5227 ἔχει
593 5155 753 5219 λόγον
780 5168 792 5182 ο
826 5154 853 5203 ὁ
896 5151 951 5203 δὲ
1001 5150 1101 5215 τῆς
1133 5150 1278 5216 ζωῆς
1309 5149 1473 5217 άρτος
1499 5151 1592 5200 καὶ
1618 5149 1677 5201 τὸ
1702 5149 1868 5218 ποτή-

252 5271 393 5322 ριον
431 5252 529 5317 τῆς
565 5245 931 5313 ίιῖὑχαριστίας
978 5242 1181 5310 βρῶσίς
1222 5244 1337 5293 ἐστι
1400 5244 1494 5292 καὶ
1540 5242 1699 5303 πόσις
1731 5241 1868 5309 ἁλη-

272 5346 422 5413 θινή.
457 5343 576 5394 Οὒκ
612 5339 729 5389 ἐστι
765 5338 819 5388 δὲ
854 5334 1142 5403 κινηθῆναι
1167 5334 1200 5401 ἦ
1244 5334 1482 5401 ταφῆναι
1513 5335 1645 5403 πρὶν
1671 5351 1868 5404 γεννη.

272 5438 457 5506 θῆναι.
511 5433 636 5483 Ἐτι
662 5430 716 5481 δὲ
749 5430 809 5478 τὸ
860 5427 960 5494 μὲν
986 5425 1276 5495 βάπτισμα
1310 5423 1429 5493 Θεῷ
1456 5426 1545 5476 τὸν
1580 5426 1867 5495 ἄνθρωπον

270 5523 670 5579 καταλλάττει,
708 5517 769 5568 τὸ
792 5516 847 5567 δὲ
875 5515 1048 5585 μύρον
1081 5515 1189 5566 τῶν
1239 5514 1448 5565 ἐκεῖθεν
1482 5514 1625 5577 ἀξιοῖ
1649 5514 1863 5582 δώρων,

268 5622 302 5684 ἡ
337 5617 394 5669 δὲ
429 5610 718 5681 τραπέζης
753 5608 985 5674 δύναμις
1026 5608 1125 5674 τὴν
1155 5606 1339 5672 σάρκα
1370 5605 1461 5656 τοῦ
1495 5606 1736 5673 Χριστοῦ
1775 5608 1869 5657 καὶ

273 5714 334 5761 τὸ
367 5704 508 5774 αἷμα
549 5704 705 5754 κοινά
739 5702 883 5751 ποιεῖ
936 5701 1031 5749 καὶ
1060 5698 1137 5768 τῷ
1187 5699 1516 5767 τελουμένῳ.
1561 5699 1868 5767 Ἀμήχανον

349 5831 394 5859 ⁸³
430 5832 590 5880 Joan.
633 5837 708 5883 vt,
751 5818 842 5872 56.

566 5916 837 5975 PA‘t‘noL.
891 5911 1005 5967 Gli.
1052 5907 1141 5965 Cl.
1163 5945 1177 5962 .

1970 4684 2161 4736 eadem
2195 4684 2265 4736 sit
2301 4683 2383 4735 via
2416 4682 2713 4750 proposita,
2750 4683 2896 4736 illius
2933 4685 3206 4748 negotium
3241 4689 3542 4743 descensus

1974 4774 2094 4839 fuit,
2134 4784 2379 4827 nostrum
2434 4789 2698 4828 ascensus
2733 4785 2837 4828 est.
2890 4775 3074 4844 Itaque
3130 4787 3187 4831 ut
3239 4778 3292 4829 in
3356 4784 3538 4842 scalis,

1971 4867 2116 4934 quod
2171 4865 2244 4918 illi
2290 4866 2635 4918 descendenti
2680 4874 2981 4919 extremum
3041 4876 3183 4932 erat,
3249 4870 3351 4923 hoc
3382 4873 3543 4925 nobis

1975 4957 2398 5011 ascendentibus
2432 4957 2665 5024 primum
2692 4968 2794 5011 est.
2822 4957 3022 5011 Deinde
3046 4960 3205 5012 aliter
3224 4962 3385 5018 etiam
3413 4980 3541 5031 prn-

1974 5059 2093 5117 pter
2122 5048 2360 5115 ipsarum
2383 5063 2560 5100 rerum
2585 5049 2951 5101 conditionem
2989 5066 3093 5102 non
3124 5053 3273 5106 licet.
3323 5054 3537 5122 Baptis~

1976 5156 2100 5193 ntus
2169 5140 2314 5191 enim
2343 5151 2423 5191 est
2470 5140 2768 5206 generatio,
2802 5140 2915 5192 sive
2965 5150 3142 5197 ortus.
3168 5140 3539 5214 Unguentum.

1977 5233 2091 5285 sive
2151 5233 2391 5284 chrisma
2450 5230 2683 5283 actionis
2726 5238 2779 5281 et
2830 5233 3089 5285 motiOnis
3130 5236 3393 5287 rationein
3451 5239 3545 5289 ha-

1978 5326 2099 5377 bet.
2136 5323 2298 5375 Panis
2330 5332 2508 5374 autem
2544 5321 2666 5374 vita:
2690 5362 2704 5384 ,
2738 5329 2793 5373 et
2837 5323 3092 5390 poculum
3140 5324 3537 5388 Eucharistize.

1981 5432 2139 5469 verus
2166 5429 2247 5467 est
2276 5413 2453 5477 cibus,
2486 5423 2539 5465 et
2568 5427 2730 5465 verus
2758 5423 2913 5479 potus
2944 5412 3011 5466 “'.
3040 5415 3204 5481 Atqui
3239 5431 3345 5470 non
3379 5419 3542 5471 datur

1981 5520 2129 5562 motu
2176 5506 2307 5561 cieri
2377 5515 2469 5557 aut
2505 5505 2597 5565 ali,
2658 5506 2972 5571 priusquam
3010 5514 3171 5560 natus
3214 5510 3311 5562 sis.
3341 5509 3538 5564 Adlnee

1979 5603 2281 5669 baptismns
2311 5598 2583 5651 hominem
2614 5611 2736 5648 cum
2776 5595 2883 5648 Deo
2919 5597 2972 5649 in
3004 5599 3231 5666 gratiam
3266 5604 3539 5664 restituit;

1984 5702 2319 5763 unguentum
2380 5690 2539 5744 donis
2591 5688 2702 5742 illic
2754 5690 3013 5758 repositis
3068 5692 3289 5759 dignum
3339 5693 3537 5747 eiﬁcit:

3082 5904 3149 5955 1.-
