4272 6446
778 365 881 441 523

2009 380 2325 442 NICOLAI
2361 384 2446 442 CA
2462 384 2748 444 BASILZE

3916 377 4016 447 521i

775 498 950 550 virtus
993 510 1160 551 sacra
1199 509 1398 551 mensae
1431 499 1596 551 etiam
1657 513 1876 552 carnem
1911 510 1962 552 et
2015 499 2342 568 sanguinem
2374 507 2414 562 Α
2450 499 2462 551 ἐ

2328 513 2342 551 t
2374 507 2414 562 Α
2450 499 2504 558 δὲ
2541 504 2670 571 πρλν
2726 501 3096 572 κατηλλάχθαι
3136 502 3271 571 μετά
3303 501 3410 554 τῶν
3437 501 3604 570 φίλων
3632 500 3877 565 ἑστάναι,
3926 505 4015 560 καὶ

772 590 977 644 Christi
1005 603 1126 644 cum
1166 589 1320 644 initio
1357 591 1748 650 communicat.
1788 591 1879 645 Est
1918 601 2097 649 autem
2133 593 2342 660 impos-

772 682 964 745 sibile,
998 693 1124 739 ante
1163 683 1662 737 reconciliationem
1718 700 1841 736 cum
1898 684 2090 738 amicis
2149 683 2348 737 habere

771 776 1256 841 consuetudinem,
1283 785 1335 829 et
1365 791 1425 829 ea
1459 776 1754 843 promereri
1793 775 2015 843 praemia
2049 790 2170 842 qua:
2203 775 2345 842 ipso-

775 880 894 920 rum
925 877 1057 924 sunt
1109 867 1347 935 propria,
1383 867 1756 936 malignosque
1799 876 1852 920 ct
1885 867 2124 934 peccatis
2158 865 2346 920 subdi.

772 967 857 1012 tos
889 958 954 1010 dc
1011 973 1174 1010 carne
1215 957 1522 1021 comedere,
1557 965 1610 1010 et
1642 958 1709 1010 de
1734 957 2000 1025 sanguine
2036 956 2218 1012 bibere
2251 973 2346 1011 eo-

772 1063 915 1110 rum,
943 1049 1034 1117 qui
1061 1048 1214 1101 nullo
1237 1047 1413 1101 delicti
1447 1063 1644 1117 genere
1671 1047 2042 1117 implicantur.
2068 1047 2334 1113 Quocirca

775 1139 1010 1206 primum
1057 1138 1322 1199 lavamur,
1361 1147 1546 1206 postea
1595 1142 1882 1208 ungimnr:
1932 1141 1999 1193 ita
2041 1141 2150 1210 jam
2188 1158 2346 1196 mun-

772 1230 872 1283 dos
906 1239 959 1282 et
1002 1229 1380 1284 suaveolentcs
1418 1245 1598 1284 mensa
1635 1230 1855 1299 excipit.

845 1323 907 1373 Et
952 1322 1065 1374 haec
1096 1323 1316 1389 quidem
1355 1321 1639 1376 hactenus.
1678 1320 1797 1376 Jam
1847 1321 1916 1377 de
1955 1321 2185 1388 singulis
2223 1337 2342 1390 my-

773 1415 958 1467 steriis
990 1415 1186 1468 docere
1252 1429 1766 1484 pergamus,quam
1817 1415 2103 1469 utilitatem
2173 1428 2342 1468 sacrae

779 1505 902 1558 vita:
939 1517 1252 1574 apporlent.
1281 1507 1355 1559 Ac
1393 1508 1625 1575 primum
1657 1507 1724 1560 de
1757 1507 2054 1575 baptismo,
2088 1522 2338 1576 quasnam

771 1599 834 1656 ad
890 1598 1105 1651 isthanc
1138 1600 1302 1652 vitam
1351 1599 1638 1652 commoda
1678 1600 1801 1653 inde
1834 1599 2080 1669 progigni
2117 1609 2338 1668 queant.

841 1690 933 1744 Est
973 1694 1135 1761 igitur
1191 1693 1456 1760 baptizari
1507 1692 1745 1761 idipsum
1773 1734 1786 1757 ,
1844 1695 1990 1760 quod
2029 1693 2336 1749 secundum

771 1782 1050 1837 Christum
1090 1785 1278 1849 nasci,
1315 1785 1601 1853 ipsamque
1636 1785 1930 1838 essentiam
1979 1795 2035 1838 et
2089 1784 2341 1837 substan-

2454 585 2528 644 ὧν
2580 594 2811 657 ἐκείνοις
2866 595 3143 663 προσῆκεν
3196 593 3482 658 ἀξιοῦσθαι
3528 593 3787 662 χαρίτων,
3819 596 3908 649 καὶ
3938 594 4016 662 τῷ

2451 687 2675 755 πονηρῷ
2705 687 2800 738 καὶ
2826 689 2944 748 ταῖς
2997 686 3295 756 ἁμαρτίαις
3355 686 3754 755 ὑποκειμένους
3785 686 4018 756 αἵματος

2450 779 2597 829 πιεῖν
2645 779 2739 830 καὶ
2793 777 2994 848 σαρκὸς
3058 779 3254 846 φαγεῖν
3297 777 3405 830 τῶν
3458 778 3878 848 ἀναμαρτήτων.
3919 777 4017 828 Διά

2448 867 2623 922 ταῦτα
2665 868 2906 937 λούμεθα
2964 870 3204 939 πρῶτον,
3235 865 3353 922 εἶτα
3403 870 3692 939 χριόμεθα,
3732 872 3822 922 καὶ
3875 870 4017 922 οὖτα

2448 962 2720 1034 καθαροὺς
2753 964 2845 1018 καὶ
2875 961 3094 1027 εὐώδεις
3129 966 3161 1034 ή
3194 964 3441 1034 τράπεζα
3462 965 3697 1034 δέχεται.

2515 1333 2626 1384 Καὶ
2662 1331 2834 1385 ταῦτα
2874 1333 2973 1404 μὲν
3000 1333 3082 1396 εἰς
3108 1333 3384 1387 τοσοῦτον.
3421 1335 3559 1404 Περὶ
3587 1335 3644 1387 δὲ
3679 1335 3787 1388 τῶν
3811 1354 4017 1405 μυστη-

2449 1423 2581 1489 ρίων
2641 1423 2876 1481 ἑκάστου
2934 1423 3230 1491 σκοπῶμεν
3279 1423 3380 1487 ἔτι,
3431 1425 3551 1477 τινα
3595 1426 3909 1478 συντέλειαν
3939 1429 4018 1497 τῷ

2448 1514 2580 1584 ἱερῷ
2603 1514 2907 1584 παρέχεται
2927 1514 3155 1584 βίῳκαὶ⁵
3183 1515 3312 1583 περὶ
3337 1515 3432 1568 τοῦ
3465 1517 3843 1586 βαπτίσματος
3867 1520 4016 1588 πρώ·

2443 1624 2561 1668 του,
2595 1607 2695 1659 ὅσα
2724 1606 2776 1672 γ’
2801 1608 2878 1668 εἰς
2906 1595 3005 1676 τὴν
3031 1607 3173 1676 ζωὴν
3203 1608 3410 1676 ταύτην
3428 1607 3656 1662 δύναται
3695 1610 3904 1679 φέρειν.

2519 1699 2678 1752 Ἔστι
2710 1698 2888 1750 τοίνυν
2940 1699 3001 1752 τὸ
3055 1698 3425 1769 βαπτισθῆναι
3459 1701 3590 1753 αὐτὸ
3624 1702 3683 1755 τὸ
3712 1703 3854 1755 κατά
3884 1703 4019 1772 Χρι-

2445 1790 2566 1843 στὸν
2597 1789 2929 1857 γεννηθῆναι
2970 1791 3064 1842 καὶ
3114 1791 3302 1843 λαϐεῖν
3330 1792 3462 1844 αὐτὸ
3490 1791 3551 1844 τὸ
3578 1788 3720 1844 εῖναι
3750 1794 3843 1845 καὶ
3880 1795 4014 1845 ὐπο-

768 1874 896 1927 tiam
918 1875 1182 1942 accipere,
1206 1890 1328 1927 cum
1358 1884 1514 1928 antea
1542 1875 1672 1927 nihil
1697 1874 1896 1928 fueris:
1921 1874 1969 1927 id
1988 1875 2129 1942 quod
2153 1873 2336 1928 multis
2369 1871 2412 1931 Β
2445 1901 2455 1935 :

2325 1871 2412 1931 53
2445 1885 2632 1954 στῆναι
2677 1883 2841 1952 μηδὲν
2902 1883 3089 1946 ὄντας.
3151 1884 3324 1937 Τοῦτο
3389 1886 3446 1937 δὲ
3503 1887 3846 1954 καταμαθεῖν
3895 1887 4012 1940 ἐστι

767 1986 796 2018 e
836 1969 966 2020 locis
1011 1968 1320 2036 perspicere
1354 1966 1497 2021 licet.
1548 1966 1823 2036 Principio
1845 1982 1907 2020 ex
1944 1966 2136 2019 ordine
2171 1966 2333 2034 ipso;

771 2063 873 2114 hoc
927 2061 1071 2113 enim
1113 2070 1196 2114 cst
1250 2059 1485 2129 primum
1539 2061 1953 2129 mysteriorum,
1990 2075 2097 2132 quo
2147 2072 2338 2114 consc-

766 2169 1024 2218 cramur,
1068 2166 1121 2208 et
1179 2155 1281 2206 hoc
1333 2162 1460 2207 ante
1514 2154 1617 2207 alia
1664 2153 2012 2208 Christianos
2058 2154 2112 2206 in
2166 2154 2333 2206 vitam

766 2259 959 2298 novam
1015 2246 1333 2300 introducit.
1409 2245 1612 2300 Deinde
1664 2255 1716 2298 et
1788 2247 1918 2314 ipsis
1981 2246 2335 2308 nominibus,

764 2337 965 2405 quibus
1022 2338 1070 2392 id
1124 2339 1531 2408 appellitamtts.
1559 2337 1844 2391 Postremo
1893 2354 1956 2392 ex
2013 2337 2133 2406 ejus
2173 2353 2339 2394 etcre-

767 2431 965 2485 mortiis
1016 2442 1068 2485 et
1106 2432 1378 2500 precibus,
1416 2447 1535 2501 quae
1588 2430 1639 2483 in
1690 2446 1754 2484 eo
1804 2426 2136 2486 conferendo
2177 2447 2336 2487 usur-

765 2531 980 2592 paritur.

839 2618 986 2672 Ordo
1040 2616 1202 2685 igitur
1254 2616 1323 2668 ab
1375 2615 1532 2668 initio
1588 2615 1673 2669 hic
1719 2619 1839 2676 est,
1873 2616 2020 2669 ablui
2075 2619 2336 2686 primum,

769 2722 890 2783 post
935 2708 1150 2777 inungi,
1197 2717 1363 2776 atque
1396 2708 1466 2761 ita
1513 2707 1730 2761 demum
1774 2710 2004 2764 sacratis
2037 2711 2215 2778 epulis
2247 2728 2338 2766 ac—

764 2801 1025 2855 cumbere
1055 2817 1072 2866 ;
1104 2798 1247 2868 quod
1276 2797 1524 2862 profecto
1559 2799 1783 2853 evidens
1821 2810 2204 2867 argumentum
2234 2813 2337 2868 est,

763 2903 816 2947 et
856 2891 1186 2960 principium
1238 2890 1368 2943 vitae
1411 2904 1476 2943 ac
1514 2888 1950 2956 fundamentum,
1987 2901 2038 2944 et
2075 2903 2338 2961 praestru-

766 2986 977 3044 etiones
1018 2980 1333 3052 huiusmodi
1362 2996 1526 3048 penes
1562 2983 1838 3036 lavacrum
1869 2999 2032 3039 esse:
2069 2987 2335 3055 siquidem

765 3085 816 3128 et
838 3074 1091 3130 Christus
1118 3087 1242 3126 cum
1275 3072 1340 3125 iis
1369 3071 1627 3140 omnibus
1657 3089 1779 3143 quae
1808 3075 1981 3129 nostri
2013 3092 2174 3131 causa
2211 3081 2339 3134 tole-

767 3169 926 3229 ravit,
949 3167 1209 3236 quoniam
1240 3172 1295 3219 et
1325 3163 1597 3232 baptismo
1626 3164 1847 3219 lustrari
1881 3169 2182 3235 oportebat,
2211 3187 2334 3224 eum

770 3261 944 3329 primo
973 3260 1090 3312 loco
1117 3275 1222 3312 non
1251 3257 1591 3312 detrectavit.
1611 3258 1842 3314 Nomina
1866 3269 2046 3315 autem
2075 3278 2335 3328 quorsum

771 3354 985 3406 tandem
1010 3352 1116 3405 alio
1135 3360 1381 3420 spectare
1395 3352 1636 3420 possint?
1659 3351 2098 3419 Generationem,
2115 3366 2167 3409 et
2187 3372 2338 3424 rege-

772 3447 1102 3500 nerationem
1121 3453 1174 3497 ct
1189 3442 1652 3512 reformationem,
1675 3457 1726 3500 et
1749 3447 2008 3516 sigillum,
2029 3449 2338 3519 sivesigna-

772 3537 952 3591 culum
975 3548 1356 3603 nuncupamus
1379 3551 1393 3600 ;
1420 3543 1675 3607 praetcrea
1696 3536 1985 3605 baptisma,
2009 3553 2102 3595 seu
2122 3541 2337 3595 immer-

770 3627 1416 3692 sionem,indumcntum,
1445 3630 1777 3694 unctionem,
1810 3629 2041 3693 donum,
2067 3641 2120 3686 et
2143 3631 2341 3686 illumi-

767 3722 1039 3777 natiOnent
1060 3763 1074 3786 ,
1102 3729 1156 3776 et
1180 3721 1454 3775 lavacrum
1508 3735 1522 3773 :
1553 3736 1671 3789 quae
1703 3723 1885 3776 omnia
1917 3723 2020 3780 hoc
2051 3741 2216 3779 unum
2247 3743 2340 3782 va-

767 3814 877 3865 lent
916 3821 971 3865 et
995 3811 1207 3874 volunt,
1244 3809 1328 3864 his
1361 3810 1452 3878 qui
1490 3808 1789 3863 secundum
1825 3808 1994 3864 Deum
2025 3821 2152 3866 sunt
2181 3815 2338 3868 etvi-

765 3913 919 3965 vttnt,
949 3903 1309 3956 initiationem
1342 3901 1500 3955 istam
1526 3903 1779 3957 essentiae
1803 3904 2160 3972 primordium
2191 3921 2333 3962 esse.

772 4015 788 4046 ι
828 3995 1119 4049 Genet-atto
1158 4013 1176 4046 ι
1226 3995 1447 4063 quidem
1497 4009 1604 4048 non
1646 3996 1817 4056 aliud,
1869 4012 2032 4065 quam
2072 3998 2214 4052 istud
2257 4000 2339 4067 ip-

767 4105 886 4144 sum
944 4087 1088 4141 baud
1140 4087 1374 4142 absurde
1428 4086 1642 4143 videtur
1694 4087 2023 4156 significare.
2073 4089 2337 4145 Similiter

774 4200 791 4231 ι
832 4181 1190 4251 regeneratio,
1234 4198 1252 4231 ι
1281 4189 1336 4233 et
1391 4197 1408 4230 ι
1458 4179 1775 4236 reformatio
1819 4199 1838 4231 ι
1876 4191 2083 4236 tantunt
2122 4164 2228 4238 hoc
2264 4185 2339 4238 si-

767 4273 1057 4344 gniﬁcant,
1111 4288 1259 4326 nunc
1302 4272 1522 4326 demum
1573 4280 1734 4328 natos
1771 4273 2168 4343 formatosque,
2200 4278 2335 4332 alios

768 4379 985 4436 quoque
1035 4375 1193 4418 natos
1227 4362 1425 4428 fuisse,
1474 4373 1528 4418 et
1563 4363 1738 4418 forma
1777 4366 2008 4430 perdita,
2045 4383 2189 4421 nunc
2231 4369 2335 4423 ista

766 4460 934 4512 altera
987 4456 1336 4525 generatione
1370 4455 1434 4508 ad
1471 4454 1762 4524 pristinam
1798 4455 2036 4524 speciem
2078 4456 2337 4510 formam-

2443 1976 2790 2045 πολλαχόθεν.
2831 1976 3055 2045 Πρῶτον
3090 1976 3188 2044 μὲν
3223 1977 3332 2028 ἀπὸ
3351 1976 3452 2048 τῆς
3481 1977 3688 2041 τάξεως
3715 1979 3906 2048 αὐτῆς,
3928 1980 4014 2034 ὅτι

2439 2070 2597 2122 τοῦτο
2655 2069 2873 2141 πρῶτον
2934 2069 3220 2140 μυούμεθα
3254 2071 3592 2140 μυστηρίων,
3643 2074 3737 2124 καὶ
3766 2074 3874 2141 πρὸ
3901 2075 4013 2127 τῶν

2441 2163 2614 2216 ἄλλων
2674 2163 2833 2216 τοῦτο
2872 2163 3237 2234 Χριστιανοὺς
3286 2164 3363 2225 εἰς
3415 2163 3515 2232 τὴν
3560 2163 3752 2233 καινὴν
3795 2165 4014 2232 εἰσάγει

2442 2253 2612 2324 ζωὴν,
2641 2255 2892 2321 δεύτερον
2917 2255 3026 2308 τῶν
3054 2255 3358 2326 ὀνομάτων,
3389 2255 3511 2309 ὅθεν
3545 2255 3676 2308 αὐτὸ
3710 2255 4008 2325 καλοῦμεν,

2441 2349 2534 2400 καὶ
2561 2347 2743 2418 τρίτον
2774 2348 2884 2400 τῶν
2916 2348 3000 2400 ἐπ’
3030 2349 3176 2419 αὐτῷ
3201 2347 3543 2417 τελουμένων
3579 2350 3675 2402 καλ⁵
3707 2349 4010 2421 ᾀδομένων.

2524 2625 2588 2678 'H
2615 2625 2713 2696 μὲν
2736 2621 2827 2678 οὖν
2852 2625 3005 2689 τάξις
3024 2623 3230 2678 ἄνωθεν
3262 2624 3426 2694 αὕτη,
3443 2626 3741 2681 λούσασθαι
3771 2629 4011 2696 πρῶτον,

2439 2714 2557 2771 εἶτα
2591 2718 2748 2789 μύρῳ
2781 2718 3149 2787 χρισαμένους
3172 2719 3252 2780 εἰς
3278 2718 3379 2786 τὴν
3405 2718 3691 2788 τράπεζαν
3714 2719 4013 2785 ἀφικέσθαι

2439 2814 2538 2882 τὴν
2571 2812 2754 2879 ἱεράν·
2811 2811 2839 2863 ὃ
2871 2811 2935 2881 δὴ
2995 2810 3298 2880 τεκμήριόν
3331 2813 3483 2862 ἐστιν
3550 2811 3796 2880 ἐναργὲς,
3834 2811 3926 2862 τοῦ
3957 2829 4016 2863 τε

2439 2901 2613 2971 ἀρχὴν
2636 2900 2753 2969 βίου
2785 2900 2879 2952 καὶ
2911 2899 3060 2968 ζωῆς
3087 2898 3287 2968 βάθρον
3310 2900 3404 2951 καὶ
3435 2898 3693 2961 τοιαύτας
3725 2900 4016 2962 ὑποθέσεις

2439 2992 2498 3044 τὸ
2531 2990 2757 3061 λουτρὸν
2807 2985 2966 3049 εἶναι,
3019 2989 3142 3040 ἐπεὶ
3188 2988 3281 3040 καὶ
3311 2986 3545 3056 Χριστὸς
3576 2988 3760 3050 αὑτῖις,
3800 2987 3899 3056 μεθ
3941 2981 4018 3040 ὧν

2439 3081 2580 3148 ὑπὲρ
2610 3080 2766 3150 ἡμῶν
2793 3078 3053 3148 ἠνέσχετο
3083 3077 3323 3140 πάντων,
3361 3077 3453 3128 καὶ
3487 3075 3853 3147 βαπτισθῆναι
3883 3077 4015 3146 δεῆ-

2443 3190 2542 3225 σαν
2578 3170 2737 3224 τοῦτο
2775 3170 2991 3240 δέχεται
3046 3169 3152 3239 πρὸ
3182 3167 3292 3222 τῶν
3345 3167 3540 3222 ἀλλων.
3582 3169 3664 3220 Τὰ
3693 3169 3749 3221 δὲ
3776 3170 4020 3238 ὀνόματα

2442 3263 2578 3331 πρὸς
2617 3263 2670 3313 τί
2695 3261 2760 3314 ἂν
2785 3260 2914 3314 ἄλλο
2949 3258 3167 3312 δύναιτο
3202 3258 3421 3328 φέρειν;
3454 3258 3714 3328 Γέννησιν
3738 3259 3834 3310 καὶ
3881 3260 4022 3310 ἀνα-

2439 3358 2696 3423 γέννησιν
2743 3354 2839 3406 καὶ
2869 3351 3174 3405 ἀνάπλασιν
3230 3351 3328 3402 καὶ
3358 3350 3628 3420 σφραγῖδα
3657 3350 3788 3402 αὐτὸ
3823 3351 4024 3404 καλοῦ-

2443 3462 2566 3514 μεν,
2595 3444 2675 3496 ἔτι
2721 3443 2779 3496 δὲ
2815 3443 3100 3513 βάπτισμα
3133 3443 3223 3494 καὶ
3259 3440 3462 3510 ἔνδυμα
3498 3441 3589 3492 καὶ
3638 3440 3872 3510 χρίσμα,
3921 3443 4022 3492 καὶ

2440 3537 2689 3606 χάρισμα
2721 3533 2818 3587 καὶ⁵
2846 3531 3106 3600 φώτισμα
3136 3532 3231 3583 καὶ
3255 3530 3480 3600 λουτρόν
3502 3546 3514 3559 ·
3540 3529 3574 3582 ἃ
3607 3529 3669 3600 δὴ
3699 3531 3871 3583 πάντα
3927 3533 4021 3582 τὸν

2439 3629 2535 3681 ἕνα
2566 3626 2756 3681 τοῦτον
2785 3625 3009 3678 δύναται
3040 3624 3220 3690 λόγον,
3260 3625 3374 3685 τοῖς
3413 3622 3552 3678 κατά
3586 3623 3719 3675 Θεὸν
3748 3624 3865 3676 οὖσι
3921 3625 4022 3678 καὶ

2440 3722 2606 3786 ζῶσιν
2624 3720 2798 3790 ἀρχὴν
2827 3714 2966 3771 εἶναι
2991 3716 3087 3770 τοῦ
3110 3712 3254 3769 εἶναι
3284 3717 3383 3786 τὴν
3413 3715 3657 3787 τελετήν.
3700 3717 3761 3769 ’Ιί
3802 3717 3902 3785 μὲν
3924 3718 4021 3772 οὖν

2439 3814 2693 3882 γέννησις
2722 3811 2981 3872 ἐπιεικῶς
3014 3809 3168 3865 aestv
3202 3808 3332 3861 ἄλλο
3364 3809 3394 3878 ἢ
3433 3808 3592 3861 τοῦτο
3625 3809 3773 3861 δοκεῖ
3808 3813 4021 3879 σημαί-

2439 3919 2586 3958 νειν⁶
2647 3903 2742 3956 καὶ
2791 3904 2824 3972 ἡ
2873 3903 3234 3971 ἀναγέννησις
3294 3901 3388 3954 καὶ
3438 3904 3470 3970 ἡ
3503 3901 3809 3964 ἀνάπλασις
3841 3903 4026 3954 ἐκεῖνο

2441 3995 2913 4066 προσσηααίνουσι
2950 3995 3131 4063 μόνον,
3161 3994 3287 4056 τοὺς
3317 3993 3694 4064 γεννωμένους
3725 3995 3822 4046 καὶ
3845 3995 4024 4046 πλατ-

2439 4090 2700 4157 τομένους
2734 4088 2829 4140 καὶ
2883 4085 3073 4139 ἄλλοτε
3120 4085 3456 4156 γεννηθῆναι
3508 4087 3600 4139 καὶ
3641 4086 4023 4149 ἀπολέσαντας

2438 4180 2537 4250 τὴν
2588 4180 2804 4249 μορφὴν
2860 4178 2956 4232 νῦν
2989 4180 3222 4247 δευτέρᾳ
3271 4179 3524 4247 γεννήσει
3554 4178 3688 4248 πρὸς
3713 4179 3773 4230 τὸ
3801 4178 4024 4247 πρῶτον

2440 4268 2578 4335 εἶδος
2611 4269 2770 4332 αὖθις
2803 4268 3108 4333 ἐπανιέναι,
3143 4270 3398 4341 καθάπερ
3438 4269 3758 4342 ἀνδριάντος
3791 4270 3928 4340 ὓλην
3960 4273 4026 4324 τὸ

2404 4390 2407 4392 ·
2436 4362 2580 4430 εἶδος
2609 4365 3019 4427 ἀπολωλεκότος
3070 4365 3356 4427 ἀποδιδοὺς
3387 4367 3414 4417 ό
3443 4366 3694 4435 τεχνίτης
3743 4369 4026 4437 ἀναγεννᾷ

2438 4459 2537 4528 τὴν
2572 4457 2757 4510 εἰκόνα
2781 4458 2874 4510 καὶ
2906 4457 3259 4519 ἀναπὶάττει,
3293 4459 3415 4510 ἐπεὶ
3450 4459 3543 4510 καὶ
3573 4457 3724 4523 αὐτὸ,
3757 4458 3784 4509 ὅ
3809 4459 3863 4511 τί
3887 4462 4023 4511 ποτέ

764 4563 870 4616 que
899 4547 1219 4600 revertisse:
1251 4545 1710 4613 quemadmodum
1761 4560 1884 4598 cum
1945 4546 2186 4599 materiae
2217 4556 2330 4600 sta-
2369 4569 2410 4622 ι)
2442 4549 2451 4600 l

2369 4569 2410 4622 ι)
2442 4549 2588 4601 ἐστιν
2620 4551 2675 4600 ἐν
2708 4549 2837 4615 ἡμῖν
2868 4546 2931 4598 τὸ
2964 4547 3056 4598 τοῦ
3094 4546 3476 4616 βαπτίσματος
3509 4548 3693 4616 ἔργον,
3727 4542 3871 4609 εἶδός
3899 4551 4022 4601 ἐστι

764 4650 868 4692 tua:
899 4637 1134 4706 alicujus
1187 4635 1420 4688 lormam
1458 4635 1718 4688 amissam
1753 4634 2052 4687 statuarius
2100 4639 2333 4704 reponit,

764 4729 1053 4800 imaginem
1089 4733 1378 4796 regenerat’
1404 4737 1456 4780 et
1516 4726 1812 4780 reformat:
1849 4726 2114 4796 siquidem
2151 4738 2202 4780 et
2233 4728 2340 4781 hoc

762 4825 967 4891 ipsum,
999 4823 1365 4892 quodcunque
1411 4821 1626 4874 tandem
1663 4822 1716 4875 in
1752 4823 1913 4877 nobis
1939 4833 2021 4878 est
2047 4822 2336 4899 baptisma-

762 4920 830 4969 tis
862 4931 1027 4984 opus,
1065 4915 1276 4983 species
1308 4913 1556 4983 quzedam
1587 4923 1640 4967 et
1669 4913 1842 4967 forma
1873 4923 1958 4969 est
1987 4931 2000 4972 :
2044 4915 2333 4988 imaginem

760 5010 903 5063 enim
973 5010 1267 5077 quamdam
1324 5008 1377 5060 in
1431 5007 1724 5061 animabus
1771 5007 1974 5060 nostris
2011 5007 2246 5076 depingit
2280 5020 2336 5066 et

759 5102 1038 5171 insculpit,
1091 5100 1433 5169 formamque
1495 5099 1712 5163 inserit,
1759 5099 1924 5153 morti
1975 5108 2029 5152 et
2093 5115 2336 5154 resurre-

760 5192 928 5246 ιτιὶοηί
967 5191 1270 5246 Salvatoris
1313 5188 1632 5244 conl'ormcs
1657 5190 1922 5245 eﬂiciens.
1957 5190 2096 5244 Hinc
2138 5209 2154 5242 ι
2177 5189 2334 5258 sigil-

760 5285 894 5347 lum,
937 5302 954 5335 t
990 5283 1104 5336 sive
1142 5301 1159 5333 ι
1196 5282 1535 5351 signaculum
1573 5300 1589 5331 ι
1621 5295 1837 5350 quoque
1863 5283 2083 5344 dicitur,
2115 5266 2333 5350 quando

761 5391 863 5431 nos
926 5374 992 5428 ad
1040 5375 1243 5445 regiam
1295 5373 1522 5443 efﬁgiem
1558 5381 1610 5426 et
1646 5374 1710 5426 ad
1763 5375 1973 5427 beatam
2026 5371 2171 5428 illam
2215 5391 2334 5444 spe-

757 5469 893 5521 ciem
944 5467 1118 5536 lingit.
1169 5465 1392 5532 Species
1447 5474 1629 5518 autem
1686 5466 1968 5520 materiam
2024 5467 2329 5536 complexa,

759 5559 1047 5614 informem
1124 5559 1191 5612 de
1241 5565 1440 5611 etctcro
1484 5570 1603 5612 esse
1654 5573 1759 5611 non
1821 5560 2047 5629 patitur.
2103 5561 2333 5630 Insuper

763 5673 780 5705 ι
825 5652 1167 5716 indumenti,
1209 5670 1227 5701 ›
1270 5659 1322 5703 et
1359 5668 1376 5700 ι
1427 5650 1801 5717 baptismatis,
1842 5670 1860 5701 ι
1901 5666 1996 5711 seu
2053 5672 2070 5703 ι
2112 5653 2333 5709 immer-

755 5747 930 5801 Bionis
969 5765 986 5795 ι
1023 5745 1243 5797 nomine
1270 5743 1540 5796 allicimus
1574 5746 1675 5798 hoc
1709 5747 2066 5815 mysterium;
2100 5747 2332 5804 dicitur-

756 5852 861 5907 que
910 5837 1002 5907 qui
1055 5838 1305 5891 initiatus
1342 5845 1444 5900 est,
1499 5849 1552 5891 et
1591 5834 1838 5904 indutus,
1891 5851 1941 5898 et
1997 5836 2324 5908 baptizatus,

2440 4643 2533 4694 καὶ
2568 4641 2772 4710 μορφὴ.
2804 4633 2913 4705 καὶ
2945 4641 3054 4708 γάρ
3093 4656 3215 4692 τινα
3248 4639 3438 4692 εἰκόνα
3468 4640 3738 4708 ἐγγράφει
3765 4641 3861 4692 καὶ
3889 4659 4024 4712 μορ-

2441 4735 2547 4804 φὴν
2601 4732 2839 4802 ἐντίθησι
2904 4718 3025 4793 ταῖς
3059 4731 3263 4800 ψυχαῖς
3320 4733 3679 4801 συμμόρφους
3715 4732 4022 4798 ἀπόφαινον

2438 4812 2532 4876 τοῦ
2565 4823 2799 4877 θανάτου
2825 4823 2918 4874 καὶ
2945 4825 3041 4890 τῆς
3075 4824 3424 4885 ἀναστάσεως
3446 4823 3540 4875 τοῦ
3557 4824 3840 4893 Σωτῆρος,
3877 4826 4027 4894 ὑπὲρ

2437 4907 2498 4971 οὗ
2525 4918 2620 4970 καὶ
2653 4933 2798 4986 σφρα
2814 4916 2889 4983 τὶς
2919 4915 3166 4968 καλεῖται
3193 4917 3326 4985 πρὸς
3348 4914 3446 4986 τὴν
3474 4916 3746 4986 βασίλειον
3781 4919 4022 4972 πλάττον

2439 4992 2624 5061 εἰκόνα
2659 5011 2752 5060 καὶ
2897 5008 3168 5077 μακάριον
3218 5005 3378 5071 εἶδος.
3415 5009 3536 5061 Ὀτι
3573 5009 3716 5061 δὲτὸ
3747 5003 3891 5071 εἶδος
3923 5016 4024 5080 τὴν

2439 5100 2572 5170 ὓλην
2594 5100 2916 5170 περιϐάλλει
2947 5102 3038 5153 καὶ
3068 5101 3320 5169 ἀφανίζει
3347 5100 3445 5172 τὴν
3479 5103 3783 5171 ἀμορφίαν,
3817 5104 3911 5155 καί
3938 5103 4025 5156 ἓν·

2437 5190 2583 5262 δυμα
2637 5192 2914 5261 καλοῦμεν
2974 5193 3068 5246 καὶ
3103 5189 3390 5262 βάιτισμα
3449 5193 3508 5245 τὸ
3543 5197 3872 5264 μυστήριον.
3910 5198 4025 5250 Καὶ

2436 5285 2596 5338 τοῦτο
2628 5285 2802 5355 δηλῶν
2837 5288 2862 5338 ὁ
2890 5286 3122 5351 Παῦλος,
3160 5289 3220 5339 τὸ
3248 5287 3452 5355 ἔνδυμα
3482 5286 3576 5339 καὶ
3610 5286 3707 5356 τὴν
3739 5289 4022 5356 σφραγῖδα

2439 5379 2572 5448 πρὸς
2593 5379 2751 5432 τοῦτο
2783 5383 2992 5444 φέρειν,
3027 5379 3120 5431 νῦν
3155 5380 3255 5448 μὲν
3284 5381 3633 5449 ἐγγραφῆναι
3663 5381 3756 5432 καὶ
3795 5397 4024 5451 μορφω-

2439 5471 2595 5539 θῆναί
2654 5487 2787 5539 φησι
2825 5474 2913 5524 τὸν
2945 5471 3312 5540 Χριστὸν,νῦν
3371 5472 3429 5524 δὲ
3481 5471 3842 5541 περιτεθῆναι
3882 5471 4028 5545 Χρι-

2439 5561 2675 5626 στιανόἰς
2703 5564 2958 5634 καθάπερ
2991 5567 3206 5634 ἱμάτιον
3233 5579 3246 5592 ·
3281 5565 3834 5634 ὲνδεδύσθαιλέγιται
3869 5567 3899 5619 ό
3927 5585 4026 5637 με-

2440 5658 2716 5726 μυημένος
2767 5661 2863 5710 καὶ
2898 5656 3290 5725 βεὸαπτίσθιι,
3348 5658 3407 5710 τὸ
3437 5660 3539 5728 μὶν
3570 5659 3839 5720 Γαλάταις
3879 5661 4025 5732 γρά-

2435 5767 2572 5817 φων,
2613 5768 2630 5800 ι
2669 5751 2870 5806 Τεκνία
2905 5765 3029 5820 μου,
3058 5752 3152 5812 οὓς
3182 5753 3349 5805 πάλιν
3384 5752 3580 5814 ὠδίνω,
3614 5754 3775 5821 ἄχρις
3798 5747 3859 5804 οὗ
3889 5752 4033 5823 μορ-

2438 5843 2589 5913 φωθῇ
2627 5843 2858 5910 Χριστὸς
2919 5846 2978 5895 ἑν
3040 5846 3186 5914 ὑμῖν,
3235 5865 3251 5895 ›
3313 5848 3428 5910 καὶ,
3478 5865 3495 5897 ι
3546 5848 3751 5916 Ἰησοῦς
3785 5847 4030 5916 Χριστὸς
