4272 6446
262 500 597 570 προεγράφη
629 500 685 552 ὲν
719 499 847 566 ὑμῖν
890 497 1312 564 ἐσταυρωμένος
1354 510 1367 524 ·

263 591 424 651 θίνιις,
483 608 500 640 ι
540 589 696 641 Ὅσοι
731 588 811 650 είς
845 586 1082 656 Χριστὸν
1144 583 1543 650 ὲὸαπτίσθητε.
1607 580 1845 650 Χριστὸν

259 682 613 734 ἐνεδύσασθε.
656 697 674 730 i
715 680 820 733 Kal.
842 681 951 748 γὰρ
975 678 1176 748 χρυσὺς
1204 679 1298 728 καὶ
1329 676 1572 745 ἄργυρος
1601 675 1694 726 καὶ
1718 673 1847 742 χαλ-

261 774 380 837 κδς,
403 772 512 834 ’ἐως
545 771 646 840 μὲν
677 771 753 838 τῷ
785 771 919 838 πυρὶ
960 771 1146 830 τακεὶς
1178 769 1416 837 διαρῥειῑ,
1454 767 1670 835 γυμνὴν
1703 781 1845 833 παρ-

262 866 382 932 έχει
408 865 506 932 τὴν
540 863 674 932 ὕλην
704 864 867 931 όρᾷν·
898 863 1022 914 ὅθεν
1055 861 1150 914 καὶ
1174 863 1374 929 χρυσὸς
1403 859 1616 929 μόνονῆ
1649 858 1847 926 χαλκὸς

258 953 398 1006 αὐτὸ
457 953 617 1004 τοῦτο
681 953 928 1004 καλεῖται
961 951 1017 1003 τὸ
1047 952 1145 1020 τῆς
1177 951 1306 1018 ὕλης
1340 952 1532 1020 ὗνομα.
1599 949 1846 1000 Ἐπειδὰν

258 1047 316 1096 δὲ
347 1046 453 1095 ὑπὸ
476 1046 584 1096 τῶν
605 1044 926 1096 τυπούντων
952 1043 1190 1112 σιδήρων
1219 1045 1296 1105 είς
1319 1043 1377 1094 τὸ
1397 1041 1534 1102 εἶδος
1556 1039 1845 1106 συνελαθῇ,

257 1135 450 1184 οὐκέτι
505 1134 606 1202 μὲν
655 1135 688 1202 ἡ
722 1134 845 1202 ὗλη,
873 1135 932 1185 τὸ
963 1133 1021 1184 δὲ
1071 1130 1207 1194 εἶδος
1241 1132 1462 1200 φθάνον,
1495 1131 1748 1197 καθάπερ
1781 1130 1848 1180 τὰ

262 1226 461 1293 ἱμάτια
489 1227 594 1292 πρὸ
622 1226 732 1277 τῶι
758 1225 1032 1294 σωμάτων
1067 1226 1281 1294 ἀπαντᾷ
1324 1227 1432 1284 τοῖς
1466 1223 1690 1292 δρῶσιν,
1724 1222 1847 1274 ὅθεν

259 1318 355 1367 καὶ
388 1316 655 1383 ὀνόματος
703 1317 834 1367 ἰδίου
866 1316 1012 1375 τινὸς
1063 1318 1358 1385 τυγχάνει·
1399 1315 1621 1385 ἀνδριὰς
1654 1316 1762 1381 γὰρ
1815 1312 1846 1381 ἢ

258 1406 548 1467 δακτύλιος
591 1408 623 1474 ἢ
659 1408 839 1459 ότιοῦν
868 1408 976 1458 τῶν
1009 1409 1288 1467 τοιούτων,
1329 1408 1364 1460 ἃ
1414 1407 1511 1477 τὴν
1574 1407 1672 1475 μὲν
1717 1405 1847 1474 ὓλην

255 1500 476 1560 οὐκέτι,
510 1500 571 1550 τὸ
607 1494 748 1561 εἶδος
780 1501 835 1552 δὲ
874 1501 1037 1569 μόνον
1066 1502 1328 1568 σημαίνει
1357 1501 1449 1553 καὶ
1477 1501 1575 1568 τὴν
1609 1501 1845 1569 μορφήν.

264 1592 430 1653 Ἴσως
460 1592 517 1643 δὲ
543 1593 629 1644 διὰ
663 1593 841 1644 ταῦτα
879 1593 977 1645 καὶ
1008 1593 1405 1662 όνομαστήριός
1435 1589 1583 1645 ἐστιν
1613 1593 1642 1660 ἡ
1677 1594 1849 1659 σωτή-

263 1701 382 1753 ριος
413 1685 508 1735 τοῦ
547 1684 933 1754 βαπτίσμιτος
967 1687 1152 1756 ἡμέρα
1194 1687 1565 1755 Χριστιανοίς,
1591 1688 1670 1738 ὅτι
1696 1704 1845 1755 τηνι-

261 1777 449 1830 καῦτα
491 1779 842 1846 πλαττόμεθα
904 1780 997 1831 καὶ
1049 1777 1391 1847 τυπουμεθα,
1445 1779 1541 1829 καὶ
1582 1773 1718 1840 εἶδος
1749 1780 1848 1830 καὶ⁹

259 1871 390 1939 ὅρον
427 1872 460 1941 ἡ
489 1871 730 1932 ἁνείδεος

265 1969 479 2028 Ἀλλως
506 1985 567 2020 τε
594 1967 670 2035 τῷ
699 1966 1031 2034 γινώσκοντι
1067 1967 1137 2020 τὰ
1174 1966 1280 2020 ἴδια
1305 1969 1425 2020 τότε
1455 1966 1848 2035 γινωσκόμενοι

261 2062 360 2114 καὶ
450 2078 586 2128 φησι
613 2061 844 2123 Παῦλος,
876 2080 892 2112 ι
931 2062 1154 2122 Γνόντες
1185 2061 1339 2123 Θεὸν,
1396 2060 1596 2128 μᾶλλον
1623 2060 1677 2112 δὲ
1709 2077 1849 2126 γνω-

261 2155 494 2213 σθέντες
547 2152 652 2203 fin?)
713 2153 876 2213 Θεοῦ,
914 2171 932 2202 i
982 2152 1082 2222 τὴν
1140 2155 1485 2222 σημαντικην
1537 2152 1721 2222 φωνὴν
1753 2153 1851 2221 τὴν

261 2241 594 2309 ἐπωνυμίαν
649 2244 791 2294 κατᾶ
847 2242 1056 2312 ταύτην
1084 2243 1355 2312 ἀκούομεν
1386 2243 1483 2314 τὴν
1511 2245 1744 2313 ἡμέραν,
1778 2246 1851 2306 ὡς

261 2336 335 2386 ἂν
375 2335 498 2385 τότε
564 2337 964 2404 γινωσκόμενοι
1021 2336 1320 2404 καθαρῶςο
1381 2338 1441 2388 τὸ
1490 2342 1598 2404 γὰρ
1626 2337 1704 2406 τῷ
1733 2335 1851 2405 Θεῷ

262 2427 586 2494 γνωσθῆναι
644 2426 806 2480 τοῦτό
857 2429 972 2480 ἐστι
1003 2428 1077 2492 ὡς
1107 2428 1325 2498 ἀληθῶς
1360 2429 1637 2500 γνώριμον
1687 2425 1849 2484 εἶναι.

260 2519 368 2570 Διὰ
402 2521 566 2570 τοῦτο
591 2523 686 2571 καὶ
718 2521 849 2588 περὶ
880 2520 988 2572 τῶν
1019 2521 1188 2590 μηδὲν
1211 2521 1391 2574 κοινὸν
1421 2523 1555 2592 πρὸς
1591 2522 1688 2592 τὴν
1710 2522 1854 2592 ζωὴν

257 2609 479 2677 ταύτην
513 2610 749 2679 ἐχόντων
773 2612 803 2662 ὁ
828 2611 993 2663 Διὸιδ
1021 2609 1198 2675 εἶπεν,
1229 2632 1246 2662 ‹
1286 2612 1362 2664 Οίι
1394 2613 1469 2682 μὴ
1500 2612 1723 2681 μνησθῶ
1751 2612 1854 2666 τῶν

258 2701 552 2767 ὀνομάτων
597 2703 778 2754 αὐτῶν
806 2703 895 2754 διὰ
942 2703 1170 2770 χειλέων
1219 2721 1356 2773 μου·
1395 2723 1413 2755 i
1451 2705 1723 2772 ἄγνωστοι
1750 2708 1856 2776 γὰρ

261 2795 365 2844 καὶ
395 2795 646 2860 ἀφανεῖς,
694 2795 744 2847 οἳ
778 2795 870 2846 τοῦ
903 2796 1079 2864 φωτὸς
1114 2797 1326 2849 ἐκείνου
1372 2799 1561 2869 ncepta
1592 2801 1858 2868 κατέστη-

263 2903 373 2937 σαν
415 2887 666 2948 ἑαυτούς.
725 2887 862 2939 Οὔτε
917 2889 1026 2956 γὰρ
1056 2891 1167 2952 τοῖς
1223 2889 1523 2958 ὀφθαλμοῖς
1553 2891 1652 2943 τοῦ
1681 2892 1858 2958 φωτὸς

263 2979 444 3047 χωρὶς
478 2980 587 3030 τῶν
613 2978 852 3047 ὁρᾶσθαι
883 2981 1202 3049 δυναμένων
1246 2981 1444 3049 γένοιτ’
1475 2982 1540 3035 ἂν
1572 2983 1727 3036 οὐδὲν
1757 3001 1860 3052 φα-

265 3070 432 3139 νερὸν
459 3069 583 3122 οὔτε
615 3071 694 3140 τῷ
726 3071 846 3141 Θεῷ
875 3067 1238 3142 γνώριμον,-ᾧ
1267 3073 1343 3143 μὴ
1361 3074 1618 3140 δέξασθαι
1658 3074 1855 3140 συνέϐη

263 3163 369 3228 τὴν
425 3161 642 3213 ἐκεῖθεν
700 3163 920 3215 ἀκτῖνα.
970 3163 1044 3214 Τὸ
1094 3164 1150 3215 δὲ
1182 3165 1379 3229 αἴτιον,
1423 3165 1505 3216 ὅτι
1541 3164 1674 3233 μηδὲ
1712 3165 1858 3216 ἐστιν

262 3253 406 3314 Ehe;
459 3255 526 3320 τῇ
580 3252 834 3323 ἀληθείᾳ,
882 3252 909 3305 ὃ
961 3255 1035 3321 μὴ
1095 3253 1260 3321 δῆλον
1317 3253 1514 3323 ἐκείνῳ
1545 3254 1861 3324 γίνεταιτῷ

264 3345 446 3411 rgum"
502 3347 596 3396 καὶ
651 3347 796 3398 κατὰ
824 3344 1014 3396 τοῦτον
1064 3345 1155 3395 τὸν
1187 3345 1344 3412 λόγον
1380 3365 1397 3395 ι
1443 3347 1626 3414 Ἔγνω
1657 3348 1862 3417 Κύριος

263 3436 394 3498 τοὺς
441 3435 606 3496 ὄντας
636 3434 831 3498 αὐτοῦ,
884 3455 902 3485 ι
949 3437 1040 3488 καὶ
1072 3435 1229 3498 αὖθις
1282 3436 1393 3487 τῶν
1429 3437 1715 3506 παρθένων
1765 3438 1863 3500 τὰς

269 3528 466 3594 μωρὰς
491 3528 590 3578 οὐκ
619 3527 820 3580 εἰδέναι
857 3526 1030 3595 λέγει.

1345 384 1441 443 DE
1478 383 1654 442 VITA
1693 381 1766 440 ιχ
1804 380 2135 440 Clllllb'TO
2171 378 2318 438 LIB.
2373 377 2452 437 Il.

1421 512 1438 544 ι
1478 493 1538 544 τὸ
1570 493 1623 544 δὲ
1659 493 1852 559 Κοριν-
1883 496 1924 552 Α
1957 491 2069 543 sive
2123 491 2435 543 immersus.
2483 484 2808 554 Signiﬁcaus
2854 499 2980 537 vero
3036 482 3105 537 Pa

1822 512 1852 529 ν-
1883 496 1924 552 Α
1957 491 2069 543 sive
2123 491 2435 543 immersus.
2483 484 2808 554 Signiﬁcaus
2854 499 2980 537 vero
3036 482 3262 545 Paulus,
3303 503 3318 533 ι
3359 483 3509 536 indu-

3404 374 3511 435 526

1953 591 2193 635 mentum
2234 600 2252 633 ι
2287 589 2343 634 et
2394 598 2410 630 ι
2445 578 2684 647 sigillum
2735 598 2751 628 ι
2791 577 2980 630 eodem
3037 585 3303 644 spectare,
3367 591 3515 630 nunc

1949 673 2169 741 quidem
2204 672 2530 726 Christianis
2566 670 2888 740 inscriptum
2925 680 2977 725 et
3019 670 3329 733 formatum,
3367 685 3513 725 nunc

1949 764 2106 832 quasi
2161 765 2548 818 vestimentum
2614 763 3005 816 circumdatum
3083 777 3204 816 esse
3261 759 3512 814 affirmat.

1950 854 2084 908 Nam
2138 853 2345 910 Calatis
2389 855 2461 908 ita
2514 854 2752 908 scribit:
2815 873 2832 904 ‹
2886 852 3091 914 Filioli,
3131 866 3271 922 quos
3320 853 3514 906 iterum

1955 948 2220 1016 partttrin,
2273 952 2449 1000 donec
2493 946 2758 1000 formetur
2809 945 3059 1000 Christus
3106 944 3161 997 in
3200 945 3351 999 vobis
3378 945 3512 1006 “.1

1950 1053 2036 1093 et:
2073 1060 2091 1090 ‹
2143 1039 2462 1107 Quicunque
2495 1040 2547 1091 in
2592 1038 2815 1091 Christo
2874 1036 3126 1105 liaptizati
3176 1036 3328 1100 estis,
3359 1035 3519 1090 Chri-

1951 1142 2092 1185 stuut
2140 1131 2490 1185 iuduistis".
2533 1149 2550 1181 i
2589 1130 2797 1184 Etenim
2846 1144 3084 1191 aurum,
3135 1136 3420 1196 argentum
3464 1136 3520 1182 ot

1950 1237 2047 1288 αξξ,
2082 1222 2257 1276 donec
2300 1223 2420 1292 igne
2470 1219 2848 1289 collique-facta
2886 1219 3076 1282 ﬂuant,
3111 1219 3391 1273 materiam
3444 1220 3522 1271 in-

1954 1315 2232 1368 tuentibus
2263 1314 2461 1366 uudam
2488 1313 2784 1366 exhibent:
2813 1313 2955 1364 unde
2983 1321 3036 1366 et
3066 1327 3260 1365 aurum
3287 1322 3522 1366 tantum—

1952 1408 2135 1470 modo,
2170 1418 2263 1464 aut
2297 1417 2606 1476 argentum,
2636 1415 2730 1459 aut
2758 1420 2830 1459 aes
2859 1420 2919 1460 ea
2945 1406 3058 1474 ipsa
3089 1404 3315 1458 materia
3347 1406 3522 1457 nomi-

1953 1507 2135 1551 natur.
2187 1495 2288 1551 Ubi
2343 1511 2471 1549 vero
2526 1496 2892 1550 instrumento
2943 1495 3122 1548 ferreo
3167 1495 3232 1548 ad
3288 1495 3517 1548 formam

1953 1589 2321 1657 recipiendam
2359 1588 2698 1656 compulsum
2755 1585 2945 1652 fuerit,
2980 1601 3086 1640 non
3115 1587 3223 1655 jam
3269 1589 3519 1644 materia.

1953 1686 2048 1737 sed
2089 1683 2263 1736 forma
2292 1683 2444 1750 prius
2480 1692 2702 1750 apparet
2731 1720 2746 1746 ,
2783 1683 2924 1734 sicut
2951 1693 3127 1736 vestes
3156 1682 3328 1751 prius,
3360 1696 3524 1748 quam

1953 1789 2184 1843 corpora
2217 1773 2527 1828 videntibus
2556 1781 2873 1827 occurrunt.
2899 1772 2973 1826 Ex
2999 1787 3106 1842 quo
3129 1774 3292 1826 etiam
3327 1787 3523 1825 nomen

777 1871 871 1922 καὶ
918 1870 1173 1940 ἀόριστος
1203 1870 1364 1938 ἡμῶν
1399 1869 1671 1940 λαμϐάνει
1710 1869 1844 1936 ζωή.
1880 1865 1923 1925 Β
1953 1867 2170 1936 aliquod
2219 1867 2464 1936 propriul

1836 1865 1923 1925 ,Β
1953 1867 2170 1936 aliquod
2219 1867 2500 1936 proprium
2554 1865 2917 1934 adipiscitur;
2967 1873 3144 1918 staIUa
3195 1863 3375 1926 enim,
3430 1875 3523 1914 aut

1954 1959 2213 2023 annulus,
2261 1969 2354 2012 aut
2406 1958 2776 2027 quodcunque
2827 1957 3042 2010 tandem
3089 1955 3403 2026 hujusmodi
3441 1967 3524 2006 re-

1954 2065 2098 2112 rum,
2131 2063 2254 2118 qua:
2281 2063 2393 2118 Jam
2445 2062 2552 2100 non
2587 2047 2892 2112 materiam,
2925 2046 3016 2101 sed
3052 2045 3279 2099 formam
3315 2057 3367 2099 et
3401 2061 3523 2114 spo—

1963 2145 2104 2197 ciem
2132 2142 2399 2195 duntaxat
2441 2140 2770 2209 signiﬁcant,
2809 2139 3134 2208 appellatur.
3168 2140 3243 2191 Ac
3277 2139 3526 2192 fortassis

1955 2244 2134 2286 autem
2180 2242 2460 2302 propterea
2512 2233 2772 2287 salutaris
2819 2232 3162 2301 baptismatis
3191 2232 3307 2288 dies
3357 2231 3522 2289 etiam

1953 2326 2284 2380 Christianis
2340 2334 2422 2379 est
2476 2325 2872 2394 ὁνομαστήριος
2909 2325 2993 2393 (id
3029 2334 3112 2378 est
3139 2367 3154 2392 ,
3187 2341 3251 2378 eo
3305 2328 3525 2379 nomina

1957 2417 2247 2487 baptizatis
2289 2418 2688 2486 imponuntur),
2719 2419 2978 2486 quoniam
3018 2429 3146 2470 tunc
3184 2417 3438 2485 angimur
3475 2430 3527 2468 it

1956 2514 2280 2575 formamur,
2332 2511 2551 2579 vitaque
2615 2523 2800 2565 nostra
2852 2509 3105 2566 informis
3139 2521 3191 2565 et
3235 2513 3526 2565 incircum-

1956 2606 2156 2676 scripta
2221 2605 2454 2667 laciem,
2509 2615 2562 2657 et
2613 2605 2946 2669 terminum,
3010 2621 3074 2660 ac
3123 2605 3351 2661 limitem
3405 2622 3524 2660 cer-

1957 2709 2070 2752 tum
2118 2697 2336 2764 accipit.
2393 2695 2620 2764 Insuper
2679 2700 2745 2750 ali
2809 2712 2874 2751 eo
2931 2697 3022 2766 qui
3076 2713 3206 2753 suos
3245 2701 3529 2769 cognoscit

1958 2799 2088 2844 tunc
2135 2789 2370 2858 ptimum
2416 2788 2617 2858 cogniti
2659 2790 2734 2857 (ιιι
2779 2800 2834 2841 ut
2893 2787 3094 2844 Paulus
3141 2791 3254 2844 ait:
3303 2810 3320 2841 ‹
3376 2791 3532 2844 Num:

1960 2895 2140 2938 autem
2184 2898 2307 2935 cum
2359 2881 2733 2950 cognoveritis
2770 2881 2964 2946 Deum,
3003 2886 3109 2936 imo
3155 2899 3278 2938 cum
3327 2886 3528 2952 cogniti

1960 2977 2082 3030 sitis
2115 2991 2142 3026 a
2171 2976 2279 3027 Deo
2307 2974 2350 3005 “
2385 2977 2458 3044 ι),
2485 2990 2670 3027 vocem
2703 2976 2845 3029 illam
2878 2976 3300 3045 signiﬁcantem,
3333 2993 3534 3046 cogno-

1962 3083 2084 3120 men
2135 3075 2386 3121 noslrum
2437 3067 2530 3120 illo
2567 3068 2655 3122 die
2704 3068 2980 3129 audimus,
3018 3069 3164 3122 velut
3214 3079 3341 3122 tunc
3372 3069 3533 3139 plane

1963 3159 2189 3227 cogniti.
2238 3159 2346 3212 Deo
2404 3159 2548 3212 enim
2591 3159 2875 3226 cognitum
2922 3175 3061 3224 esse,
3100 3162 3200 3215 hoc
3247 3173 3361 3225 est,
3406 3179 3533 3214 vero.

1970 3261 2159 3303 notum
2213 3265 2350 3304 esse.
2395 3249 2738 3319 Quapropter
2771 3262 2823 3305 et
2875 3250 3039 3306 David
3083 3253 3147 3307 de
3195 3254 3278 3309 his
3334 3256 3535 3323 quibus

1969 3358 2093 3396 cum
2128 3343 2228 3396 hac
2267 3353 2457 3396 sancta
2491 3343 2597 3395 vita
2629 3343 2760 3396 nihil
2788 3352 2871 3397 est
2925 3346 3022 3408 rei,
3083 3364 3100 3394 ε
3149 3346 3261 3398 Non
3302 3364 3416 3407 ero,
3454 3348 3536 3399 in-

1970 3437 2108 3503 quit,
2142 3450 2353 3488 memnr
2385 3435 2668 3487 nominum
2702 3435 2917 3488 illorum
2955 3452 3046 3505 per
3080 3436 3217 3490 labia
3253 3455 3369 3491 mea
3401 3439 3465 3492 ⁸².
3510 3461 3527 3491 i

1974 3528 2146 3596 Ignoti
2177 3507 2427 3581 enim‘et
2475 3529 2693 3581 obscuri
2743 3539 2890 3588 sunt,
2925 3530 3016 3597 qui
3060 3541 3228 3585 semet
3258 3547 3286 3584 a
3334 3533 3538 3584 lumine

267 3618 371 3670 illo
402 3620 595 3686 procul
621 3629 999 3674 removerunt.
1028 3618 1218 3691 Neque
1239 3636 1384 3676 enim
1418 3624 1593 3676 oculis
1621 3623 1864 3692 aspicere
1904 3622 2206 3676 valentibus
2254 3622 2390 3674 citra
2432 3619 2615 3674 lumen
2657 3619 2953 3690 quidquam
3021 3633 3105 3676 est
3165 3627 3493 3692 aspectahih'
3518 3680 3537 3703 ,

229 3731 455 3782 -neque
511 3713 620 3768 Deo
673 3727 888 3778 notum,
948 3720 1094 3788 quod
1144 3721 1270 3775 inde
1320 3720 1533 3774 radium
1580 3720 1719 3776 lucis
1770 3738 1876 3776 nnn
1954 3723 2182 3790 accepit.
2252 3720 2428 3775 Cau~a
2479 3729 2585 3783 est,
2633 3719 2774 3787 quod
2825 3718 3001 3787 reipsa
3055 3734 3121 3772 ne
3169 3730 3255 3774 est
3315 3723 3530 3789 quidm:

267 3811 527 3882 omnino.
587 3812 731 3877 quod
772 3811 866 3864 illo
919 3814 1131 3866 lumine
1185 3829 1290 3867 non
1344 3815 1748 3871 manifestatur.
1801 3819 1867 3873 Et
1908 3820 2009 3874 hac
2060 3819 2268 3872 ratione
2343 3837 2359 3866 ι
2406 3816 2565 3870 Novit
2607 3814 2870 3870 Dominus
2918 3816 3010 3884 qui
3055 3826 3183 3871 sunt
3261 3820 3382 3887 ejus
3407 3820 3476 3874 ⁸³.
3513 3841 3530 3870 ι

274 3903 338 3958 Ει
367 3919 585 3958 rursum
619 3904 800 3958 fatuas
841 3907 1083 3975 virgines
1113 3924 1218 3961 non
1261 3926 1318 3963 se
1347 3910 1560 3964 novisse
1585 3911 1660 3964 ait
1691 3912 1759 3966 ".

344 3997 447 4049 Διᾶ
474 3997 653 4049 ταῦτα
685 3997 746 4048 τὸ
771 3997 1060 4066 βάπτισμα
1086 4001 1367 4069 φώτισμκ,
1402 4003 1486 4054 ὅτι
1515 4003 1577 4054 τὸ
1605 4003 1861 4071 ἀληθινδν

269 4085 417 4141 εἶναι
458 4089 703 4157 παρέχον
762 4090 1079 4158 γνωρίμους
1129 4090 1420 4161 καθίστησι
1470 4094 1548 4162 τῷ
1590 4096 1731 4164 Θεῷ,
1765 4097 1860 4148 καὶ

269 4180 412 4248 πρὸς
447 4181 510 4231 τὸ
560 4180 678 4247 φῶς
744 4183 881 4248 ἆγον
941 4183 1122 4235 ἐκεῖνο
1150 4183 1251 4251 τῆς
1306 4186 1548 4253 ἀφανοῦς
1600 4188 1859 4258 ἀφίστησι

271 4273 573 4340 πονηρίας.
635 4272 741 4324 Διὰ
792 4272 955 4324 τοῦτο
1007 4275 1104 4325 καὶ
1137 4273 1364 4343 λουτρὸν
1396 4276 1531 4332 διότι
1563 4277 1856 4346 φώτισμα”

267 4361 420 4413 ιῦτω
444 4364 555 4429 γὰρ
578 4363 814 4431 παρέχει
834 4363 912 4430 τῷ
937 4364 1079 4430 φωτὶ
1109 4365 1366 4433 καθαρῶς
1389 4367 1651 4436 ὁμιλῆσαι
1681 4370 1860 4422 πάντα

273 4451 581 4520 μολυσμὸν,
605 4451 662 4511 ὃς
689 4450 789 4520 τὴν
815 4451 968 4503 Θείαν
999 4442 1195 4504 ἀκτῖνα
1226 4453 1336 4504 τῶν
1380 4455 1570 4525 ψυχῶν
1594 4457 1702 4509 τῶν
1729 4459 1864 4527 ἡμε-

270 4541 451 4608 τέρων
480 4541 736 4609 διείργει,
795 4541 1050 4612 καθάπερ
1082 4561 1134 4596 τι
1167 4545 1484 4614 μεσότοιχον
1507 4546 1709 4610 ὲξελόν.
1752 4549 1865 4602 Χά-

269 4647 454 4699 ρισμα
473 4631 530 4681 δὲ
566 4632 648 4682 ὃτι
680 4633 936 4700 γέννησις
960 4647 974 4662 ⁸
1004 4634 1101 4701 τῆς
1130 4637 1242 4703 γὰρ
1281 4637 1588 4705 γεννήσεως
1611 4640 1710 4708 τῆς
1737 4641 1863 4693 ἑαυ-

2032 3998 2244 4053 ldcirco
2270 3997 2542 4063 baptisma
2577 4011 2594 4043 ι
2634 3993 2962 4046 illuminatio
2993 4013 3009 4043 ι
3041 3994 3533 4062 dicuur,quouiam

1961 4105 2150 4145 verum
2181 4104 2303 4142 esse
2333 4097 2622 4154 perstans,
2661 4095 2826 4140 nutus
2869 4084 2978 4138 Deo
3005 4084 3153 4150 facit,
3185 4098 3238 4140 et
3268 4087 3322 4141 in
3356 4089 3533 4140 lumen

1961 4182 2108 4234 illam
2144 4181 2476 4249 produc-ens,
2507 4194 2535 4230 a
2568 4177 2865 4246 caliginosa
2903 4177 3252 4246 improbitate
3276 4179 3533 4247 seiungit.

1961 4274 2046 4327 0b
2077 4273 2128 4326 id
2164 4273 2342 4341 ipsum
2376 4272 2538 4325 etiam
2578 4289 2594 4320 ι
2635 4270 2931 4334 lavacrum,
2980 4290 2998 4321 i
3036 4272 3162 4340 quia
3188 4273 3534 4326 illuminatio.

1973 4366 2065 4419 Sic
2102 4365 2247 4418 enim
2283 4364 2376 4418 dat
2409 4377 2533 4415 cum
2581 4361 2703 4415 luce
2755 4363 3072 4415 defwcatum
3107 4377 3170 4416 ac
3202 4379 3395 4431 pttrum
3445 4365 3539 4416 ha-

1974 4452 2104 4507 bere
2157 4452 2573 4514 commercium,
2635 4465 2756 4503 cum
2814 4464 2977 4502 omne
3040 4449 3533 4518 inquinamentum.

1973 4559 2082 4613 quo
2107 4544 2323 4597 divinus
2356 4542 2543 4595 radius
2576 4543 2643 4592 ali
2669 4539 2954 4594 animabus
2977 4542 3179 4595 nosuis
3205 4542 3535 4609 excluditur,

1972 4639 2119 4690 velut
2145 4635 2382 4689 medium
2413 4634 2672 4704 parietem
2698 4633 2889 4687 diruit.
2923 4651 2941 4684 ι
2969 4632 3258 4687 Cbarisma
3294 4655 3312 4686 ι
3335 4644 3537 4699 autem,

264 4721 364 4773 τοῦ
397 4723 450 4773 τι
492 4722 558 4773 ἄν
600 4739 684 4784 τις
723 4725 1162 4793 προεισενέγκοι,
1193 4729 1312 4782 ἐπεὶ
1356 4729 1606 4798 καθάπερ
1645 4733 1736 4786 ἐπὶ
1763 4733 1860 4801 τῆς
1895 4717 1937 4772 D

1854 4717 1937 4792 :9
1967 4732 2080 4785 sive
2122 4747 2140 4779 ι
2172 4729 2398 4781 donum.
2448 4745 2466 4778 ι
2522 4725 2654 4778 Nam
2707 4727 2772 4778 ad
2824 4728 3228 4795 generationem
3287 4729 3541 4795 spiritua-

265 4811 587 4882 γεννήσεως
613 4815 712 4881 τῆς
740 4817 981 4884 φυσικῆς
1020 4818 1155 4886 ἕχει,
1187 4821 1297 4871 οὐδ’
1328 4822 1459 4873 αὐτὸ
1486 4823 1545 4873 τὸ
1573 4823 1863 4891 βούλεσθαι

246 4904 683 4971 ,προεισάγομεν
710 4905 820 4956 τῶν
851 4906 959 4957 ἀπὸ
997 4908 1091 4960 τοῦ
1130 4909 1512 4978 βαπτίσματος
1548 4913 1791 4979 ἀγαθῶν,
1815 4916 1868 4967 εἴ

264 5011 350 5053 τις
388 4995 642 5062 ἀκριϐῶς
673 4995 850 5048 ἐθέλοι
877 5000 1138 5065 σκοπεϊν;
1192 5001 1508 5070 Βουλόμεθα
1537 5005 1664 5074 γὰρ,
1699 5005 1734 5057 ὃι
1769 5010 1863 5059 καὶ

264 5088 420 5135 ἔστιν
444 5084 829 5155 ἐνθυμηθῆναι
859 5105 869 5116 ·
900 5088 1073 5141 ταῦτα
1108 5091 1163 5142 δὲ
1190 5093 1281 5143 ἐπὶ
1313 5093 1538 5160 καρδίαν
1569 5096 1859 5164 ἀνθρώπου

263 5178 367 5226 οὐκ
403 5175 597 5244 ἀνέϐη,
632 5177 757 5227 οὐδὲ
796 5177 1121 5244 λογίσασθαι
1151 5181 1358 5234 δύναιτ’
1381 5182 1448 5235 ἂν
1480 5186 1611 5252 πρὶν
1643 5187 1722 5248 είς
1749 5191 1862 5238 πεῖ-

265 5284 372 5334 ραν
403 5265 751 5332 ἐληλυθέναι.
803 5269 1155 5338 Ἐλευθερίαν
1180 5275 1291 5338 γὰρ
1327 5275 1615 5338 ἀκούοντες
1642 5293 1863 5343 προκειο

266 5356 447 5422 μένην
509 5365 604 5405 και
638 5355 962 5423 βασιλείαν,
1022 5362 1320 5430 εὐδαίμονά
1369 5383 1488 5417 τινα
1535 5366 1864 5436 λογιζόμεθα

262 5444 439 5511 ζωὴν,
483 5447 550 5512 ἣν
575 5445 790 5508 ἔξεστιν
821 5449 1202 5519 ἀνθρωπίνους
1236 5456 1498 5519 δέξασθαι
1530 5459 1823 5527 λογισμούς
1847 5477 1860 5490 ’

263 5537 324 5588 τὸ
352 5538 411 5588 δέ
443 5538 564 5588 ἐστι
593 5539 950 5594 παντάπασιν
975 5543 1122 5607 ἄλλο,
1160 5547 1349 5611 μεῖξον
1375 5551 1470 5601 καὶ
1499 5552 1595 5618 τῆς
1625 5551 1864 5611 διανοάς

341 5744 391 5775 ⁵⁸
421 5743 601 5797 Galat.
660 5759 734 5804 tv,
779 5744 863 5797 l9.

266 5814 314 5848 "‘
347 5814 549 5868 Matth.
603 5829 732 5878 xxv,
772 5815 854 5866 l2.

942 5744 987 5774 '°
1010 5745 1188 5798 Galat.
1214 5763 1294 5807 tu,
1329 5747 1416 5800 l7.

932 5815 979 5846 "
1015 5815 1034 5867 l
1064 5815 1189 5868 Cur.
1228 5833 1285 5880 ιι,
1325 5821 1378 5870 υ.

1513 5751 1551 5780 ³¹
1583 5750 1753 5803 Calat.
1791 5767 1862 5813 tv,
1882 5752 1934 5806 9.

1970 4824 2074 4876 lem
2115 4837 2272 4876 suam
2308 4819 2440 4888 quid
2467 4830 2568 4881 est,
2604 4820 2857 4879 obsecro,
2900 4819 3044 4886 quod
3075 4821 3224 4886 prius
3251 4822 3536 4887 quisquam

1965 4913 2223 4969 Confert?
2260 4912 2473 4966 Etenim
2512 4911 2653 4964 haud
2684 4925 2845 4963 serus
2877 4925 3039 4977 quam
3091 4911 3142 4962 in
3193 4915 3546 4979 generatione

1968 5005 2202 5059 naturali
2237 5020 2294 5057 se
2328 5018 2413 5056 res
2447 5001 2608 5055 habet
2641 5018 2653 5052 :
2693 5017 2791 5055 nec
2829 5003 3000 5069 ipsam
3033 5003 3250 5069 quidem
3294 5005 3540 5057 volunta-

1967 5107 2074 5150 tem
2103 5099 2371 5151 bonornm
2404 5110 2433 5148 e
2461 5093 2736 5162 baptismo
2767 5093 3145 5147 exsistentium
3182 5092 3539 5157 aﬂerimnggi

1969 5191 2092 5259 quis
2121 5190 2358 5258 penitius
2389 5202 2500 5240 rem
2535 5187 2944 5253 introspexerit.
2974 5185 3129 5239 Libet
3159 5187 3301 5242 enim
3332 5202 3392 5238 ea
3423 5204 3542 5256 qua-

1973 5290 2100 5336 Sunt
2128 5279 2407 5348 cogitare;
2449 5286 2536 5331 ast
2567 5280 2680 5331 hazc
2717 5295 2734 5328 ι
2781 5278 2830 5329 in
2870 5291 2965 5329 cor
3000 5277 3242 5333 hominis
3299 5294 3403 5334 non
3450 5296 3540 5333 as-

1971 5373 2270 5426 cenderunt
2302 5371 2373 5432 ⁸⁵,
2415 5389 2432 5421 i
2474 5385 2574 5423 nec
2605 5378 2782 5438 potest
2810 5370 3086 5438 quispiam
3116 5386 3176 5425 ea
3205 5380 3380 5426 metite
3413 5385 3544 5428 con-

1972 5464 2172 5530 cipere,
2210 5462 2387 5514 donec
2409 5462 2746 5528 experiatur.
2778 5456 2913 5512 Nam
2948 5476 3072 5513 cum
3100 5460 3350 5514 audimus
3385 5462 3545 5512 liber-

1957 5564 2138 5608 tatem
2171 5564 2224 5606 et
2257 5565 2482 5622 regnum
2538 5565 2658 5604 esse
2709 5553 3014 5620 proposita,
3047 5552 3208 5608 vitam
3249 5556 3537 5621 quamdam

2039 5754 2082 5782 ⁵¹
2110 5751 2248 5805 I‘sal.
2280 5768 2364 5817 xv,
2408 5754 2458 5808 4.
2567 5757 2612 5786 ⁸³
2644 5757 2801 5814 Num.
2839 5774 2948 5819 XVI,
2983 5756 3051 5821 5;
3089 5755 3125 5808 ll
3168 5754 3307 5808 Tim.
3357 5775 3414 5821 ιι,
3454 5761 3538 5814 ll},
