4272 6446
761 363 873 452 sat

2011 387 2322 447 NlCOLAl
2373 387 2755 447 CABASIIJ‘Z
3914 389 4014 449 528

766 508 979 562 felicem
1023 506 1348 574 cogitamus,
1386 520 1543 573 quam
1597 504 1813 556 animus
1867 503 2140 558 humanus
2189 515 2338 553 com-
2372 501 2394 556 .-‘

2449 503 2539 553 καὶ
2603 503 2695 567 τῆς
2733 502 3030 573 ἐπιθυμίας
3094 503 3190 573 τῆς
3240 503 3542 572 ἡμετέρας,
3596 505 3819 574 Χρίσμα
3850 506 3905 558 δὲ
3931 506 4012 558 ὅτι

765 601 923 667 plceti
951 607 1132 667 queat.
1163 598 1317 664 Atqui
1350 596 1490 649 istud
1523 594 1849 648 multimodis
1881 593 2022 645 aliud
2053 602 2154 655 est,
2191 593 2336 660 inge-

767 691 963 759 nioque
1014 706 1073 742 ac
1127 688 1399 742 desiderio
1445 698 1632 739 nostro
1680 686 1950 753 superius.
2007 704 2023 734 ι
2075 684 2267 737 Εηςιὶο
2311 702 2326 729 ι

765 793 943 834 autem
976 784 1088 834 sive
1127 801 1144 832 ‹
1182 783 1418 833 chrisma
1462 799 1479 830 ι
1521 779 1850 847 appellatur,
1890 778 2016 845 quia
2055 776 2330 830 Christum

765 887 987 943 propter
1033 890 1131 928 nos
1163 886 1384 926 unctum
1439 871 1668 924 initiatis
1699 870 1967 933 inscribit,
2002 881 2055 921 et
2093 869 2331 938 sigillum

763 977 872 1028 est,
917 967 1090 1034 ipsum
1143 965 1480 1018 Salvatorem
1530 961 1870 1031 imprimens.
1934 960 2135 1014 L'uctio
2186 960 2332 1012 enim

764 1059 981 1126 ubique,
1035 1072 1130 1124 per
1183 1067 1349 1107 totam
1401 1055 1629 1107 formam
1677 1052 1921 1120 corporis
1983 1050 2334 1120 suscipientis

765 1149 1002 1218 perfecte
1037 1155 1325 1214 penetrans
1354 1185 1367 1205 ,
1408 1153 1461 1196 et
1511 1143 1636 1195 illud
1672 1145 1941 1209 adaptans
1965 1185 1978 1208 ,
2013 1143 2190 1210 ipsum
2227 1156 2332 1193 un-

764 1251 910 1294 ctmn
948 1256 1008 1292 cx
1042 1240 1159 1307 ipso
1188 1252 1508 1309 expressum
1544 1245 1596 1289 et
1640 1243 1917 1306 signatum
1955 1233 2106 1296 facit,
2139 1242 2191 1286 et
2222 1232 2334 1285 for-

763 1349 904 1385 tnam
953 1331 1208 1389 ostendit.
1252 1340 1297 1383 et
1346 1330 1581 1399 sigillum
1645 1339 1728 1382 est
1779 1343 1989 1382 revera.
2035 1329 2330 1383 Doeuimus

761 1439 926 1491 porro
978 1423 1213 1490 sigillum
1267 1421 1405 1473 idem
1454 1419 1594 1486 quod
1665 1419 2066 1487 generationem
2131 1434 2328 1489 posse,

758 1515 901 1566 sicut
934 1514 1074 1564 idem
1110 1513 1248 1581 quod
1293 1513 1568 1580 sigillum,
1603 1510 1980 1564 indumentum
2023 1521 2076 1566 et
2105 1510 2330 1564 immer-

763 1608 861 1660 sio.
910 1606 1011 1658 Sed
1052 1603 1308 1672 quoniam
1347 1604 1572 1666 donum,
1614 1611 1667 1654 et
1699 1602 2045 1667 illuminatio,
2078 1610 2131 1655 et
2181 1604 2330 1656 lava-

761 1712 911 1749 crum
949 1696 1136 1749 eodem
1181 1710 1290 1763 quo
1322 1694 1577 1747 formatio
1612 1694 2000 1764 generatioque
2035 1694 2326 1763 pertinent,

762 1787 952 1856 patuit,
1007 1801 1225 1840 onmem
1276 1785 1621 1854 baptismatis
1679 1784 2097 1854 appellationem
2160 1784 2325 1838 unum

2443 594 2532 647 τὸν
2557 593 2623 642 δι’
2648 595 2792 663 ἡμᾶς
2815 595 3124 662 χρισθέντα.
3163 595 3255 647 τὸν
3303 595 3560 664 Χριστὸν,
3595 597 3866 667 ἐγγράφει
3897 603 4010 659 τοῖς

2442 684 2806 747 “lenuit/ore.
2841 686 2932 738 καί
2962 686 3201 755 σφραγίς
3221 689 3370 739 ἐστιν
3406 687 3570 740 αὑτὸν
3602 689 4011 755 ἐνσημαίνουοα

2446 777 2535 828 τὸν
2563 778 2809 847 Σωτῆρα.
2866 779 2939 830 Τὸ
2969 782 3076 847 γὰρ
3137 783 3348 848 χρίσμα
3403 781 3674 849 πανταχοῦ
3707 782 3795 835 διά
3829 783 4010 849 πάσης

2442 869 2687 936 ἀκριϐῶς
2729 870 2831 937 τῆς
2882 873 3097 941 μορφῆς
3151 871 3458 942 ἀφιγμένον
3487 872 3580 925 τοῦ
3634 873 3889 942 σώματος
3915 874 4010 924 τοῦ

2440 958 2735 1028 δεξαμένου
2764 963 2858 1014 καὶ
2881 965 3276 1034 προσαρμόσαν
3302 965 3462 1019 αὑτὸν
3486 966 3543 1017 ὲν
3566 965 3716 1034 αύτῷ
3746 966 3898 1033 φέρει
3921 968 4011 1018 τὸν

2440 1051 2811 1121 ἀληλιμμένον
2862 1055 3292 1125 ἐνσημανθέντα,
3343 1057 3443 1109 καὶ
3488 1055 3550 1109 τὸ
3597 1052 3738 1119 εἶδος
3767 1057 4012 1109 δείκνυσι

2441 1149 2531 1198 καὶ
2564 1149 2798 1216 σφραγίς
2830 1151 2978 1202 ἐστιν
3001 1151 3264 1220 ἀτεχνῶς.
3297 1152 3579 1206 Δέδεικται
3622 1153 3679 1205 δὲ
3717 1153 3828 1214 τοῖς
3858 1152 4012 1219 εἰρη-

2442 1240 2646 1308 μένοις,
2680 1243 2745 1310 τῇ
2793 1244 3041 1313 γεννήσει
3089 1245 3253 1296 ταύτὸ
3296 1244 3555 1298 δύνασθαι
3583 1245 3681 1313 τὴν
3714 1246 4009 1316 σφραγῖδα,

2438 1331 2688 1400 καθάπερ
2719 1335 2811 1387 καὶ
2849 1336 2914 1403 τῇ
2969 1335 3224 1404 σφραγῖδι
3256 1336 3316 1388 τὸ
3355 1336 3560 1406 ἔνδυμα
3593 1337 3688 1389 καὶ
3717 1337 3778 1390 τὸ
3808 1337 4007 1407 βάπτι-

2440 1437 2572 1488 σμα.
2616 1423 2766 1474 Ἐπεὶ
2800 1423 2855 1476 δὲ
2880 1425 2972 1476 καὶ
3002 1429 3061 1478 τὸ
3096 1428 3342 1496 χάρισμα
3391 1427 3483 1479 καλ⁵
3516 1428 3576 1479 τὸ
3613 1429 3872 1496 φώτισμα
3914 1429 4010 1479 καὶ

2437 1513 2497 1563 τὸ
2525 1513 2750 1582 λοῦτρον
2773 1517 2840 1583 τῇ
2862 1515 3058 1567 πλάσει
3083 1517 3177 1568 καὶ
3202 1517 3457 1586 γεννήσει
3484 1516 3621 1587 πρὸς
3643 1517 3807 1570 ταὺτὸ
3827 1520 4006 1586 φέρει,

2436 1602 2596 1671 δῆλον
2632 1605 2869 1671 ἐγένετο,
2919 1607 3099 1659 πᾶσαν
3126 1608 3218 1659 τοῦ
3275 1607 3652 1678 βαπτίσματος
3684 1612 4008 1678 ἐπωνυμίαν

2435 1693 2495 1746 τὸ
2523 1696 2579 1747 ἓν
2605 1697 2780 1749 ἐκεῖνο
2817 1698 3128 1767 σημαίνειν,
3151 1699 3223 1762 ὡς
3259 1699 3368 1769 ἀρα
3406 1701 3659 1771 γέννησις
3691 1702 3792 1755 καὶ
3812 1701 3910 1771 τῆς
3950 1706 4008 1754 ἐν

2439 1785 2659 1856 Χριστῴ
2688 1789 2832 1858 ζωῆς
2863 1792 2994 1858 ἡμῖν
3027 1791 3175 1843 ἐστιν
3203 1792 3348 1860 ἀρχὴ
3379 1794 3440 1848 τὸ
3473 1793 3716 1863 λουτρόν.
3752 1795 3810 1846 El
3833 1794 3889 1846 δὲ
3917 1797 4008 1846 καὶ

760 1879 889 1930 illud
936 1877 1278 1944 significare,
1326 1889 1522 1942 nempe
1555 1875 1658 1928 hoc
1705 1875 1976 1927 lavacrum
2026 1877 2332 1943 generatio-
2363 1857 2394 1912 Π

2432 1876 2500 1928 τά
2544 1857 2842 1946 τελούμενα
2883 1857 2988 1933 καὶ
3023 1857 3309 1954 λεγόμενα-
3336 1857 3436 1934 τοῦ
3475 1857 3780 1955 μυστηρίου
3811 1887 4009 1939 τοῦτον

761 1984 881 2020 nem
941 1975 994 2020 et
1045 1965 1169 2018 vitae
1229 1965 1281 2018 iu
1329 1964 1550 2018 Christo
1601 1963 1930 2033 principium
1981 1963 2140 2018 nobis
2188 1979 2328 2018 esse.

758 2059 949 2115 Utrum
975 2069 1152 2112 autem
1181 2057 1544 2120 cmremouiaa,
1567 2063 1618 2110 et
1646 2071 1764 2125 quae
1797 2057 2098 2109 recitantur
2146 2055 2198 2108 iit
2232 2057 2333 2110 hoc

756 2151 1036 2222 mysterio,
1061 2149 1200 2203 hanc
1219 2150 1324 2201 vim
1361 2147 1613 2208 habeant,
1647 2146 1872 2198 clareliit
1902 2146 1990 2209 iis,
2020 2145 2110 2212 qui
2146 2146 2329 2199 initia-

757 2245 958 2297 tioncm
996 2243 1154 2295 istam
1187 2240 1555 2307 particulatim
1593 2239 1972 2308 expenderint.

826 2336 1081 2394 Cernitur
1116 2336 1260 2387 enim
1303 2333 1393 2402 qui
1429 2331 1494 2384 ad
1527 2335 1843 2400 mysterium
1879 2330 1983 2383 hoc
2018 2329 2329 2398 percipien-

756 2431 880 2482 dum
925 2427 1158 2491 accedit,
1193 2435 1484 2493 antequam
1518 2424 1782 2484 initietur,
1821 2425 2057 2476 nomium
2106 2422 2213 2476 Deo
2248 2436 2333 2474 re-

757 2521 1108 2581 conciliatus,
1149 2500 1389 2571 nondum
1427 2531 1457 2569 a
1502 2515 1669 2568 veteri
1705 2515 1968 2568 dedecore
2005 2528 2066 2567 ac
2098 2513 2332 2580 turpitu-

757 2614 883 2665 dine
917 2611 1197 2664 immunis.
1227 2608 1489 2664 Precatur
1511 2609 1712 2676 quippe
1742 2607 1982 2659 initiator
2013 2618 2138 2659 ante
2163 2604 2326 2658 aliam

755 2705 1161 2766 c:cremouiam,
1218 2711 1278 2755 ut
1335 2717 1365 2755 a
1415 2717 1524 2769 quo
1573 2709 1870 2766 occupatus
1917 2710 2001 2753 est
2054 2699 2326 2761 dieinone,

756 2797 1039 2855 liberetur.
1077 2795 1188 2848 Nee
1216 2793 1390 2848 solum
1430 2791 1729 2861 alloquitur
1763 2791 1930 2844 Deum
1969 2805 2068 2859 pro
2109 2806 2195 2852 eo,
2232 2792 2324 2844 sed

755 2906 804 2949 ct
834 2895 1012 2965 ipsum
1046 2891 1497 2946 cateclmmcnum
1526 2887 1803 2950 adoriens,
1827 2895 2116 2957 tyrannum
2151 2887 2330 2940 incre-

765 2997 877 3056 pat,
910 2996 962 3043 et
997 2984 1210 3050 ﬂagello
1248 2983 1571 3036 insectatur.
1608 2977 1902 3045 Flagellum
1940 2989 2021 3033 est
2077 2996 2095 3030 ‹
2127 2992 2324 3032 nomen

753 3079 886 3135 illud
921 3093 1087 3147 super
1115 3090 1278 3130 omne
1315 3088 1512 3132 nomen
1540 3073 1608 3126 “.
1651 3090 1668 3123 ι
1702 3071 2050 3140 Tantumque
2083 3070 2234 3124 abest
2268 3077 2327 3123 ut

756 3174 920 3230 vivat.
948 3181 1000 3224 et
1040 3169 1184 3223 illius
1210 3179 1372 3236 atque
1398 3166 1569 3218 haeres
1597 3164 1687 3228 sit,
1715 3173 1773 3218 ut
1804 3163 1981 3217 adhuc
2018 3164 2070 3217 in
2107 3162 2321 3233 tyranni
2351 3205 2394 3264 α

754 3261 1024 3328 mancipio
1053 3265 1321 3315 versetur.
1358 3254 1492 3308 Nam
1527 3256 1618 3322 qui
1663 3268 1786 3307 cum
1818 3253 2055 3321 maligno
2085 3253 2322 3306 rationes

753 3351 1002 3413 habet,is
1043 3364 1070 3402 a
1110 3347 1218 3402 Deo
1251 3348 1464 3416 penitus
1491 3345 1716 3400 recedit.
1753 3343 1864 3397 lloc.
1899 3359 2029 3398 vero
2058 3354 2140 3398 est
2163 3359 2321 3414 pror-

751 3459 848 3499 sus
883 3451 1156 3497 mortuum
1193 3453 1337 3493 esse.
1379 3436 1558 3501 Quare
1603 3437 1768 3490 etiam
1819 3435 1984 3490 veluti
2025 3434 2090 3489 ad
2132 3435 2324 3488 exani-

754 3547 898 3587 mem
938 3528 1117 3585 adhuc
1147 3528 1422 3582 accedens
1456 3528 1718 3589 initiator,
1746 3526 1800 3578 in
1837 3525 2029 3578 faciem
2063 3525 2178 3594 ejus
2210 3525 2324 3579 suf-

752 3624 880 3677 llat:
923 3638 1048 3692 qua:
1081 3619 1372 3675 insuﬂhtio
1417 3618 1538 3671 vitae
1577 3618 1795 3672 coalitus
1840 3617 2134 3672 inferenda:
2181 3629 2321 3673 tecta

749 3715 1078 3783 significatio
1104 3721 1208 3765 cst.
1241 3710 1371 3776 Qua:
1403 3721 1726 3778 sequuntur,
1753 3708 2322 3775 respoudent.0mnia

751 3810 896 3862 enim
933 3815 1059 3861 sunt
1079 3806 1234 3874 quasi
1273 3803 1434 3856 modo
1485 3812 1921 3871 procreatorum,
1953 3812 2006 3856 et
2032 3804 2322 3870 prmsentia

753 3914 982 3966 quaeque
1015 3899 1067 3950 iu
1104 3896 1358 3949 manibus
1395 3904 1524 3948 sunt
1556 3894 2066 3962 despicientium,et
2093 3893 2160 3946 ad
2191 3909 2325 3948 mo-

752 3992 1008 4044 deramen
1059 3987 1205 4041 aliud
1255 3987 1665 4040 translatorum.
1706 3984 1940 4051 Urgetur
1969 3986 2113 4038 enim
2161 4001 2191 4037 ο
2220 3985 2324 4038 du-

752 4085 874 4153 plici
928 4083 1130 4135 mundo
1174 4082 1320 4134 hunc
1374 4089 1759 4144 contemnere,
1810 4079 1960 4131 illum
2010 4079 2320 4144 honorare;

749 4188 802 4228 et
836 4177 956 4228 Viue
1019 4174 1143 4227 huic
1182 4173 1400 4243 quidem
1446 4173 1771 4231 valedicere,
1807 4171 1952 4224 illam
2000 4171 2214 4233 virere;
2265 4179 2322 4224 et

751 4267 870 4318 vita:
899 4271 1088 4317 ducem
1122 4265 1264 4317 hunc
1289 4262 1420 4316 velis
1445 4261 1720 4328 remisque
1742 4260 1949 4330 fugere,
1975 4261 2126 4314 illum
2156 4275 2320 4330 quam

748 4357 1161 4412 studiosissime
1185 4357 1362 4424 sequi.
1399 4354 1564 4424 Igitur
1602 4356 1730 4422 quia
1761 4353 2048 4422 prasentia
2082 4351 2321 4418 deponit,

749 4452 885 4504 satis
916 4450 1146 4510 indicat,
1181 4463 1411 4517 quorum
1441 4455 1614 4502 semet
1643 4447 1883 4501 nondum
1920 4446 2098 4499 adhuc
2133 4460 2326 4500 recorr-

2429 1967 2655 2023 δύναται
2688 1971 2779 2024 τὸν
2816 1972 2990 2040 λόγον,
3029 1976 3268 2046 φανερὸν
3304 1976 3376 2030 ὃν
3407 1979 3492 2047 εἴη
3532 1979 3674 2032 κατὰ
3711 1980 3876 2050 μέρος
3907 1985 4009 2048 τὴν

2429 2061 2656 2126 τελετὴν
2683 2063 2919 2118 ἐπιοῦσι.

2503 2333 2758 2386 Φαίνεται
2778 2334 2906 2416 ,γὰρ
2939 2338 2969 2388 ὁ
3000 2337 3244 2407 προσιὼν
3264 2338 3341 2409 τῷ
3372 2341 3658 2412 μυστηρίῳ
3692 2343 3823 2414 πρὶν
3852 2346 4006 2398 τελε-

2432 2427 2628 2495 σθῆναι
2688 2429 2857 2496 μήπω
2889 2429 3008 2498 Θεῷ
3059 2431 3532 2500 κατηλλαγμένος,
3573 2436 3741 2504 μήπω
3766 2437 3870 2506 τῆς
3907 2441 4006 2508 ἀρ-

2429 2521 2587 2588 χαίας
2613 2520 2876 2590 αἰσχύνης
2921 2522 3383 2592 ἀπηλλαγμένοςο
3435 2525 3655 2595 εῦχεται
3704 2528 3812 2598 γὰρ
3856 2531 4006 2600 αὐτῷ

2429 2615 2732 2681 προσιόντι,
2767 2618 2898 2682 πρὶν
2928 2614 3056 2666 ἄλλο
3076 2632 3127 2666 τι
3165 2615 3385 2686 τελέσῃ,
3421 2616 3519 2686 τὴν
3549 2617 3645 2670 τοῦ
3681 2622 4008 2690 κατέχοντος

2427 2701 2682 2771 δαίμονος
2734 2703 3061 2773 ἀπαλλαγὴν
3113 2707 3141 2758 ὁ
3175 2706 3380 2771 τελῶν,
3420 2711 3511 2766 καλ⁸
3538 2711 3599 2762 οὐ
3631 2711 3706 2781 τῷ
3728 2710 3848 2781 θεῷ
3881 2715 4011 2783 περὶ

2429 2793 2595 2847 αὐτοῦ
2629 2795 2938 2863 διαλέγεται
2978 2797 3160 2866 μόνον,
3208 2799 3346 2852 ἀλλὰ
3389 2802 3484 2854 καὶ
3515 2802 3668 2872 αὑτῷ
3723 2804 4008 2862 ἐπιπεσὼν

2426 2888 2656 2958 ἐπιτιμᾷ
2687 2887 2764 2957 τῷ
2791 2889 3044 2958 τυράννῳ
3093 2892 3189 2945 καὶ
3237 2891 3450 2945 ἐλαύνει
3506 2893 3804 2962 μαστίζων.
3840 2895 3907 2948 Ἦ
3950 2896 4006 2948 δὲ

2430 2979 2630 3048 μάστιξ
2663 2979 2814 3049 αὑτῷ
2843 3000 2860 3031 ι
2890 2981 2951 3033 τὸ
2973 2981 3148 3052 δνομᾶ
3182 2984 3300 3036 ἐστι
3338 2983 3399 3036 τὸ
3429 2985 3568 3055 ὑπὲρ
3608 2988 3719 3040 πᾶν
3747 2987 3939 3056 ὄνομα.
3981 3007 4002 3038 ι

2426 3072 2696 3126 Τοσοῦτον
2720 3074 2914 3143 ἀπέχει
2955 3072 3068 3136 ζῶν
3090 3067 3232 3127 εἶναι
3257 3075 3352 3128 καὶ
3387 3077 3500 3141 υίὸς
3530 3079 3622 3130 καὶ
3647 3076 4002 3148 κληρονόμος,

2425 3166 2486 3229 ὃς
2523 3183 2584 3234 γε
2616 3166 2697 3218 ἔτι
2733 3165 2810 3235 τῷ
2839 3167 3090 3236 τυράννῳ
3117 3167 3362 3220 δουλεύει
3383 3185 3397 3200 ο
3445 3169 3737 3239 συμϐαίνει
3793 3171 3904 3240 γὰρ
3927 3171 4008 3239 τῷ

2427 3253 2650 3323 πονηρῷ
2707 3254 2936 3308 συνόντα
2991 3255 3128 3308 Θεοῦ
3161 3256 3448 3319 παντελῶς
3481 3259 3810 3325 ἀφεστάναι,
3860 3261 3920 3311 τὸ
3949 3261 4010 3313 δέ

2423 3347 2542 3400 ἐστι
2585 3346 2906 3399 παντάπασι
2949 3349 3150 3416 νεκρὸν
3202 3343 3366 3402 εἶναι.
3398 3348 3499 3400 Διὰ
3522 3351 3680 3404 τοῦτο
3710 3350 3806 3402 καὶ
3828 3350 3906 3412 ὡς
3941 3351 4010 3402 ἂν

2423 3436 2579 3491 οὔπω
2614 3437 2759 3508 ζωῆς
2791 3439 3184 3507 μετειληφότος
3213 3437 3528 3507 προσελθὼν
3559 3441 3587 3492 ὁ
3611 3440 3868 3511 τελεστὴς
3905 3443 4008 3507 ea.

2425 3533 2574 3602 φυσᾷ
2608 3531 2684 3602 τῷ
2717 3531 2996 3600 προσώπῳ
3021 3547 3034 3560 ·
3062 3531 3123 3583 τὸ
3156 3531 3264 3600 γὰρ
3290 3531 3599 3600 ἐμφύσημα
3629 3531 4010 3599 ἀνωθενιζωῆς

2423 3624 2673 3692 αἴνιγμα.
2701 3623 2809 3677 Καὶ
2837 3622 2905 3675 τὰ
2936 3621 3062 3690 ἑξῆς
3087 3621 3144 3675 δὲ
3165 3622 3477 3685 ἀκολούθως
3501 3623 3614 3692 ἔχει
3639 3638 3653 3653 ⁸
3689 3623 3870 3676 πάντα
3897 3627 4009 3691 γὰρ

2421 3714 2532 3766 τῶν
2562 3715 2684 3779 ἄρτι
2713 3712 3157 3779 καθισταμένων,
3198 3713 3295 3765 καὶ
3322 3712 3433 3763 τῶν
3461 3714 3561 3781 μὲν
3591 3715 3884 3783 παρόντων
3909 3717 4008 3767 καὶ

2426 3807 2486 3856 ὲν
2510 3805 2697 3874 χερσὶν
2747 3804 3166 3874 ὁπερορώντων,
3191 3804 3277 3856 ἔπ’
3298 3803 3435 3858 ἄλλα
3452 3805 3510 3857 δὲ
3535 3806 4008 3875 μετατιθεμένων.

2438 3895 2751 3963 Ἐπείγεται
2785 3896 2894 3964 γὰρ
2928 3894 3152 3963 κόσμων
3181 3879 3274 3947 τοῦ
3304 3895 3406 3964 μὲν
3437 3898 3879 3968 καταφρονῆσαι,
3914 3899 4010 3950 τὸν

2423 3989 2479 4042 δὲ
2504 3989 2757 4057 τιμῆσαι,
2793 3990 2888 4040 καὶ
2915 3987 3032 4056 βίον
3058 3988 3150 4041 τὸν
3185 3989 3285 4055 μὲν
3319 3990 3746 4056 ἀπογεγονέναι,
3800 3992 3894 4044 τὸν
3949 3991 4008 4046 ὃ)

2427 4082 2640 4151 βιῶναι,
2675 4081 2769 4133 καὶ
2805 4081 2948 4148 ζωῆς
2973 4083 3284 4148 ἡγούμενον
3315 4081 3408 4132 τὸν
3447 4082 3546 4150 μὲν
3569 4083 3631 4134 ὲκ
3656 4083 3860 4145 παντὸς
3882 4084 4012 4152 τρό-

2427 4185 2529 4220 που
2561 4170 2808 4235 φευγεῖν,
2863 4168 2955 4221 τὸν
2984 4169 3041 4220 δὲ
3093 4170 3242 4238 πασῃ
3280 4171 3488 4240 σπουδῇ
3519 4171 3758 4226 διώκειν.
3796 4175 4012 4228 Οὐκοῦν

2425 4259 2493 4312 δι’
2531 4253 2606 4314 ὧν
2655 4259 2755 4327 μὲν
2798 4259 3116 4312 ἀποτίθεται
3143 4259 3213 4311 τὰ
3246 4262 3508 4328 παρόντα,
3562 4261 3720 4331 δῆλός
3750 4264 3906 4317 ἐστιν
3929 4255 4020 4318 ὧν.

2425 4350 2765 4417 κατεγνώκει
2797 4351 2969 4420 μήπω
2989 4351 3084 4402 καὶ
3111 4351 3208 4403 νῦν
3242 4352 3672 4421 ἀπηλλαγμένος
3694 4369 3708 4383 ·
3747 4353 3818 4406 δι’
3851 4347 3928 4408 ὧν
3952 4356 4012 4408 δὲ

2426 4444 2496 4496 τὰ
2523 4442 2754 4506 δόξαντα
2779 4440 2988 4494 καλλίω
3019 4442 3114 4493 καὶ
3147 4441 3184 4494 ἃ
3227 4441 3511 4511 προῦθηκε
3555 4443 3666 4496 τῶν
3720 4445 4014 4516 παρόντων

748 4541 968 4594 ciliatus
1005 4539 1352 4594 condemnet.
1403 4536 1542 4603 Quia
1589 4551 1773 4592 autem
1821 4538 1934 4592 visa
1980 4537 2316 4605 pulchriora.
2352 4548 2394 4604 ι)

2430 4534 2532 4587 ἀπὺ
2580 4532 2674 4586 τοῦ
2733 4533 3042 4602 μυστηρίου
3071 4531 3264 4584 τούτου
3319 4532 3613 4602 λαμϐάνει,
3659 4534 3901 4587 δείκνυσι
3931 4536 4016 4606 τῷ

748 4644 800 4686 et
853 4648 880 4684 a
933 4647 992 4686 se
1049 4631 1408 4699 praesentibus
1472 4629 1802 4698 anteposita,
1828 4631 1896 4681 ab
1923 4628 2028 4682 hoc
2066 4627 2326 4697 mysterio

748 4724 968 4794 accipit,
1023 4723 1285 4788 ostendit,
1348 4737 1408 4777 se
1462 4720 1610 4790 quod
1667 4721 1976 4788 baptintus
2032 4720 2126 4782 sil,
2157 4721 2323 4773 vitam

748 4815 1075 4871 laudabilem
1124 4813 1383 4869 exordiri.
1412 4813 1696 4884 Templum
1747 4814 1950 4881 quippe
2006 4813 2324 4883 ingressus,

749 4919 956 4964 vestem
1010 4905 1259 4975 deponit,
1311 4915 1366 4960 et
1418 4904 1788 4958 calceamenta
1839 4903 2040 4966 solvit,
2075 4912 2224 4957 veste
2273 4913 2328 4957 et

752 4999 975 5058 calceis,
1005 5013 1126 5067 qua:
1160 4999 1224 5052 ad
1254 4997 1420 5050 vitam
1451 5004 1580 5050 sunt
1621 4997 1950 5060 necessaria,
1978 4996 2213 5062 priorem
2243 4996 2328 5048 vi-

751 5092 912 5144 vendi
942 5093 1206 5145 rationem
1243 5092 1553 5147 insinuans.
1581 5087 1850 5142 Praeterea
1886 5090 1954 5142 ad
1988 5090 2326 5144 occidentem

751 5200 1074 5245 conversus,
1103 5184 1360 5253 spiritum
1399 5198 1496 5236 ore
1544 5183 1766 5244 emittit,
1810 5182 1932 5235 vita:
1988 5183 2040 5236 in
2090 5184 2329 5237 tenebris

753 5285 891 5329 actae
919 5275 1206 5340 iudicium;
1228 5289 1424 5328 manus
1446 5275 1709 5337 extendit,
1733 5283 1787 5328 et
1811 5285 2067 5344 tanquam
2093 5289 2330 5344 praesen-

755 5376 860 5421 tem
913 5365 1130 5434 sibique
1175 5365 1586 5418 incumbentem
1642 5364 1940 5428 maliguum
1992 5366 2224 5434 repellit,
2275 5375 2332 5421 et

754 5474 854 5514 ceu
883 5460 1159 5528 impurum
1190 5457 1594 5525 scelestumque
1626 5457 1998 5521 abetninatur,
2027 5458 2331 5525 fmderique

756 5552 1146 5607 inimicissimo
1180 5560 1233 5604 et
1269 5551 1472 5604 infideli
1505 5560 1560 5603 et
1591 5565 1770 5604 causa
1824 5551 2006 5607 omnis
2051 5553 2204 5607 exitii
2244 5565 2331 5606 re-

754 5647 992 5710 nuntiat,
1022 5623 1435 5711 amicitiamque
1465 5645 1625 5713 longe
1655 5645 2064 5700 acerbissimam
2095 5645 2330 5711 dissuit;

831 5829 875 5859 “
908 5827 1138 5897 Philipp.
1177 5842 1238 5890 ιι,
1276 5826 1327 5881 9.

2430 4624 2792 4696 βαπτισθῆναι
2817 4623 2916 4692 τῆς
2944 4624 3343 4692 ἐπαινουμένης
3374 4624 3684 4693 ἀρχόμενος
3709 4625 3881 4694 ζωῆς.
3904 4627 4017 4682 Τὸν

2429 4719 2538 4787 γὰρ
2569 4717 2718 4785 ἱερὸν
2773 4713 3037 4768 εἰσελθὼν
3089 4709 3242 4767 οἷκον
3275 4715 3368 4767 τὸν
3421 4715 3624 4782 χιτῶνα
3653 4717 4016 4773 κατατίθεται

2430 4809 2526 4862 καὶ
2553 4808 2622 4861 τὰ
2649 4809 2979 4878 ὑποδήματα
3006 4805 3258 4868 ὕπολύει,
3287 4807 3366 4876 τῷ
3392 4808 3595 4876 ίματίῳ
3629 4810 3856 4870 καὶτοῖς
3879 4811 4019 4864 ὕπο.

2430 4904 2693 4970 δὴμασιν,
2743 4901 2780 4955 ἀ
2819 4900 2958 4970 πρὸς
3007 4899 3109 4969 τὴν
3145 4899 3290 4969 ζωὴν
3329 4899 3544 4969 βοηθεῖ,
3601 4904 3694 4952 τὸν
3743 4903 4020 4970 πρότερον
4067 4905 4073 4908 ’

2432 4996 2807 5064 αἰνιττόμενος
2838 4991 2977 5062 βίον.
3007 4992 3130 5044 Ἔτι
3161 4991 3217 5043 δὲ
3257 4990 3395 5060 πρὸς
3439 4992 3652 5062 δυσμὰς
3683 4993 4020 5052 ἀποϐλέπων

2435 5088 2649 5156 πνεῦμα
2677 5085 2774 5139 τοῦ
2810 5085 3081 5153 στόματος
3112 5084 3373 5147 ἀποπνεῖ,
3408 5084 3510 5153 τῆς
3543 5085 3600 5136 ἐν
3653 5085 3839 5138 σκότει
3869 5085 4020 5156 ζωῆς

2435 5183 2684 5246 σημεῖον,
2710 5177 2898 5248 χεῖράς
2929 5193 2986 5228 τε
3013 5175 3249 5228 ἐκτείνει
3278 5175 3372 5231 καὶ
3404 5176 3481 5238 ὡς
3513 5177 3761 5244 παρόντα,
3780 5181 3879 5230 καὶ
3897 5183 4020 5234 cm-

2435 5274 2686 5341 κείμενον
2737 5273 2829 5323 τὸν
2871 5268 3109 5338 πονηρὸν
3167 5267 3474 5320 ἀπωθεῖται
3535 5271 3627 5326 καὶ
3680 5269 3757 5331 ὡς
3815 5273 4020 5341 μιαροῦ

2437 5368 2528 5418 καὶ
2559 5360 2816 5433 βδελυροῦ
2844 5359 3175 5422 καταπτύει,
3208 5361 3302 5410 καὶ
3333 5359 3435 5421 τὰς
3467 5357 3720 5428 ἐχθίστας
3759 5361 3858 5412 καὶ
3883 5361 4018 5410 ἀπε-

2437 5470 2595 5515 στους
2629 5455 2722 5505 καὶ
2754 5450 2981 5520 ὀλέθρου
3015 5449 3216 5510 παντὸς
3270 5450 3462 5512 αἰτίας
3511 5452 3752 5519 ἀρνεῖται
3787 5451 4022 5513 amid;

2434 5551 2528 5601 καὶ
2583 5547 2684 5613 τὴν
2728 5543 2913 5613 φιλίαν
2940 5541 3039 5611 τὴν
3073 5541 3279 5611 πικρὰν
3334 5541 3654 5594 παντάπασι
3685 5541 3905 5594 διαλύει
3929 5559 4026 5595 και

2435 5641 2533 5710 τὴν
2562 5638 2766 5708 ἔχθραν
2820 5635 3055 5688 ἐπαινεῖ.
3089 5633 3202 5686 Kal.
3233 5634 3356 5686 ἐπεὶ
3391 5634 3560 5702 φύγοι
3583 5633 3640 5688 τὸ
3670 5633 3895 5699 σκότος,
3931 5637 4027 5688 axi.
