4272 6446
278 350 391 414 529

1361 347 1456 406 DE
1499 347 1673 407 VITA
1715 346 1796 406 IN
1852 344 2185 405 CIIRISTO
2226 348 2368 409 LIB.
2417 347 2496 408 Ῑῐ.

3417 342 3522 407 530

279 467 381 530 τὴν
407 462 618 531 ἡμέραν
651 461 834 530 τρέχει
866 461 957 512 καὶ
989 461 1127 529 πρὸς
1155 462 1251 530 τὴν
1290 462 1363 513 ἕω
1404 461 1665 528 στραφεὶς
1698 459 1851 529 ζητεί
1879 461 1921 515 Α
1954 472 1966 510 ι

1830 460 1851 509 ἰ
1879 461 1921 515 Α
1954 468 2006 511 ει
2049 460 2233 514 odium
2264 463 2607 531 amplectitur
2637 480 2649 527 ;
2678 470 2728 516 et
2757 476 2789 516 e
2830 460 3066 516 tenebris
3098 460 3162 515 al
3196 460 3339 514 diem
3386 474 3512 529 pro-

275 555 371 605 τὺν
406 553 581 621 ἦλιον,
618 553 710 602 καὶ
741 551 922 613 λυθεὶς
955 551 1065 604 τῶν
1099 550 1191 603 τοῦ
1223 551 1489 618 τυράννου
1521 550 1720 618 χειρῶν
1762 551 1852 603 τὸν

282 643 513 712 βασιλέα
556 646 875 712 προσκυνεῖ,
939 644 1032 693 καὶ
1084 642 1179 694 τοῦ
1232 644 1386 694 νόθου
1434 642 1738 707 καταγνοὺς
1764 640 1854 691 τὸν

281 736 509 801 γνήσιον
544 735 899 799 ἐπιγινώσκει
924 735 1225 800 Δεσπότην,
1264 736 1357 785 καὶ
1392 732 1609 800 εύχεται
1649 733 1853 783 ὑποτα-

282 823 553 891 γήσεσθαι
581 826 730 892 αὐτῷ
757 827 853 876 καὶ
888 825 1199 877 δουλεύσειν
1230 826 1326 896 ὅλῃ
1356 825 1501 895 ψυχῇ
1537 824 1631 876 καὶ
1657 826 1761 892 πρό
1792 840 1854 890 γε

278 915 487 967 τούτων
514 915 587 977 ὡς
620 916 753 967 Θεὸν
783 917 863 978 εἰς
891 917 1055 968 αὑτὸν
1090 917 1369 969 πιστεύειν
1420 919 1512 968 καὶ
1544 915 1577 969 ἃ
1602 915 1732 985 περὶ
1758 917 1855 967 αὖ·

276 1003 373 1054 τοῦ
408 1006 653 1073 προσῆκε
716 1003 1029 1071 γινώσκειν.
1088 1006 1198 1057 Καὶ
1226 1004 1388 1056 τοῦτο
1442 1006 1549 1073 γὰρ
1584 1002 1725 1071 ἀρχὴ
1756 1002 1855 1068 τῆς

282 1095 567 1163 μσκαρὲας
599 1094 771 1162 ζωῆς,
806 1097 838 1164 ή
872 1095 1083 1165 ἀληθὴς
1115 1097 1242 1165 περὶ
1271 1094 1409 1147 Θεοῦ
1452 1094 1653 1161 γνῶσις
1676 1111 1689 1124 ο
1726 1111 1743 1143 ι
1782 1091 1856 1145 Τὸ

280 1186 390 1251 γὰρ
419 1185 747 1238 ἐπίστασθαί
780 1204 860 1249 σε,
884 1190 1017 1255 φησι
1044 1187 1314 1255 Σολομὼν,
1346 1188 1469 1255 ῥίζα
1498 1185 1848 1246 ἀθανασίας.»

275 1272 472 1343 ὥσπερ
497 1274 557 1325 τὸ
582 1276 848 1343 ἀγνοῆσαι
876 1276 965 1327 τὸν
996 1275 1129 1327 Θεδν
1149 1275 1239 1326 τὸν
1271 1278 1501 1328 θάνατον
1533 1274 1855 1343 εἰσήνεγκεν

276 1366 337 1431 ἐξ
368 1367 564 1436 ἀρχῆς.
619 1368 773 1421 Ἐπεὶ
827 1368 936 1438 γάρ
979 1371 1007 1422 ὀ
1070 1370 1242 1439 Ἀδὰμ.
1268 1372 1367 1438 τὴν
1406 1369 1559 1423 θείαν
1588 1370 1857 1439 ἀγνοήσας

278 1459 701 1529 φιλανθρωπίαν
730 1461 1000 1529 βάσκανον
1027 1459 1163 1516 εἶναι
1192 1462 1345 1533 ᾠήθη
1370 1464 1463 1515 τὸν
1502 1461 1731 1529 ἀγαθὸν,
1762 1463 1857 1515 καὶ

273 1551 377 1617 τῆς
402 1552 597 1619 σοφίας
628 1554 1017 1623 ἐπιλαθόμενος
1048 1555 1230 1606 λαθεῖν
1264 1554 1488 1622 ἐνόμισε
1523 1554 1614 1606 τὸν
1666 1552 1855 1621 σοφὸν,

272 1642 357 1709 τῷ
390 1643 637 1715 δραπέτῃ
671 1647 977 1715 προσετέθη
1004 1648 1095 1699 τὸν
1124 1648 1404 1716 Δεσπότην
1447 1648 1729 1717 περῖιδὼν,
1762 1648 1858 1700 καὶ

273 1730 370 1783 διὰ
396 1731 556 1783 τοῦτο
588 1734 683 1785 τοῦ
714 1736 1044 1804 παραδείσου
1077 1752 1136 1788 τε
1172 1735 1432 1805 ἀπηλάθη
1463 1736 1553 1787 καὶ
1583 1734 1681 1803 τὴν
1711 1733 1858 1803 ζωὴν

272 1821 534 1890 ἀφῃρέθη
566 1826 657 1875 καὶ
685 1824 935 1895 ῶδυνή’›η
966 1826 1059 1879 καὶ
1079 1826 1352 1878 ἀπέθανεν
1375 1842 1387 1853 ·
1436 1824 1561 1879 ὅθεν
1615 1825 1693 1894 τῷ
1724 1825 1859 1893 πρὸς

272 1913 380 1982 τὴν
436 1914 585 1984 ζωὴν
640 1917 986 1988 ἐπειγομένῳ
1032 1919 1126 1971 καὶ
1176 1919 1266 1972 τὸν
1312 1918 1446 1972 Θεὸν
1475 1920 1727 1991 ἡγεῖσθαι
1760 1919 1859 1989 τήν

273 2007 415 2075 περὶ
444 2006 580 2060 Θεοῦ
614 2010 817 2076 γνῶσιν
850 2013 1001 2063 πᾶσα
1030 2011 1270 2082 ἀνάγκη.

354 2191 467 2244 Καὶ
488 2192 548 2243 τὸ
570 2193 928 2263 γυμνωθῆναι
947 2194 1003 2245 δὲ
1031 2191 1289 2257 καθάπαξ
1323 2194 1416 2246 καὶ
1442 2192 1536 2245 τὸν
1553 2192 1861 2244 τελευταῖον

274 2283 626 2339 καταθέσθαι
663 2287 869 2357 χιτῶνα
898 2288 1191 2356 δείκνυμεν
1217 2286 1341 2355 ἄρτι
1377 2288 1476 2356 τῆς
1513 2290 1592 2348 είς
1621 2288 1712 2340 τὸν
1756 2303 1864 2340 πα·

278 2378 538 2447 ράδεισον
562 2380 836 2450 φερούσης
865 2381 1163 2449 ἁπτόμενοι
1189 2382 1284 2433 καὶ⁸
1310 2381 1409 2451 τὴν
1436 2381 1672 2434 ἐνταῦθα
1691 2380 1857 2451 ζωήν.

288 2471 353 2521 ’0
391 2472 493 2539 μὲν
521 2474 629 2540 γὰρ
666 2473 838 2536 Ἀδὰμ
866 2475 975 2526 ἀπὸ
1005 2476 1103 2544 τῆς
1128 2475 1447 2541 εὐδαίμονος
1470 2475 1683 2545 ἐκείνης
1708 2490 1863 2542 περι-

274 2561 447 2629 ϐολῆς
472 2564 565 2614 ἐπὶ
590 2564 691 2633 τὴν
722 2565 1007 2634 γύμνωσιν
1036 2565 1227 2629 ἐλθὼν,
1278 2566 1383 2619 ἀπὸ
1414 2566 1619 2635 ταύτης
1648 2569 1739 2619 ἐπὶ
1764 2569 1863 2637 τὴν

271 2655 477 2706 ἀθλίαν
504 2657 709 2727 ταύτην
740 2652 840 2729 ἧκε
876 2662 1097 2727 σκευήν,
1139 2661 1331 2730 Ἡμεῖς
1380 2661 1436 2713 δὲ
1469 2662 1577 2714 ἀπὸ
1600 2662 1707 2714 τῶν
1737 2663 1862 2731 δερ-

277 2750 532 2818 ματίνων
561 2751 809 2820 χιτώνων
839 2756 931 2808 ἐπὶ
960 2753 1060 2822 τὴν
1106 2756 1390 2822 γύμνωσιν
1444 2757 1614 2819 ἰόντες
1644 2759 1733 2810 καὶ
1775 2758 1862 2811 διὰ

274 2840 378 2893 τοῦ
407 2840 577 2893 αὐτοῦ
631 2842 943 2911 βαδίζοντες
996 2845 1162 2913 μέσου
1192 2846 1346 2916 δῆλοι
1372 2848 1719 2916 καθέσταμεν
1767 2849 1863 2917 τὴν

276 2934 457 3003 αὐτὴν
486 2936 802 2998 ἐπανιόντες
832 2938 951 2990 ὁδὸν
984 2940 1078 2990 καὶ
1128 2939 1263 3006 πρὸς
1290 2940 1350 2991 τὸ
1404 2942 1616 3008 ίμάτιον
1650 2942 1866 3011 ὲπειγό·

281 3046 443 3095 μενοι
474 3029 537 3080 τὸ
570 3030 867 3098 βασιλικὸν,
892 3034 987 3086 καὶ
1011 3032 1135 3084 ὅθεν
1167 3035 1261 3087 καὶ
1296 3033 1364 3086 δι’
1392 3029 1465 3087 ὧν
1490 3035 1698 3097 ἐκεῖνος
1730 3053 1862 3092 κατ-

1958 552 2162 616 currit;
2185 562 2345 622 atque
2370 557 2434 608 ad
2458 554 2723 608 orientem
2752 554 3077 623 respiciens,
3094 552 3260 608 solem
3285 551 3519 622 quaerit;

1957 641 2353 712 expeditusque
2387 660 2417 699 e
2448 647 2661 715 tyranni
2698 646 2971 703 manibus.
2998 660 3178 713 regem
3220 644 3431 705 adorat,
3471 652 3525 697 et

1958 739 2265 798 contempto
2312 735 2520 801 spurio,
2572 735 2871 803 legitimum
2921 734 3209 790 Dominum
3253 735 3522 805 agnoscit.

1958 816 2032 871 illi
2078 822 2274 890 subjici
2304 832 2357 876 et
2392 834 2499 878 tota
2554 826 2738 879 anima
2791 828 2996 879 servire
3046 838 3232 895 optat:
3290 836 3344 879 et
3400 835 3529 881 ante

1960 914 2073 967 haec
2113 913 2163 966 in
2195 930 2341 978 eum,
2376 924 2435 969 ut
2478 918 2530 969 in
2563 918 2731 971 Dum
2763 917 3006 971 credere.
3042 917 3103 968 Et
3135 919 3198 972 ad
3229 930 3351 973 eum
3399 933 3523 985 per-

1961 1003 2184 1057 tinentin
2225 1006 2526 1074 cognoscit.
2560 1006 2692 1059 Nam
2726 1016 2779 1061 ct
2813 1008 2915 1061 hoc
2955 1007 3123 1060 beatae
3152 1009 3270 1059 vita:
3310 1007 3523 1062 initium

1957 1104 2061 1157 est,
2101 1110 2225 1150 vera
2259 1098 2323 1150 de
2355 1095 2462 1160 Deo
2510 1098 2768 1165 Cognitio.
2819 1117 2837 1149 ι
2882 1098 3035 1153 Scire
3089 1096 3525 1168 enimjustitism

1958 1196 2104 1241 tuam
2151 1196 2203 1241 et
2229 1190 2481 1242 virtutem
2516 1200 2683 1251 tuam,
2705 1192 2779 1242 ait
2807 1189 3096 1251 Salomon,
3117 1189 3272 1241 radix
3304 1190 3529 1241 immer-

1959 1279 2184 1333 talitatis
2207 1281 2249 1312 ³⁷
2279 1296 2293 1345 ;
2321 1300 2337 1332 ι
2377 1282 2517 1335 sicut
2562 1282 2811 1350 ignorare
2840 1280 3029 1343 Deum,
3066 1290 3296 1333 mortem
3329 1278 3528 1334 invexit

1960 1384 1988 1422 a
2025 1370 2311 1439 principio.
2345 1372 2642 1439 Postquam
2672 1372 2817 1426 enim
2847 1371 3349 1425 Adamttsdivinam
3380 1371 3531 1423 beni-

1959 1460 2218 1529 gnitatem
2273 1462 2551 1531 ignorans.
2602 1479 2726 1517 cum
2780 1463 2870 1530 qui
2921 1464 3098 1517 bonus
3126 1472 3239 1527 cst,
3279 1462 3526 1521 invidum

1959 1552 2290 1607 existimavit
2317 1594 2332 1617 ,
2364 1564 2419 1606 et
2454 1554 2656 1609 oblitus
2692 1556 2994 1623 sapientia,
3023 1570 3082 1612 se
3110 1557 3276 1609 latere
3310 1557 3529 1622 sapieno

1963 1650 2071 1697 tem
2118 1652 2203 1698 est
2251 1644 2570 1707 arbitratus,
2609 1644 2894 1698 Dominum
2952 1644 3250 1713 despicatui
3297 1645 3525 1707 ducens,

1964 1733 2189 1802 fugitivo
2220 1735 2468 1791 adhaesit.
2509 1737 2687 1805 Atque
2736 1736 2807 1790 ob
2846 1737 2896 1789 id
2946 1736 3206 1806 paradiso
3241 1736 3524 1803 expulsus.

1961 1835 2015 1879 ει
2043 1826 2152 1879 vita
2194 1826 2493 1895 spoliatus,
2526 1839 2579 1883 et
2605 1828 2889 1883 doloribus
2926 1830 3259 1889 cumulatus.
3294 1838 3527 1882 mortem

1961 1918 2199 1989 denique
2252 1934 2551 1995 perpessus
2624 1931 2724 1976 cst.
2779 1922 2969 1991 Itaque
3029 1921 3094 1974 ad
3149 1922 3313 1974 vitam
3357 1929 3410 1974 et
3463 1920 3527 1973 ad

1964 2010 2133 2066 Deum
2167 2015 2478 2082 properanti
2527 2015 2889 2084 cognitionem
2921 2013 2987 2068 de
3015 2012 3124 2068 Deo
3157 2014 3346 2083 praeire
3371 2026 3529 2081 pror-

1961 2118 2056 2159 sus
2088 2114 2169 2158 est
2197 2105 2587 2161 necessarium.

2035 2198 2099 2251 Et
2138 2198 2267 2252 dum
2302 2199 2667 2264 denudamur,
2692 2200 3044 2266 intimamque
3082 2196 3323 2250 tunicam
3379 2195 3533 2251 exui-

1963 2306 2108 2357 mus,
2138 2305 2238 2345 nos
2264 2291 2424 2346 modo
2446 2292 2585 2344 viam
2612 2292 2663 2343 in
2688 2290 2998 2359 paradisum
3022 2290 3388 2350 ducentem,et
3414 2296 3535 2353 qua

1963 2385 2076 2439 illic
2122 2385 2340 2455 degitur
2390 2385 2557 2437 vitam
2611 2384 2891 2451 ingressos
2940 2379 3302 2435 05tendimus.
3357 2378 3531 2430 Adam

1962 2478 2105 2532 enim
2162 2492 2287 2531 cum
2328 2491 2357 2531 a
2400 2475 2573 2531 beatis
2628 2476 2734 2529 illis
2766 2474 2933 2542 septis
2966 2472 3017 2525 in
3053 2470 3354 2523 nuditatem
3389 2468 3531 2520 inci-

1963 2570 2156 2634 disset,
2198 2570 2266 2624 ab
2308 2584 2370 2623 ea
2403 2570 2468 2624 ad
2528 2569 2644 2622 haec
2681 2565 2988 2620 miseranda
3026 2563 3328 2633 gestamina
3368 2562 3538 2616 deve-

1966 2665 2067 2718 nit.
2108 2663 2218 2717 Nos
2257 2664 2520 2719 contra'a
2566 2658 2809 2729 pelliccis
2852 2656 3051 2710 tunicis
3114 2653 3180 2707 ad
3231 2652 3531 2707 nuditatem

1965 2758 2267 2821 venientes,
2292 2765 2345 2809 et
2378 2771 2470 2822 per
2507 2753 2647 2807 idem
2686 2752 2922 2806 medium
2956 2748 3289 2811 incedentes,
3320 2760 3418 2799 nos
3442 2757 3535 2797 eoo

1968 2851 2089 2904 dem
2137 2847 2337 2901 reverti
2375 2847 2589 2909 itinere,
2634 2854 2688 2897 et
2718 2843 2786 2896 ad
2825 2842 3029 2910 regiam
3066 2848 3269 2893 vestem
3310 2847 3535 2904 recupe-

1966 2940 2193 2994 randam
2246 2938 2506 2993 festinare
2551 2938 2995 2991 demonstramus
3026 2952 3036 2984 :
3066 2942 3120 2986 et
3152 2930 3315 2995 unde,
3361 2940 3415 2982 et
3442 2940 3536 2996 per

1968 3051 2088 3102 qua:
2134 3034 2224 3087 ille
2272 3033 2326 3085 in
2386 3033 2533 3085 hunc
2592 3030 2854 3083 mundum
2902 3026 3224 3086 descendit,
3254 3038 3353 3079 nos
3408 3022 3537 3075 hinc

278 3122 452 3190 ἦλθεν
477 3124 558 3184 είς
593 3124 680 3175 τὸν
702 3124 909 3192 κόσμον
939 3124 1151 3187 τοῦτον,
1191 3127 1355 3195 ἡμεῖς
1389 3127 1636 3180 ὲνθένδεν
1671 3130 1863 3183 ἐπανι-
1891 3147 1935 3204 C

1849 3160 1863 3173 -
1891 3147 1935 3204 ο
1969 3128 2190 3182 reverti.
2226 3124 2307 3179 Sit
2338 3133 2517 3178 autem
2550 3133 2603 3178 et
2634 3123 2765 3175 illud
2814 3121 3031 3190 signum
3070 3118 3353 3179 nuditatis,
3392 3115 3536 3182 quod

278 3213 459 3277 ὄντες.
515 3214 614 3282 Εῖη
674 3214 721 3267 δ’
751 3216 819 3268 ἂν
850 3216 1102 3271 κάκείνου
1159 3223 1384 3288 σημεῖον
1409 3222 1469 3273 τὸ
1490 3222 1861 3291 γυμνωθῆναι,

279 3307 379 3359 τοῦ
415 3307 513 3359 νῦν
540 3307 801 3377 καθαρῶς
833 3310 908 3379 τῷ
933 3311 1172 3380 ἀληθινῷ
1200 3312 1340 3380 φωτὶ
1376 3313 1662 3381 προσιέναι
1697 3316 1865 3384 μηδὲν

280 3402 729 3471 ἐπιφερομένους
756 3420 770 3433 ·
801 3404 926 3456 ὅθεν
962 3407 991 3473 ἡ
1020 3405 1151 3457 σκιά
1181 3405 1274 3457 τοῦ
1303 3405 1559 3472 θανάτου,
1590 3409 1684 3461 καὶ
1711 3409 1746 3462 ἀ
1768 3412 1865 3479 τὴν

285 3495 575 3565 μακαρίαν
615 3498 813 3550 ἀκτίνα
850 3497 958 3549 τῶν
980 3498 1169 3567 ψυχῶν
1198 3499 1306 3551 τῶν
1341 3500 1697 3568 ἀνθρωπίνων
1727 3502 1865 3553 ἀπο-

282 3588 545 3658 τειχίζει,
584 3589 838 3659 καθὼιτερ
865 3588 933 3642 τά
965 3590 1159 3659 ἱμάτια
1198 3590 1397 3659 τειχίον
1425 3590 1478 3643 τί
1510 3593 1625 3644 ἐστι
1662 3592 1867 3661 μεταξῦ

276 3682 380 3735 τοῦ
410 3681 596 3750 φωτὸς
622 3682 818 3736 τούτου
846 3684 944 3737 καὶ
972 3684 1080 3736 τῶν
1107 3684 1399 3754 σωμάτων.

357 3775 473 3829 Καὶ
510 3774 619 3843 μήν
666 3775 761 3827 καὶ
791 3776 826 3844 ἡ
860 3775 955 3828 τοῦ
976 3776 1162 3830 ελαίου
1195 3779 1377 3846 χρίσις
1417 3778 1629 3844 γένοιτο
1666 3773 1765 3847 μὲν
1803 3780 1870 3833 ἂν

278 3868 382 3922 καὶ
413 3867 581 3921 ἄλλου
612 3866 760 3929 τινὸς
778 3868 1035 3935 σημεῖον,
1069 3869 1166 3920 καὶ
1206 3868 1342 3936 πρὸς
1370 3866 1526 3922 τοῦτο
1559 3870 1614 3922 δὲ
1646 3870 1868 3924 δύναται

277 3963 499 4029 φέρειν.
552 3958 863 4027 Ἐννοῶμεν
892 3958 1002 4027 γὰρ
1050 3958 1149 4027 τήν
1208 3960 1405 4012 Ἰακὼϐ
1441 3961 1660 4031 στήλην,
1696 3963 1763 4032 ῆν
1794 3964 1870 4033 τῷ

280 4053 456 4124 ἐλαίῳ
475 4054 677 4122 χρίσας
697 4053 1041 4121 προσήνεγκε
1077 4051 1155 4120 τῷ
1182 4052 1320 4120 Θεῷ,
1344 4056 1439 4106 καὶ
1464 4055 1590 4118 τοὺς
1615 4056 1870 4125 βασιλέας

279 4148 540 4209 καὶτοὺς
575 4145 763 4213 ίερὲας
796 4144 947 4213 αὑτῷ
976 4144 1153 4214 τούτῳ
1186 4144 1263 4214 τῷ
1306 4148 1470 4217 κοινῷ
1501 4150 1594 4200 καὶ
1650 4148 1721 4219 τῷ
1751 4151 1871 4220 Θεῷ

280 4240 789 4310 καθιερουμένους,
839 4237 894 4289 οἶ
924 4253 1075 4303 σφισι
1108 4237 1205 4305 μὲν
1260 4238 1443 4298 αὐτοῖς
1470 4239 1740 4307 οὐδαμῶς,
1794 4245 1871 4313 τῷ

281 4330 410 4400 Θεῷ
450 4331 509 4382 δὲ
536 4328 634 4381 καὶ
692 4329 756 4396 τῇ
787 4326 1039 4395 πολιτείᾳ
1089 4324 1246 4388 ζῶσι.
1281 4326 1418 4395 πρὸς
1451 4328 1516 4397 ἢν
1538 4328 1867 4397 ἐτάχθησαν.

278 4423 397 4477 Καὶ
449 4421 619 4490 ήμείς
671 4417 781 4487 γὰρ
808 4417 909 4485 τῆς
940 4415 1147 4479 οίκείας
1180 4416 1327 4485 ζωῆς
1375 4421 1468 4478 καὶ
1497 4420 1659 4487 ἡμῶν
1689 4422 1869 4474 αὐτῶν

1969 3236 2116 3275 nunc
2146 3235 2281 3289 pure
2307 3220 2373 3273 ad
2404 3233 2591 3272 verum
2626 3218 2812 3269 lumen
2850 3213 3187 3274 accedimus,
3223 3209 3356 3262 nihil
3408 3207 3541 3261 olfe-

1970 3324 2177 3377 rentes,
2212 3312 2353 3365 unde
2392 3310 2583 3363 umbra
2612 3309 2802 3361 mortis
2830 3314 2882 3358 ct
2921 3321 3041 3374 qua:
3070 3304 3288 3355 beatum
3324 3300 3537 3354 radium

1970 3410 2281 3463 animarum
2332 3408 2698 3461 humanarum
2751 3400 3078 3467 intercipere
3120 3403 3361 3465 queant;
3394 3396 3539 3448 sicut

1972 3501 2296 3555 vestimenta
2359 3506 2417 3551 ut
2474 3495 2723 3549 mnrulus
2765 3492 2988 3561 quidam
3037 3490 3179 3542 inter
3213 3488 3394 3539 lumen
3436 3486 3539 3538 hoc

1967 3603 2022 3649 ει
2044 3606 2271 3662 corpora
2304 3587 2665 3644 intercedunt.

2044 3775 2529 3830 Verumenimvcro
2578 3771 2682 3825 olei
2734 3768 2919 3824 unctio
2974 3775 3026 3823 et
3085 3766 3225 3821 alius
3276 3764 3353 3819 rei
3401 3764 3541 3817 indi-

1971 3868 2116 3922 cium
2151 3879 2295 3927 esse,
2329 3874 2383 3917 et
2426 3858 2685 3916 aliorsum
2740 3869 2987 3929 spectare
3030 3867 3226 3926 potest.
3260 3856 3540 3910 ltecordOr

1972 3958 2115 4012 enim
2152 3955 2353 4025 lapidis
2401 3950 2593 4014 Jacob,
2624 3967 2788 4021 quem
2834 3950 2954 4003 oleo
2986 3949 3287 4002 delibutum
3342 3946 3539 4001 obtulit

1975 4049 2086 4102 Deo
2137 4066 2149 4099 ι
2197 4057 2251 4101 ει
2299 4061 2454 4114 reges
2515 4055 2568 4098 ct
2610 4043 2918 4098 sacerdotes
2966 4041 3071 4094 boc
3105 4040 3243 4108 ipso,
3287 4038 3404 4091 oleo
3450 4037 3539 4093 in-

1973 4155 2157 4209 quam,
2190 4138 2391 4207 populo
2420 4144 2470 4189 et
2497 4134 2606 4189 Deo
2639 4140 2989 4188 consecratos
3019 4149 3031 4183 :
3060 4132 3150 4197 qui
3180 4130 3287 4183 sibi
3316 4129 3536 4197 quidem

1976 4230 2315 4298 neutiquam,
2354 4227 2449 4283 sed
2483 4226 2593 4279 Deo
2644 4237 2698 4278 et
2731 4224 3043 4293 reipublica:
3077 4224 3289 4283 vivunt,
3320 4230 3541 4289 propter

1974 4337 2137 4392 quam
2177 4319 2409 4374 lnstituti
2447 4327 2597 4371 sunt.
2630 4315 2694 4369 Et
2722 4331 2820 4369 nos
2853 4328 3069 4383 quoque
3104 4328 3133 4365 a
3162 4317 3268 4365 vita
3299 4313 3535 4380 propria,

1976 4425 2029 4470 et
2068 4430 2096 4469 a
2130 4414 2288 4467 nobis
2325 4411 2480 4480 ipsis,
2514 4408 2622 4463 Deo
2658 4408 3039 4462 desciscimus.
3088 4403 3199 4458 Hoc
3242 4412 3419 4456 autem
3457 4411 3542 4458 est

278 4489 629 4581 ἔξιστάμεθα
651 4509 730 4579 τῷ
754 4508 876 4577 Θεῷ
898 4524 913 4538 ·
940 4507 1062 4560 τόδε
1088 4508 1206 4559 ἐστὶ
1237 4507 1296 4558 τὸ
1313 4508 1544 4561 παλαιὸν
1565 4511 1870 4568 ἀποδαλόν-
1902 4489 1945 4542 θ

1853 4541 1870 4554 .
1902 4489 1945 4542 Ῑ)
1980 4504 2207 4574 pristina
2238 4504 2410 4556 forma
2443 4510 2679 4569 recepta,
2719 4498 2791 4552 illi
2826 4497 3034 4551 similes
3063 4496 3200 4557 ﬁeri,
3233 4504 3289 4547 et
3317 4493 3540 4563 symbo-

277 4626 383 4669 τας
419 4602 562 4667 εἶδος
606 4602 832 4671 ὁμοίους
880 4599 1036 4668 αὐτῷ
1062 4602 1341 4667 γενέσθαι,
1377 4604 1474 4655 καὶ
1516 4603 1575 4655 τὸ
1602 4604 1870 4674 σύμϐολον

277 4698 490 4751 οἰκεῖον
516 4695 616 4747 καὶ
639 4694 706 4761 τῇ
728 4691 838 4743 τῶν
860 4692 1201 4761 Χριστιανῶν
1223 4693 1513 4763 ἐπωνυμίᾳ
1538 4694 1676 4745 πάνυ
1700 4712 1869 4763 προσ-

281 4791 444 4859 ῆκον.
472 4783 766 4854 Χριόμεθα
798 4784 931 4854 γὰρ,
960 4783 1055 4835 καὶ
1083 4774 1127 4848 ᾧ
1152 4781 1425 4852 ζητοῦμεν
1457 4786 1715 4849 ἐοικέναι,
1739 4787 1871 4856 Χρι-

280 4882 414 4945 στός
438 4884 559 4934 ἐστι
581 4882 647 4949 τῇ
683 4878 902 4945 θεότητι
936 4876 1035 4947 τὴν
1064 4877 1466 4945 ἀνθρωπότητα
1496 4878 1713 4947 χρίσας,
1747 4881 1870 4934 ἐπεὶ

278 4974 380 5026 καὶ
436 4970 607 5024 αὑτοῦ
652 4968 747 5020 τοῦ
781 4967 1086 5037 χρίσματος
1123 4966 1273 5036 αύτῷ
1310 4968 1711 5037 κοινωνοῦμεν·
1776 4973 1869 5025 καὶ

279 5066 398 5134 γὰρ
433 5062 529 5116 τοῦ
557 5061 861 5130 χρίσματος
892 5060 1106 5111 ἐκείνου
1131 5058 1288 5111 τοῦτο
1309 5060 1367 5110 τὸ
1391 5059 1600 5129 χρίσμα
1620 5066 1869 5131 σημεῖον,

283 5158 382 5209 καὶ
409 5153 693 5206 δείκνυσιν
742 5151 771 5201 ὁ
803 5149 994 5210 τελῶν,
1025 5148 1093 5200 δι’
1126 5143 1201 5201 ῶν
1248 5148 1438 5218 ἐπᾴδει
1487 5152 1762 5219 χριομένῳ
1796 5151 1871 5220 τῷ

284 5246 629 5314 τελουμένῳ.
681 5241 873 5295 Ταῦτα
894 5241 1000 5310 γάρ
1046 5242 1197 5294 ἔστιν
1226 5243 1431 5304 ἐκεῖνα,
1460 5242 1527 5294 δι’
1548 5236 1621 5295 ὧν
1657 5246 1685 5295 ό
1711 5245 1873 5297 Δαὸὶδ

286 5341 388 5410 τὴν
447 5338 637 5407 χρίσιν
688 5334 906 5403 ἐκείνην
952 5333 1191 5403 ἐμήνυσε
1233 5334 1328 5385 καὶ
1376 5332 1476 5403 τὴν
1505 5334 1812 5402 βασιλείαν·
1845 5337 1873 5389 ὁ

294 5432 392 5499 μὲν
418 5430 535 5497 γὰρ
567 5427 773 5495 ἱερεὺς,
799 5444 816 5476 t
851 5424 1103 5495 Χρίεται,
1127 5423 1315 5493 φησὶν,
1341 5417 1497 5486 οὗτος
1530 5426 1654 5493 (τὸν
1690 5427 1871 5482 τελού-

292 5536 457 5589 μενον
513 5516 727 5584 λέγων)
786 5514 966 5568 ἔλαιον
1014 5513 1421 5582 ἀγαλλιάσεως·
1473 5533 1491 5564 ι
1526 5515 1554 5567 ὁ
1600 5514 1656 5568 δὲ
1686 5516 1869 5579 Δαδὶδ,

292 5626 312 5661 ι
352 5607 588 5679 Ἐχρισέ
624 5622 685 5658 σε
720 5606 926 5675 (φησιν
966 5603 1103 5675 πρὸς
1139 5604 1227 5658 τὸν
1268 5604 1558 5675 Σωτῆρα),
1607 5607 1634 5658 ὁ
1661 5607 1792 5667 Θεὸς
1845 5606 1873 5658 ὁ

363 5786 405 5815 ³⁷
442 5783 574 5853 Sap.
625 5799 713 5846 xv,
756 5782 810 5835 '5.

1978 4598 2090 4651 lum
2149 4595 2425 4665 pr0prium
2508 4592 3056 4658 Christianorumque
3116 4588 3430 4656 cognomini
3486 4586 3538 4639 in

1976 4688 2170 4758 primis
2212 4686 2572 4741 conveniens.
2609 4683 2879 4752 Ungimur
2902 4681 3071 4742 enim,
3098 4686 3151 4731 et
3186 4678 3345 4747 cujus
3385 4677 3540 4730 simi-

1976 4781 2255 4834 litudinem
2287 4776 2750 4843 concupiscimus,
2790 4773 3049 4826 Christus
3076 4778 3182 4832 est,
3217 4769 3310 4838 qui
3334 4768 3541 4823 divini-

1980 4878 2087 4924 tate
2118 4870 2407 4923 humanam
2439 4876 2688 4921 naturam
2722 4863 2909 4925 unxit;
2948 4861 3216 4929 siquidem
3253 4869 3307 4912 et
3350 4859 3402 4910 in
3436 4874 3539 4914 un-

1980 4963 2158 5018 ctione
2190 4976 2313 5015 cum
2364 4962 2482 5028 ipso
2525 4956 3046 5016 communicamus;
3096 4949 3538 5019 quandoquidem

1978 5054 2126 5107 illius
2179 5052 2453 5106 unctionis
2503 5050 2615 5102 haec
2663 5046 2849 5100 unctio
2904 5044 3117 5113 signum
3164 5050 3217 5096 et
3261 5052 3389 5095 nota
3435 5050 3538 5101 est.

1978 5146 2142 5213 idque
2193 5144 2438 5197 initiator
2502 5141 2587 5193 his
2637 5153 2757 5207 quae
2804 5152 2965 5204 super
3010 5133 3221 5187 iuitiato
3266 5142 3321 5187 et
3374 5142 3540 5186 uncto

1978 5237 2212 5291 recitare
2254 5232 2561 5297 consuevit,
2595 5229 2883 5299 signiﬁcat.
2925 5227 3065 5280 Sunt
3102 5226 3299 5295 quippe
3349 5224 3535 5277 eadem

1979 5328 2091 5390 illa,
2123 5341 2217 5394 per
2246 5340 2365 5393 qua:
2399 5322 2564 5376 David
2611 5320 2917 5374 unctionem
2945 5316 3149 5369 Christi
3207 5328 3543 5383 regnumque

1980 5415 2206 5471 indicat.
2263 5414 2533 5468 Sacerdos
2593 5412 2777 5474 enim,
2837 5428 2853 5460 ι
2905 5406 3140 5477 Ungitur
3194 5405 3302 5467 hic,
3338 5404 3538 5475 lnquit.

1980 5510 2251 5579 (initiatus
2309 5508 2459 5575 puta)
2527 5506 2649 5559 oleo
2729 5501 3133 5559 exsultationis.
3172 5518 3189 5549 ι
3230 5497 3394 5550 David
3444 5511 3541 5548 au-

1979 5611 2111 5666 tem,
2146 5618 2161 5650 t
2197 5598 2363 5654 Unxit
2395 5609 2444 5653 te
2486 5597 2801 5669 (alloquitur
2835 5594 3195 5654 Salvatorem)
3235 5589 3374 5643 Deus
3403 5586 3544 5640 Deus
