4272 6446
257 321 364 381 533

1356 323 1451 382 DE
1493 325 1662 385 VITA
1706 325 1777 382 ΙΝ
1819 325 2150 385 CIIRISTU
2189 330 2332 388 LIB.
2383 330 2462 389 ll.

3393 332 3496 396 534

258 434 576 506 οἰκονομίας
634 435 725 488 καὶ
758 435 816 488 16
849 436 1117 505 ἡμέτερον
1171 435 1461 504 ἁνώροωτε
1499 437 1674 503 γένος,
1737 440 1828 490 καὶ
1860 441 1945 497 Α(

1816 441 2059 505 tAquia
2092 441 2300 493 scilicet
2350 455 2456 494 una
2509 449 2794 508 potestate,
2854 441 3190 508 providentia
3250 453 3301 494 et
3341 441 3503 496 fabri-

259 526 421 578 τοῦτο
455 529 644 580 καινὸν
678 529 915 594 ἐγένετο.
952 530 1043 582 καὶ
1069 530 1167 598 τὴν
1199 529 1338 597 ὲμὴν
1365 529 1636 598 σωτηρίαν
1679 528 1831 582 ἐϐου-

264 617 408 686 λήθη
433 620 530 687 μὲν
562 621 594 688 ἡ
622 619 790 688 Τριὰς
819 623 990 689 κοινῇ,
1025 621 1118 673 καὶ
1141 622 1287 680 ὅπως
1315 621 1381 672 ἂν
1419 621 1629 685 γένοιτο
1665 619 1834 687 πρού-

263 710 436 778 νοήθη
460 727 472 739 ·
511 713 727 778 ἐνεργεῖ
753 711 807 763 δὲ
837 712 1018 764 οὐκέτι
1053 715 1223 780 κοινῇ.
1255 711 1557 780 Δύτουργὸς
1585 711 1690 780 γὰρ
1714 710 1835 763 οὕτε

266 806 294 854 6
331 802 521 870 Πατὴρ
562 801 685 854 οὒτε
721 803 779 854 16
808 802 1051 871 Πνεῦμα,
1106 801 1240 854 ἀλλὰ
1275 801 1434 870 μόνος
1465 802 1491 852 6
1525 801 1716 866 Λόγος,
1746 802 1839 852 καὶ

266 894 428 960 μόνος
461 896 488 946 6
513 895 826 963 Μονογενὴς
854 895 1085 962 αἵματος
1115 894 1375 964 ἠνέσχετο
1400 895 1492 946 καὶ
1525 893 1724 962 σαρκὸς
1745 892 1838 944 καὶ

265 985 484 1052 ἐπὶήγη
519 985 612 1036 καὶ
662 986 912 1054 ὼδυνὴθη
947 985 1041 1036 καί⁵
1095 983 1333 1036 ἀπέθανε
1375 985 1467 1035 καὶ
1496 983 1717 1050 ἀνέστη,
1770 982 1838 1033 δι’

265 1070 341 1129 ὧν
367 1079 398 1143 ἡ
431 1075 589 1140 φύσις
609 1076 809 1128 ἀνεϐίω
829 1078 920 1128 καὶ
950 1079 1007 1127 16
1032 1075 1314 1144 βάπτισμα
1337 1075 1588 1141 συνέστη,
1619 1073 1650 1141 ἡ
1677 1070 1838 1142 καινὴ

262 1173 521 1236 γέννησις
574 1169 669 1220 καὶ
717 1169 1049 1230 ὰνάπλασις.
1095 1166 1307 1220 Ούκοῦν
1358 1168 1478 1229 ταῖς
1508 1167 1837 1219 ὑποστάσεσι

258 1260 611 1328 διαιροῦντας
637 1261 730 1312 ἐπὶ
767 1260 859 1311 τοῦ
892 1260 1036 1312 Θείου
1067 1260 1295 1330 λουτροῦ
1327 1261 1417 1311 16v
1438 1258 1569 1310 Θεὸν
1595 1257 1702 1310 ἔδει
1736 1274 1835 1308 κα-

257 1355 374 1402 )ε“ν
408 1355 489 1412 εἰς
527 1353 586 1403 16
616 1352 786 1419 ὄνομα
820 1352 914 1404 τοῦ
945 1351 1161 1421 Πατρδς
1189 1353 1284 1404 καὶ
1320 1349 1414 1402 τοῦ
1453 1350 1712 1403 Υἱοῦ·καὶ
1746 1349 1839 1401 τοῦ

259 1444 423 1508 ἁγίου
454 1442 794 1509 Πνεύματος,
828 1443 924 1511 τὴν
963 1442 1115 1512 ἰεράν
1147 1442 1347 1494 πλάσιν
1373 1439 1840 1510 κομιζομένους,ἥ

260 1533 684 1601 διακεκριμένον
713 1534 804 1584 τὸν
835 1534 968 1586 Θεὸν
1003 1531 1252 1596 ἀπέδειξε
1291 1532 1448 1600 μόνη.

1941 530 2154 583 catione
2201 531 2361 584 cllicit
2410 532 2614 585 omnia.
2677 531 2733 584 In
2790 531 3091 586 oeconomia
3144 539 3345 597 autem,
3398 547 3505 602 qua

1942 635 2114 690 genus
2165 621 2456 675 humanum
2512 622 2848 687 instauravit,
2907 625 3072 678 etiam
3130 624 3233 678 ista
3291 627 3507 681 novitas

1945 709 2192 777 contigit,
2223 718 2275 762 et
2315 709 2543 764 salutem
2596 727 2768 766 meam
2807 714 2976 768 voluit
3021 713 3239 782 quidem
3269 695 3508 770 Trinitas

1943 802 2329 864 communiter,
2387 813 2440 855 et
2507 813 2563 856 ut
2628 804 3007 858 restitueretur
3064 806 3342 874 providit;
3398 819 3508 859 non

1943 900 2122 945 tamen
2180 893 2341 945 etiam
2391 896 2752 947 communiter
2814 909 2930 948 eam
2982 905 3203 965 operata
3252 908 3355 952 est.
3411 896 3513 951 Per

1941 995 1998 1033 se
2030 981 2173 1034 enim
2209 996 2309 1034 nec
2344 981 2521 1045 Pater,
2576 1000 2676 1039 nec
2732 985 2987 1054 Spiritus,
3025 988 3118 1040 sed
3155 987 3331 1040 solum
3370 988 3508 1042 Ver-

1942 1069 2067 1123 bum
2120 1082 2174 1125 et
2200 1072 2350 1126 solus
2388 1071 2708 1142 Unigenitus
2739 1087 2998 1146 operatus
3025 1086 3129 1142 est,
3165 1078 3257 1145 qui
3291 1093 3512 1133 carnem

1939 1165 2370 1234 sanguinemqne
2396 1182 2676 1221 assumere
2708 1170 2959 1238 dignatus
2984 1179 3084 1234 est,
3115 1170 3362 1233 verbera,
3395 1185 3517 1224 cru-

1945 1256 2144 1320 ciatus,
2201 1267 2429 1311 mortem
2481 1259 2711 1326 excepit,
2768 1272 2822 1313 et
2871 1262 3197 1327 resurrexit,
3248 1278 3343 1331 per
3397 1272 3517 1330 quae

1949 1356 2143 1399 natura
2182 1349 2397 1410 revixit,
2421 1359 2474 1403 et
2503 1352 2704 1418 quibus
2724 1351 3011 1421 baptisma,
3046 1349 3206 1407 nova
3230 1354 3518 1420 generatio

1949 1447 2004 1492 et
2050 1438 2361 1494 reformatio
2395 1445 2695 1496 constituta
2731 1454 2834 1498 est.
2885 1445 3070 1514 Itaque
3117 1445 3369 1516 personis
3409 1446 3520 1499 dis-

1953 1531 2184 1583 tinctum
2225 1530 2391 1586 Deum
2447 1534 2499 1586 in
2550 1535 2737 1589 divino
2785 1535 3005 1591 lavacro
3037 1540 3310 1606 appellare
3359 1552 3523 1607 opor.

262 1625 412 1678 lI-lmt
440 1626 515 1694 (in
548 1627 766 1680 nomine
793 1627 1002 1680 scilicet
1023 1626 1220 1687 Patris,
1249 1635 1303 1678 et
1335 1624 1457 1678 Filii
1518 1632 1573 1676 et
1640 1622 1877 1690 Spiritus
1948 1622 2147 1690 sancti)
2204 1641 2320 1688 cos,
2372 1629 2462 1696 qui
2515 1643 2723 1682 sacram
2782 1628 3184 1695 formationem,
3239 1648 3357 1700 qua:
3404 1632 3518 1686 sola

262 1717 436 1772 Deum
469 1719 769 1774 discretum
806 1718 1065 1782 ostendit,
1099 1725 1461 1786 reportarent.

337 1815 403 1866 Ἠ
435 1813 527 1867 οὖν
554 1815 628 1884 μὴ
655 1814 748 1866 καὶ
781 1815 879 1883 τὴν
903 1814 1216 1882 οἰκονομίαν
1239 1813 1332 1865 καὶ
1363 1812 1598 1880 μάλιστα
1630 1812 1834 1878 ταύτην
1867 1811 1911 1869 Β
2009 1808 2024 1868 4

1833 1811 1911 1869 ηΒ
2009 1805 2148 1872 Quid
2177 1808 2357 1876 ergo?
2416 1824 2545 1862 num
2593 1809 2753 1863 etiam
2803 1811 3162 1866 (economiam
3203 1821 3257 1866 et
3291 1812 3520 1867 maxime

259 1909 359 1959 ἐπὶ
391 1907 487 1958 τοῦ
526 1907 906 1976 βαπτίσματος
931 1905 1283 1975 ἀνυμνοῦμεν
1306 1923 1321 1971 ;
1346 1906 1493 1957 Πάνυ
1535 1905 1632 1972 μὲν
1664 1902 1756 1954 οὖν
1786 1903 1845 1954 οὐ

260 2001 334 2053 δι’
364 1994 440 2051 ὧν
471 1999 730 2069 λέγομεν,
757 2000 894 2052 ἀλλὰ
919 1998 985 2051 δι’
1014 1993 1088 2052 ὧν
1121 2000 1464 2068 πράττομεν,
1509 1997 1580 2049 1'6
1612 1997 1719 2064 γάρ
1753 2014 1850 2048 και

260 2091 504 2144 ταδύντα
544 2091 782 2160 τρισσῶς
842 2089 1128 2156 ἀναδῦναι,
1193 2092 1277 2153 τίς
1328 2091 1425 2142 οὐκ
1470 2086 1611 2140 οἶδεν
1647 2091 1728 2141 ὅτι
1758 2088 1849 2139 τὸν

262 2183 570 2252 τριήμερον
621 2183 854 2236 θάνατον
914 2184 1007 2236 τοῦ
1065 2183 1319 2253 Σωτῆρος
1372 2183 1584 2249 εἰσάγει
1616 2181 1710 2234 καὶ
1751 2179 1849 2246 τὴν

265 2275 596 2339 ἀνάστασιν,
635 2275 669 2328 ἃ
694 2276 848 2337 τέλος
880 2276 997 2326 ἐστὶ
1038 2277 1140 2341 τῆς
1176 2276 1304 2342 ὅλης
1343 2274 1704 2341 οἰκονομίας;
1741 2273 1853 2323 Καὶ

263 2364 332 2415 οὐ
365 2363 566 2431 μάτην,
601 2360 778 2431 οἶμαι,
803 2363 900 2433 τὴν
936 2364 1034 2432 μὲν
1083 2363 1361 2430 θεολογίαν
1403 2362 1639 2431 βοῶμεν,
1663 2360 1761 2430 τὴν
1796 2360 1852 2412 δὲ

264 2456 596 2521 οῐκονομίαν
625 2458 715 2507 ἐπὶ
741 2455 848 2506 τῶν
883 2454 1060 2522 ἔργων
1085 2452 1515 2522 ἐπιδεικνύμεθα
1557 2455 1758 2522 σιωπῇ·
1783 2453 1854 2505 Τδ

271 2552 377 2619 μὲν
416 2550 526 2619 γὰρ
558 2546 624 2618 ἦν
657 2548 754 2601 ἀπ’
789 2551 965 2618 ἀρχῆς
999 2550 1090 2601 καὶ
1147 2550 1227 2611 εἰς
1287 2548 1491 2615 γνῶσιν
1541 2546 1855 2617 ἀνθρώποις

266 2644 362 2696 διὰ
421 2643 523 2710 τῆς
567 2642 753 2707 φωνῆς
816 2641 1047 2707 ἀφίκετο
1084 2640 1274 2710 μόνης,
1314 2640 1373 2691 τὸ
1426 2640 1482 2690 δὲ
1518 2639 1734 2705 ἐγένετο
1763 2640 1855 2691 καὶ

269 2736 471 2805 ὼράθη
499 2738 610 2797 τοῖς
635 2733 745 2786 τῶν
773 2734 1077 2803 ἀνθρώπων
1103 2735 1420 2803 ὀφθαλμοῖς,
1455 2734 1599 2802 άφῆς
1631 2733 1855 2803 ἠνέσχε-

272 2847 337 2881 το
376 2828 470 2881 καὶ
501 2828 704 2897 χειρῶν
727 2844 742 2858 ⁸
768 2828 889 2880 ὅθεν
911 2830 937 2880 6
966 2827 1238 2896 μακάριος
1279 2826 1531 2895 Ἰωάννης
1568 2827 1660 2879 καὶ
1689 2827 1858 2894 ἄμφω

271 2921 458 2973 ταῦτα
495 2919 656 2973 τοῦτο
714 2922 939 2972 κάκεῖνο
975 2922 1102 2989 περὶ
1138 2920 1229 2971 τοῦ
1265 2919 1454 2971 διπλοῦ
1487 2919 1735 2986 Σωτῆρος
1774 2935 1858 2983 γι-

273 3009 513 3059 νώσκων
534 3003 656 3059 εἷπε
683 3009 783 3075 μὲν
807 3024 820 3038 ·
862 3027 880 3058 ι
911 3010 977 3060 Ὃ
1008 3005 1076 3077 ἦν
1105 3009 1387 3077 ὰπαρχῆς,
1412 3007 1439 3060 6
1471 3009 1813 3078 ἀκηκόαμεν,
1837 3027 1854 3060 ι

281 3100 544 3170 ἐπήγαγε
564 3100 651 3151 δέ·
691 3119 709 3150 t
743 3101 807 3152 Ὀ
833 3100 1163 3169 ἑωράκαμεν
1201 3103 1313 3164 τοῖς
1346 3100 1649 3169 ὀφθαλμοῖς
1671 3101 1856 3170 ἡμῶν,

1951 1901 2004 1954 in
2068 1901 2393 1971 baptismate
2455 1903 2795 1958 laudamus?
2855 1903 2963 1958 Nos
3016 1918 3145 1956 vcro
3212 1905 3519 1964 laudamus.

1949 2010 2057 2048 non
2096 2010 2190 2062 per
2214 2011 2276 2050 ea
2308 2011 2425 2065 qua:
2449 1996 2709 2061 dicimus,
2744 1997 2834 2051 sed
2861 2013 2980 2067 quae
3009 1995 3265 2052 facimus.
3298 1993 3522 2051 Trinam

1949 2089 2093 2142 enim
2129 2089 2536 2144 imrnersionem
2569 2100 2622 2143 et
2652 2091 3038 2154 cmersionem,
3092 2089 3215 2159 quis
3242 2105 3346 2144 non
3379 2090 3524 2144 videt

1953 2179 2257 2234 triduanatn
2293 2179 2590 2235 Salvatoris
2645 2191 2871 2236 mortem
2935 2191 2988 2236 et
3037 2181 3519 2244 resurrectionem,

1952 2289 2071 2342 qua:
2097 2274 2263 2327 totius
2294 2273 2612 2328 (economia:
2636 2274 2761 2330 linis
2789 2285 2892 2338 est,
2927 2274 3208 2336 exhibere,
3242 2273 3522 2340 oculisque

1954 2367 2270 2436 subjicere?
2302 2365 2409 2420 Nec
2457 2377 2683 2432 temere,
2736 2370 2946 2439 Opinor,
2981 2368 3122 2436 quod
3161 2367 3522 2435 theologicum

1952 2467 2035 2511 est
2083 2473 2212 2512 voce
2259 2458 2506 2521 edimus;
2563 2458 2924 2511 oeconomiam
2963 2469 3146 2512 autem
3201 2458 3364 2510 rebus
3400 2471 3524 2511 cum

1955 2549 2175 2602 silentio
2210 2548 2594 2616 exprimimus.
2647 2548 2781 2603 Illud
2821 2550 2966 2603 enim
3001 2560 3118 2603 erat
3162 2551 3230 2602 ab
3262 2549 3443 2613 initio,
3473 2561 3528 2603 et

1957 2655 2053 2710 per
2113 2654 2299 2692 vocem
2367 2642 2746 2695 tantummodo
2811 2641 2864 2694 in
2933 2641 3214 2695 hominum
3275 2642 3524 2696 notitiam

1959 2731 2484 2800 intelligentiamque
2536 2733 2875 2801 penetravit;
2933 2734 3035 2786 hoc
3085 2732 3306 2798 factum,
3336 2742 3388 2787 et
3423 2735 3526 2786 hu-

1959 2825 2137 2876 manis
2166 2824 2340 2875 oculis
2371 2836 2748 2891 conspectum.
2779 2835 2830 2878 ct
2857 2824 3105 2877 manibus
3129 2832 3526 2878 contrectatam

1959 2924 2061 2968 est.
2092 2914 2251 2969 Unde
2277 2924 2329 2967 et
2360 2915 2550 2969 beatus
2577 2915 2814 2969 Joannes
2839 2916 2999 2969 ambo
3031 2916 3163 2979 haec,
3193 2914 3292 2968 hoc
3314 2923 3367 2968 et
3398 2914 3528 2968 illud

1959 3005 2026 3058 de
2078 3003 2354 3059 Salvatore
2404 3010 2620 3076 gemino
2667 3022 3024 3076 cognoscens,
3076 3008 3212 3062 dixit
3258 3008 3526 3076 quidem:

1969 3114 1986 3146 ι
2017 3096 2171 3161 Quod
2201 3109 2316 3152 erat
2365 3100 2433 3152 ab
2484 3099 2639 3152 initio
2671 3140 2684 3162 ,
2715 3100 2859 3167 quod
2906 3100 3217 3154 audivimus
3261 3139 3275 3161 ,
3309 3119 3328 3150 ι
3397 3101 3529 3154 sub-

277 3159 474 3246 καὶ-αἰ
492 3159 679 3261 γεῖρες
703 3191 860 3259 ἡμῶν
889 3159 1248 3260 ὲίζκηλάσησαν
1273 3159 1403 3262 περί
1430 3159 1731 3258 τοῦ-Λόγού
1761 3159 1859 3259 τῆς
1884 3159 1928 3220 C
1963 3250 1964 3255 η

1845 3159 1928 3252 :C
1963 3187 2140 3256 iunxit
2171 3199 2396 3243 tamen:
2435 3209 2451 3240 ι
2489 3191 2643 3255 Quod
2696 3191 2931 3243 vidimus
2976 3191 3151 3244 oculis
3203 3191 3426 3252 nostris,
3479 3200 3532 3245 et

279 3287 457 3354 ζωῆς.
501 3304 518 3336 ι
564 3284 686 3335 Ἔτι
747 3284 802 3335 δὲ
842 3285 940 3352 τὴν
991 3286 1088 3354 μὲν
1141 3285 1423 3352 θεολογίαν
1471 3286 1760 3338 πιστεῦσαι
1786 3287 1864 3338 δεῖ

283 3377 477 3443 μόνον,
532 3375 630 3428 καὶ
667 3377 697 3444 ἡ
730 3375 991 3440 ἐπίδειξις
1023 3379 1121 3446 τῆς
1153 3377 1388 3440 πίστεως
1423 3379 1514 3430 ἐπὶ
1546 3380 1644 3444 τῆς
1677 3379 1863 3447 φωνῆς

285 3469 475 3542 (ἂ-γάρ
495 3469 573 3528 εἰς
603 3469 973 3537 δικαιοσύνην,
1005 3471 1162 3536 φησὶ,
1198 3470 1528 3539 πιστεύομεν
1558 3475 1621 3540 τῇ
1647 3473 1864 3542 καρδίᾳ,

281 3539 469 3614 ταῦτα
505 3559 582 3628 τῷ
612 3559 841 3627 στόματι
870 3560 1244 3628 ὁμολογοῦμεν
1282 3563 1362 3624 εἰς
1401 3539 1736 3631 σωτηρίαν),
1763 3539 1866 3632 τὴν

283 3651 343 3704 δὲ
369 3651 689 3718 οἰκονομίαν
749 3652 844 3703 καὶ
904 3653 1253 3722 μιμήσασθαι
1286 3656 1380 3706 καὶ
1429 3657 1522 3707 ἐπὶ
1552 3657 1659 3708 τῶν
1691 3657 1868 3725 ἔργων

289 3742 469 3807 δεῖξαι
502 3745 653 3795 πᾶσα
686 3744 934 3812 ἀνάγκη·
965 3745 1046 3797 δεῖ
1067 3745 1198 3813 γὰρ,
1227 3747 1415 3814 φησιν,
1442 3748 1870 3817 ἐξαχολουθῆσαι

289 3837 411 3919 τοῖς
460 3834 635 3903 ἴχνεσι
667 3834 759 3887 τοῦ
814 3835 956 3902 ὑπὶρ
995 3836 1154 3903 ἡμῶν
1208 3838 1573 3904 ἀποθανόντος
1608 3843 1702 3894 καὶ
1737 3843 1866 3896 ἁνα-

289 3941 546 3985 σταντος.
1129 3941 1134 3948 ”

369 4019 473 4071 Διὰ
506 4017 683 4071 ταῦτα
715 4018 902 4072 τοίνυν
959 4021 991 4088 ὴ
1030 4021 1130 4087 μὲν
1185 4021 1357 4090 Τριάς
1389 4024 1480 4076 ἐπὶ
1511 4023 1608 4090 τῆς
1667 4026 1870 4094 φωνῆς,

289 4112 355 4163 16
396 4112 454 4163 δὲ
492 4111 666 4172 πάθος
713 4111 807 4163 καὶ
853 4111 946 4164 τὸν
981 4111 1218 4165 θάνατον
1252 4115 1338 4167 διὰ
1368 4113 1463 4166 τοῦ
1496 4115 1683 4177 ὕδατος
1716 4118 1773 4167 ὲν
1799 4118 1876 4187 τῷ

294 4201 518 4269 σώματι
576 4201 890 4269 γράφομεν,
920 4202 1225 4264 τυποῦντες
1263 4204 1406 4272 ἡμᾶς
1469 4205 1665 4266 αὐτοὺς
1707 4205 1787 4265 εἰς
1817 4206 1877 4257 16

300 4294 587 4361 μακάριον
611 4288 754 4354 εἶδος
782 4297 960 4347 ἐκεῖνο
989 4295 1087 4348 καὶ
1115 4295 1213 4364 τὴν
1251 4297 1490 4366 μορφήν.
1527 4298 1640 4350 Οὐκ
1682 4298 1878 4365 ἄδηλον

299 4386 405 4454 μὲν
447 4384 544 4436 οὖν
590 4386 652 4436 ἐκ
686 4384 794 4437 τῶν
829 4386 1182 4454 εἰρημένων,
1236 4387 1318 4440 δτι
1376 4391 1715 4458 πανταχόθεν
1768 4390 1879 4442 τῶν

1964 3296 2158 3337 manus
2187 3293 2386 3337 nostrae
2412 3292 2893 3337 contrectaverunt
2936 3284 3002 3337 de
3045 3282 3222 3338 Verbo
3251 3283 3375 3338 vitae
3405 3283 3526 3338 "2i

1963 3372 2230 3443 Praeterea
2286 3375 2649 3443 theologicum
2685 3376 2819 3428 illud
2857 3376 3077 3429 credere
3127 3384 3336 3430 tantum
3369 3389 3535 3445 opor-

1969 3473 2061 3524 tet,
2092 3473 2145 3517 et
2170 3465 2418 3532 probatio
2449 3464 2569 3518 (idei
2610 3464 2664 3516 in
2692 3479 2821 3518 voce
2850 3464 3106 3518 consistit
3130 3465 3175 3533 (ι
3209 3465 3338 3530 Quae
3361 3465 3530 3530 enim,

1969 3554 2143 3621 inquit
2198 3555 2417 3618 Paulus,
2460 3553 2623 3607 corde
2675 3555 2741 3607 ad
2791 3553 3060 3622 justitiam
3116 3553 3412 3615 credimus,
3470 3568 3533 3605 ea

1968 3658 2062 3696 ore
2089 3644 2153 3696 ad
2175 3644 2400 3697 salutem
2429 3641 2749 3697 cenfitemur
2771 3645 2816 3675 °'
2848 3644 2914 3709 ι),
2945 3643 3246 3697 (economia
3279 3652 3457 3695 autem
3483 3652 3537 3694 et

1972 3735 2230 3788 imitanda
2291 3737 2516 3789 omnino
2567 3747 2614 3788 et
2671 3735 2927 3803 operibus
2974 3733 3396 3787 demonstranda
3432 3743 3533 3787 est.

1973 3825 2104 3895 Ejus
2140 3827 2285 3880 enim
2345 3828 2570 3898 vestigia
2623 3828 2777 3894 sequi
2827 3835 3058 3895 oportet,
3110 3826 3203 3896 qui
3248 3837 3345 3894 pro
3379 3825 3536 3880 nobis

1974 3925 2221 3971 mortuus
2258 3929 2341 3972 est
2365 3927 2417 3972 et
2445 3921 2741 3974 resurrexit
2769 3917 2834 3971 ⁸³.

2047 4007 2253 4062 Idcirco
2282 4008 2522 4063 Trinitas
2553 4009 2771 4077 quidem
2820 4009 2876 4061 in
2915 4023 3047 4063 voce
3069 4018 3190 4074 est;
3226 4012 3536 4076 passionem

1978 4113 2156 4157 autem
2184 4111 2237 4155 et
2270 4110 2499 4154 mortem
2558 4116 2650 4169 per
2692 4116 2889 4169 aquam
2930 4108 3406 4169 reprmsentamus,
3439 4114 3539 4153 nos

1981 4199 2126 4265 ipsos
2169 4195 2235 4248 ad
2286 4195 2497 4248 beatam
2533 4194 2677 4245 illam
2715 4193 2947 4260 speciem
2999 4202 3158 4260 atque
3195 4192 3423 4244 formam
3461 4194 3541 4244 in-

1982 4287 2295 4340 formantcs.
2336 4283 2410 4338 Ex
2442 4285 2601 4338 dictis
2648 4285 2827 4352 itaque
2867 4293 3034 4351 patet,
3071 4298 3169 4337 nos
3202 4283 3442 4351 undique
3473 4297 3540 4335 ex

1984 4379 2068 4430 bis
2118 4391 2236 4446 quae
2291 4376 2432 4431 circa
2489 4376 2817 4445 baptismum
2877 4375 3321 4436 considerantur,
3372 4382 3424 4425 et
3475 4388 3539 4426 ex

297 4477 436 4540 περὶ
468 4477 531 4527 τὸ
557 4474 845 4543 βάπτισμα
885 4476 1281 4546 θεωρουμένων
1321 4481 1430 4533 άπό
1461 4497 1518 4533 1e
1542 4482 1640 4550 τῆς
1671 4481 1876 4547 τάξεως
1907 4502 1955 4561 D
1983 4501 1984 4506 η

1856 4501 1876 4542 ς
1907 4502 1955 4561 D
1983 4469 2174 4525 ordine
2215 4468 2352 4535 ipso,
2400 4476 2452 4520 et
2501 4482 2566 4520 ex
2599 4465 2898 4525 vocabulis.
2937 4464 3135 4534 quibus
3183 4463 3440 4528 al‘licitnr,
3490 4473 3543 4516 et

296 4567 477 4633 αὐτῆς
505 4565 616 4617 τῶν
659 4583 718 4617 τε
754 4567 1063 4636 ὀνομάτων,
1099 4569 1224 4621 ὅθεν
1255 4571 1389 4623 αὐτὸ
1436 4571 1730 4640 καλοῦμεν,
1769 4572 1879 4626 ἀπό

294 4675 356 4710 τι
389 4657 500 4709 τῶν
535 4657 625 4709 ἐπ’
678 4651 827 4724 αὑτῷ
872 4659 1216 4728 τελουμένων
1253 4661 1350 4714 καὶ
1388 4662 1668 4731 ᾀδομένων
1703 4665 1881 4718 ἐκεῖνο

297 4746 678 4814 γινώσκομεν,
709 4746 812 4816 τὴν
839 4748 896 4800 ἐν
928 4749 1006 4817 τῷ
1032 4749 1258 4820 Χριστῷ
1289 4751 1433 4821 ζωὴν
1477 4752 1586 4803 ἀπὸ
1625 4751 1719 4804 τοῦ
1756 4754 1880 4806 λου-

297 4836 438 4907 τροῦ
472 4838 574 4905 τὴν
608 4838 788 4907 ἀρχὴν
838 4838 934 4890 τοῦ
991 4836 1132 4894 εἶναι
1164 4840 1485 4908 λαμὸάνειν.
1535 4840 1600 4893 Τί
1628 4841 1683 4894 δέ
1731 4843 1879 4895 ἐστιν

297 4923 438 4974 αὐτὸ
493 4922 556 4975 16
604 4917 749 4975 εἶναι
793 4923 894 4993 τὴν
950 4924 1118 4990 ζωὴν,
1183 4928 1366 4980 λοιπὸν
1391 4928 1456 4979 ἂν
1509 4928 1596 4998 εἴη
1627 4932 1876 4985 σκοπεῖν.

315 5009 477 5064 Ἐπεὶ
501 5013 614 5082 γὰρ
645 5014 713 5065 τά
747 5009 850 5081 μὲν
877 5016 1258 5085 ἀπολλύμεθα,
1288 5018 1354 5072 τὰ
1380 5019 1438 5071 δὲ
1472 5020 1760 5088 γινόμεθα,
1793 5019 1887 5072 καὶ

299 5104 372 5156 τὰ
410 5103 514 5171 μὶν
546 5102 840 5173 ρίπτομεν,
878 5104 948 5156 τά
977 5105 1034 5157 δὲ
1055 5106 1326 5176 σώζομεν,
1363 5110 1411 5160 εἰ
1438 5109 1489 5160 τι
1519 5109 1665 5161 ἔστιν
1696 5110 1887 5162 ἑκάτε-

305 5212 404 5264 ρον
460 5193 675 5247 τούτων
733 5195 946 5262 γένοιτο
995 5197 1178 5266 δῆλον,
1224 5199 1383 5267 δῆλον
1435 5199 1502 5253 ἂν
1537 5201 1623 5269 εἴη
1653 5201 1705 5252 τί
1740 5204 1888 5253 ἐστιν

1979 4575 2042 4614 ex
2076 4559 2437 4623 caeremoniis,
2476 4567 2529 4612 et
2571 4557 2750 4611 verbis
2785 4571 2903 4625 quae
2932 4557 2983 4609 in
3010 4572 3073 4608 eo
3111 4555 3544 4608 administrando

1979 4651 2327 4712 adhibentur,
2365 4649 2492 4702 illud
2529 4647 2760 4710 discere,
2793 4649 2959 4702 vitam
2996 4649 3046 4698 in
3078 4645 3300 4699 Christo
3335 4661 3362 4697 a
3396 4645 3542 4697 lava-

1980 4759 2076 4796 cro
2107 4743 2356 4795 essentia:
2390 4756 2503 4795 sua:
2550 4741 2875 4808 principium
2909 4752 3124 4807 capere.
3174 4736 3315 4802 Quid
3361 4747 3542 4790 autem

1981 4833 2050 4886 sit
2082 4833 2256 4900 ipsum
2309 4834 2432 4896 boc,
2479 4847 2602 4887 esse
2629 4831 2815 4892 vitam,
2849 4830 3108 4898 deinceps
3154 4843 3542 4896 exsequamur.

1981 4922 2247 4988 Quoniam
2298 4924 2444 4976 enim
2489 4923 2591 4976 alia
2631 4923 2926 4991 perdimus,
2979 4920 3084 4973 alia
3137 4920 3319 4980 timus,
3355 4927 3408 4972 et
3439 4919 3544 4971 alia

1985 5013 2322 5082 projicimus,
2352 5015 2454 5067 alia
2483 5029 2787 5078 servamus,
2815 5014 2861 5068 si
2887 5013 3159 5067 constabit
3185 5011 3314 5079 quid
3341 5020 3549 5063 utrum-

1984 5122 2089 5174 que
2124 5107 2315 5159 borum
2370 5107 2461 5168 sit,
2511 5106 2783 5160 constabit
2831 5107 3014 5168 etiam,
3071 5106 3201 5173 quid
3253 5103 3320 5157 sit
3369 5103 3546 5171 ipsum

1987 5196 2111 5260 hoc,
2148 5213 2165 5246 ι
2196 5197 2492 5249 secundum
2539 5196 2812 5251 Christum
2849 5197 3166 5250 subsistere.
3197 5211 3218 5247 ι
3257 5195 3348 5248 Est
3386 5195 3550 5264 igitur

302 5285 444 5338 αὐτὸ
478 5285 540 5336 16
577 5302 597 5336 ι
633 5285 779 5336 κατὰ
816 5286 1054 5354 Χριστὸν
1090 5289 1412 5356 ὑποστῆναι.
1449 5305 1467 5337 ι
1518 5289 1679 5342 Ἐστι
1710 5289 1891 5341 τοίνυν
1988 5303 1989 5308 ‘

1862 5305 1891 5341 ν
1988 5287 2118 5340 illud
2173 5287 2392 5356 quidem
2452 5298 2758 5357 peccatum,
2828 5290 2930 5342 hoc
2985 5289 3251 5357 iustitia;
3314 5299 3367 5341 et
3421 5286 3547 5339 illud

305 5377 370 5428 16
397 5375 503 5445 μιν
537 5375 812 5444 ἁμαρτία,
840 5376 902 5428 τὸ
931 5376 988 5428 δὲ
1019 5377 1359 5446 δικαιοσύνη,
1389 5379 1483 5430 καὶ
1508 5377 1569 5431 16
1595 5379 1694 5448 μὲν
1727 5381 1754 5432 6
1780 5397 1884 5432 πα-

307 5467 468 5528 λαιὸς
501 5465 818 5536 ἄνθρωπος,
850 5467 912 5520 16
941 5467 1000 5520 δὲ
1029 5471 1057 5521 6
1079 5469 1288 5530 καινός.
1320 5469 1540 5522 Μᾶλλον
1565 5468 1622 5522 δὲ
1655 5469 1882 5539 ἀκριϐέ-

307 5575 509 5628 στερον
534 5557 618 5611 ιτι
652 5560 784 5629 περί
811 5557 1020 5613 τούτων
1046 5559 1356 5630 σκοπῶμεν.

388 5737 453 5768 ⁸³⁸
483 5736 504 5790 l
533 5736 694 5793 Joan.
736 5754 773 5799 t,
812 5738 862 5792 1.

941 5738 986 5770 ⁶¹
1018 5735 1177 5792 Rom.
1210 5752 1260 5803 ι,
1307 5735 1392 5791 10.
1471 5736 1514 5767 ⁸³
1547 5733 1565 5788 1
1606 5735 1747 5790 Petr.
1783 5751 1840 5797 ιι,
1866 5736 1951 5792 :tl.

1995 5391 2148 5435 vetus
2183 5381 2365 5445 homo,
2415 5381 2516 5436 hoc
2561 5395 2758 5435 novus.
2808 5379 2913 5435 Sed
2943 5381 3254 5436 accuratius
3306 5381 3420 5434 hac
3469 5379 3553 5433 di-

1990 5472 2300 5542 spiciamus.
