4272 6446
260 392 366 453 537

1339 404 1433 462 DE
1478 402 1648 464 Vl'l‘.\
1700 405 1776 461 IN
1821 404 2152 463 CHRISTO
2185 408 2325 467 LIB.
2368 409 2448 466 ll.

3396 417 3499 477 533

260 512 501 583 συνεχῶς
539 515 571 584 ἡ
611 514 763 578 νόσος
802 514 1031 585 ἐχώρει’
1061 518 1189 581 ἴσως
1209 519 1264 571 δὲ
1290 523 1379 571 καῖ
1410 522 1497 572 διὰ
1524 520 1711 572 τοῦτον
1738 520 1826 571 τὸν
1858 520 1905 576 Α
1935 539 1945 573 ι

1812 520 2092 576 JAnullaa
2142 522 2341 574 dantur
2394 522 2515 573 ntali
2578 523 2736 590 hujus
2804 526 3069 589 inducizc,
3124 527 3213 579 sed
3278 533 3498 585 morbus

255 606 418 673 λόγον
449 608 727 677 ἀμήχανον
773 606 859 677 ἦν,
908 610 968 661 τὸ
1006 612 1159 677 γένος
1188 614 1295 662 τεῦν
1346 613 1652 678 ἀνθρώπων
1702 612 1832 663 αὐτὸ

258 700 443 766 ἐαυτῷ
474 701 610 768 πρὸς
637 702 931 770 θεραπεὲαν
965 703 1214 768 ἀρκέσαι,
1269 706 1426 772 μήτε,
1468 704 1832 771 γεγευσμένον

253 792 447 859 σχεδὸν
471 793 593 844 οὐδὲ
623 792 840 845 πώποτε
873 793 974 861 τῆς
1001 795 1337 863 ἐλευθερίας,
1393 797 1531 863 μήτε
1586 797 1705 846 ἐπεὶ
1758 795 1830 862 μὴ

253 884 610 952 ἐπεπεέρατο,
636 885 937 950 δυνάμενον
959 887 1037 948 εἰς
1076 886 1241 938 πόθον
1293 888 1466 937 ἐλθεῖν
1509 888 1602 938 καὶ
1646 890 1826 954 τυχεῖν

254 976 521 1040 ἐθελῆσαι
588 977 683 1028 καὶ
736 978 879 1030 κατά
936 978 1032 1046 τῆς
1088 978 1400 1047 τυραννίδας
1456 978 1825 1046 διαναστῆναι.

252 1068 479 1118 Τούτων
506 1067 616 1120 τῶν
646 1068 1047 1137 χαλεπωτάτων
1085 1070 1322 1137 δεσμῶν,
1356 1068 1561 1137 ταύτης
1616 1074 1712 1137 τῆς
1742 1070 1827 1120 δί-

248 1176 380 1224 κης.
420 1160 519 1225 τῆς
555 1160 734 1221 νόσου,
758 1160 852 1211 τοῦ
880 1160 1113 1213 θανάτου
1143 1163 1201 1212 τὸ
1228 1161 1449 1228 λουτρὸν
1476 1162 1825 1224 ἀπαλλάττει,

250 1252 397 1302 οὕτω
430 1251 529 1319 μὲν
565 1251 784 1319 ῥαδίως,
814 1252 889 1314 ὡς
934 1254 1067 1323 μηδὲ
1098 1254 1292 1322 χρόνου
1345 1255 1627 1324 δεηθῆναι,
1687 1254 1829 1307 οὕτω

249 1343 305 1393 δέ
346 1346 660 1395 παντάπασι
682 1344 772 1395 καὶ
802 1346 1043 1406 τελείως.
1077 1345 1214 1398 ὥστε
1243 1347 1378 1416 μηδὲ
1432 1348 1574 1417 ἴχνος
1605 1346 1828 1415 λειφθῆ-

250 1450 365 1493 ναι,
405 1433 501 1483 καὶ
532 1433 595 1484 οὐ
636 1434 900 1503 πονηρίας
934 1435 1270 1488 ἀπαλλάττει
1317 1435 1495 1503 μόνον,
1556 1436 1690 1487 ἀλλὰ
1734 1438 1828 1489 καὶ

250 1524 352 1586 τὴν
381 1523 630 1576 ἐναντίαν
662 1523 775 1587 ἕξιν
808 1525 1060 1594 παρέχει.
1098 1526 1271 1587 Αὐτὸς
1319 1528 1427 1595 γὰρ
1472 1529 1497 1579 ὁ
1546 1529 1826 1595 Δεσπότης

245 1614 317 1665 δι’
346 1607 424 1666 ὧν
463 1614 756 1675 ἀπέθανεν,
800 1615 1001 1668 ἔδωκεν
1031 1619 1162 1687 ἡμῖν
1224 1616 1472 1681 ἐξουσίαν
1508 1619 1827 1670 ἀποκτεῖναι

245 1704 351 1770 τὴν
389 1704 691 1774 ἁμαρτίαν,
718 1706 785 1758 δι’
809 1699 885 1759 ὧν
913 1707 969 1758 δὲ
1001 1708 1229 1771 ἀνεὸἱω,
1280 1710 1381 1776 τῆς
1444 1711 1635 1775 καινῆς
1680 1709 1826 1776 ζωῆς

248 1794 481 1863 ἐποίησε
521 1795 912 1865 κληρονόμους.
953 1797 1010 1848 Ὀ
1043 1798 1149 1865 γὰρ
1178 1797 1407 1859 θάνατος
1429 1800 1655 1859 ἐκεῖνος,
1690 1798 1824 1850 καθ-

243 1886 373 1937 όσον
410 1885 509 1954 μὲν
533 1904 540 1911 ·
569 1888 705 1939 αὐτὸ
730 1886 887 1939 τοῦτο
913 1887 1141 1947 θάνατος
1166 1884 1256 1958 ἦν,
1290 1891 1388 1956 τὴν
1417 1890 1659 1957 πονηρὰν
1686 1890 1827 1960 ζωὴν

243 1978 593 2043 ἀποκτείνει,
628 1978 862 2031 καθόσον
889 1979 945 2031 δέ
984 1981 1099 2031 ἐστι
1133 1980 1285 2048 δίκη,
1315 1980 1412 2042 τὰς
1450 1980 1679 2042 εὐθύνας
1710 1981 1827 2034 λύει

242 2070 357 2121 τῶν
389 2070 832 2140 ἁμαρτημάτων,
860 2063 935 2126 ὧν
968 2072 1057 2124 διὰ
1099 2072 1197 2134 τάς
1248 2074 1489 2143 πονηρὰς
1543 2072 1827 2143 ἐνεργείας

242 2163 483 2226 ἕκαστος
516 2163 798 2232 ὑπόχρεως
820 2160 983 2233 ἦμεν.

318 2426 432 2478 Καὶ
461 2425 654 2478 τοῦτον
684 2424 776 2478 τὸν
808 2425 1011 2496 τρόπον
1038 2426 1137 2495 τῆς
1190 2427 1355 2493 ἕξεως
1387 2430 1481 2480 καὶ
1526 2430 1625 2500 τῆς
1671 2434 1823 2502 ἐνερ-

240 2524 404 2588 γείας
450 2524 749 2590 συμπάσης
809 2522 1091 2591 ἁμαρτίας
1154 2524 1216 2575 τὸ
1269 2525 1494 2593 λουτρὸν
1550 2526 1826 2596 καθαροὺς

239 2615 568 2681 ἀποφαίνει,
594 2614 826 2665 καθόσον
856 2616 1153 2677 κοινωνοὺς
1203 2617 1349 2666 ποιεῖ
1404 2616 1498 2667 τοῦ
1559 2618 1823 2680 ζωοπόιοῦ

238 2707 439 2758 τούτου
481 2706 735 2758 θανάτου.
781 2706 935 2758 Ἐπεὶ
953 2707 1008 2758 δὲ
1044 2708 1137 2757 καὶ
1176 2706 1272 2773 τῆς
1300 2708 1645 2771 ἀναστάσεως
1696 2729 1824 2778 μετ-

238 2798 448 2871 έχομεν
494 2797 582 2849 διὰ
612 2797 673 2848 τὸ
703 2797 954 2865 λουτρὸν,
1002 2796 1149 2866 ζωὴν
1189 2799 1321 2868 ἡμῖν
1370 2802 1396 2850 ὁ
1460 2800 1689 2868 Χριστὸς
1746 2801 1825 2853 δι-

236 2889 407 2942 δωσιν
440 2888 614 2957 ἄλλην
650 2889 746 2942 καὶ
779 2889 921 2959 μέλη
953 2889 1177 2942 πλάττει
1208 2891 1299 2942 καὶ
1321 2890 1581 2958 δυνάμεις
1607 2892 1824 2961 ἐντίθη-

238 2999 353 3045 σιν,
379 2973 457 3034 ὧν
491 2981 675 3050 δεήσει
704 2981 841 3052 πρὸς
868 2982 960 3032 τὸν
992 2980 1257 3049 μέλλοντα
1292 2981 1405 3049 βὶον
1445 2984 1822 3051 ἀφικομένοις.

238 3076 342 3129 Διά
370 3075 535 3129 τοῦτο
564 3076 673 3144 γὰρ
707 3075 816 3128 τῶν
842 3075 1214 3143 ἐγκλημάτων
1242 3074 1438 3144 ἀθρόον
1495 3075 1696 3144 λύομαι
1730 3078 1823 3129 καὶ

1940 612 2157 663 assidue
2190 613 2376 679 serpit.
2416 612 2479 664 Et
2512 612 2746 667 fortasse
2784 627 3001 682 pr0pter
3043 619 3180 669 lianc
3227 621 3489 670 rationem

1937 717 2109 769 genus
2163 703 2460 755 humanum
2522 704 2697 772 ipsum
2770 722 2828 759 se
2884 723 3077 759 curare
3131 709 3279 762 nullo
3337 716 3494 762 modo

1938 800 2169 859 poterat,
2218 794 2361 860 quod
2411 809 2688 862 nunquam
2748 798 3131 863 propemodum
3190 799 3491 851 libertatem

1935 884 2282 950 gustavisset,
2321 899 2515 952 neque,
2562 900 2682 937 cum
2720 899 2999 953 expertum
3036 904 3143 941 non
3193 900 3357 949 esset,
3411 893 3493 943 vel

1935 972 1998 1024 ad
2033 973 2360 1025 desiderium
2398 975 2587 1026 saltem
2640 976 2784 1027 illius
2826 978 3156 1046 pertingere,
3203 990 3255 1031 et
3296 984 3491 1031 volun-

1933 1072 2098 1116 tatem
2154 1064 2419 1117 libertatis
2477 1067 2726 1134 asst-qui,
2792 1078 3091 1137 contraque
3153 1072 3490 1138 tyrannidem

1933 1172 2225 1225 exsurgere
2259 1168 2460 1224 posset.
2511 1158 2590 1209 Ali
2624 1158 2771 1211 hisce
2807 1160 3039 1213 vinculis
3078 1162 3392 1221 teterrimis,
3425 1164 3493 1213 ab

1936 1249 2036 1300 hoc
2072 1251 2358 1318 supplicio.
2402 1252 2469 1304 ab
2515 1251 2614 1305 hoc
2652 1253 2860 1314 morbo,
2915 1254 2979 1305 ab
3014 1254 3113 1307 bac
3151 1264 3322 1307 morte
3367 1256 3488 1306 fons

1940 1337 2043 1387 iste
2077 1337 2268 1389 liberat
2299 1354 2313 1402 ;
2344 1346 2397 1391 et
2448 1339 2519 1391 ita
2554 1340 2767 1407 quidem
2817 1340 2973 1393 facile
3027 1352 3187 1411 atque
3218 1344 3492 1408 expedite,

1937 1436 1994 1479 ιιι
2027 1443 2122 1481 nec
2158 1437 2398 1496 tempore
2423 1431 2689 1499 indigeat,
2722 1442 2938 1499 tamque
2965 1435 3119 1493 plene
3148 1450 3209 1485 ac
3236 1436 3490 1502 perfecte,

1937 1526 1995 1570 ut
2028 1535 2094 1571 ne
2124 1519 2412 1587 vestigium
2446 1521 2663 1588 quidem
2706 1522 3067 1589 relinquatur.
3112 1523 3215 1576 Nec
3246 1526 3421 1576 solum
3465 1542 3492 1575 ει

1934 1610 2229 1664 vitiositate
2270 1611 2483 1675 liberat,
2513 1614 2603 1663 sed
2634 1614 2877 1665 habitum
2913 1630 3129 1681 quoque
3158 1616 3492 1674 contrarium

1936 1703 2235 1772 ingenerat.
2281 1703 2401 1771 lpse
2435 1704 2577 1756 enim
2634 1705 2891 1758 Dominus
2943 1722 3034 1773 per
3073 1722 3299 1760 mortem
3339 1723 3493 1759 suam

1933 1795 2136 1860 peccati
2174 1796 2454 1849 occidendi
2494 1805 2813 1863 potestatem
2867 1799 3027 1852 nobis
3077 1800 3244 1861 dedit,
3297 1812 3347 1853 et
3402 1816 3496 1868 per

1934 1888 2395 1941 resurrectionem
2427 1890 2548 1942 vita:
2587 1904 2737 1942 nova:
2775 1891 3011 1944 Itmredes
3043 1893 3300 1945 instituit.
3341 1892 3493 1946 Mors

1932 1977 2198 2046 siquidem
2244 1980 2330 2036 illa
2368 1990 2639 2047 quatenus
2682 1982 2782 2035 hoc
2822 1985 2996 2051 ipsum
3027 1992 3130 2047 est,
3167 2002 3312 2040 mors
3344 1989 3493 2039 vide-

1930 2070 2077 2133 licet,
2114 2071 2277 2124 vitam
2343 2074 2583 2141 peccatis
2628 2075 2923 2128 obnoxiam
2965 2084 3017 2129 et
3049 2078 3307 2143 peccandi
3344 2078 3485 2131 babi-

1930 2174 2043 2219 tum
2100 2165 2381 2220 interimit.
2437 2168 2721 2234 Quatenus
2772 2171 3093 2238 supplicium
3150 2182 3252 2237 est,
3303 2190 3494 2242 pinnas

1930 2270 2274 2328 peccatorum
2328 2260 2489 2322 tollit,
2546 2261 2755 2329 quibus
2790 2270 3016 2332 promer
3063 2264 3340 2318 actionum
3377 2281 3492 2333 per-

1929 2351 2237 2402 versitatem
2272 2349 2623 2403 debebantur.

1998 2440 2174 2507 Atque
2224 2440 2289 2492 ad
2345 2441 2488 2493 hunc
2547 2440 2764 2493 modum
2822 2440 2890 2493 ab
2947 2444 3097 2494 omni
3154 2441 3373 2495 habitus
3441 2450 3495 2493 et

1928 2531 2161 2584 actionis
2223 2540 2447 2596 peccato
2504 2531 2781 2585 lavacrum
2851 2533 2951 2585 hoc
3008 2548 3173 2600 puros
3234 2544 3489 2600 praestat,

1928 2633 2196 2692 quatenus
2226 2639 2322 2677 n05
2362 2625 2524 2694 hujus
2557 2624 2785 2677 viviticae
2816 2628 3005 2678 mortis
3039 2626 3335 2692 participes
3374 2628 3494 2676 red-

1916 2716 2027 2769 ‘dit.
2068 2716 2128 2768 Et
2166 2716 2420 2783 quoniam
2472 2730 2568 2784 per
2620 2717 2943 2769 lavationem
2999 2717 3138 2769 hanc
3184 2720 3345 2773 etiam
3402 2732 3494 2768 re-

1928 2808 2281 2865 surrectionis
2330 2808 2665 2860 consortium
2723 2807 3057 2868 obtinemus,
3112 2808 3219 2860 vita
3256 2824 3353 2861 nos
3387 2810 3492 2861 alia

1928 2898 2182 2952 Christus
2228 2898 2413 2960 donat,
2469 2907 2524 2951 et
2576 2896 2817 2951 membra
2877 2899 3051 2962 tingit,
3106 2908 3157 2951 et
3208 2898 3493 2950 facultates

1928 2989 2085 3053 ittdit,
2146 2988 2344 3055 quibus
2393 2988 2461 3041 ad
2519 2986 2759 3041 futuram
2814 2989 2977 3039 vitam
3042 2987 3302 3056 profectis
3353 3002 3492 3056 Opus

1925 3081 2047 3133 erit.
2089 3079 2298 3133 Idcirco
2334 3079 2477 3132 enim
2518 3088 2573 3133 et
2610 3079 2934 3134 criminibus
2982 3080 3166 3133 statim
3215 3080 3489 3143 absolvar,

236 3166 343 3233 τὴν
373 3164 565 3232 ὑγείαν
595 3166 797 3219 αὐτίκα
832 3166 1120 3233 λαμϐάνω,
1162 3166 1399 3234 μάλιστα
1434 3167 1531 3233 μὲν
1562 3168 1647 3218 ὅτι
1679 3166 1817 3218 Θεοῦ
1846 3185 1890 3240 C

1802 3166 1890 3240 3C
1923 3177 1977 3221 et
2020 3167 2310 3222 sanitatem
2354 3183 2480 3221 mox
2521 3168 2840 3237 adipiseor,
2901 3170 3159 3231 titaxinte,
3213 3170 3339 3235 quia
3398 3169 3489 3222 Dei

235 3256 501 3328 καθαρῶς
525 3256 707 3325 ἔργον,
744 3257 803 3309 δν
827 3259 929 3310 οὐκ
960 3258 1038 3309 ἔνι
1063 3258 1239 3326 χρόνῳ
1285 3257 1575 3321 δουλεύειν,
1628 3259 1820 3309 ἔπειτα

236 3352 368 3404 οὐδὲ
398 3350 494 3403 νῦν
529 3345 587 3404 εὖ
628 3352 777 3403 ποιεῖ’
804 3351 863 3402 τὸ
894 3352 1069 3417 γένος,
1112 3350 1198 3401 ἵνα
1239 3352 1334 3403 καὶ
1371 3350 1567 3417 χρόνου
1624 3351 1817 3419 δεήσῃ,

238 3444 363 3497 ἀλλ’
385 3440 448 3496 εὖ
487 3443 814 3512 πεποίηκεν.
842 3442 918 3494 υὺ
944 3443 1054 3510 γὰρ
1080 3440 1173 3494 νῦν
1201 3442 1385 3493 δίδωσι
1416 3442 1514 3510 τὴν
1557 3441 1715 3510 δίκην
1746 3436 1819 3493 ὧν

232 3536 547 3605 ἥμαρτονό
610 3534 917 3601 Δεσπότης,
960 3534 1083 3588 οὐδὲ
1135 3532 1231 3585 νῦν
1280 3534 1681 3597 κατασκευάζει
1724 3535 1820 3604 τὴν

238 3628 489 3695 ἰατρείαν
515 3628 610 3678 καὶ
641 3626 776 3693 μέλη
803 3626 1033 3677 πλάττει
1086 3623 1180 3676 καὶ
1214 3624 1472 3691 δυνάμεις
1523 3624 1818 3693 ἐντίθησιν,

234 3721 356 3772 ἁλλ’
391 3719 602 3771 ἔπλασε
636 3718 731 3770 καὶ
760 3717 987 3786 ἐνέθηκε
1025 3719 1117 3770 καὶ
1148 3716 1578 3771 κατεσκεύασεν.
1614 3716 1732 3783 Ἀφ’
1758 3708 1819 3768 οὗ

1924 3260 2095 3316 solius
2135 3275 2275 3329 Opus
2305 3268 2408 3321 est,
2463 3260 2555 3328 qui
2594 3261 2828 3329 tempori
2864 3269 2916 3313 et
2967 3276 3132 3313 mora:
3166 3274 3272 3314 non
3315 3271 3493 3329 potest

1923 3350 2156 3418 alligari.
2192 3349 2398 3404 Deinde
2451 3366 2628 3419 neque
2677 3366 2818 3404 nunc
2849 3352 3029 3419 generi
3084 3362 3273 3405 nostro
3325 3355 3491 3409 bene-

1921 3443 2049 3497 facit
2099 3446 2194 3505 ita,
2253 3451 2311 3496 ut
2356 3453 2599 3511 tempore
2654 3456 2842 3511 egeat,
2898 3444 2990 3499 sed
3042 3441 3328 3497 benefoeit.
3374 3442 3489 3495 Non

1919 3535 2065 3587 enim
2121 3548 2265 3586 nunc
2305 3533 2795 3601 paeaasDominus
2852 3534 2949 3586 luit
2993 3549 3181 3586 eorum
3217 3549 3335 3600 qua:
3364 3549 3489 3600 pec-

1920 3625 2206 3679 cavimus:
2249 3640 2425 3695 neque
2478 3641 2621 3678 nunc
2662 3626 2982 3679 medicinam
3020 3634 3192 3692 parat,
3224 3634 3278 3682 et
3324 3632 3485 3678 ntetn-

1919 3719 2016 3774 bra
2068 3719 2288 3779 format,
2320 3698 2374 3771 et
2420 3718 2563 3771 vires
2595 3717 2765 3778 addit,
2813 3716 2909 3772 sed
2955 3716 3065 3782 jam
3112 3716 3387 3778 formavit,
3436 3727 3489 3770 et

232 3812 347 3881 γὰρ
386 3812 473 3871 εἰς
498 3811 589 3863 τὸν
640 3809 875 3878 σταυρὸν
931 3808 1098 3877 ἀνέϐη
1142 3809 1236 3860 καὶ
1276 3808 1514 3860 ἀπέθανε
1558 3810 1650 3860 καὶ
1724 3809 1824 3860 άν-
1916 3852 1919 3889 τ

1801 3836 1824 3849 -
1916 3810 2150 3874 addidit,
2184 3819 2239 3864 et
2269 3810 2499 3877 paravit.
2534 3809 2605 3861 Ex
2648 3825 2756 3877 quo
2786 3809 2930 3862 enim
2964 3808 3015 3861 in
3045 3825 3261 3863 erucem
3295 3824 3488 3862 ascen-

231 3904 401 3970 έστη,
446 3903 481 3973 η
511 3901 799 3969 ἐλευθερία
820 3901 931 3953 τῶν
987 3899 1299 3969 ἀνθρώπων
1335 3900 1594 3968 κατέστη,
1625 3901 1718 3951 καὶ
1761 3899 1822 3951 τὸ

232 3991 379 4054 εἶδος
426 3994 607 4045 καὶτὸ
644 3993 840 4054 κάλλος
866 3993 1123 4059 συνέστη,
1157 3992 1253 4044 καὶ
1294 3990 1363 4043 τὰ
1392 3991 1487 4043 νέα
1522 3991 1657 4059 μέλη
1691 4007 1822 4041 κατ-

229 4082 574 4151 εσκευάσθη.
637 4081 754 4133 Νῦν
783 4081 839 4133 δὲ
877 4081 1196 4149 προσελθεῖν
1230 4081 1312 4133 δεῖ
1340 4080 1499 4144 μόνον
1530 4082 1619 4132 καὶ
1652 4096 1820 4147 ’προσ⁶

232 4177 473 4243 αγαγεῖν
499 4176 620 4235 ταῖς
646 4176 855 4242 χάρισι·
886 4172 980 4223 καὶ
1004 4171 1160 4224 τοῦτο
1194 4173 1327 4241 ἡμῖν
1354 4173 1577 4224 δύναται
1606 4173 1665 4221 τὸ
1689 4172 1820 4223 λου-

229 4268 387 4338 τρὸν,
412 4267 653 4334 συνάψαι
670 4267 795 4325 τοὺς
818 4264 1044 4331 νεκροὺς
1063 4266 1129 4332 τῇ
1151 4264 1289 4332 ζωῇ,
1307 4266 1373 4331 τῇ
1400 4264 1681 4333 ἐλευθερία
1694 4264 1820 4325 τοὺς

225 4362 576 4427 δεδεμένους,
601 4360 727 4419 τοὺς
762 4354 1191 4423 διεφθαρμένους
1223 4357 1289 4423 τῇ
1322 4356 1568 4421 μακαρία
1611 4358 1816 4423 μορφῇ.

228 4454 303 4505 τὸ
338 4451 542 4518 λύτρον
590 4447 772 4515 ἐδόθη,
820 4448 915 4498 νῦν
970 4446 1210 4513 λυόμεθα
1272 4446 1450 4511 μόνον’
1513 4447 1575 4498 τὸ
1646 4448 1815 4515 μύρον

1921 3904 2024 3965 dit,
2083 3902 2449 3971 spiritumque
2510 3899 2705 3954 efﬂavit
2740 3941 2753 3961 ,
2808 3909 2862 3952 et
2924 3901 3199 3954 redivivus
3262 3901 3487 3968 prodiit,

1922 3992 2201 4045 hominum
2254 3992 2481 4045 libertas
2531 3993 2868 4055 constituta,
2918 3991 3235 4059 speciesque
3279 4001 3333 4043 et
3373 3992 3486 4059 pul-

1919 4084 2175 4138 chritudo
2238 4084 2564 4146 conciliata,
2623 4092 2676 4136 ct
2727 4097 2862 4136 nova
2924 4084 3164 4136 membra
3220 4084 3483 4135 adornata

1921 4184 2071 4227 sunt.
2136 4172 2368 4226 Tantum
2430 4173 2687 4227 accedere
2768 4182 2821 4224 et
2869 4188 2989 4233 sese
3043 4174 3229 4238 gratiae
3285 4172 3485 4227 offerre

1918 4281 2055 4334 opus
2090 4274 2193 4319 est.
2247 4264 2312 4316 Et
2357 4264 2499 4316 istud
2549 4264 2600 4315 in
2642 4263 2798 4318 nobis
2835 4265 3136 4330 baptismus
3170 4264 3370 4329 etlicit,
3428 4274 3484 4319 ut

1918 4360 2174 4412 nimirum
2211 4367 2458 4410 mortuos
2493 4372 2615 4409 cum
2654 4358 2781 4419 vital
2835 4370 2888 4409 et
2922 4360 3133 4410 vinctus
3166 4374 3287 4415 cum
3321 4360 3485 4409 Iiber-

1920 4457 2052 4511 tate,
2116 4447 2378 4502 informes
2438 4458 2491 4501 et
2541 4459 2825 4514 corruptos
2886 4464 3007 4500 cum
3092 4448 3245 4501 beata
3310 4448 3481 4501 forma

221 4546 413 4615 ἑχὲθη,
447 4511 545 4595 καὶ
591 4544 622 4610 ἡ
651 4511 851 4593 εὐωδία
887 4538 947 4594 τὸ
984 4511 1088 4590 πᾶν
1115 4522 1349 4605 κατέσχε
1392 4554 1406 4569 ο
1445 4511 1673 4590 πνεῦσαι
1702 4511 1812 4590 λγεί-
1843 4511 1892 4569 D

1797 4568 1812 4578 -
1843 4511 1892 4569 Β
1916 4540 2230 4610 conjungat.
2265 4538 2607 4593 Persolutum
2628 4548 2709 4593 est
2730 4539 2961 4608 pretium
2992 4557 3004 4591 :
3039 4555 3183 4592 nunc
3214 4551 3421 4592 tantum
3455 4556 3484 4593 e

227 4653 393 4690 πεται
426 4634 609 4703 μόνον,
651 4630 853 4701 μᾶλλον
896 4629 952 4680 δὲ
984 4629 1105 4680 οὐδὲ
1142 4627 1380 4694 πνεῦμα.
1444 4627 1551 4678 Καὶ
1581 4628 1687 4696 γὰρ
1754 4629 1814 4681 τὸ

221 4725 493 4783 δᾶνασθαι
527 4722 760 4777 πνεῦσαι
790 4722 941 4789 παρὰ
963 4719 1055 4771 τοῦ
1085 4718 1339 4786 Σωτῆρος
1371 4718 1811 4786 κατεσκευάσθη,

223 4824 323 4876 καὶ
348 4820 409 4872 τὸ
442 4816 709 4869 δύνασθαι
740 4812 967 4877 λυθῆναι
1008 4811 1102 4863 καὶ
1141 4809 1201 4862 τὸ
1230 4808 1489 4862 δύνασθαι
1533 4811 1811 4879 φωτισθῆ-

223 4933 334 4967 ναι.
366 4913 480 4966 Καὶ
511 4909 621 4978 γὰρ
646 4908 705 4959 ού
738 4905 855 4973 φῶς
884 4901 1128 4956 ἀνέτειλε
1164 4902 1324 4970 μόνον
1356 4901 1436 4963 εἰς
1468 4900 1557 4953 τὸν
1606 4902 1812 4970 κόσμον

223 5005 420 5067 ἐλθὼν,
462 5002 601 5055 ἀλλά
631 5001 727 5051 καὶ
758 4996 1038 5065 ὀφθαλμὸν
1085 4992 1484 5055 κατεσκεύασε,
1546 4993 1640 5044 καὶ
1664 4994 1721 5044 οὐ
1754 4994 1814 5046 τὸ

224 5099 405 5168 μύρον
432 5095 618 5161 ἐξέχεε
640 5093 821 5159 μόνον,
846 5087 979 5139 ἀλλὰ
1002 5086 1098 5138 καὶ
1128 5084 1386 5151 αἴσθησιν
1414 5083 1606 5135 ἔδωκε·
1642 5085 1735 5134 νῦν
1755 5084 1811 5135 δὲ

219 5193 279 5244 τὸ
318 5188 471 5256 ἱερὸν
510 5184 672 5237 τοῦτο
701 5181 931 5249 λουτρὸν
964 5177 1192 5238 ταύταις
1241 5176 1362 5235 ταῖς
1402 5176 1687 5243 αἰσθήσεσι
1715 5178 1815 5229 καὶ

218 5284 343 5343 ταῖς
374 5276 643 5345 δυνάμεσι
668 5277 796 5335 τοὺς
828 5270 1187 5337 λελουμένους
1225 5268 1509 5319 συνάπτει.
1543 5266 1809 5335 Καθάπερ

220 5375 333 5440 γαρ
366 5370 472 5437 ὕλη
505 5366 743 5426 ἀνείδεος
788 5363 883 5415 καὶ
907 5362 1157 5428 ἄμορφος
1190 5358 1267 5418 εἰς
1289 5358 1348 5408 τὸ
1378 5356 1524 5426 ὕδωρ
1547 5358 1810 5414 καταδυό-

223 5483 381 5537 μενοι
408 5462 596 5525 τοῦτο,
632 5461 688 5511 ἐν
712 5454 862 5524 αὐτῷ
888 5454 963 5521 τῷ
987 5451 1136 5520 καλῷ
1159 5451 1631 5519 περιτυγχάνομεν
1647 5451 1800 5509 εῖδει,

1917 4633 2150 4687 vinculis
2178 4633 2412 4684 eximus.
2450 4631 2796 4699 Unguentum
2828 4630 3052 4684 eﬂusuni
3085 4642 3187 4693 est,
3220 4644 3270 4684 et
3298 4634 3481 4685 odoris

1917 4722 2214 4792 fragrantia
2248 4721 2539 4789 complevit
2578 4722 2693 4775 loca
2727 4722 2944 4774 omnia:
2994 4722 3171 4774 solum
3204 4734 3258 4773 ut
3287 4723 3336 4776 id
3368 4726 3483 4790 spi—

1916 4830 2101 4869 remus
2132 4814 2475 4881 relinquitur.
2508 4812 2619 4865 lmo
2657 4828 2723 4865 ne
2763 4813 2911 4865 istud
2954 4814 3217 4880 quidem;
3258 4831 3379 4870 nam
3429 4828 3481 4866 et

1916 4906 2126 4975 spirare
2159 4920 2340 4971 posse,
2373 4920 2401 4956 a
2445 4904 2722 4957 Salvatore
2760 4904 2915 4956 nobis
2947 4915 3318 4971 comparatum
3352 4916 3433 4957 est
3462 4942 3477 4967 ,

1914 4999 2061 5051 sicut
2094 5011 2255 5065 posse
2280 4996 2506 5059 exsolvi,
2537 4995 2678 5047 sicut
2706 5010 2867 5062 posse
2913 4995 3231 5047 illuminari.
3271 4996 3480 5052 Etenim

1917 5090 2002 5141 lux
2039 5102 2148 5140 non
2198 5088 2373 5141 solum
2403 5096 2519 5139 orta
2558 5096 2611 5137 et
2666 5087 2719 5139 in
2773 5086 3035 5139 mundum
3089 5088 3333 5154 ingtessa
3375 5098 3480 5149 est,

1916 5182 2009 5234 sed
2034 5190 2088 5233 et
2122 5180 2337 5233 oculum
2374 5181 2454 5232 sui
2486 5178 2699 5231 videndi
2730 5179 2935 5231 creavit
2965 5194 2980 5242 ;
3008 5193 3106 5230 nec
3140 5187 3474 5243 unguentum

1915 5274 2300 5327 tantummodo
2339 5272 2552 5333 etfudit,
2583 5270 2675 5323 sed
2721 5272 2962 5338 ejusdem
3004 5286 3224 5339 quoque
3259 5286 3479 5323 sensum

1915 5365 2158 5419 donavit.
2209 5364 2365 5417 Nunc
2417 5372 2668 5417 sanctum
2727 5362 2869 5415 istud
2929 5364 3201 5415 lavacrum
3268 5362 3482 5412 ablutus

1916 5454 2226 5521 hujusmodi
2285 5453 2541 5507 sensibus
2578 5459 2631 5504 et.
2662 5452 3009 5506 facultatibus
3052 5452 3309 5507 devincit.
3346 5449 3480 5502 Nam

221 5568 279 5613 ut
337 5553 575 5610 materia
627 5550 812 5618 specie
873 5559 1069 5599 carens
1106 5552 1159 5597 et
1200 5542 1452 5598 informis
1502 5544 1554 5597 in
1608 5562 1804 5614 aquam
1883 5551 2024 5603 hanc
2095 5546 2489 5615 demergimur,
2546 5556 2597 5599 et
2658 5546 2709 5599 in
2763 5549 2877 5615 ipsa
2930 5546 3160 5599 formam
3190 5547 3480 5615 quamdam

219 5657 535 5723 elegantem
572 5649 903 5718 reperimus.

293 5752 397 5804 Διὰ
419 5747 600 5801 ταῦτα
633 5749 813 5800 πάντα
833 5749 967 5815 ἡμῖν
986 5746 1179 5814 ἀθρόον
1211 5743 1489 5799 ἀνατέλλει
1510 5744 1573 5794 τὰ
1598 5743 1799 5808 ἀγαθὼ

222 5840 787 5917 προκατεσκεύασται
823 5840 951 5915 γάρ·
996 5857 1011 5888 ι
1054 5838 1126 5891 Τὸ
1158 5837 1385 5906 ἄριστόν
1445 5853 1544 5904 μου
1578 5836 1804 5905 ἡτοίμα.

1986 5741 2066 5795 Ob
2099 5741 2213 5795 lucc
2252 5739 2433 5792 subito
2480 5738 2640 5791 nobis
2687 5746 3020 5791 enascuntur
3064 5738 3203 5790 bona
3254 5739 3479 5799 otnnia;

1914 5842 2042 5891 sunt
2090 5833 2234 5893 enim
2276 5831 2425 5905 prius
2478 5841 2817 5899 μιαίνει-διας
2885 5829 3228 5884 «Prandium
3294 5846 3474 5887 meum
