  <div class='ocr_page' id='page_1' title='image "/cluster/home/n/w/nwhite01/storage/ocr_20150623/150/nnc1.0022106740/281.png"; bbox 0 0 4272 6446; ppageno 0'>
   <div class='ocr_carea' id='block_1_1' title="bbox 748 385 852 450">
    <p class='ocr_par' dir='ltr' id='par_1_1' title="bbox 748 385 852 450">
     <span class='ocr_line' id='line_1_1' title="bbox 748 385 852 450; baseline -0.019 -1"><span class='ocrx_word' id='word_1_1' title='bbox 748 385 852 450; x_wconf 81' lang='grc'><strong>543</strong></span> 
     </span>
    </p>
   </div>
   <div class='ocr_carea' id='block_1_2' title="bbox 2001 382 2745 446">
    <p class='ocr_par' dir='ltr' id='par_1_2' title="bbox 2001 382 2745 446">
     <span class='ocr_line' id='line_1_2' title="bbox 2001 382 2745 446; baseline 0.001 -3"><span class='ocrx_word' id='word_1_2' title='bbox 2001 382 2309 445; x_wconf 69' lang='lat' dir='ltr'><strong>NlCOl.“</strong></span> <span class='ocrx_word' id='word_1_3' title='bbox 2354 383 2745 446; x_wconf 56' lang='lat' dir='ltr'><strong>CA&#39;BASILE</strong></span> 
     </span>
    </p>
   </div>
   <div class='ocr_carea' id='block_1_3' title="bbox 3874 379 3979 442">
    <p class='ocr_par' dir='ltr' id='par_1_3' title="bbox 3874 379 3979 442">
     <span class='ocr_line' id='line_1_3' title="bbox 3874 379 3979 442; baseline 0 0"><span class='ocrx_word' id='word_1_4' title='bbox 3874 379 3979 442; x_wconf 64' lang='lat' dir='ltr'><strong>5H</strong></span> 
     </span>
    </p>
   </div>
   <div class='ocr_carea' id='block_1_4' title="bbox 750 493 2437 569">
    <p class='ocr_par' dir='ltr' id='par_1_4' title="bbox 750 499 2437 569">
     <span class='ocr_line' id='line_1_4' title="bbox 750 499 2437 569; baseline 0.001 -16"><span class='ocrx_word' id='word_1_5' title='bbox 750 499 1023 556; x_wconf 74' lang='lat' dir='ltr'><strong>sentiendi</strong></span> <span class='ocrx_word' id='word_1_6' title='bbox 1050 514 1101 555; x_wconf 90' lang='lat' dir='ltr'><strong>et</strong></span> <span class='ocrx_word' id='word_1_7' title='bbox 1134 501 1392 555; x_wconf 77' lang='lat' dir='ltr'><strong>facultate</strong></span> <span class='ocrx_word' id='word_1_8' title='bbox 1420 501 1682 569; x_wconf 79' lang='lat' dir='ltr'><strong>privatus,</strong></span> <span class='ocrx_word' id='word_1_9' title='bbox 1723 514 1818 569; x_wconf 87' lang='lat' dir='ltr'><strong>per</strong></span> <span class='ocrx_word' id='word_1_10' title='bbox 1850 511 1987 569; x_wconf 81' lang='lat' dir='ltr'><strong>quas</strong></span> <span class='ocrx_word' id='word_1_11' title='bbox 2017 515 2072 554; x_wconf 90' lang='lat' dir='ltr'><strong>et</strong></span> <span class='ocrx_word' id='word_1_12' title='bbox 2111 514 2312 569; x_wconf 72' lang='lat' dir='ltr'><strong>cogno-</strong></span> <span class='ocrx_word' id='word_1_13' title='bbox 2344 509 2387 563; x_wconf 68' lang='grc' dir='ltr'><strong>Α</strong></span> <span class='ocrx_word' id='word_1_14' title='bbox 2415 501 2437 554; x_wconf 79' lang='grc' dir='ltr'>δ</span> 
     </span>
    </p>
   </div>
   <div class='ocr_carea' id='block_1_5' title="bbox 2307 493 3994 569">
    <p class='ocr_par' dir='ltr' id='par_1_5' title="bbox 2307 493 3994 569">
     <span class='ocr_line' id='line_1_5' title="bbox 2307 493 3994 569; baseline -0.007 -14"><span class='ocrx_word' id='word_1_15' title='bbox 2307 532 2312 542; x_wconf 91' lang='lat'><strong><em>-</em></strong></span> <span class='ocrx_word' id='word_1_16' title='bbox 2344 509 2387 563; x_wconf 69' lang='grc' dir='ltr'><strong>Α</strong></span> <span class='ocrx_word' id='word_1_17' title='bbox 2415 501 2732 569; x_wconf 77' lang='grc' dir='ltr'>δυνηθῆναι.</span> <span class='ocrx_word' id='word_1_18' title='bbox 2757 497 2857 551; x_wconf 75' lang='grc' dir='ltr'>Διὰ</span> <span class='ocrx_word' id='word_1_19' title='bbox 2889 496 3044 550; x_wconf 79' lang='grc' dir='ltr'>τοῦτο</span> <span class='ocrx_word' id='word_1_20' title='bbox 3074 498 3137 551; x_wconf 88' lang='grc' dir='ltr'>ού</span> <span class='ocrx_word' id='word_1_21' title='bbox 3166 497 3272 567; x_wconf 76' lang='grc' dir='ltr'><strong>χρὴ</strong></span> <span class='ocrx_word' id='word_1_22' title='bbox 3296 493 3623 564; x_wconf 74' lang='grc' dir='ltr'><strong>θαυμάζειν,</strong></span> <span class='ocrx_word' id='word_1_23' title='bbox 3654 495 3704 547; x_wconf 81' lang='grc' dir='ltr'><strong>εί</strong></span> <span class='ocrx_word' id='word_1_24' title='bbox 3732 494 3994 564; x_wconf 67' lang='grc' dir='ltr'>ζήσανται</span> 
     </span>
    </p>
   </div>
   <div class='ocr_carea' id='block_1_6' title="bbox 750 594 2322 658">
    <p class='ocr_par' dir='ltr' id='par_1_6' title="bbox 750 594 2322 658">
     <span class='ocr_line' id='line_1_6' title="bbox 750 594 2322 658; baseline -0.001 -9"><span class='ocrx_word' id='word_1_25' title='bbox 750 610 904 649; x_wconf 76' lang='lat' dir='ltr'><strong>seere</strong></span> <span class='ocrx_word' id='word_1_26' title='bbox 946 595 1309 658; x_wconf 68' lang='lat' dir='ltr'><strong>Salvatorem,</strong></span> <span class='ocrx_word' id='word_1_27' title='bbox 1360 605 1415 649; x_wconf 91' lang='lat' dir='ltr'><strong>et</strong></span> <span class='ocrx_word' id='word_1_28' title='bbox 1451 610 1655 656; x_wconf 84' lang='lat' dir='ltr'><strong>amare,</strong></span> <span class='ocrx_word' id='word_1_29' title='bbox 1700 604 1753 648; x_wconf 90' lang='lat' dir='ltr'><strong>ct</strong></span> <span class='ocrx_word' id='word_1_30' title='bbox 1798 594 1933 646; x_wconf 74' lang='lat' dir='ltr'><strong>velle</strong></span> <span class='ocrx_word' id='word_1_31' title='bbox 1976 608 2099 646; x_wconf 89' lang='lat' dir='ltr'><strong>cum</strong></span> <span class='ocrx_word' id='word_1_32' title='bbox 2148 609 2213 648; x_wconf 89' lang='lat' dir='ltr'><strong>eo</strong></span> <span class='ocrx_word' id='word_1_33' title='bbox 2266 603 2322 647; x_wconf 81' lang='lat' dir='ltr'><strong>et</strong></span> 
     </span>
    </p>
   </div>
   <div class='ocr_carea' id='block_1_7' title="bbox 750 686 2320 755">
    <p class='ocr_par' dir='ltr' id='par_1_7' title="bbox 750 686 2320 755">
     <span class='ocr_line' id='line_1_7' title="bbox 750 686 2320 755; baseline 0.001 -18"><span class='ocrx_word' id='word_1_34' title='bbox 750 702 912 755; x_wconf 85' lang='lat' dir='ltr'><strong>posse</strong></span> <span class='ocrx_word' id='word_1_35' title='bbox 943 690 1123 741; x_wconf 72' lang='lat' dir='ltr'><strong>vivere</strong></span> <span class='ocrx_word' id='word_1_36' title='bbox 1160 689 1307 750; x_wconf 87' lang='lat' dir='ltr'><strong>licet,</strong></span> <span class='ocrx_word' id='word_1_37' title='bbox 1345 687 1543 740; x_wconf 89' lang='lat' dir='ltr'><strong>mirmn</strong></span> <span class='ocrx_word' id='word_1_38' title='bbox 1596 687 1844 740; x_wconf 84' lang='lat' dir='ltr'><strong>accidere</strong></span> <span class='ocrx_word' id='word_1_39' title='bbox 1895 686 2097 738; x_wconf 91' lang='lat' dir='ltr'><strong>nemini</strong></span> <span class='ocrx_word' id='word_1_40' title='bbox 2142 687 2320 750; x_wconf 85' lang='lat' dir='ltr'><strong>debet,</strong></span> 
     </span>
    </p>
   </div>
   <div class='ocr_carea' id='block_1_8' title="bbox 752 778 2320 848">
    <p class='ocr_par' dir='ltr' id='par_1_8' title="bbox 752 778 2320 848">
     <span class='ocr_line' id='line_1_8' title="bbox 752 778 2320 848; baseline -0.002 -15"><span class='ocrx_word' id='word_1_41' title='bbox 752 780 797 833; x_wconf 90' lang='lat' dir='ltr'><strong>si</strong></span> <span class='ocrx_word' id='word_1_42' title='bbox 840 795 1026 832; x_wconf 88' lang='lat' dir='ltr'><strong>omnes</strong></span> <span class='ocrx_word' id='word_1_43' title='bbox 1075 780 1294 848; x_wconf 84' lang='lat' dir='ltr'><strong>quidem</strong></span> <span class='ocrx_word' id='word_1_44' title='bbox 1336 778 1739 835; x_wconf 70' lang='lat' dir='ltr'><strong>immortaliter.</strong></span> <span class='ocrx_word' id='word_1_45' title='bbox 1781 792 1889 829; x_wconf 90' lang='lat' dir='ltr'><strong>non</strong></span> <span class='ocrx_word' id='word_1_46' title='bbox 1923 792 2117 831; x_wconf 88' lang='lat' dir='ltr'><strong>omnes</strong></span> <span class='ocrx_word' id='word_1_47' title='bbox 2142 791 2320 830; x_wconf 86' lang='lat' dir='ltr'><strong>autem</strong></span> 
     </span>
    </p>
   </div>
   <div class='ocr_carea' id='block_1_9' title="bbox 752 869 2322 937">
    <p class='ocr_par' dir='ltr' id='par_1_9' title="bbox 752 869 2322 937">
     <span class='ocr_line' id='line_1_9' title="bbox 752 869 2322 937; baseline 0.001 -14"><span class='ocrx_word' id='word_1_48' title='bbox 752 871 903 923; x_wconf 82' lang='lat' dir='ltr'><strong>beate</strong></span> <span class='ocrx_word' id='word_1_49' title='bbox 940 870 1287 937; x_wconf 80' lang='lat' dir='ltr'><strong>feliciterque</strong></span> <span class='ocrx_word' id='word_1_50' title='bbox 1316 871 1513 924; x_wconf 86' lang='lat' dir='ltr'><strong>victuri</strong></span> <span class='ocrx_word' id='word_1_51' title='bbox 1551 882 1698 924; x_wconf 91' lang='lat' dir='ltr'><strong>sunt.</strong></span> <span class='ocrx_word' id='word_1_52' title='bbox 1734 869 1867 923; x_wconf 82' lang='lat' dir='ltr'><strong>Nam</strong></span> <span class='ocrx_word' id='word_1_53' title='bbox 1901 871 2142 924; x_wconf 80' lang='lat' dir='ltr'><strong>divinam</strong></span> <span class='ocrx_word' id='word_1_54' title='bbox 2177 870 2322 925; x_wconf 87' lang='lat' dir='ltr'><strong>circa</strong></span> 
     </span>
    </p>
   </div>
   <div class='ocr_carea' id='block_1_10' title="bbox 753 961 2323 1027">
    <p class='ocr_par' dir='ltr' id='par_1_10' title="bbox 753 961 2323 1027">
     <span class='ocr_line' id='line_1_10' title="bbox 753 961 2323 1027; baseline 0.002 -14"><span class='ocrx_word' id='word_1_55' title='bbox 753 972 1003 1014; x_wconf 84' lang='lat' dir='ltr'><strong>naturam</strong></span> <span class='ocrx_word' id='word_1_56' title='bbox 1040 962 1434 1027; x_wconf 82' lang='lat' dir='ltr'><strong>providentiam</strong></span> <span class='ocrx_word' id='word_1_57' title='bbox 1494 976 1687 1015; x_wconf 86' lang='lat' dir='ltr'><strong>omnes</strong></span> <span class='ocrx_word' id='word_1_58' title='bbox 1736 962 1886 1014; x_wconf 90' lang='lat' dir='ltr'><strong>nullo</strong></span> <span class='ocrx_word' id='word_1_59' title='bbox 1924 961 2240 1015; x_wconf 87' lang='lat' dir='ltr'><strong>discrimine</strong></span> <span class='ocrx_word' id='word_1_60' title='bbox 2271 971 2323 1016; x_wconf 92' lang='lat' dir='ltr'><strong>ct</strong></span> 
     </span>
    </p>
   </div>
   <div class='ocr_carea' id='block_1_11' title="bbox 752 1050 2322 1121">
    <p class='ocr_par' dir='ltr' id='par_1_11' title="bbox 752 1050 2322 1121">
     <span class='ocr_line' id='line_1_11' title="bbox 752 1050 2322 1121; baseline 0 -18"><span class='ocrx_word' id='word_1_61' title='bbox 752 1067 904 1117; x_wconf 70' lang='lat' dir='ltr'><strong>neque</strong></span> <span class='ocrx_word' id='word_1_62' title='bbox 948 1052 1225 1103; x_wconf 88' lang='lat' dir='ltr'><strong>sentiunt:</strong></span> <span class='ocrx_word' id='word_1_63' title='bbox 1257 1052 1375 1121; x_wconf 83' lang='lat' dir='ltr'><strong>ejus</strong></span> <span class='ocrx_word' id='word_1_64' title='bbox 1420 1060 1599 1103; x_wconf 85' lang='lat' dir='ltr'><strong>autem</strong></span> <span class='ocrx_word' id='word_1_65' title='bbox 1647 1051 1984 1104; x_wconf 72' lang='lat' dir='ltr'><strong>voluntatem</strong></span> <span class='ocrx_word' id='word_1_66' title='bbox 2036 1050 2196 1103; x_wconf 91' lang='lat' dir='ltr'><strong>donis</strong></span> <span class='ocrx_word' id='word_1_67' title='bbox 2234 1065 2322 1103; x_wconf 88' lang='lat' dir='ltr'><strong>or-</strong></span> 
     </span>
    </p>
   </div>
   <div class='ocr_carea' id='block_1_12' title="bbox 754 1140 2326 1211">
    <p class='ocr_par' dir='ltr' id='par_1_12' title="bbox 754 1140 2326 1211">
     <span class='ocr_line' id='line_1_12' title="bbox 754 1140 2326 1211; baseline -0.001 -14"><span class='ocrx_word' id='word_1_68' title='bbox 754 1145 919 1197; x_wconf 82' lang='lat' dir='ltr'><strong>nandi</strong></span> <span class='ocrx_word' id='word_1_69' title='bbox 954 1144 1053 1195; x_wconf 90' lang='lat' dir='ltr'><strong>soli</strong></span> <span class='ocrx_word' id='word_1_70' title='bbox 1102 1145 1454 1210; x_wconf 70' lang='lat' dir='ltr'><strong>experientur</strong></span> <span class='ocrx_word' id='word_1_71' title='bbox 1479 1157 1541 1195; x_wconf 80' lang='lat' dir='ltr'><strong>ex</strong></span> <span class='ocrx_word' id='word_1_72' title='bbox 1576 1144 1860 1206; x_wconf 88' lang='lat' dir='ltr'><strong>omnibus,</strong></span> <span class='ocrx_word' id='word_1_73' title='bbox 1889 1143 1979 1210; x_wconf 87' lang='lat' dir='ltr'><strong>qui</strong></span> <span class='ocrx_word' id='word_1_74' title='bbox 2025 1140 2194 1195; x_wconf 83' lang='lat' dir='ltr'><strong>Deum</strong></span> <span class='ocrx_word' id='word_1_75' title='bbox 2238 1146 2326 1211; x_wconf 83' lang='lat' dir='ltr'><strong>pie</strong></span> 
     </span>
    </p>
   </div>
   <div class='ocr_carea' id='block_1_13' title="bbox 754 1233 2326 1304">
    <p class='ocr_par' dir='ltr' id='par_1_13' title="bbox 754 1233 2326 1304">
     <span class='ocr_line' id='line_1_13' title="bbox 754 1233 2326 1304; baseline -0.001 -14"><span class='ocrx_word' id='word_1_76' title='bbox 754 1249 1052 1304; x_wconf 76' lang='lat' dir='ltr'><strong>sancteque</strong></span> <span class='ocrx_word' id='word_1_77' title='bbox 1088 1235 1352 1289; x_wconf 87' lang='lat' dir='ltr'><strong>coluerint</strong></span> <span class='ocrx_word' id='word_1_78' title='bbox 1384 1253 1396 1287; x_wconf 92' lang='lat'><strong>:</strong></span> <span class='ocrx_word' id='word_1_79' title='bbox 1424 1234 1552 1302; x_wconf 83' lang='lat' dir='ltr'><strong>quia</strong></span> <span class='ocrx_word' id='word_1_80' title='bbox 1601 1235 1857 1287; x_wconf 83' lang='lat' dir='ltr'><strong>nimirum</strong></span> <span class='ocrx_word' id='word_1_81' title='bbox 1898 1233 2036 1287; x_wconf 77' lang='lat' dir='ltr'><strong>Deus</strong></span> <span class='ocrx_word' id='word_1_82' title='bbox 2069 1233 2326 1288; x_wconf 86' lang='lat' dir='ltr'><strong>omnibus</strong></span> 
     </span>
    </p>
   </div>
   <div class='ocr_carea' id='block_1_14' title="bbox 755 1324 2325 1393">
    <p class='ocr_par' dir='ltr' id='par_1_14' title="bbox 755 1324 2325 1393">
     <span class='ocr_line' id='line_1_14' title="bbox 755 1324 2325 1393; baseline 0.001 -16"><span class='ocrx_word' id='word_1_83' title='bbox 755 1327 973 1388; x_wconf 80' lang='lat' dir='ltr'><strong>quidem</strong></span> <span class='ocrx_word' id='word_1_84' title='bbox 1012 1329 1192 1380; x_wconf 85' lang='lat' dir='ltr'><strong>omnia</strong></span> <span class='ocrx_word' id='word_1_85' title='bbox 1248 1327 1386 1381; x_wconf 84' lang='lat' dir='ltr'><strong>bona</strong></span> <span class='ocrx_word' id='word_1_86' title='bbox 1433 1328 1586 1387; x_wconf 84' lang='lat' dir='ltr'><strong>vult,</strong></span> <span class='ocrx_word' id='word_1_87' title='bbox 1634 1337 1684 1378; x_wconf 92' lang='lat' dir='ltr'><strong>et</strong></span> <span class='ocrx_word' id='word_1_88' title='bbox 1724 1324 1981 1379; x_wconf 73' lang='lat' dir='ltr'><strong>omnibus</strong></span> <span class='ocrx_word' id='word_1_89' title='bbox 2028 1340 2181 1393; x_wconf 70' lang='lat' dir='ltr'><strong>aeque</strong></span> <span class='ocrx_word' id='word_1_90' title='bbox 2224 1341 2325 1379; x_wconf 88' lang='lat' dir='ltr'><strong>sua</strong></span> 
     </span>
    </p>
   </div>
   <div class='ocr_carea' id='block_1_15' title="bbox 756 1414 2321 1483">
    <p class='ocr_par' dir='ltr' id='par_1_15' title="bbox 756 1414 2321 1483">
     <span class='ocr_line' id='line_1_15' title="bbox 756 1414 2321 1483; baseline -0.001 -15"><span class='ocrx_word' id='word_1_91' title='bbox 756 1418 1150 1478; x_wconf 78' lang='lat' dir='ltr'><strong>communicat,</strong></span> <span class='ocrx_word' id='word_1_92' title='bbox 1187 1426 1297 1469; x_wconf 92' lang='lat' dir='ltr'><strong>tum</strong></span> <span class='ocrx_word' id='word_1_93' title='bbox 1329 1432 1421 1483; x_wconf 85' lang='lat' dir='ltr'><strong>per</strong></span> <span class='ocrx_word' id='word_1_94' title='bbox 1446 1431 1567 1483; x_wconf 64' lang='lat' dir='ltr'><strong>quae</strong></span> <span class='ocrx_word' id='word_1_95' title='bbox 1596 1414 1872 1468; x_wconf 87' lang='lat' dir='ltr'><strong>voluntate</strong></span> <span class='ocrx_word' id='word_1_96' title='bbox 1906 1429 2004 1467; x_wconf 86' lang='lat' dir='ltr'><strong>sua</strong></span> <span class='ocrx_word' id='word_1_97' title='bbox 2033 1414 2321 1478; x_wconf 75' lang='lat' dir='ltr'><strong>benefacit,</strong></span> 
     </span>
    </p>
   </div>
   <div class='ocr_carea' id='block_1_16' title="bbox 760 1506 2323 1575">
    <p class='ocr_par' dir='ltr' id='par_1_16' title="bbox 760 1506 2323 1575">
     <span class='ocr_line' id='line_1_16' title="bbox 760 1506 2323 1575; baseline 0.001 -17"><span class='ocrx_word' id='word_1_98' title='bbox 760 1517 872 1559; x_wconf 87' lang='lat' dir='ltr'><strong>tum</strong></span> <span class='ocrx_word' id='word_1_99' title='bbox 922 1522 1014 1574; x_wconf 87' lang='lat' dir='ltr'><strong>per</strong></span> <span class='ocrx_word' id='word_1_100' title='bbox 1042 1522 1162 1575; x_wconf 71' lang='lat' dir='ltr'><strong>qua:</strong></span> <span class='ocrx_word' id='word_1_101' title='bbox 1210 1518 1457 1560; x_wconf 85' lang='lat' dir='ltr'><strong>naturam</strong></span> <span class='ocrx_word' id='word_1_102' title='bbox 1504 1506 1739 1559; x_wconf 83' lang='lat' dir='ltr'><strong>restituit</strong></span> <span class='ocrx_word' id='word_1_103' title='bbox 1779 1513 1833 1559; x_wconf 88' lang='lat' dir='ltr'><strong>et</strong></span> <span class='ocrx_word' id='word_1_104' title='bbox 1871 1508 2185 1560; x_wconf 89' lang='lat' dir='ltr'><strong>instaurat:</strong></span> <span class='ocrx_word' id='word_1_105' title='bbox 2225 1521 2323 1560; x_wconf 89' lang='lat' dir='ltr'><strong>nos</strong></span> 
     </span>
    </p>
   </div>
   <div class='ocr_carea' id='block_1_17' title="bbox 758 1597 2325 1667">
    <p class='ocr_par' dir='ltr' id='par_1_17' title="bbox 758 1597 2325 1667">
     <span class='ocr_line' id='line_1_17' title="bbox 758 1597 2325 1667; baseline 0.001 -18"><span class='ocrx_word' id='word_1_106' title='bbox 758 1613 887 1652; x_wconf 86' lang='lat' dir='ltr'><strong>vero</strong></span> <span class='ocrx_word' id='word_1_107' title='bbox 919 1597 1011 1652; x_wconf 88' lang='lat' dir='ltr'><strong>Dei</strong></span> <span class='ocrx_word' id='word_1_108' title='bbox 1038 1598 1297 1652; x_wconf 80' lang='lat' dir='ltr'><strong>beneﬁcia</strong></span> <span class='ocrx_word' id='word_1_109' title='bbox 1322 1599 1374 1651; x_wconf 91' lang='lat' dir='ltr'><strong>in</strong></span> <span class='ocrx_word' id='word_1_110' title='bbox 1404 1611 1681 1660; x_wconf 86' lang='lat' dir='ltr'><strong>naturam,</strong></span> <span class='ocrx_word' id='word_1_111' title='bbox 1703 1600 1963 1666; x_wconf 83' lang='lat' dir='ltr'><strong>quoniam</strong></span> <span class='ocrx_word' id='word_1_112' title='bbox 1995 1614 2058 1653; x_wconf 90' lang='lat' dir='ltr'><strong>ea</strong></span> <span class='ocrx_word' id='word_1_113' title='bbox 2088 1597 2325 1667; x_wconf 77' lang='lat' dir='ltr'><strong>eB&#39;ugere</strong></span> 
     </span>
    </p>
   </div>
   <div class='ocr_carea' id='block_1_18' title="bbox 759 1690 2321 1759">
    <p class='ocr_par' dir='ltr' id='par_1_18' title="bbox 759 1690 2321 1759">
     <span class='ocr_line' id='line_1_18' title="bbox 759 1690 2321 1759; baseline 0.001 -17"><span class='ocrx_word' id='word_1_114' title='bbox 759 1705 865 1742; x_wconf 90' lang='lat' dir='ltr'><strong>non</strong></span> <span class='ocrx_word' id='word_1_115' title='bbox 916 1704 1225 1759; x_wconf 87' lang='lat' dir='ltr'><strong>possumus,</strong></span> <span class='ocrx_word' id='word_1_116' title='bbox 1274 1691 1361 1751; x_wconf 84' lang='lat' dir='ltr'><strong>iis.</strong></span> <span class='ocrx_word' id='word_1_117' title='bbox 1405 1705 1717 1759; x_wconf 80' lang='lat' dir='ltr'><strong>quanquam</strong></span> <span class='ocrx_word' id='word_1_118' title='bbox 1776 1690 1911 1743; x_wconf 82' lang='lat' dir='ltr'><strong>citra</strong></span> <span class='ocrx_word' id='word_1_119' title='bbox 1965 1690 2321 1756; x_wconf 86' lang='lat' dir='ltr'><strong>voluntatem,</strong></span> 
     </span>
    </p>
   </div>
   <div class='ocr_carea' id='block_1_19' title="bbox 2429 587 3997 663">
    <p class='ocr_par' dir='ltr' id='par_1_19' title="bbox 2429 587 3997 663">
     <span class='ocr_line' id='line_1_19' title="bbox 2429 587 3997 663; baseline -0.003 -19"><span class='ocrx_word' id='word_1_120' title='bbox 2429 594 2526 663; x_wconf 74' lang='grc' dir='ltr'>μὲν</span> <span class='ocrx_word' id='word_1_121' title='bbox 2564 594 2807 644; x_wconf 67' lang='grc' dir='ltr'>ἀθάνατα</span> <span class='ocrx_word' id='word_1_122' title='bbox 2844 591 3066 653; x_wconf 72' lang='grc' dir='ltr'>πάντες,</span> <span class='ocrx_word' id='word_1_123' title='bbox 3128 591 3191 641; x_wconf 71' lang='grc' dir='ltr'><strong>οὔ</strong></span> <span class='ocrx_word' id='word_1_124' title='bbox 3230 590 3430 650; x_wconf 70' lang='grc' dir='ltr'>πάντες</span> <span class='ocrx_word' id='word_1_125' title='bbox 3473 588 3529 641; x_wconf 82' lang='grc' dir='ltr'><strong>δὲ</strong></span> <span class='ocrx_word' id='word_1_126' title='bbox 3565 587 3870 656; x_wconf 55' lang='grc' dir='ltr'>μακαρίως</span> <span class='ocrx_word' id='word_1_127' title='bbox 3910 588 3997 639; x_wconf 82' lang='grc' dir='ltr'>ὃτι</span> 
     </span>
    </p>
   </div>
   <div class='ocr_carea' id='block_1_20' title="bbox 2424 679 3999 753">
    <p class='ocr_par' dir='ltr' id='par_1_20' title="bbox 2424 679 3999 753">
     <span class='ocr_line' id='line_1_20' title="bbox 2424 679 3999 753; baseline -0.003 -17"><span class='ocrx_word' id='word_1_128' title='bbox 2424 685 2521 753; x_wconf 83' lang='grc' dir='ltr'><strong>τῆς</strong></span> <span class='ocrx_word' id='word_1_129' title='bbox 2563 685 2659 753; x_wconf 80' lang='grc' dir='ltr'>μὲν</span> <span class='ocrx_word' id='word_1_130' title='bbox 2693 684 2821 753; x_wconf 72' lang='grc' dir='ltr'>περὶ</span> <span class='ocrx_word' id='word_1_131' title='bbox 2849 683 2946 750; x_wconf 82' lang='grc' dir='ltr'>τὴν</span> <span class='ocrx_word' id='word_1_132' title='bbox 2980 683 3143 749; x_wconf 86' lang='grc' dir='ltr'>φύσιν</span> <span class='ocrx_word' id='word_1_133' title='bbox 3179 681 3365 745; x_wconf 77' lang='grc' dir='ltr'>άπλῶς</span> <span class='ocrx_word' id='word_1_134' title='bbox 3402 682 3493 735; x_wconf 82' lang='grc' dir='ltr'><strong>τοῦ</strong></span> <span class='ocrx_word' id='word_1_135' title='bbox 3544 679 3682 733; x_wconf 83' lang='grc' dir='ltr'><strong>Θεοῦ</strong></span> <span class='ocrx_word' id='word_1_136' title='bbox 3736 681 3999 748; x_wconf 81' lang='grc' dir='ltr'><strong>προνοίας</strong></span> 
     </span>
    </p>
   </div>
   <div class='ocr_carea' id='block_1_21' title="bbox 2428 772 3999 842">
    <p class='ocr_par' dir='ltr' id='par_1_21' title="bbox 2428 772 3999 842">
     <span class='ocr_line' id='line_1_21' title="bbox 2428 772 3999 842; baseline -0.002 -15"><span class='ocrx_word' id='word_1_137' title='bbox 2428 774 2765 827; x_wconf 73' lang='grc' dir='ltr'><strong>ἀπολαύουσι</strong></span> <span class='ocrx_word' id='word_1_138' title='bbox 2793 774 2994 836; x_wconf 84' lang='grc' dir='ltr'>πάντες</span> <span class='ocrx_word' id='word_1_139' title='bbox 3027 773 3252 842; x_wconf 78' lang='grc' dir='ltr'>ὁμοίως,</span> <span class='ocrx_word' id='word_1_140' title='bbox 3284 772 3392 828; x_wconf 83' lang='grc' dir='ltr'><strong>τῶν</strong></span> <span class='ocrx_word' id='word_1_141' title='bbox 3415 773 3472 825; x_wconf 83' lang='grc' dir='ltr'><strong>δὲ</strong></span> <span class='ocrx_word' id='word_1_142' title='bbox 3500 775 3600 840; x_wconf 81' lang='grc' dir='ltr'>τὴν</span> <span class='ocrx_word' id='word_1_143' title='bbox 3624 772 3839 839; x_wconf 83' lang='grc' dir='ltr'>θέλησιν</span> <span class='ocrx_word' id='word_1_144' title='bbox 3869 789 3999 825; x_wconf 76' lang='grc' dir='ltr'>κοσ-</span> 
     </span>
    </p>
   </div>
   <div class='ocr_carea' id='block_1_22' title="bbox 2432 864 3999 937">
    <p class='ocr_par' dir='ltr' id='par_1_22' title="bbox 2432 864 3999 937">
     <span class='ocr_line' id='line_1_22' title="bbox 2432 864 3999 937; baseline -0.002 -20"><span class='ocrx_word' id='word_1_145' title='bbox 2432 866 2675 937; x_wconf 81' lang='grc' dir='ltr'>μοῦντων</span> <span class='ocrx_word' id='word_1_146' title='bbox 2702 865 2890 935; x_wconf 83' lang='grc' dir='ltr'><strong>δώρων</strong></span> <span class='ocrx_word' id='word_1_147' title='bbox 2924 866 3075 935; x_wconf 81' lang='grc' dir='ltr'><strong>μόνοι</strong></span> <span class='ocrx_word' id='word_1_148' title='bbox 3108 865 3219 917; x_wconf 84' lang='grc' dir='ltr'><strong>τῶν</strong></span> <span class='ocrx_word' id='word_1_149' title='bbox 3243 864 3417 918; x_wconf 80' lang='grc' dir='ltr'>ἀλλων</span> <span class='ocrx_word' id='word_1_150' title='bbox 3439 865 3486 916; x_wconf 80' lang='grc' dir='ltr'><strong>οἱ</strong></span> <span class='ocrx_word' id='word_1_151' title='bbox 3528 881 3595 916; x_wconf 89' lang='grc' dir='ltr'><strong>πε</strong></span> <span class='ocrx_word' id='word_1_152' title='bbox 3607 866 3657 933; x_wconf 66' lang='lat' dir='ltr'><strong>pl.</strong></span> <span class='ocrx_word' id='word_1_153' title='bbox 3687 865 3819 915; x_wconf 72' lang='grc' dir='ltr'>θεὸν</span> <span class='ocrx_word' id='word_1_154' title='bbox 3844 864 3999 918; x_wconf 78' lang='grc' dir='ltr'>εὐσε-</span> 
     </span>
    </p>
   </div>
   <div class='ocr_carea' id='block_1_23' title="bbox 2430 955 3995 1025">
    <p class='ocr_par' dir='ltr' id='par_1_23' title="bbox 2430 955 3995 1025">
     <span class='ocr_line' id='line_1_23' title="bbox 2430 955 3995 1025; baseline -0.001 -16"><span class='ocrx_word' id='word_1_155' title='bbox 2430 960 2564 1020; x_wconf 75' lang='grc' dir='ltr'>ϐεῖς.</span> <span class='ocrx_word' id='word_1_156' title='bbox 2608 956 2667 1011; x_wconf 84' lang='grc' dir='ltr'><strong>Ὀ</strong></span> <span class='ocrx_word' id='word_1_157' title='bbox 2698 959 2753 1012; x_wconf 81' lang='grc' dir='ltr'><strong>δὲ</strong></span> <span class='ocrx_word' id='word_1_158' title='bbox 2776 958 2955 1025; x_wconf 83' lang='grc' dir='ltr'><strong>λόγος,</strong></span> <span class='ocrx_word' id='word_1_159' title='bbox 2984 958 3065 1010; x_wconf 84' lang='grc' dir='ltr'>ὃτι</span> <span class='ocrx_word' id='word_1_160' title='bbox 3099 958 3235 1009; x_wconf 80' lang='grc' dir='ltr'>πᾶσι</span> <span class='ocrx_word' id='word_1_161' title='bbox 3272 958 3369 1023; x_wconf 71' lang='grc' dir='ltr'>μὲν</span> <span class='ocrx_word' id='word_1_162' title='bbox 3404 959 3431 1010; x_wconf 86' lang='grc' dir='ltr'><strong>ό</strong></span> <span class='ocrx_word' id='word_1_163' title='bbox 3461 958 3592 1019; x_wconf 67' lang='grc' dir='ltr'>Θεὸς</span> <span class='ocrx_word' id='word_1_164' title='bbox 3623 956 3838 1009; x_wconf 74' lang='grc' dir='ltr'>ἅπαντα</span> <span class='ocrx_word' id='word_1_165' title='bbox 3869 955 3995 1025; x_wconf 82' lang='grc' dir='ltr'>βού-</span> 
     </span>
    </p>
   </div>
   <div class='ocr_carea' id='block_1_24' title="bbox 2429 1048 3999 1119">
    <p class='ocr_par' dir='ltr' id='par_1_24' title="bbox 2429 1048 3999 1119">
     <span class='ocr_line' id='line_1_24' title="bbox 2429 1048 3999 1119; baseline -0.003 -16"><span class='ocrx_word' id='word_1_166' title='bbox 2429 1051 2580 1104; x_wconf 88' lang='grc' dir='ltr'>λεται</span> <span class='ocrx_word' id='word_1_167' title='bbox 2615 1052 2855 1117; x_wconf 85' lang='grc' dir='ltr'>τάγαθὰ,</span> <span class='ocrx_word' id='word_1_168' title='bbox 2887 1053 2982 1104; x_wconf 73' lang='grc' dir='ltr'>καὶ</span> <span class='ocrx_word' id='word_1_169' title='bbox 3025 1052 3242 1105; x_wconf 84' lang='grc' dir='ltr'>πάντων</span> <span class='ocrx_word' id='word_1_170' title='bbox 3270 1049 3470 1119; x_wconf 72' lang='grc' dir='ltr'>ὁμοίως</span> <span class='ocrx_word' id='word_1_171' title='bbox 3524 1050 3845 1117; x_wconf 83' lang='grc' dir='ltr'>μεταδίδωσι</span> <span class='ocrx_word' id='word_1_172' title='bbox 3886 1048 3999 1100; x_wconf 80' lang='grc' dir='ltr'>τῶν</span> 
     </span>
    </p>
   </div>
   <div class='ocr_carea' id='block_1_25' title="bbox 2430 1136 4001 1211">
    <p class='ocr_par' dir='ltr' id='par_1_25' title="bbox 2430 1136 4001 1211">
     <span class='ocr_line' id='line_1_25' title="bbox 2430 1136 4001 1211; baseline -0.004 -16"><span class='ocrx_word' id='word_1_173' title='bbox 2430 1141 2618 1203; x_wconf 78' lang='grc' dir='ltr'>αὑτοῦ,</span> <span class='ocrx_word' id='word_1_174' title='bbox 2649 1142 2743 1195; x_wconf 72' lang='grc' dir='ltr'>καὶ</span> <span class='ocrx_word' id='word_1_175' title='bbox 2771 1142 2872 1194; x_wconf 83' lang='grc' dir='ltr'>ὅσα</span> <span class='ocrx_word' id='word_1_176' title='bbox 2891 1140 2988 1210; x_wconf 76' lang='grc' dir='ltr'>τὴν</span> <span class='ocrx_word' id='word_1_177' title='bbox 3022 1141 3243 1211; x_wconf 77' lang='grc' dir='ltr'><strong>θέλησιν</strong></span> <span class='ocrx_word' id='word_1_178' title='bbox 3267 1136 3325 1193; x_wconf 86' lang='grc' dir='ltr'>εὗ</span> <span class='ocrx_word' id='word_1_179' title='bbox 3357 1143 3503 1193; x_wconf 80' lang='grc' dir='ltr'>ποιεῖ</span> <span class='ocrx_word' id='word_1_180' title='bbox 3530 1141 3621 1192; x_wconf 74' lang='grc' dir='ltr'>καὶ</span> <span class='ocrx_word' id='word_1_181' title='bbox 3647 1140 3683 1194; x_wconf 76' lang='grc' dir='ltr'>ἃ</span> <span class='ocrx_word' id='word_1_182' title='bbox 3711 1140 3807 1208; x_wconf 80' lang='grc' dir='ltr'>τὴν</span> <span class='ocrx_word' id='word_1_183' title='bbox 3835 1140 4001 1207; x_wconf 86' lang='grc' dir='ltr'>φύσιν</span> 
     </span>
    </p>
   </div>
   <div class='ocr_carea' id='block_1_26' title="bbox 2430 1230 3996 1303">
    <p class='ocr_par' dir='ltr' id='par_1_26' title="bbox 2430 1230 3996 1303">
     <span class='ocr_line' id='line_1_26' title="bbox 2430 1230 3996 1303; baseline -0.003 -17"><span class='ocrx_word' id='word_1_184' title='bbox 2430 1234 2736 1301; x_wconf 74' lang='grc' dir='ltr'><strong>ἐπανορθοῖ,</strong></span> <span class='ocrx_word' id='word_1_185' title='bbox 2762 1236 2920 1303; x_wconf 80' lang='grc' dir='ltr'><strong>ἡμεῖς</strong></span> <span class='ocrx_word' id='word_1_186' title='bbox 2945 1234 3001 1286; x_wconf 77' lang='grc' dir='ltr'><strong>δὲ</strong></span> <span class='ocrx_word' id='word_1_187' title='bbox 3026 1233 3135 1285; x_wconf 83' lang='grc' dir='ltr'>τῶν</span> <span class='ocrx_word' id='word_1_188' title='bbox 3177 1233 3277 1300; x_wconf 81' lang='grc' dir='ltr'>μὲν</span> <span class='ocrx_word' id='word_1_189' title='bbox 3303 1234 3382 1296; x_wconf 82' lang='grc' dir='ltr'><strong>είς</strong></span> <span class='ocrx_word' id='word_1_190' title='bbox 3415 1232 3513 1299; x_wconf 82' lang='grc' dir='ltr'>τὴν</span> <span class='ocrx_word' id='word_1_191' title='bbox 3559 1232 3725 1301; x_wconf 81' lang='grc' dir='ltr'>φύσιν</span> <span class='ocrx_word' id='word_1_192' title='bbox 3748 1230 3841 1283; x_wconf 83' lang='grc' dir='ltr'><strong>τοῦ</strong></span> <span class='ocrx_word' id='word_1_193' title='bbox 3860 1230 3996 1283; x_wconf 81' lang='grc' dir='ltr'><strong>Θεοῦ</strong></span> 
     </span>
    </p>
   </div>
   <div class='ocr_carea' id='block_1_27' title="bbox 2431 1324 3998 1395">
    <p class='ocr_par' dir='ltr' id='par_1_27' title="bbox 2431 1324 3998 1395">
     <span class='ocr_line' id='line_1_27' title="bbox 2431 1324 3998 1395; baseline -0.003 -16"><span class='ocrx_word' id='word_1_194' title='bbox 2431 1326 2693 1395; x_wconf 83' lang='grc' dir='ltr'>χαρίτων,</span> <span class='ocrx_word' id='word_1_195' title='bbox 2728 1327 2850 1378; x_wconf 77' lang='grc' dir='ltr'>ἐπεὶ</span> <span class='ocrx_word' id='word_1_196' title='bbox 2889 1325 2963 1395; x_wconf 85' lang='grc' dir='ltr'>μὴ</span> <span class='ocrx_word' id='word_1_197' title='bbox 2987 1324 3275 1395; x_wconf 84' lang='grc' dir='ltr'>δυνώμεθα</span> <span class='ocrx_word' id='word_1_198' title='bbox 3303 1325 3551 1393; x_wconf 76' lang='grc' dir='ltr'><strong>φεύγειν,</strong></span> <span class='ocrx_word' id='word_1_199' title='bbox 3582 1327 3677 1377; x_wconf 82' lang='grc' dir='ltr'>καὶ</span> <span class='ocrx_word' id='word_1_200' title='bbox 3708 1326 3781 1394; x_wconf 80' lang='grc' dir='ltr'>μὴ</span> <span class='ocrx_word' id='word_1_201' title='bbox 3810 1325 3998 1394; x_wconf 54' lang='grc' dir='ltr'><strong>βουλά⁵</strong></span> 
     </span>
    </p>
   </div>
   <div class='ocr_carea' id='block_1_28' title="bbox 2434 1415 4004 1487">
    <p class='ocr_par' dir='ltr' id='par_1_28' title="bbox 2434 1415 4004 1487">
     <span class='ocr_line' id='line_1_28' title="bbox 2434 1415 4004 1487; baseline 0 -19"><span class='ocrx_word' id='word_1_202' title='bbox 2434 1433 2585 1487; x_wconf 90' lang='grc' dir='ltr'>μενοι</span> <span class='ocrx_word' id='word_1_203' title='bbox 2612 1417 2951 1485; x_wconf 73' lang='grc' dir='ltr'><strong>τυγχάνομεν</strong></span> <span class='ocrx_word' id='word_1_204' title='bbox 2981 1415 3200 1478; x_wconf 80' lang='grc' dir='ltr'>πάντες.</span> <span class='ocrx_word' id='word_1_205' title='bbox 3232 1417 3339 1469; x_wconf 80' lang='grc' dir='ltr'><strong>Καὶ</strong></span> <span class='ocrx_word' id='word_1_206' title='bbox 3369 1418 3479 1485; x_wconf 83' lang='grc' dir='ltr'><strong>γάρ</strong></span> <span class='ocrx_word' id='word_1_207' title='bbox 3514 1420 3607 1468; x_wconf 74' lang='grc' dir='ltr'>καὶ</span> <span class='ocrx_word' id='word_1_208' title='bbox 3638 1416 3870 1478; x_wconf 84' lang='grc' dir='ltr'>άκοντας</span> <span class='ocrx_word' id='word_1_209' title='bbox 3910 1417 4004 1469; x_wconf 82' lang='grc' dir='ltr'>εύ-</span> 
     </span>
    </p>
   </div>
   <div class='ocr_carea' id='block_1_29' title="bbox 2435 1506 4003 1577">
    <p class='ocr_par' dir='ltr' id='par_1_29' title="bbox 2435 1506 4003 1577">
     <span class='ocr_line' id='line_1_29' title="bbox 2435 1506 4003 1577; baseline -0.002 -17"><span class='ocrx_word' id='word_1_210' title='bbox 2435 1510 2582 1560; x_wconf 84' lang='grc' dir='ltr'>ποιεῖ</span> <span class='ocrx_word' id='word_1_211' title='bbox 2629 1509 2723 1560; x_wconf 77' lang='grc' dir='ltr'>καὶ</span> <span class='ocrx_word' id='word_1_212' title='bbox 2752 1507 3002 1577; x_wconf 78' lang='grc' dir='ltr'>βιάζεται</span> <span class='ocrx_word' id='word_1_213' title='bbox 3033 1507 3456 1577; x_wconf 72' lang='grc' dir='ltr'><strong>φιλανθρώπως,</strong></span> <span class='ocrx_word' id='word_1_214' title='bbox 3503 1508 3703 1560; x_wconf 71' lang='grc' dir='ltr'>ὁπόταν</span> <span class='ocrx_word' id='word_1_215' title='bbox 3773 1506 4003 1558; x_wconf 77' lang='grc' dir='ltr'>ἀποσεί-</span> 
     </span>
    </p>
   </div>
   <div class='ocr_carea' id='block_1_30' title="bbox 2433 1598 4000 1669">
    <p class='ocr_par' dir='ltr' id='par_1_30' title="bbox 2433 1598 4000 1669">
     <span class='ocr_line' id='line_1_30' title="bbox 2433 1598 4000 1669; baseline -0.002 -17"><span class='ocrx_word' id='word_1_216' title='bbox 2433 1598 2630 1652; x_wconf 90' lang='grc' dir='ltr'>σασθαι</span> <span class='ocrx_word' id='word_1_217' title='bbox 2661 1599 2760 1665; x_wconf 85' lang='grc' dir='ltr'>τὴν</span> <span class='ocrx_word' id='word_1_218' title='bbox 2783 1599 3103 1668; x_wconf 77' lang='grc' dir='ltr'>εὐεργεσίαν</span> <span class='ocrx_word' id='word_1_219' title='bbox 3129 1598 3452 1668; x_wconf 83' lang='grc' dir='ltr'>βουλώμεθα</span> <span class='ocrx_word' id='word_1_220' title='bbox 3482 1598 3602 1669; x_wconf 82' lang='grc' dir='ltr'>μὲν,</span> <span class='ocrx_word' id='word_1_221' title='bbox 3659 1599 3720 1651; x_wconf 83' lang='grc' dir='ltr'><strong>οὐ</strong></span> <span class='ocrx_word' id='word_1_222' title='bbox 3754 1598 4000 1668; x_wconf 85' lang='grc' dir='ltr'>δυνώμε-</span> 
     </span>
    </p>
   </div>
   <div class='ocr_carea' id='block_1_31' title="bbox 2430 1689 2611 1744">
    <p class='ocr_par' dir='ltr' id='par_1_31' title="bbox 2430 1689 2611 1744">
     <span class='ocr_line' id='line_1_31' title="bbox 2430 1689 2611 1744; baseline -0.006 0"><span class='ocrx_word' id='word_1_223' title='bbox 2430 1689 2501 1744; x_wconf 84' lang='grc' dir='ltr'><strong>θα</strong></span> <span class='ocrx_word' id='word_1_224' title='bbox 2532 1689 2611 1744; x_wconf 81' lang='grc' dir='ltr'><strong>δέ.</strong></span> 
     </span>
    </p>
   </div>
   <div class='ocr_carea' id='block_1_32' title="bbox 758 1778 3999 1852">
    <p class='ocr_par' dir='ltr' id='par_1_32' title="bbox 758 1778 3999 1852">
     <span class='ocr_line' id='line_1_32' title="bbox 758 1778 3999 1852; baseline 0.001 -21"><span class='ocrx_word' id='word_1_225' title='bbox 758 1778 1000 1833; x_wconf 75' lang='lat' dir='ltr'><strong>universi</strong></span> <span class='ocrx_word' id='word_1_226' title='bbox 1030 1779 1279 1834; x_wconf 83' lang='lat' dir='ltr'><strong>homines</strong></span> <span class='ocrx_word' id='word_1_227' title='bbox 1306 1780 1595 1835; x_wconf 82' lang='lat' dir='ltr'><strong>atlicimur.</strong></span> <span class='ocrx_word' id='word_1_228' title='bbox 1630 1782 1763 1835; x_wconf 77' lang='lat' dir='ltr'><strong>Nam</strong></span> <span class='ocrx_word' id='word_1_229' title='bbox 1796 1790 1848 1835; x_wconf 86' lang='lat' dir='ltr'><strong>et</strong></span> <span class='ocrx_word' id='word_1_230' title='bbox 1872 1781 1940 1835; x_wconf 91' lang='lat' dir='ltr'><strong>de</strong></span> <span class='ocrx_word' id='word_1_231' title='bbox 1970 1780 2158 1836; x_wconf 89' lang='lat' dir='ltr'><strong>invitis</strong></span> <span class='ocrx_word' id='word_1_232' title='bbox 2189 1781 2327 1836; x_wconf 83' lang='lat' dir='ltr'><strong>bene</strong></span> <span class='ocrx_word' id='word_1_233' title='bbox 2365 1790 2627 1846; x_wconf 81' lang='lat' dir='ltr'><strong>meretur,</strong></span> <span class='ocrx_word' id='word_1_234' title='bbox 2653 1789 2706 1835; x_wconf 91' lang='lat' dir='ltr'><strong>et</strong></span> <span class='ocrx_word' id='word_1_235' title='bbox 2736 1781 3050 1836; x_wconf 89' lang='lat' dir='ltr'><strong>humaniter</strong></span> <span class='ocrx_word' id='word_1_236' title='bbox 3071 1780 3239 1852; x_wconf 78' lang='lat' dir='ltr'><strong>cogit,</strong></span> <span class='ocrx_word' id='word_1_237' title='bbox 3304 1782 3521 1850; x_wconf 84' lang='lat' dir='ltr'><strong>quando</strong></span> <span class='ocrx_word' id='word_1_238' title='bbox 3583 1781 3999 1836; x_wconf 80' lang='lat' dir='ltr'><strong>beneﬁcentiam</strong></span> 
     </span>
    </p>
   </div>
   <div class='ocr_carea' id='block_1_33' title="bbox 760 1870 2675 1939">
    <p class='ocr_par' dir='ltr' id='par_1_33' title="bbox 760 1870 2675 1939">
     <span class='ocr_line' id='line_1_33' title="bbox 760 1870 2675 1939; baseline 0.003 -17"><span class='ocrx_word' id='word_1_239' title='bbox 760 1871 879 1938; x_wconf 84' lang='lat' dir='ltr'><strong>ejus</strong></span> <span class='ocrx_word' id='word_1_240' title='bbox 912 1870 1123 1922; x_wconf 76' lang='lat' dir='ltr'><strong>amoliri</strong></span> <span class='ocrx_word' id='word_1_241' title='bbox 1149 1871 1365 1939; x_wconf 89' lang='lat' dir='ltr'><strong>quidem</strong></span> <span class='ocrx_word' id='word_1_242' title='bbox 1408 1888 1438 1925; x_wconf 90' lang='lat' dir='ltr'><strong>a</strong></span> <span class='ocrx_word' id='word_1_243' title='bbox 1484 1871 1642 1926; x_wconf 78' lang='lat' dir='ltr'><strong>nobis</strong></span> <span class='ocrx_word' id='word_1_244' title='bbox 1674 1872 1951 1936; x_wconf 88' lang='lat' dir='ltr'><strong>volumus,</strong></span> <span class='ocrx_word' id='word_1_245' title='bbox 1983 1886 2091 1924; x_wconf 91' lang='lat' dir='ltr'><strong>non</strong></span> <span class='ocrx_word' id='word_1_246' title='bbox 2136 1882 2318 1925; x_wconf 85' lang='lat' dir='ltr'><strong>tamen</strong></span> <span class='ocrx_word' id='word_1_247' title='bbox 2358 1885 2675 1939; x_wconf 89' lang='lat' dir='ltr'><strong>possumus.</strong></span> 
     </span>
    </p>
   </div>
   <div class='ocr_carea' id='block_1_34' title="bbox 830 2074 2517 2155">
    <p class='ocr_par' dir='ltr' id='par_1_34' title="bbox 830 2074 2517 2144">
     <span class='ocr_line' id='line_1_34' title="bbox 830 2074 2517 2144; baseline -0.001 -16"><span class='ocrx_word' id='word_1_248' title='bbox 830 2074 891 2130; x_wconf 87' lang='lat' dir='ltr'><strong>In</strong></span> <span class='ocrx_word' id='word_1_249' title='bbox 926 2090 991 2130; x_wconf 87' lang='lat' dir='ltr'><strong>eo</strong></span> <span class='ocrx_word' id='word_1_250' title='bbox 1017 2089 1221 2144; x_wconf 76' lang='lat' dir='ltr'><strong>genere</strong></span> <span class='ocrx_word' id='word_1_251' title='bbox 1250 2075 1454 2129; x_wconf 87' lang='lat' dir='ltr'><strong>donum</strong></span> <span class='ocrx_word' id='word_1_252' title='bbox 1496 2076 1915 2130; x_wconf 87' lang='lat' dir='ltr'><strong>resurrectionis</strong></span> <span class='ocrx_word' id='word_1_253' title='bbox 1944 2090 2319 2131; x_wconf 87' lang='lat' dir='ltr'><strong>numeremus.</strong></span> <span class='ocrx_word' id='word_1_254' title='bbox 2355 2082 2398 2137; x_wconf 83' lang='grc' dir='ltr'><strong>Β</strong></span> <span class='ocrx_word' id='word_1_255' title='bbox 2496 2075 2517 2127; x_wconf 88' lang='lat' dir='ltr'><strong>&#39;l</strong></span> 
     </span>
    </p>
   </div>
   <div class='ocr_carea' id='block_1_35' title="bbox 2316 2074 4003 2155">
    <p class='ocr_par' dir='ltr' id='par_1_35' title="bbox 2316 2074 4003 2155">
     <span class='ocr_line' id='line_1_35' title="bbox 2316 2074 4003 2155; baseline 0.004 -26"><span class='ocrx_word' id='word_1_256' title='bbox 2316 2082 2398 2137; x_wconf 83' lang='grc' dir='ltr'><strong>,Β</strong></span> <span class='ocrx_word' id='word_1_257' title='bbox 2496 2074 2750 2129; x_wconf 81' lang='grc' dir='ltr'>Τοιοῦτον</span> <span class='ocrx_word' id='word_1_258' title='bbox 2774 2076 2831 2130; x_wconf 80' lang='grc' dir='ltr'><strong>δὲ</strong></span> <span class='ocrx_word' id='word_1_259' title='bbox 2862 2077 2922 2130; x_wconf 85' lang='grc' dir='ltr'>τδ</span> <span class='ocrx_word' id='word_1_260' title='bbox 2970 2077 3067 2146; x_wconf 86' lang='grc' dir='ltr'><strong>τῆς</strong></span> <span class='ocrx_word' id='word_1_261' title='bbox 3103 2078 3452 2140; x_wconf 76' lang='grc' dir='ltr'><strong>ἀναστάσεως</strong></span> <span class='ocrx_word' id='word_1_262' title='bbox 3498 2078 3693 2148; x_wconf 84' lang='grc' dir='ltr'>δῶρον.</span> <span class='ocrx_word' id='word_1_263' title='bbox 3756 2082 3831 2134; x_wconf 77' lang='grc' dir='ltr'><strong>Οὐ</strong></span> <span class='ocrx_word' id='word_1_264' title='bbox 3893 2085 4003 2155; x_wconf 70' lang='grc' dir='ltr'><strong>γὰρ</strong></span> 
     </span>
    </p>
   </div>
   <div class='ocr_carea' id='block_1_36' title="bbox 766 2166 2331 2239">
    <p class='ocr_par' dir='ltr' id='par_1_36' title="bbox 766 2166 2331 2239">
     <span class='ocr_line' id='line_1_36' title="bbox 766 2166 2331 2239; baseline 0.001 -18"><span class='ocrx_word' id='word_1_265' title='bbox 766 2166 920 2222; x_wconf 88' lang='lat' dir='ltr'><strong>llaud</strong></span> <span class='ocrx_word' id='word_1_266' title='bbox 970 2168 1113 2222; x_wconf 88' lang='lat' dir='ltr'><strong>enim</strong></span> <span class='ocrx_word' id='word_1_267' title='bbox 1160 2168 1212 2221; x_wconf 90' lang='lat' dir='ltr'><strong>in</strong></span> <span class='ocrx_word' id='word_1_268' title='bbox 1267 2174 1459 2221; x_wconf 84' lang='lat' dir='ltr'><strong>nostro</strong></span> <span class='ocrx_word' id='word_1_269' title='bbox 1519 2168 1685 2222; x_wconf 88' lang='lat' dir='ltr'><strong>situm</strong></span> <span class='ocrx_word' id='word_1_270' title='bbox 1720 2177 1803 2223; x_wconf 88' lang='lat' dir='ltr'><strong>est</strong></span> <span class='ocrx_word' id='word_1_271' title='bbox 1851 2168 2105 2233; x_wconf 88' lang='lat' dir='ltr'><strong>arbitrio,</strong></span> <span class='ocrx_word' id='word_1_272' title='bbox 2154 2184 2331 2239; x_wconf 90' lang='lat' dir='ltr'><strong>neque</strong></span> 
     </span>
    </p>
   </div>
   <div class='ocr_carea' id='block_1_37' title="bbox 763 2260 2332 2330">
    <p class='ocr_par' dir='ltr' id='par_1_37' title="bbox 763 2260 2332 2330">
     <span class='ocr_line' id='line_1_37' title="bbox 763 2260 2332 2330; baseline -0.001 -15"><span class='ocrx_word' id='word_1_273' title='bbox 763 2263 918 2316; x_wconf 87' lang='lat' dir='ltr'><strong>nasci</strong></span> <span class='ocrx_word' id='word_1_274' title='bbox 960 2277 990 2315; x_wconf 92' lang='lat' dir='ltr'><strong>a</strong></span> <span class='ocrx_word' id='word_1_275' title='bbox 1039 2261 1331 2330; x_wconf 87' lang='lat' dir='ltr'><strong>principio.</strong></span> <span class='ocrx_word' id='word_1_276' title='bbox 1381 2275 1559 2330; x_wconf 86' lang='lat' dir='ltr'><strong>neque</strong></span> <span class='ocrx_word' id='word_1_277' title='bbox 1600 2275 1627 2313; x_wconf 90' lang='lat' dir='ltr'><strong>a</strong></span> <span class='ocrx_word' id='word_1_278' title='bbox 1673 2260 1904 2315; x_wconf 85' lang='lat' dir='ltr'><strong>mortuis</strong></span> <span class='ocrx_word' id='word_1_279' title='bbox 1950 2260 2199 2323; x_wconf 82' lang='lat' dir='ltr'><strong>excitari,</strong></span> <span class='ocrx_word' id='word_1_280' title='bbox 2238 2268 2332 2314; x_wconf 89' lang='lat' dir='ltr'><strong>aut</strong></span> 
     </span>
    </p>
   </div>
   <div class='ocr_carea' id='block_1_38' title="bbox 764 2350 2331 2420">
    <p class='ocr_par' dir='ltr' id='par_1_38' title="bbox 764 2350 2331 2420">
     <span class='ocr_line' id='line_1_38' title="bbox 764 2350 2331 2420; baseline -0.001 -14"><span class='ocrx_word' id='word_1_281' title='bbox 764 2369 875 2406; x_wconf 72' lang='lat' dir='ltr'><strong>non</strong></span> <span class='ocrx_word' id='word_1_282' title='bbox 912 2352 1160 2406; x_wconf 80' lang='lat' dir='ltr'><strong>excitari.</strong></span> <span class='ocrx_word' id='word_1_283' title='bbox 1189 2350 1322 2415; x_wconf 62' lang='lat' dir='ltr'><strong>Quae</strong></span> <span class='ocrx_word' id='word_1_284' title='bbox 1352 2362 1529 2405; x_wconf 87' lang='lat' dir='ltr'><strong>autem</strong></span> <span class='ocrx_word' id='word_1_285' title='bbox 1559 2366 1589 2405; x_wconf 86' lang='lat' dir='ltr'><strong>a</strong></span> <span class='ocrx_word' id='word_1_286' title='bbox 1622 2351 1901 2406; x_wconf 86' lang='lat' dir='ltr'><strong>voluntate</strong></span> <span class='ocrx_word' id='word_1_287' title='bbox 1936 2352 2170 2405; x_wconf 86' lang='lat' dir='ltr'><strong>humana</strong></span> <span class='ocrx_word' id='word_1_288' title='bbox 2198 2367 2331 2420; x_wconf 85' lang='lat' dir='ltr'><strong>pcn-</strong></span> 
     </span>
    </p>
   </div>
   <div class='ocr_carea' id='block_1_39' title="bbox 765 2443 2331 2511">
    <p class='ocr_par' dir='ltr' id='par_1_39' title="bbox 765 2443 2331 2511">
     <span class='ocr_line' id='line_1_39' title="bbox 765 2443 2331 2511; baseline 0.001 -16"><span class='ocrx_word' id='word_1_289' title='bbox 765 2444 918 2507; x_wconf 74' lang='lat' dir='ltr'><strong>dent,</strong></span> <span class='ocrx_word' id='word_1_290' title='bbox 977 2454 1126 2511; x_wconf 89' lang='lat' dir='ltr'><strong>puta,</strong></span> <span class='ocrx_word' id='word_1_291' title='bbox 1187 2443 1311 2496; x_wconf 88' lang='lat' dir='ltr'><strong>boni</strong></span> <span class='ocrx_word' id='word_1_292' title='bbox 1373 2443 1589 2502; x_wconf 89' lang='lat' dir='ltr'><strong>electio.</strong></span> <span class='ocrx_word' id='word_1_293' title='bbox 1662 2452 2009 2511; x_wconf 82' lang='lat' dir='ltr'><strong>peccatorum</strong></span> <span class='ocrx_word' id='word_1_294' title='bbox 2062 2444 2331 2507; x_wconf 75' lang='lat' dir='ltr'><strong>remissio,</strong></span> 
     </span>
    </p>
   </div>
   <div class='ocr_carea' id='block_1_40' title="bbox 766 2534 2335 2603">
    <p class='ocr_par' dir='ltr' id='par_1_40' title="bbox 766 2534 2335 2603">
     <span class='ocr_line' id='line_1_40' title="bbox 766 2534 2335 2603; baseline 0 -16"><span class='ocrx_word' id='word_1_295' title='bbox 766 2552 979 2589; x_wconf 88' lang='lat' dir='ltr'><strong>murum</strong></span> <span class='ocrx_word' id='word_1_296' title='bbox 1014 2534 1321 2603; x_wconf 76' lang='lat' dir='ltr'><strong>integritas,</strong></span> <span class='ocrx_word' id='word_1_297' title='bbox 1355 2534 1552 2587; x_wconf 76' lang='lat' dir='ltr'><strong>anima:</strong></span> <span class='ocrx_word' id='word_1_298' title='bbox 1584 2537 1817 2602; x_wconf 90' lang='lat' dir='ltr'><strong>puritas,</strong></span> <span class='ocrx_word' id='word_1_299' title='bbox 1848 2550 1973 2603; x_wconf 76' lang='lat' dir='ltr'><strong>erga</strong></span> <span class='ocrx_word' id='word_1_300' title='bbox 2009 2535 2172 2589; x_wconf 85' lang='lat' dir='ltr'><strong>Deum</strong></span> <span class='ocrx_word' id='word_1_301' title='bbox 2204 2534 2335 2588; x_wconf 86' lang='lat' dir='ltr'><strong>cha-</strong></span> 
     </span>
    </p>
   </div>
   <div class='ocr_carea' id='block_1_41' title="bbox 766 2626 2336 2695">
    <p class='ocr_par' dir='ltr' id='par_1_41' title="bbox 766 2626 2336 2695">
     <span class='ocr_line' id='line_1_41' title="bbox 766 2626 2336 2695; baseline 0.001 -16"><span class='ocrx_word' id='word_1_302' title='bbox 766 2628 923 2687; x_wconf 84' lang='lat' dir='ltr'><strong>ritas,</strong></span> <span class='ocrx_word' id='word_1_303' title='bbox 952 2626 1145 2678; x_wconf 87' lang='lat' dir='ltr'><strong>horum</strong></span> <span class='ocrx_word' id='word_1_304' title='bbox 1176 2640 1385 2679; x_wconf 87' lang='lat' dir='ltr'><strong>merces</strong></span> <span class='ocrx_word' id='word_1_305' title='bbox 1409 2634 1491 2680; x_wconf 76' lang='lat' dir='ltr'><strong>est</strong></span> <span class='ocrx_word' id='word_1_306' title='bbox 1537 2642 1791 2695; x_wconf 81' lang='lat' dir='ltr'><strong>suprema</strong></span> <span class='ocrx_word' id='word_1_307' title='bbox 1829 2627 2127 2681; x_wconf 78' lang='lat' dir='ltr'><strong>beatitudo.</strong></span> <span class='ocrx_word' id='word_1_308' title='bbox 2160 2628 2336 2695; x_wconf 82' lang='lat' dir='ltr'><strong>Atque</strong></span> 
     </span>
    </p>
   </div>
   <div class='ocr_carea' id='block_1_42' title="bbox 767 2719 2335 2788">
    <p class='ocr_par' dir='ltr' id='par_1_42' title="bbox 767 2719 2335 2788">
     <span class='ocr_line' id='line_1_42' title="bbox 767 2719 2335 2788; baseline 0.001 -16"><span class='ocrx_word' id='word_1_309' title='bbox 767 2731 828 2773; x_wconf 87' lang='lat' dir='ltr'><strong>ut</strong></span> <span class='ocrx_word' id='word_1_310' title='bbox 858 2720 938 2771; x_wconf 88' lang='lat' dir='ltr'><strong>vel</strong></span> <span class='ocrx_word' id='word_1_311' title='bbox 968 2719 1083 2772; x_wconf 63' lang='lat' dir='ltr'><strong>haec</strong></span> <span class='ocrx_word' id='word_1_312' title='bbox 1109 2719 1532 2788; x_wconf 76' lang='lat' dir='ltr'><strong>amplectamur,</strong></span> <span class='ocrx_word' id='word_1_313' title='bbox 1561 2720 1643 2772; x_wconf 89' lang='lat' dir='ltr'><strong>vel</strong></span> <span class='ocrx_word' id='word_1_314' title='bbox 1680 2720 2007 2783; x_wconf 81' lang='lat' dir='ltr'><strong>devitemus,</strong></span> <span class='ocrx_word' id='word_1_315' title='bbox 2036 2736 2203 2788; x_wconf 68' lang='lat' dir='ltr'><strong>penes</strong></span> <span class='ocrx_word' id='word_1_316' title='bbox 2237 2735 2335 2774; x_wconf 83' lang='lat' dir='ltr'><strong>nos</strong></span> 
     </span>
    </p>
   </div>
   <div class='ocr_carea' id='block_1_43' title="bbox 766 2807 2334 2879">
    <p class='ocr_par' dir='ltr' id='par_1_43' title="bbox 766 2807 2334 2879">
     <span class='ocr_line' id='line_1_43' title="bbox 766 2807 2334 2879; baseline 0.001 -18"><span class='ocrx_word' id='word_1_317' title='bbox 766 2817 871 2862; x_wconf 89' lang='lat' dir='ltr'><strong>est.</strong></span> <span class='ocrx_word' id='word_1_318' title='bbox 907 2807 1061 2862; x_wconf 84' lang='lat' dir='ltr'><strong>Unde</strong></span> <span class='ocrx_word' id='word_1_319' title='bbox 1096 2809 1410 2864; x_wconf 87' lang='lat' dir='ltr'><strong>volentibus</strong></span> <span class='ocrx_word' id='word_1_320' title='bbox 1442 2810 1495 2863; x_wconf 92' lang='lat' dir='ltr'><strong>in</strong></span> <span class='ocrx_word' id='word_1_321' title='bbox 1530 2821 1784 2879; x_wconf 88' lang='lat' dir='ltr'><strong>promptu</strong></span> <span class='ocrx_word' id='word_1_322' title='bbox 1816 2821 1898 2864; x_wconf 85' lang='lat' dir='ltr'><strong>est</strong></span> <span class='ocrx_word' id='word_1_323' title='bbox 1946 2813 2013 2865; x_wconf 92' lang='lat' dir='ltr'><strong>iis</strong></span> <span class='ocrx_word' id='word_1_324' title='bbox 2046 2811 2182 2875; x_wconf 82' lang='lat' dir='ltr'><strong>frui;</strong></span> <span class='ocrx_word' id='word_1_325' title='bbox 2235 2825 2334 2864; x_wconf 89' lang='lat' dir='ltr'><strong>no-</strong></span> 
     </span>
    </p>
   </div>
   <div class='ocr_carea' id='block_1_44' title="bbox 771 2901 2338 2971">
    <p class='ocr_par' dir='ltr' id='par_1_44' title="bbox 771 2901 2338 2971">
     <span class='ocr_line' id='line_1_44' title="bbox 771 2901 2338 2971; baseline 0.003 -18"><span class='ocrx_word' id='word_1_326' title='bbox 771 2903 943 2955; x_wconf 82' lang='lat' dir='ltr'><strong>lentes</strong></span> <span class='ocrx_word' id='word_1_327' title='bbox 972 2901 1061 2969; x_wconf 92' lang='lat' dir='ltr'><strong>qui</strong></span> <span class='ocrx_word' id='word_1_328' title='bbox 1095 2903 1312 2956; x_wconf 83' lang='lat' dir='ltr'><strong>tandem</strong></span> <span class='ocrx_word' id='word_1_329' title='bbox 1351 2902 1457 2955; x_wconf 82' lang='lat' dir='ltr'><strong>frui</strong></span> <span class='ocrx_word' id='word_1_330' title='bbox 1494 2903 1732 2971; x_wconf 81' lang='lat' dir='ltr'><strong>queant?</strong></span> <span class='ocrx_word' id='word_1_331' title='bbox 1764 2902 1872 2958; x_wconf 78' lang='lat' dir='ltr'><strong>Nec</strong></span> <span class='ocrx_word' id='word_1_332' title='bbox 1905 2904 2052 2957; x_wconf 90' lang='lat' dir='ltr'><strong>enim</strong></span> <span class='ocrx_word' id='word_1_333' title='bbox 2088 2904 2338 2958; x_wconf 85' lang='lat' dir='ltr'><strong>nolentes</strong></span> 
     </span>
    </p>
   </div>
   <div class='ocr_carea' id='block_1_45' title="bbox 768 2995 2337 3066">
    <p class='ocr_par' dir='ltr' id='par_1_45' title="bbox 768 2995 2337 3066">
     <span class='ocr_line' id='line_1_45' title="bbox 768 2995 2337 3066; baseline 0.002 -19"><span class='ocrx_word' id='word_1_334' title='bbox 768 2995 981 3059; x_wconf 80' lang='lat' dir='ltr'><strong>volunt,</strong></span> <span class='ocrx_word' id='word_1_335' title='bbox 1008 3009 1108 3048; x_wconf 89' lang='lat' dir='ltr'><strong>nec</strong></span> <span class='ocrx_word' id='word_1_336' title='bbox 1128 2995 1375 3049; x_wconf 76' lang='lat' dir='ltr'><strong>volentes</strong></span> <span class='ocrx_word' id='word_1_337' title='bbox 1403 3007 1694 3063; x_wconf 81' lang='lat' dir='ltr'><strong>coguntur.</strong></span> <span class='ocrx_word' id='word_1_338' title='bbox 1716 2996 1923 3051; x_wconf 89' lang='lat' dir='ltr'><strong>Deinde</strong></span> <span class='ocrx_word' id='word_1_339' title='bbox 1946 3004 2169 3066; x_wconf 84' lang='lat' dir='ltr'><strong>propter</strong></span> <span class='ocrx_word' id='word_1_340' title='bbox 2191 2997 2337 3050; x_wconf 85' lang='lat' dir='ltr'><strong>illam</strong></span> 
     </span>
    </p>
   </div>
   <div class='ocr_carea' id='block_1_46' title="bbox 774 3085 2336 3158">
    <p class='ocr_par' dir='ltr' id='par_1_46' title="bbox 774 3085 2336 3158">
     <span class='ocr_line' id='line_1_46' title="bbox 774 3085 2336 3158; baseline 0.002 -19"><span class='ocrx_word' id='word_1_341' title='bbox 774 3086 1045 3139; x_wconf 82' lang='lat' dir='ltr'><strong>rationem</strong></span> <span class='ocrx_word' id='word_1_342' title='bbox 1071 3100 1083 3136; x_wconf 90' lang='lat'><strong>:</strong></span> <span class='ocrx_word' id='word_1_343' title='bbox 1105 3085 1363 3153; x_wconf 91' lang='lat' dir='ltr'><strong>quoniam</strong></span> <span class='ocrx_word' id='word_1_344' title='bbox 1383 3085 1644 3139; x_wconf 83' lang='lat' dir='ltr'><strong>Dominus</strong></span> <span class='ocrx_word' id='word_1_345' title='bbox 1668 3087 1822 3141; x_wconf 87' lang='lat' dir='ltr'><strong>solus</strong></span> <span class='ocrx_word' id='word_1_346' title='bbox 1845 3098 2091 3142; x_wconf 87' lang='lat' dir='ltr'><strong>naturam</strong></span> <span class='ocrx_word' id='word_1_347' title='bbox 2117 3088 2336 3158; x_wconf 87' lang='lat' dir='ltr'><strong>quidem</strong></span> 
     </span>
    </p>
   </div>
   <div class='ocr_carea' id='block_1_47' title="bbox 773 3174 2339 3244">
    <p class='ocr_par' dir='ltr' id='par_1_47' title="bbox 773 3174 2339 3244">
     <span class='ocr_line' id='line_1_47' title="bbox 773 3174 2339 3244; baseline 0.003 -18"><span class='ocrx_word' id='word_1_348' title='bbox 773 3188 804 3226; x_wconf 75' lang='grc' dir='ltr'><strong>α</strong></span> <span class='ocrx_word' id='word_1_349' title='bbox 836 3174 1207 3242; x_wconf 89' lang='lat' dir='ltr'><strong>corruptione,</strong></span> <span class='ocrx_word' id='word_1_350' title='bbox 1235 3174 1475 3227; x_wconf 87' lang='lat' dir='ltr'><strong>animum</strong></span> <span class='ocrx_word' id='word_1_351' title='bbox 1501 3190 1630 3228; x_wconf 86' lang='lat' dir='ltr'><strong>vero</strong></span> <span class='ocrx_word' id='word_1_352' title='bbox 1651 3190 1679 3227; x_wconf 88' lang='lat' dir='ltr'><strong>a</strong></span> <span class='ocrx_word' id='word_1_353' title='bbox 1704 3186 1922 3244; x_wconf 85' lang='lat' dir='ltr'><strong>peccato</strong></span> <span class='ocrx_word' id='word_1_354' title='bbox 1942 3178 2177 3232; x_wconf 76' lang='lat' dir='ltr'><strong>exemit:</strong></span> <span class='ocrx_word' id='word_1_355' title='bbox 2212 3179 2339 3231; x_wconf 91' lang='lat' dir='ltr'><strong>illud</strong></span> 
     </span>
    </p>
   </div>
   <div class='ocr_carea' id='block_1_48' title="bbox 773 3263 2340 3336">
    <p class='ocr_par' dir='ltr' id='par_1_48' title="bbox 773 3263 2340 3336">
     <span class='ocr_line' id='line_1_48' title="bbox 773 3263 2340 3336; baseline 0.007 -23"><span class='ocrx_word' id='word_1_356' title='bbox 773 3263 1170 3332; x_wconf 75' lang='lat' dir='ltr'><strong>primogenitus</strong></span> <span class='ocrx_word' id='word_1_357' title='bbox 1218 3263 1397 3318; x_wconf 80' lang='lat' dir='ltr'><strong>factus</strong></span> <span class='ocrx_word' id='word_1_358' title='bbox 1460 3275 1827 3331; x_wconf 88' lang='lat' dir='ltr'><strong>mortuorum,</strong></span> <span class='ocrx_word' id='word_1_359' title='bbox 1874 3268 1980 3320; x_wconf 89' lang='lat' dir='ltr'><strong>hoc</strong></span> <span class='ocrx_word' id='word_1_360' title='bbox 2028 3284 2127 3336; x_wconf 91' lang='lat' dir='ltr'><strong>pro</strong></span> <span class='ocrx_word' id='word_1_361' title='bbox 2183 3269 2340 3324; x_wconf 88' lang='lat' dir='ltr'><strong>nobis</strong></span> 
     </span>
    </p>
   </div>
   <div class='ocr_carea' id='block_1_49' title="bbox 774 3354 2342 3427">
    <p class='ocr_par' dir='ltr' id='par_1_49' title="bbox 774 3354 2342 3427">
     <span class='ocr_line' id='line_1_49' title="bbox 774 3354 2342 3427; baseline 0.003 -21"><span class='ocrx_word' id='word_1_362' title='bbox 774 3355 985 3418; x_wconf 85' lang='lat' dir='ltr'><strong>primus</strong></span> <span class='ocrx_word' id='word_1_363' title='bbox 1012 3355 1064 3407; x_wconf 89' lang='lat' dir='ltr'><strong>in</strong></span> <span class='ocrx_word' id='word_1_364' title='bbox 1098 3354 1295 3409; x_wconf 88' lang='lat' dir='ltr'><strong>Sancta</strong></span> <span class='ocrx_word' id='word_1_365' title='bbox 1326 3364 1639 3409; x_wconf 86' lang='lat' dir='ltr'><strong>sanctorum</strong></span> <span class='ocrx_word' id='word_1_366' title='bbox 1674 3356 1979 3426; x_wconf 76' lang='lat' dir='ltr'><strong>ingressus,</strong></span> <span class='ocrx_word' id='word_1_367' title='bbox 2010 3366 2193 3426; x_wconf 86' lang='lat' dir='ltr'><strong>utpote</strong></span> <span class='ocrx_word' id='word_1_368' title='bbox 2216 3374 2342 3427; x_wconf 80' lang='lat' dir='ltr'><strong>pec-</strong></span> 
     </span>
    </p>
   </div>
   <div class='ocr_carea' id='block_1_50' title="bbox 774 3447 2338 3515">
    <p class='ocr_par' dir='ltr' id='par_1_50' title="bbox 774 3447 2338 3515">
     <span class='ocr_line' id='line_1_50' title="bbox 774 3447 2338 3515; baseline 0.003 -15"><span class='ocrx_word' id='word_1_369' title='bbox 774 3447 1193 3515; x_wconf 76' lang='lat' dir='ltr'><strong>catojugulato,</strong></span> <span class='ocrx_word' id='word_1_370' title='bbox 1223 3458 1278 3501; x_wconf 88' lang='lat' dir='ltr'><strong>et</strong></span> <span class='ocrx_word' id='word_1_371' title='bbox 1329 3447 1435 3502; x_wconf 85' lang='lat' dir='ltr'><strong>Deo</strong></span> <span class='ocrx_word' id='word_1_372' title='bbox 1476 3450 1635 3501; x_wconf 87' lang='lat' dir='ltr'><strong>nobis</strong></span> <span class='ocrx_word' id='word_1_373' title='bbox 1678 3451 2055 3514; x_wconf 87' lang='lat' dir='ltr'><strong>reconciliato,</strong></span> <span class='ocrx_word' id='word_1_374' title='bbox 2081 3458 2134 3504; x_wconf 89' lang='lat' dir='ltr'><strong>et</strong></span> <span class='ocrx_word' id='word_1_375' title='bbox 2161 3452 2338 3505; x_wconf 90' lang='lat' dir='ltr'><strong>medio</strong></span> 
     </span>
    </p>
   </div>
   <div class='ocr_carea' id='block_1_51' title="bbox 778 3538 2339 3609">
    <p class='ocr_par' dir='ltr' id='par_1_51' title="bbox 778 3538 2339 3609">
     <span class='ocr_line' id='line_1_51' title="bbox 778 3538 2339 3609; baseline 0.006 -24"><span class='ocrx_word' id='word_1_376' title='bbox 778 3538 982 3605; x_wconf 79' lang='lat' dir='ltr'><strong>pariete</strong></span> <span class='ocrx_word' id='word_1_377' title='bbox 1008 3540 1273 3593; x_wconf 88' lang='lat' dir='ltr'><strong>dissoluto</strong></span> <span class='ocrx_word' id='word_1_378' title='bbox 1302 3555 1319 3593; x_wconf 92' lang='lat'><strong>:</strong></span> <span class='ocrx_word' id='word_1_379' title='bbox 1349 3550 1403 3593; x_wconf 91' lang='lat' dir='ltr'><strong>et</strong></span> <span class='ocrx_word' id='word_1_380' title='bbox 1427 3541 1666 3609; x_wconf 90' lang='lat' dir='ltr'><strong>seipsum</strong></span> <span class='ocrx_word' id='word_1_381' title='bbox 1698 3556 1799 3609; x_wconf 91' lang='lat' dir='ltr'><strong>pro</strong></span> <span class='ocrx_word' id='word_1_382' title='bbox 1834 3542 1991 3597; x_wconf 89' lang='lat' dir='ltr'><strong>nobis</strong></span> <span class='ocrx_word' id='word_1_383' title='bbox 2034 3542 2339 3597; x_wconf 80' lang='lat' dir='ltr'><strong>sanctiﬁca-</strong></span> 
     </span>
    </p>
   </div>
   <div class='ocr_carea' id='block_1_52' title="bbox 776 3628 2343 3703">
    <p class='ocr_par' dir='ltr' id='par_1_52' title="bbox 776 3628 2343 3703">
     <span class='ocr_line' id='line_1_52' title="bbox 776 3628 2343 3703; baseline 0.006 -22"><span class='ocrx_word' id='word_1_384' title='bbox 776 3628 876 3691; x_wconf 88' lang='lat' dir='ltr'><strong>vit,</strong></span> <span class='ocrx_word' id='word_1_385' title='bbox 904 3641 959 3682; x_wconf 92' lang='lat' dir='ltr'><strong>ut</strong></span> <span class='ocrx_word' id='word_1_386' title='bbox 992 3641 1041 3684; x_wconf 91' lang='lat' dir='ltr'><strong>et</strong></span> <span class='ocrx_word' id='word_1_387' title='bbox 1076 3646 1176 3685; x_wconf 90' lang='lat' dir='ltr'><strong>nos</strong></span> <span class='ocrx_word' id='word_1_388' title='bbox 1199 3631 1374 3684; x_wconf 83' lang='lat' dir='ltr'><strong>sancti</strong></span> <span class='ocrx_word' id='word_1_389' title='bbox 1402 3634 1576 3686; x_wconf 83' lang='lat' dir='ltr'><strong>simus</strong></span> <span class='ocrx_word' id='word_1_390' title='bbox 1601 3632 1654 3685; x_wconf 92' lang='lat' dir='ltr'><strong>in</strong></span> <span class='ocrx_word' id='word_1_391' title='bbox 1682 3634 1932 3698; x_wconf 85' lang='lat' dir='ltr'><strong>veritate,</strong></span> <span class='ocrx_word' id='word_1_392' title='bbox 1956 3634 2147 3703; x_wconf 80' lang='lat' dir='ltr'><strong>liquet,</strong></span> <span class='ocrx_word' id='word_1_393' title='bbox 2194 3634 2343 3690; x_wconf 88' lang='lat' dir='ltr'><strong>solos</strong></span> 
     </span>
    </p>
   </div>
   <div class='ocr_carea' id='block_1_53' title="bbox 779 3723 2338 3796">
    <p class='ocr_par' dir='ltr' id='par_1_53' title="bbox 779 3723 2338 3796">
     <span class='ocr_line' id='line_1_53' title="bbox 779 3723 2338 3796; baseline 0.003 -21"><span class='ocrx_word' id='word_1_394' title='bbox 779 3732 833 3775; x_wconf 82' lang='lat' dir='ltr'><strong>et</strong></span> <span class='ocrx_word' id='word_1_395' title='bbox 864 3723 1059 3775; x_wconf 89' lang='lat' dir='ltr'><strong>merito</strong></span> <span class='ocrx_word' id='word_1_396' title='bbox 1088 3723 1327 3777; x_wconf 86' lang='lat' dir='ltr'><strong>solutum</strong></span> <span class='ocrx_word' id='word_1_397' title='bbox 1360 3725 1424 3778; x_wconf 89' lang='lat' dir='ltr'><strong>iri</strong></span> <span class='ocrx_word' id='word_1_398' title='bbox 1452 3734 1505 3779; x_wconf 79' lang='lat' dir='ltr'><strong>et</strong></span> <span class='ocrx_word' id='word_1_399' title='bbox 1529 3740 1557 3777; x_wconf 88' lang='lat' dir='ltr'><strong>a</strong></span> <span class='ocrx_word' id='word_1_400' title='bbox 1585 3727 1933 3795; x_wconf 82' lang='lat' dir='ltr'><strong>corruptione</strong></span> <span class='ocrx_word' id='word_1_401' title='bbox 1959 3737 2013 3781; x_wconf 89' lang='lat' dir='ltr'><strong>et</strong></span> <span class='ocrx_word' id='word_1_402' title='bbox 2034 3743 2063 3780; x_wconf 89' lang='lat' dir='ltr'><strong>a</strong></span> <span class='ocrx_word' id='word_1_403' title='bbox 2096 3738 2338 3796; x_wconf 83' lang='lat' dir='ltr'><strong>peccato,</strong></span> 
     </span>
    </p>
   </div>
   <div class='ocr_carea' id='block_1_54' title="bbox 781 3813 2344 3886">
    <p class='ocr_par' dir='ltr' id='par_1_54' title="bbox 781 3813 2344 3886">
     <span class='ocr_line' id='line_1_54' title="bbox 781 3813 2344 3886; baseline 0.004 -21"><span class='ocrx_word' id='word_1_404' title='bbox 781 3813 873 3877; x_wconf 83' lang='lat' dir='ltr'><strong>qui</strong></span> <span class='ocrx_word' id='word_1_405' title='bbox 904 3822 959 3867; x_wconf 92' lang='lat' dir='ltr'><strong>et</strong></span> <span class='ocrx_word' id='word_1_406' title='bbox 988 3813 1265 3868; x_wconf 86' lang='lat' dir='ltr'><strong>voluntate</strong></span> <span class='ocrx_word' id='word_1_407' title='bbox 1316 3826 1369 3868; x_wconf 89' lang='lat' dir='ltr'><strong>et</strong></span> <span class='ocrx_word' id='word_1_408' title='bbox 1416 3826 1611 3870; x_wconf 86' lang='lat' dir='ltr'><strong>natura</strong></span> <span class='ocrx_word' id='word_1_409' title='bbox 1656 3817 1722 3870; x_wconf 87' lang='lat' dir='ltr'><strong>ad</strong></span> <span class='ocrx_word' id='word_1_410' title='bbox 1752 3832 1875 3871; x_wconf 89' lang='lat' dir='ltr'><strong>eum</strong></span> <span class='ocrx_word' id='word_1_411' title='bbox 1924 3817 2124 3871; x_wconf 77' lang='lat' dir='ltr'><strong>fuerint</strong></span> <span class='ocrx_word' id='word_1_412' title='bbox 2155 3832 2344 3886; x_wconf 70' lang='lat' dir='ltr'><strong>aggre-</strong></span> 
     </span>
    </p>
   </div>
   <div class='ocr_carea' id='block_1_55' title="bbox 780 3904 2345 3976">
    <p class='ocr_par' dir='ltr' id='par_1_55' title="bbox 780 3904 2345 3976">
     <span class='ocr_line' id='line_1_55' title="bbox 780 3904 2345 3976; baseline 0.003 -21"><span class='ocrx_word' id='word_1_413' title='bbox 780 3904 926 3971; x_wconf 71' lang='lat' dir='ltr'><strong>gati:</strong></span> <span class='ocrx_word' id='word_1_414' title='bbox 967 3905 1088 3966; x_wconf 86' lang='lat' dir='ltr'><strong>hoc,</strong></span> <span class='ocrx_word' id='word_1_415' title='bbox 1122 3916 1399 3974; x_wconf 84' lang='lat' dir='ltr'><strong>quatenus</strong></span> <span class='ocrx_word' id='word_1_416' title='bbox 1435 3907 1709 3968; x_wconf 88' lang='lat' dir='ltr'><strong>homines,</strong></span> <span class='ocrx_word' id='word_1_417' title='bbox 1762 3907 1919 3970; x_wconf 87' lang='lat' dir='ltr'><strong>illud,</strong></span> <span class='ocrx_word' id='word_1_418' title='bbox 1947 3917 2216 3976; x_wconf 81' lang='lat' dir='ltr'><strong>quatenus</strong></span> <span class='ocrx_word' id='word_1_419' title='bbox 2245 3909 2345 3961; x_wconf 84' lang='lat' dir='ltr'><strong>ad-</strong></span> 
     </span>
    </p>
   </div>
   <div class='ocr_carea' id='block_1_56' title="bbox 783 3996 2346 4068">
    <p class='ocr_par' dir='ltr' id='par_1_56' title="bbox 783 3996 2346 4068">
     <span class='ocr_line' id='line_1_56' title="bbox 783 3996 2346 4068; baseline 0.004 -21"><span class='ocrx_word' id='word_1_420' title='bbox 783 4005 999 4048; x_wconf 85' lang='lat' dir='ltr'><strong>ventum</strong></span> <span class='ocrx_word' id='word_1_421' title='bbox 1026 3996 1147 4065; x_wconf 85' lang='lat' dir='ltr'><strong>ejus</strong></span> <span class='ocrx_word' id='word_1_422' title='bbox 1194 3999 1616 4068; x_wconf 85' lang='lat' dir='ltr'><strong>passionemque</strong></span> <span class='ocrx_word' id='word_1_423' title='bbox 1645 3999 1976 4063; x_wconf 83' lang='lat' dir='ltr'><strong>dilexerunt,</strong></span> <span class='ocrx_word' id='word_1_424' title='bbox 1998 4009 2050 4053; x_wconf 89' lang='lat' dir='ltr'><strong>et</strong></span> <span class='ocrx_word' id='word_1_425' title='bbox 2077 4000 2346 4054; x_wconf 80' lang='lat' dir='ltr'><strong>mandatis</strong></span> 
     </span>
    </p>
   </div>
   <div class='ocr_carea' id='block_1_57' title="bbox 783 4087 2344 4165">
    <p class='ocr_par' dir='ltr' id='par_1_57' title="bbox 783 4087 2344 4165">
     <span class='ocr_line' id='line_1_57' title="bbox 783 4087 2344 4165; baseline 0.004 -27"><span class='ocrx_word' id='word_1_426' title='bbox 783 4087 904 4155; x_wconf 70' lang='lat' dir='ltr'><strong>ejus</strong></span> <span class='ocrx_word' id='word_1_427' title='bbox 932 4098 1254 4165; x_wconf 85' lang='lat' dir='ltr'><strong>paruerunt,</strong></span> <span class='ocrx_word' id='word_1_428' title='bbox 1289 4092 1593 4160; x_wconf 86' lang='lat' dir='ltr'><strong>eademque</strong></span> <span class='ocrx_word' id='word_1_429' title='bbox 1630 4108 1753 4145; x_wconf 90' lang='lat' dir='ltr'><strong>cum</strong></span> <span class='ocrx_word' id='word_1_430' title='bbox 1790 4094 1882 4146; x_wconf 88' lang='lat' dir='ltr'><strong>illo</strong></span> <span class='ocrx_word' id='word_1_431' title='bbox 1915 4094 2229 4147; x_wconf 84' lang='lat' dir='ltr'><strong>voluerunt.</strong></span> <span class='ocrx_word' id='word_1_432' title='bbox 2263 4092 2344 4145; x_wconf 81' lang='lat' dir='ltr'><strong>Illi</strong></span> 
     </span>
    </p>
   </div>
   <div class='ocr_carea' id='block_1_58' title="bbox 784 4178 2350 4252">
    <p class='ocr_par' dir='ltr' id='par_1_58' title="bbox 784 4178 2350 4252">
     <span class='ocr_line' id='line_1_58' title="bbox 784 4178 2350 4252; baseline 0.002 -21"><span class='ocrx_word' id='word_1_433' title='bbox 784 4178 876 4231; x_wconf 85' lang='lat' dir='ltr'><strong>alii</strong></span> <span class='ocrx_word' id='word_1_434' title='bbox 910 4193 1077 4232; x_wconf 88' lang='lat' dir='ltr'><strong>unum</strong></span> <span class='ocrx_word' id='word_1_435' title='bbox 1126 4178 1359 4233; x_wconf 78' lang='lat' dir='ltr'><strong>habent:</strong></span> <span class='ocrx_word' id='word_1_436' title='bbox 1393 4181 1624 4235; x_wconf 87' lang='lat' dir='ltr'><strong>alterum</strong></span> <span class='ocrx_word' id='word_1_437' title='bbox 1669 4198 1776 4236; x_wconf 89' lang='lat' dir='ltr'><strong>non</strong></span> <span class='ocrx_word' id='word_1_438' title='bbox 1820 4192 2172 4252; x_wconf 80' lang='lat' dir='ltr'><strong>receperunt;</strong></span> <span class='ocrx_word' id='word_1_439' title='bbox 2206 4194 2262 4237; x_wconf 88' lang='lat' dir='ltr'><strong>et</strong></span> <span class='ocrx_word' id='word_1_440' title='bbox 2292 4193 2350 4236; x_wconf 91' lang='lat' dir='ltr'><strong>ut</strong></span> 
     </span>
    </p>
   </div>
   <div class='ocr_carea' id='block_1_59' title="bbox 788 4272 2351 4345">
    <p class='ocr_par' dir='ltr' id='par_1_59' title="bbox 788 4272 2351 4345">
     <span class='ocr_line' id='line_1_59' title="bbox 788 4272 2351 4345; baseline 0.004 -24"><span class='ocrx_word' id='word_1_441' title='bbox 788 4273 840 4323; x_wconf 87' lang='lat' dir='ltr'><strong>in</strong></span> <span class='ocrx_word' id='word_1_442' title='bbox 870 4272 1180 4325; x_wconf 89' lang='lat' dir='ltr'><strong>hominibus</strong></span> <span class='ocrx_word' id='word_1_443' title='bbox 1209 4282 1416 4337; x_wconf 85' lang='lat' dir='ltr'><strong>essent,</strong></span> <span class='ocrx_word' id='word_1_444' title='bbox 1444 4274 1548 4327; x_wconf 90' lang='lat' dir='ltr'><strong>hoc</strong></span> <span class='ocrx_word' id='word_1_445' title='bbox 1576 4275 1799 4343; x_wconf 89' lang='lat' dir='ltr'><strong>quidem</strong></span> <span class='ocrx_word' id='word_1_446' title='bbox 1838 4276 1974 4344; x_wconf 86' lang='lat' dir='ltr'><strong>ipsis</strong></span> <span class='ocrx_word' id='word_1_447' title='bbox 1999 4276 2257 4345; x_wconf 78' lang='lat' dir='ltr'><strong>contigit;</strong></span> <span class='ocrx_word' id='word_1_448' title='bbox 2292 4284 2351 4328; x_wconf 92' lang='lat' dir='ltr'><strong>ut</strong></span> 
     </span>
    </p>
   </div>
   <div class='ocr_carea' id='block_1_60' title="bbox 786 4363 2351 4430">
    <p class='ocr_par' dir='ltr' id='par_1_60' title="bbox 786 4363 2351 4430">
     <span class='ocr_line' id='line_1_60' title="bbox 786 4363 2351 4430; baseline 0.003 -16"><span class='ocrx_word' id='word_1_449' title='bbox 786 4372 967 4415; x_wconf 87' lang='lat' dir='ltr'><strong>autem</strong></span> <span class='ocrx_word' id='word_1_450' title='bbox 1008 4363 1241 4418; x_wconf 89' lang='lat' dir='ltr'><strong>salutem</strong></span> <span class='ocrx_word' id='word_1_451' title='bbox 1296 4379 1449 4418; x_wconf 81' lang='lat' dir='ltr'><strong>suam</strong></span> <span class='ocrx_word' id='word_1_452' title='bbox 1503 4364 1775 4419; x_wconf 88' lang='lat' dir='ltr'><strong>Salvatori</strong></span> <span class='ocrx_word' id='word_1_453' title='bbox 1829 4368 2249 4430; x_wconf 87' lang='lat' dir='ltr'><strong>committerent,</strong></span> <span class='ocrx_word' id='word_1_454' title='bbox 2297 4376 2351 4419; x_wconf 88' lang='lat' dir='ltr'><strong>et</strong></span> 
     </span>
    </p>
   </div>
   <div class='ocr_carea' id='block_1_61' title="bbox 786 4455 2351 4527">
    <p class='ocr_par' dir='ltr' id='par_1_61' title="bbox 786 4455 2351 4527">
     <span class='ocr_line' id='line_1_61' title="bbox 786 4455 2351 4527; baseline 0.003 -21"><span class='ocrx_word' id='word_1_455' title='bbox 786 4468 908 4506; x_wconf 91' lang='lat' dir='ltr'><strong>cum</strong></span> <span class='ocrx_word' id='word_1_456' title='bbox 954 4469 1018 4506; x_wconf 90' lang='lat' dir='ltr'><strong>eo</strong></span> <span class='ocrx_word' id='word_1_457' title='bbox 1051 4455 1143 4523; x_wconf 89' lang='lat' dir='ltr'><strong>qui</strong></span> <span class='ocrx_word' id='word_1_458' title='bbox 1191 4455 1376 4508; x_wconf 86' lang='lat' dir='ltr'><strong>animo</strong></span> <span class='ocrx_word' id='word_1_459' title='bbox 1418 4455 1810 4527; x_wconf 83' lang='lat' dir='ltr'><strong>voluntateque</strong></span> <span class='ocrx_word' id='word_1_460' title='bbox 1846 4458 2019 4512; x_wconf 90' lang='lat' dir='ltr'><strong>bonus</strong></span> <span class='ocrx_word' id='word_1_461' title='bbox 2056 4470 2165 4521; x_wconf 85' lang='lat' dir='ltr'><strong>est,</strong></span> <span class='ocrx_word' id='word_1_462' title='bbox 2196 4471 2351 4511; x_wconf 87' lang='lat' dir='ltr'><strong>com-</strong></span> 
     </span>
    </p>
   </div>
   <div class='ocr_carea' id='block_1_62' title="bbox 790 4545 2352 4617">
    <p class='ocr_par' dir='ltr' id='par_1_62' title="bbox 790 4545 2352 4617">
     <span class='ocr_line' id='line_1_62' title="bbox 790 4545 2352 4617; baseline 0.008 -23"><span class='ocrx_word' id='word_1_463' title='bbox 790 4545 1152 4609; x_wconf 84' lang='lat' dir='ltr'><strong>numicarent,</strong></span> <span class='ocrx_word' id='word_1_464' title='bbox 1186 4561 1292 4599; x_wconf 91' lang='lat' dir='ltr'><strong>non</strong></span> <span class='ocrx_word' id='word_1_465' title='bbox 1335 4549 1582 4617; x_wconf 67' lang='lat' dir='ltr'><strong>contigit.</strong></span> <span class='ocrx_word' id='word_1_466' title='bbox 1632 4547 1744 4602; x_wconf 85' lang='lat' dir='ltr'><strong>llos</strong></span> <span class='ocrx_word' id='word_1_467' title='bbox 1776 4560 2120 4616; x_wconf 85' lang='lat' dir='ltr'><strong>peccatorum</strong></span> <span class='ocrx_word' id='word_1_468' title='bbox 2150 4552 2352 4606; x_wconf 80' lang='lat' dir='ltr'><strong>condo-</strong></span> 
     </span>
    </p>
   </div>
   <div class='ocr_carea' id='block_1_63' title="bbox 788 4634 2354 4706">
    <p class='ocr_par' dir='ltr' id='par_1_63' title="bbox 788 4634 2354 4706">
     <span class='ocr_line' id='line_1_63' title="bbox 788 4634 2354 4706; baseline 0.006 -20"><span class='ocrx_word' id='word_1_469' title='bbox 788 4634 1009 4689; x_wconf 88' lang='lat' dir='ltr'><strong>natione</strong></span> <span class='ocrx_word' id='word_1_470' title='bbox 1042 4646 1097 4690; x_wconf 91' lang='lat' dir='ltr'><strong>et</strong></span> <span class='ocrx_word' id='word_1_471' title='bbox 1128 4651 1332 4691; x_wconf 88' lang='lat' dir='ltr'><strong>corona</strong></span> <span class='ocrx_word' id='word_1_472' title='bbox 1376 4637 1628 4706; x_wconf 63' lang='lat' dir='ltr'><strong>justitiaa.</strong></span> <span class='ocrx_word' id='word_1_473' title='bbox 1682 4649 1934 4706; x_wconf 86' lang='lat' dir='ltr'><strong>tanquam</strong></span> <span class='ocrx_word' id='word_1_474' title='bbox 1984 4641 2258 4695; x_wconf 77' lang='lat' dir='ltr'><strong>voluntate</strong></span> <span class='ocrx_word' id='word_1_475' title='bbox 2299 4649 2354 4695; x_wconf 85' lang='lat' dir='ltr'><strong>et</strong></span> 
     </span>
    </p>
   </div>
   <div class='ocr_carea' id='block_1_64' title="bbox 789 4727 2351 4795">
    <p class='ocr_par' dir='ltr' id='par_1_64' title="bbox 789 4727 2351 4795">
     <span class='ocr_line' id='line_1_64' title="bbox 789 4727 2351 4795; baseline 0.003 -15"><span class='ocrx_word' id='word_1_476' title='bbox 789 4728 1058 4781; x_wconf 79' lang='lat' dir='ltr'><strong>sententia</strong></span> <span class='ocrx_word' id='word_1_477' title='bbox 1087 4727 1435 4793; x_wconf 88' lang='lat' dir='ltr'><strong>dissidentes,</strong></span> <span class='ocrx_word' id='word_1_478' title='bbox 1481 4744 1669 4784; x_wconf 84' lang='lat' dir='ltr'><strong>carere</strong></span> <span class='ocrx_word' id='word_1_479' title='bbox 1704 4740 2130 4785; x_wconf 86' lang='lat' dir='ltr'><strong>consentaneum</strong></span> <span class='ocrx_word' id='word_1_480' title='bbox 2165 4742 2269 4795; x_wconf 90' lang='lat' dir='ltr'><strong>est,</strong></span> <span class='ocrx_word' id='word_1_481' title='bbox 2299 4741 2351 4785; x_wconf 89' lang='lat' dir='ltr'><strong>et</strong></span> 
     </span>
    </p>
   </div>
   <div class='ocr_carea' id='block_1_65' title="bbox 789 4819 2355 4890">
    <p class='ocr_par' dir='ltr' id='par_1_65' title="bbox 789 4819 2355 4890">
     <span class='ocr_line' id='line_1_65' title="bbox 789 4819 2355 4890; baseline 0.003 -20"><span class='ocrx_word' id='word_1_482' title='bbox 789 4819 966 4888; x_wconf 77' lang='lat' dir='ltr'><strong>perire</strong></span> <span class='ocrx_word' id='word_1_483' title='bbox 996 4819 1221 4873; x_wconf 82' lang='lat' dir='ltr'><strong>alteram</strong></span> <span class='ocrx_word' id='word_1_484' title='bbox 1261 4819 1599 4874; x_wconf 82' lang='lat' dir='ltr'><strong>libertatem:</strong></span> <span class='ocrx_word' id='word_1_485' title='bbox 1634 4836 1735 4875; x_wconf 91' lang='lat' dir='ltr'><strong>nec</strong></span> <span class='ocrx_word' id='word_1_486' title='bbox 1759 4836 1881 4876; x_wconf 89' lang='lat' dir='ltr'><strong>esse</strong></span> <span class='ocrx_word' id='word_1_487' title='bbox 1915 4821 2225 4890; x_wconf 84' lang='lat' dir='ltr'><strong>quidquam.</strong></span> <span class='ocrx_word' id='word_1_488' title='bbox 2252 4823 2355 4875; x_wconf 87' lang='lat' dir='ltr'><strong>im-</strong></span> 
     </span>
    </p>
   </div>
   <div class='ocr_carea' id='block_1_66' title="bbox 792 4910 2355 4978">
    <p class='ocr_par' dir='ltr' id='par_1_66' title="bbox 792 4910 2355 4978">
     <span class='ocr_line' id='line_1_66' title="bbox 792 4910 2355 4978; baseline 0.007 -19"><span class='ocrx_word' id='word_1_489' title='bbox 792 4910 1107 4977; x_wconf 87' lang='lat' dir='ltr'><strong>pedimenti,</strong></span> <span class='ocrx_word' id='word_1_490' title='bbox 1136 4910 1450 4978; x_wconf 87' lang='lat' dir='ltr'><strong>quominus,</strong></span> <span class='ocrx_word' id='word_1_491' title='bbox 1506 4928 1632 4966; x_wconf 90' lang='lat' dir='ltr'><strong>cum</strong></span> <span class='ocrx_word' id='word_1_492' title='bbox 1696 4915 1943 4968; x_wconf 84' lang='lat' dir='ltr'><strong>eamdem</strong></span> <span class='ocrx_word' id='word_1_493' title='bbox 1984 4928 2108 4969; x_wconf 90' lang='lat' dir='ltr'><strong>cum</strong></span> <span class='ocrx_word' id='word_1_494' title='bbox 2141 4915 2355 4969; x_wconf 88' lang='lat' dir='ltr'><strong>Christo</strong></span> 
     </span>
    </p>
   </div>
   <div class='ocr_carea' id='block_1_67' title="bbox 792 5000 2356 5071">
    <p class='ocr_par' dir='ltr' id='par_1_67' title="bbox 792 5000 2356 5071">
     <span class='ocr_line' id='line_1_67' title="bbox 792 5000 2356 5071; baseline 0.005 -20"><span class='ocrx_word' id='word_1_495' title='bbox 792 5008 1042 5051; x_wconf 87' lang='lat' dir='ltr'><strong>naturam</strong></span> <span class='ocrx_word' id='word_1_496' title='bbox 1113 5000 1424 5063; x_wconf 85' lang='lat' dir='ltr'><strong>obtineant,</strong></span> <span class='ocrx_word' id='word_1_497' title='bbox 1491 5001 1655 5055; x_wconf 88' lang='lat' dir='ltr'><strong>etiam</strong></span> <span class='ocrx_word' id='word_1_498' title='bbox 1715 5003 1939 5055; x_wconf 89' lang='lat' dir='ltr'><strong>redivivi</strong></span> <span class='ocrx_word' id='word_1_499' title='bbox 2002 5018 2033 5058; x_wconf 78' lang='grc' dir='ltr'><strong>θ</strong></span> <span class='ocrx_word' id='word_1_500' title='bbox 2088 5005 2356 5071; x_wconf 84' lang='lat' dir='ltr'><strong>sepulcris</strong></span> 
     </span>
    </p>
   </div>
   <div class='ocr_carea' id='block_1_68' title="bbox 791 5090 2355 5159">
    <p class='ocr_par' dir='ltr' id='par_1_68' title="bbox 791 5090 2355 5159">
     <span class='ocr_line' id='line_1_68' title="bbox 791 5090 2355 5159; baseline 0.004 -17"><span class='ocrx_word' id='word_1_501' title='bbox 791 5091 1077 5143; x_wconf 67' lang='lat' dir='ltr'><strong>exsistant.</strong></span> <span class='ocrx_word' id='word_1_502' title='bbox 1107 5090 1322 5144; x_wconf 81' lang='lat' dir='ltr'><strong>Etenim</strong></span> <span class='ocrx_word' id='word_1_503' title='bbox 1372 5090 1639 5159; x_wconf 80' lang='lat' dir='ltr'><strong>baptisma</strong></span> <span class='ocrx_word' id='word_1_504' title='bbox 1687 5093 1865 5147; x_wconf 89' lang='lat' dir='ltr'><strong>solum</strong></span> <span class='ocrx_word' id='word_1_505' title='bbox 1912 5094 2083 5148; x_wconf 73' lang='lat' dir='ltr'><strong>beata:</strong></span> <span class='ocrx_word' id='word_1_506' title='bbox 2134 5096 2256 5148; x_wconf 79' lang='lat' dir='ltr'><strong>vita:</strong></span> <span class='ocrx_word' id='word_1_507' title='bbox 2299 5096 2355 5149; x_wconf 91' lang='lat' dir='ltr'><strong>in</strong></span> 
     </span>
    </p>
   </div>
   <div class='ocr_carea' id='block_1_69' title="bbox 793 5181 2352 5255">
    <p class='ocr_par' dir='ltr' id='par_1_69' title="bbox 793 5181 2352 5255">
     <span class='ocr_line' id='line_1_69' title="bbox 793 5181 2352 5255; baseline 0.004 -22"><span class='ocrx_word' id='word_1_508' title='bbox 793 5181 1036 5245; x_wconf 87' lang='lat' dir='ltr'><strong>Christo,</strong></span> <span class='ocrx_word' id='word_1_509' title='bbox 1067 5195 1173 5234; x_wconf 89' lang='lat' dir='ltr'><strong>n0n</strong></span> <span class='ocrx_word' id='word_1_510' title='bbox 1209 5182 1371 5235; x_wconf 87' lang='lat' dir='ltr'><strong>etiam</strong></span> <span class='ocrx_word' id='word_1_511' title='bbox 1404 5184 1522 5235; x_wconf 62' lang='lat' dir='ltr'><strong>vita:</strong></span> <span class='ocrx_word' id='word_1_512' title='bbox 1546 5199 1713 5237; x_wconf 86' lang='lat' dir='ltr'><strong>causa</strong></span> <span class='ocrx_word' id='word_1_513' title='bbox 1755 5194 1872 5250; x_wconf 86' lang='lat' dir='ltr'><strong>est,</strong></span> <span class='ocrx_word' id='word_1_514' title='bbox 1910 5187 2352 5255; x_wconf 81' lang='lat' dir='ltr'><strong>quandoquidem</strong></span> 
     </span>
    </p>
   </div>
   <div class='ocr_carea' id='block_1_70' title="bbox 795 5272 2357 5344">
    <p class='ocr_par' dir='ltr' id='par_1_70' title="bbox 795 5272 2357 5344">
     <span class='ocr_line' id='line_1_70' title="bbox 795 5272 2357 5344; baseline 0.004 -20"><span class='ocrx_word' id='word_1_515' title='bbox 795 5272 995 5325; x_wconf 81' lang='lat' dir='ltr'><strong>Christi</strong></span> <span class='ocrx_word' id='word_1_516' title='bbox 1034 5287 1179 5326; x_wconf 88' lang='lat' dir='ltr'><strong>mors</strong></span> <span class='ocrx_word' id='word_1_517' title='bbox 1210 5283 1262 5327; x_wconf 90' lang='lat' dir='ltr'><strong>et</strong></span> <span class='ocrx_word' id='word_1_518' title='bbox 1298 5277 1620 5328; x_wconf 86' lang='lat' dir='ltr'><strong>resurrectio</strong></span> <span class='ocrx_word' id='word_1_519' title='bbox 1679 5277 1934 5331; x_wconf 87' lang='lat' dir='ltr'><strong>omnibus</strong></span> <span class='ocrx_word' id='word_1_520' title='bbox 1977 5279 2257 5344; x_wconf 66' lang='lat' dir='ltr'><strong>aequaliter</strong></span> <span class='ocrx_word' id='word_1_521' title='bbox 2302 5288 2357 5331; x_wconf 85' lang='lat' dir='ltr'><strong>et</strong></span> 
     </span>
    </p>
   </div>
   <div class='ocr_carea' id='block_1_71' title="bbox 799 5364 2363 5438">
    <p class='ocr_par' dir='ltr' id='par_1_71' title="bbox 799 5364 2363 5438">
     <span class='ocr_line' id='line_1_71' title="bbox 799 5364 2363 5438; baseline 0.003 -21"><span class='ocrx_word' id='word_1_522' title='bbox 799 5364 1126 5432; x_wconf 86' lang='lat' dir='ltr'><strong>simpliciter</strong></span> <span class='ocrx_word' id='word_1_523' title='bbox 1178 5366 1342 5419; x_wconf 85' lang='lat' dir='ltr'><strong>vitam</strong></span> <span class='ocrx_word' id='word_1_524' title='bbox 1399 5366 1758 5420; x_wconf 86' lang='lat' dir='ltr'><strong>immortalem</strong></span> <span class='ocrx_word' id='word_1_525' title='bbox 1787 5368 2115 5423; x_wconf 84' lang='lat' dir='ltr'><strong>conciliavit.</strong></span> <span class='ocrx_word' id='word_1_526' title='bbox 2158 5369 2363 5438; x_wconf 87' lang='lat' dir='ltr'><strong>Eapro-</strong></span> 
     </span>
    </p>
   </div>
   <div class='ocr_carea' id='block_1_72' title="bbox 800 5455 2358 5521">
    <p class='ocr_par' dir='ltr' id='par_1_72' title="bbox 800 5455 2358 5521">
     <span class='ocr_line' id='line_1_72' title="bbox 800 5455 2358 5521; baseline 0.002 -16"><span class='ocrx_word' id='word_1_527' title='bbox 800 5463 918 5521; x_wconf 87' lang='lat' dir='ltr'><strong>pter</strong></span> <span class='ocrx_word' id='word_1_528' title='bbox 948 5455 1275 5509; x_wconf 84' lang='lat' dir='ltr'><strong>resurrectio</strong></span> <span class='ocrx_word' id='word_1_529' title='bbox 1309 5455 1579 5508; x_wconf 86' lang='lat' dir='ltr'><strong>universis</strong></span> <span class='ocrx_word' id='word_1_530' title='bbox 1600 5457 1922 5511; x_wconf 82' lang='lat' dir='ltr'><strong>mortalibus</strong></span> <span class='ocrx_word' id='word_1_531' title='bbox 1944 5472 2235 5511; x_wconf 88' lang='lat' dir='ltr'><strong>commune</strong></span> <span class='ocrx_word' id='word_1_532' title='bbox 2256 5458 2358 5510; x_wconf 82' lang='lat' dir='ltr'><strong>do-</strong></span> 
     </span>
    </p>
   </div>
   <div class='ocr_carea' id='block_1_73' title="bbox 806 5547 2365 5616">
    <p class='ocr_par' dir='ltr' id='par_1_73' title="bbox 806 5547 2365 5616">
     <span class='ocr_line' id='line_1_73' title="bbox 806 5547 2365 5616; baseline 0.004 -20"><span class='ocrx_word' id='word_1_533' title='bbox 806 5560 935 5596; x_wconf 89' lang='lat' dir='ltr'><strong>num</strong></span> <span class='ocrx_word' id='word_1_534' title='bbox 969 5556 1052 5598; x_wconf 91' lang='lat' dir='ltr'><strong>est</strong></span> <span class='ocrx_word' id='word_1_535' title='bbox 1079 5564 1089 5598; x_wconf 93' lang='lat'><strong>:</strong></span> <span class='ocrx_word' id='word_1_536' title='bbox 1128 5547 1382 5599; x_wconf 87' lang='lat' dir='ltr'><strong>remissio</strong></span> <span class='ocrx_word' id='word_1_537' title='bbox 1415 5557 1592 5600; x_wconf 88' lang='lat' dir='ltr'><strong>autem</strong></span> <span class='ocrx_word' id='word_1_538' title='bbox 1624 5559 1995 5616; x_wconf 89' lang='lat' dir='ltr'><strong>peccatorum,</strong></span> <span class='ocrx_word' id='word_1_539' title='bbox 2034 5558 2088 5603; x_wconf 88' lang='lat' dir='ltr'><strong>et</strong></span> <span class='ocrx_word' id='word_1_540' title='bbox 2117 5550 2365 5603; x_wconf 75' lang='lat' dir='ltr'><strong>cmlestes</strong></span> 
     </span>
    </p>
   </div>
   <div class='ocr_carea' id='block_1_74' title="bbox 2434 2166 4005 2239">
    <p class='ocr_par' dir='ltr' id='par_1_74' title="bbox 2434 2166 4005 2239">
     <span class='ocr_line' id='line_1_74' title="bbox 2434 2166 4005 2239; baseline 0.003 -18"><span class='ocrx_word' id='word_1_541' title='bbox 2434 2166 2519 2237; x_wconf 75' lang='grc' dir='ltr'><strong>ἐφ’</strong></span> <span class='ocrx_word' id='word_1_542' title='bbox 2546 2168 2679 2237; x_wconf 81' lang='grc' dir='ltr'>ἡμῖν</span> <span class='ocrx_word' id='word_1_543' title='bbox 2705 2169 2850 2221; x_wconf 74' lang='grc' dir='ltr'>ἐστιν</span> <span class='ocrx_word' id='word_1_544' title='bbox 2882 2167 3007 2220; x_wconf 79' lang='grc' dir='ltr'>οὔτε</span> <span class='ocrx_word' id='word_1_545' title='bbox 3046 2170 3107 2222; x_wconf 83' lang='grc' dir='ltr'>τὸ</span> <span class='ocrx_word' id='word_1_546' title='bbox 3137 2170 3466 2239; x_wconf 78' lang='grc' dir='ltr'>γεννηθῆναι</span> <span class='ocrx_word' id='word_1_547' title='bbox 3508 2171 3631 2223; x_wconf 76' lang='grc' dir='ltr'>οὔτε</span> <span class='ocrx_word' id='word_1_548' title='bbox 3689 2172 3751 2224; x_wconf 79' lang='grc' dir='ltr'>τὸ</span> <span class='ocrx_word' id='word_1_549' title='bbox 3793 2174 4005 2227; x_wconf 82' lang='grc' dir='ltr'>ἀποθα-</span> 
     </span>
    </p>
   </div>
   <div class='ocr_carea' id='block_1_75' title="bbox 2432 2259 4006 2334">
    <p class='ocr_par' dir='ltr' id='par_1_75' title="bbox 2432 2259 4006 2334">
     <span class='ocr_line' id='line_1_75' title="bbox 2432 2259 4006 2334; baseline 0.004 -23"><span class='ocrx_word' id='word_1_550' title='bbox 2432 2260 2625 2321; x_wconf 76' lang='grc' dir='ltr'>νόντας</span> <span class='ocrx_word' id='word_1_551' title='bbox 2651 2259 3087 2314; x_wconf 73' lang='grc' dir='ltr'>ἁναόιώσκεσθαι</span> <span class='ocrx_word' id='word_1_552' title='bbox 3109 2261 3270 2314; x_wconf 84' lang='grc' dir='ltr'>πάλιν</span> <span class='ocrx_word' id='word_1_553' title='bbox 3292 2262 3323 2330; x_wconf 81' lang='grc' dir='ltr'>ἢ</span> <span class='ocrx_word' id='word_1_554' title='bbox 3348 2262 3677 2317; x_wconf 86' lang='grc' dir='ltr'>τούναντίον.</span> <span class='ocrx_word' id='word_1_555' title='bbox 3730 2266 3797 2316; x_wconf 81' lang='grc' dir='ltr'><strong>’Δ</strong></span> <span class='ocrx_word' id='word_1_556' title='bbox 3822 2265 3878 2316; x_wconf 73' lang='grc' dir='ltr'><strong>δὲ</strong></span> <span class='ocrx_word' id='word_1_557' title='bbox 3904 2265 4006 2334; x_wconf 87' lang='grc' dir='ltr'><strong>τῆς</strong></span> 
     </span>
    </p>
   </div>
   <div class='ocr_carea' id='block_1_76' title="bbox 2434 2350 4007 2425">
    <p class='ocr_par' dir='ltr' id='par_1_76' title="bbox 2434 2350 4007 2425">
     <span class='ocr_line' id='line_1_76' title="bbox 2434 2350 4007 2425; baseline 0.004 -20"><span class='ocrx_word' id='word_1_558' title='bbox 2434 2350 2703 2421; x_wconf 81' lang='grc' dir='ltr'>θελήσεως</span> <span class='ocrx_word' id='word_1_559' title='bbox 2736 2352 2836 2421; x_wconf 85' lang='grc' dir='ltr'><strong>τῆς</strong></span> <span class='ocrx_word' id='word_1_560' title='bbox 2869 2353 3211 2424; x_wconf 82' lang='grc' dir='ltr'><strong>ἀνθρωπείας</strong></span> <span class='ocrx_word' id='word_1_561' title='bbox 3264 2355 3587 2425; x_wconf 79' lang='grc' dir='ltr'>ἐξήρτηται,</span> <span class='ocrx_word' id='word_1_562' title='bbox 3618 2358 3621 2361; x_wconf 70' lang='grc'><em>’</em></span> <span class='ocrx_word' id='word_1_563' title='bbox 3650 2356 3793 2425; x_wconf 79' lang='grc' dir='ltr'>λέγω</span> <span class='ocrx_word' id='word_1_564' title='bbox 3848 2358 3914 2425; x_wconf 74' lang='grc' dir='ltr'><strong>δὴ</strong></span> <span class='ocrx_word' id='word_1_565' title='bbox 3944 2360 4007 2411; x_wconf 83' lang='grc' dir='ltr'><strong>τὺ</strong></span> 
     </span>
    </p>
   </div>
   <div class='ocr_carea' id='block_1_77' title="bbox 2434 2444 4005 2520">
    <p class='ocr_par' dir='ltr' id='par_1_77' title="bbox 2434 2444 4005 2520">
     <span class='ocr_line' id='line_1_77' title="bbox 2434 2444 4005 2520; baseline 0.002 -21"><span class='ocrx_word' id='word_1_566' title='bbox 2434 2445 2648 2499; x_wconf 76' lang='grc' dir='ltr'>ἑλέσθαι</span> <span class='ocrx_word' id='word_1_567' title='bbox 2668 2446 2729 2497; x_wconf 83' lang='grc' dir='ltr'>τὸ</span> <span class='ocrx_word' id='word_1_568' title='bbox 2752 2444 2976 2512; x_wconf 85' lang='grc' dir='ltr'>ἀγαθὸν,</span> <span class='ocrx_word' id='word_1_569' title='bbox 3009 2446 3296 2515; x_wconf 76' lang='grc' dir='ltr'>ἁμαρτιῶν</span> <span class='ocrx_word' id='word_1_570' title='bbox 3313 2446 3528 2515; x_wconf 64' lang='grc' dir='ltr'>ἄφεσις,</span> <span class='ocrx_word' id='word_1_571' title='bbox 3557 2448 3723 2518; x_wconf 72' lang='grc' dir='ltr'>ἤθους</span> <span class='ocrx_word' id='word_1_572' title='bbox 3750 2450 4005 2520; x_wconf 79' lang='grc' dir='ltr'><strong>ὀρθότης,</strong></span> 
     </span>
    </p>
   </div>
   <div class='ocr_carea' id='block_1_78' title="bbox 2432 2536 4008 2607">
    <p class='ocr_par' dir='ltr' id='par_1_78' title="bbox 2432 2536 4008 2607">
     <span class='ocr_line' id='line_1_78' title="bbox 2432 2536 4008 2607; baseline 0.004 -18"><span class='ocrx_word' id='word_1_573' title='bbox 2432 2537 2608 2606; x_wconf 81' lang='grc' dir='ltr'>ψυχῆς</span> <span class='ocrx_word' id='word_1_574' title='bbox 2645 2536 2975 2606; x_wconf 72' lang='grc' dir='ltr'>καθαρότης,</span> <span class='ocrx_word' id='word_1_575' title='bbox 3008 2537 3141 2589; x_wconf 82' lang='grc' dir='ltr'>Θεοῦ</span> <span class='ocrx_word' id='word_1_576' title='bbox 3182 2538 3421 2607; x_wconf 76' lang='grc' dir='ltr'>φίλτρον,</span> <span class='ocrx_word' id='word_1_577' title='bbox 3474 2542 3533 2591; x_wconf 69' lang='grc' dir='ltr'><strong>τὸ</strong></span> <span class='ocrx_word' id='word_1_578' title='bbox 3583 2540 3790 2593; x_wconf 83' lang='grc' dir='ltr'>τούτων</span> <span class='ocrx_word' id='word_1_579' title='bbox 3841 2537 4008 2595; x_wconf 82' lang='grc' dir='ltr'>ἆθλον</span> 
     </span>
    </p>
   </div>
   <div class='ocr_carea' id='block_1_79' title="bbox 2434 2628 4009 2701">
    <p class='ocr_par' dir='ltr' id='par_1_79' title="bbox 2434 2628 4009 2701">
     <span class='ocr_line' id='line_1_79' title="bbox 2434 2628 4009 2701; baseline 0.003 -19"><span class='ocrx_word' id='word_1_580' title='bbox 2434 2630 2467 2697; x_wconf 78' lang='grc' dir='ltr'><strong>ἡ</strong></span> <span class='ocrx_word' id='word_1_581' title='bbox 2500 2628 2699 2697; x_wconf 75' lang='grc' dir='ltr'>ἐσχάτη</span> <span class='ocrx_word' id='word_1_582' title='bbox 2737 2628 3099 2697; x_wconf 86' lang='grc' dir='ltr'>μακαριότης.</span> <span class='ocrx_word' id='word_1_583' title='bbox 3135 2628 3323 2681; x_wconf 82' lang='grc' dir='ltr'>Ταῦτα</span> <span class='ocrx_word' id='word_1_584' title='bbox 3343 2630 3396 2680; x_wconf 74' lang='grc' dir='ltr'><strong>δὲ</strong></span> <span class='ocrx_word' id='word_1_585' title='bbox 3422 2630 3505 2697; x_wconf 78' lang='grc' dir='ltr'><strong>ἐφ’</strong></span> <span class='ocrx_word' id='word_1_586' title='bbox 3525 2631 3657 2701; x_wconf 74' lang='grc' dir='ltr'>ἡμῖν</span> <span class='ocrx_word' id='word_1_587' title='bbox 3676 2634 3792 2684; x_wconf 77' lang='grc' dir='ltr'>ἐστι</span> <span class='ocrx_word' id='word_1_588' title='bbox 3821 2632 4009 2686; x_wconf 79' lang='grc' dir='ltr'>λαϐεῖν</span> 
     </span>
    </p>
   </div>
   <div class='ocr_carea' id='block_1_80' title="bbox 2436 2718 4010 2791">
    <p class='ocr_par' dir='ltr' id='par_1_80' title="bbox 2436 2718 4010 2791">
     <span class='ocr_line' id='line_1_80' title="bbox 2436 2718 4010 2791; baseline 0.003 -21"><span class='ocrx_word' id='word_1_589' title='bbox 2436 2721 2469 2791; x_wconf 81' lang='grc' dir='ltr'>ἦ</span> <span class='ocrx_word' id='word_1_590' title='bbox 2523 2723 2734 2787; x_wconf 72' lang='grc' dir='ltr'>φυγεῖν,</span> <span class='ocrx_word' id='word_1_591' title='bbox 2766 2720 2889 2773; x_wconf 83' lang='grc' dir='ltr'>ὅθεν</span> <span class='ocrx_word' id='word_1_592' title='bbox 2923 2718 3264 2788; x_wconf 76' lang='grc' dir='ltr'>βουλομένοις</span> <span class='ocrx_word' id='word_1_593' title='bbox 3310 2722 3410 2789; x_wconf 83' lang='grc' dir='ltr'>μὲν</span> <span class='ocrx_word' id='word_1_594' title='bbox 3450 2721 3648 2786; x_wconf 80' lang='grc' dir='ltr'>ἔξεστι,</span> <span class='ocrx_word' id='word_1_595' title='bbox 3714 2724 3786 2791; x_wconf 86' lang='grc' dir='ltr'>μὴ</span> <span class='ocrx_word' id='word_1_596' title='bbox 3824 2723 4010 2791; x_wconf 82' lang='grc' dir='ltr'>βουλο-</span> 
     </span>
    </p>
   </div>
   <div class='ocr_carea' id='block_1_81' title="bbox 2441 2809 4005 2882">
    <p class='ocr_par' dir='ltr' id='par_1_81' title="bbox 2441 2809 4005 2882">
     <span class='ocr_line' id='line_1_81' title="bbox 2441 2809 4005 2882; baseline 0.002 -22"><span class='ocrx_word' id='word_1_597' title='bbox 2441 2811 2623 2878; x_wconf 80' lang='grc' dir='ltr'>μένοις</span> <span class='ocrx_word' id='word_1_598' title='bbox 2653 2809 2710 2862; x_wconf 77' lang='grc' dir='ltr'><strong>δὲ</strong></span> <span class='ocrx_word' id='word_1_599' title='bbox 2743 2811 2859 2872; x_wconf 82' lang='grc' dir='ltr'><strong>πῶς</strong></span> <span class='ocrx_word' id='word_1_600' title='bbox 2881 2811 2946 2863; x_wconf 86' lang='grc' dir='ltr'>ἂν</span> <span class='ocrx_word' id='word_1_601' title='bbox 2985 2811 3199 2876; x_wconf 77' lang='grc' dir='ltr'>γένοιτο</span> <span class='ocrx_word' id='word_1_602' title='bbox 3222 2810 3404 2862; x_wconf 79' lang='grc' dir='ltr'>αὐτῶν</span> <span class='ocrx_word' id='word_1_603' title='bbox 3429 2812 3762 2876; x_wconf 75' lang='grc' dir='ltr'>ἀπολαύεινς</span> <span class='ocrx_word' id='word_1_604' title='bbox 3789 2815 3863 2866; x_wconf 86' lang='grc' dir='ltr'><strong>Ού</strong></span> <span class='ocrx_word' id='word_1_605' title='bbox 3894 2814 4005 2882; x_wconf 68' lang='grc' dir='ltr'>γὰρ</span> 
     </span>
    </p>
   </div>
   <div class='ocr_carea' id='block_1_82' title="bbox 2439 2896 4007 2975">
    <p class='ocr_par' dir='ltr' id='par_1_82' title="bbox 2439 2896 4007 2975">
     <span class='ocr_line' id='line_1_82' title="bbox 2439 2896 4007 2975; baseline 0.003 -21"><span class='ocrx_word' id='word_1_606' title='bbox 2439 2902 2584 2954; x_wconf 80' lang='grc' dir='ltr'>ἔστιν</span> <span class='ocrx_word' id='word_1_607' title='bbox 2616 2903 2844 2964; x_wconf 81' lang='grc' dir='ltr'>ἄκοντας</span> <span class='ocrx_word' id='word_1_608' title='bbox 2878 2902 3105 2963; x_wconf 77' lang='grc' dir='ltr'>ἐθέλειν,</span> <span class='ocrx_word' id='word_1_609' title='bbox 3137 2896 3256 2953; x_wconf 77' lang='grc' dir='ltr'><strong>οὐδὲ</strong></span> <span class='ocrx_word' id='word_1_610' title='bbox 3290 2902 3573 2970; x_wconf 76' lang='grc' dir='ltr'>βιάζεσθαι</span> <span class='ocrx_word' id='word_1_611' title='bbox 3628 2904 4007 2975; x_wconf 76' lang='grc' dir='ltr'><strong>βουλομένους.</strong></span> 
     </span>
    </p>
   </div>
   <div class='ocr_carea' id='block_1_83' title="bbox 2442 2991 4013 3065">
    <p class='ocr_par' dir='ltr' id='par_1_83' title="bbox 2442 2991 4013 3065">
     <span class='ocr_line' id='line_1_83' title="bbox 2442 2991 4013 3065; baseline 0.003 -22"><span class='ocrx_word' id='word_1_612' title='bbox 2442 2993 2562 3045; x_wconf 85' lang='grc' dir='ltr'>Ἔτι</span> <span class='ocrx_word' id='word_1_613' title='bbox 2591 2991 2647 3045; x_wconf 74' lang='grc' dir='ltr'><strong>δὲ</strong></span> <span class='ocrx_word' id='word_1_614' title='bbox 2681 2991 2749 3045; x_wconf 79' lang='grc' dir='ltr'><strong>δι’</strong></span> <span class='ocrx_word' id='word_1_615' title='bbox 2782 2994 2988 3044; x_wconf 69' lang='grc' dir='ltr'>ἐκεῖνον</span> <span class='ocrx_word' id='word_1_616' title='bbox 3032 2993 3125 3044; x_wconf 79' lang='grc' dir='ltr'>τὸν</span> <span class='ocrx_word' id='word_1_617' title='bbox 3158 2991 3348 3058; x_wconf 82' lang='grc' dir='ltr'>λόγον·</span> <span class='ocrx_word' id='word_1_618' title='bbox 3380 2994 3504 3045; x_wconf 65' lang='grc' dir='ltr'>ἐπεὶ</span> <span class='ocrx_word' id='word_1_619' title='bbox 3551 2994 3659 3065; x_wconf 84' lang='grc' dir='ltr'><strong>γὰρ</strong></span> <span class='ocrx_word' id='word_1_620' title='bbox 3700 2995 3859 3064; x_wconf 89' lang='grc' dir='ltr'>μόνος</span> <span class='ocrx_word' id='word_1_621' title='bbox 3886 2996 4013 3047; x_wconf 74' lang='grc' dir='ltr'>ἐλυ-</span> 
     </span>
    </p>
   </div>
   <div class='ocr_carea' id='block_1_84' title="bbox 2441 3081 4014 3156">
    <p class='ocr_par' dir='ltr' id='par_1_84' title="bbox 2441 3081 4014 3156">
     <span class='ocr_line' id='line_1_84' title="bbox 2441 3081 4014 3156; baseline 0.004 -23"><span class='ocrx_word' id='word_1_622' title='bbox 2441 3097 2533 3133; x_wconf 88' lang='grc' dir='ltr'><strong>σεν</strong></span> <span class='ocrx_word' id='word_1_623' title='bbox 2561 3084 2591 3133; x_wconf 89' lang='grc' dir='ltr'><strong>ό</strong></span> <span class='ocrx_word' id='word_1_624' title='bbox 2630 3081 2839 3150; x_wconf 84' lang='grc' dir='ltr'>Κύριος</span> <span class='ocrx_word' id='word_1_625' title='bbox 2883 3081 2984 3152; x_wconf 81' lang='grc' dir='ltr'>τὴν</span> <span class='ocrx_word' id='word_1_626' title='bbox 3034 3081 3134 3151; x_wconf 78' lang='grc' dir='ltr'>μὲν</span> <span class='ocrx_word' id='word_1_627' title='bbox 3195 3082 3360 3150; x_wconf 85' lang='grc' dir='ltr'>φύσιν</span> <span class='ocrx_word' id='word_1_628' title='bbox 3409 3084 3509 3153; x_wconf 87' lang='grc' dir='ltr'><strong>τῆς</strong></span> <span class='ocrx_word' id='word_1_629' title='bbox 3539 3084 3769 3154; x_wconf 80' lang='grc' dir='ltr'>φθορᾶς,</span> <span class='ocrx_word' id='word_1_630' title='bbox 3808 3086 3910 3156; x_wconf 77' lang='grc' dir='ltr'>τὴν</span> <span class='ocrx_word' id='word_1_631' title='bbox 3951 3087 4014 3139; x_wconf 73' lang='grc' dir='ltr'><strong>δὲ</strong></span> 
     </span>
    </p>
   </div>
   <div class='ocr_carea' id='block_1_85' title="bbox 2439 3173 4016 3247">
    <p class='ocr_par' dir='ltr' id='par_1_85' title="bbox 2439 3173 4016 3247">
     <span class='ocr_line' id='line_1_85' title="bbox 2439 3173 4016 3247; baseline 0.004 -23"><span class='ocrx_word' id='word_1_632' title='bbox 2439 3173 2667 3241; x_wconf 76' lang='grc' dir='ltr'>γνώμην</span> <span class='ocrx_word' id='word_1_633' title='bbox 2700 3174 2799 3241; x_wconf 88' lang='grc' dir='ltr'><strong>τῆς</strong></span> <span class='ocrx_word' id='word_1_634' title='bbox 2834 3173 3130 3242; x_wconf 81' lang='grc' dir='ltr'>ἁμαρτίας,</span> <span class='ocrx_word' id='word_1_635' title='bbox 3160 3173 3221 3224; x_wconf 83' lang='grc' dir='ltr'>τὸ</span> <span class='ocrx_word' id='word_1_636' title='bbox 3264 3173 3364 3241; x_wconf 82' lang='grc' dir='ltr'>μὲν</span> <span class='ocrx_word' id='word_1_637' title='bbox 3408 3177 3749 3243; x_wconf 83' lang='grc' dir='ltr'>πρωτότοκος</span> <span class='ocrx_word' id='word_1_638' title='bbox 3783 3180 4016 3247; x_wconf 84' lang='grc' dir='ltr'>γενόμε-</span> 
     </span>
    </p>
   </div>
   <div class='ocr_carea' id='block_1_86' title="bbox 2440 3261 4015 3336">
    <p class='ocr_par' dir='ltr' id='par_1_86' title="bbox 2440 3261 4015 3336">
     <span class='ocr_line' id='line_1_86' title="bbox 2440 3261 4015 3336; baseline -0.005 -20"><span class='ocrx_word' id='word_1_639' title='bbox 2440 3282 2528 3326; x_wconf 90' lang='grc' dir='ltr'><strong>νος</strong></span> <span class='ocrx_word' id='word_1_640' title='bbox 2558 3265 2667 3315; x_wconf 84' lang='grc' dir='ltr'>τῶν</span> <span class='ocrx_word' id='word_1_641' title='bbox 2701 3264 2931 3330; x_wconf 84' lang='grc' dir='ltr'>νεκρῶν,</span> <span class='ocrx_word' id='word_1_642' title='bbox 2961 3261 3020 3315; x_wconf 82' lang='grc' dir='ltr'>τὸ</span> <span class='ocrx_word' id='word_1_643' title='bbox 3049 3263 3103 3314; x_wconf 77' lang='grc' dir='ltr'><strong>δὲ</strong></span> <span class='ocrx_word' id='word_1_644' title='bbox 3126 3264 3434 3332; x_wconf 80' lang='grc' dir='ltr'><strong>πρόδρομος</strong></span> <span class='ocrx_word' id='word_1_645' title='bbox 3487 3265 3626 3336; x_wconf 80' lang='grc' dir='ltr'>ὑπὲρ</span> <span class='ocrx_word' id='word_1_646' title='bbox 3653 3268 3809 3334; x_wconf 75' lang='grc' dir='ltr'>ἡμῶν</span> <span class='ocrx_word' id='word_1_647' title='bbox 3836 3269 4015 3320; x_wconf 75' lang='grc' dir='ltr'>εισελ-</span> 
     </span>
    </p>
   </div>
   <div class='ocr_carea' id='block_1_87' title="bbox 2446 3354 4019 3426">
    <p class='ocr_par' dir='ltr' id='par_1_87' title="bbox 2446 3354 4019 3426">
     <span class='ocr_line' id='line_1_87' title="bbox 2446 3354 4019 3426; baseline 0.003 -20"><span class='ocrx_word' id='word_1_648' title='bbox 2446 3355 2556 3407; x_wconf 81' lang='grc' dir='ltr'><strong>θὼν</strong></span> <span class='ocrx_word' id='word_1_649' title='bbox 2591 3356 2668 3416; x_wconf 87' lang='grc' dir='ltr'><strong>είς</strong></span> <span class='ocrx_word' id='word_1_650' title='bbox 2694 3355 2758 3406; x_wconf 76' lang='grc' dir='ltr'>τὰ</span> <span class='ocrx_word' id='word_1_651' title='bbox 2793 3356 2856 3407; x_wconf 73' lang='grc' dir='ltr'>Ἀ</span> <span class='ocrx_word' id='word_1_652' title='bbox 2868 3372 2956 3420; x_wconf 91' lang='grc' dir='ltr'><strong>για</strong></span> <span class='ocrx_word' id='word_1_653' title='bbox 2981 3354 3089 3406; x_wconf 85' lang='grc' dir='ltr'>τῶν</span> <span class='ocrx_word' id='word_1_654' title='bbox 3113 3355 3304 3421; x_wconf 82' lang='grc' dir='ltr'>ἁγίων,</span> <span class='ocrx_word' id='word_1_655' title='bbox 3339 3355 3435 3409; x_wconf 72' lang='grc' dir='ltr'>ἅτε</span> <span class='ocrx_word' id='word_1_656' title='bbox 3457 3356 3557 3423; x_wconf 76' lang='grc' dir='ltr'>τὴν</span> <span class='ocrx_word' id='word_1_657' title='bbox 3576 3357 3850 3426; x_wconf 80' lang='grc' dir='ltr'>ἁμαρτίαν</span> <span class='ocrx_word' id='word_1_658' title='bbox 3878 3360 4019 3411; x_wconf 71' lang='grc' dir='ltr'>ἀπομ-</span> 
     </span>
    </p>
   </div>
   <div class='ocr_carea' id='block_1_88' title="bbox 2442 3446 4016 3519">
    <p class='ocr_par' dir='ltr' id='par_1_88' title="bbox 2442 3446 4016 3519">
     <span class='ocr_line' id='line_1_88' title="bbox 2442 3446 4016 3519; baseline 0.001 -20"><span class='ocrx_word' id='word_1_659' title='bbox 2442 3447 2656 3505; x_wconf 76' lang='grc' dir='ltr'>κτείνας</span> <span class='ocrx_word' id='word_1_660' title='bbox 2683 3450 2776 3498; x_wconf 75' lang='grc' dir='ltr'>καὶ</span> <span class='ocrx_word' id='word_1_661' title='bbox 2820 3447 2911 3499; x_wconf 72' lang='grc' dir='ltr'><strong>τὸν</strong></span> <span class='ocrx_word' id='word_1_662' title='bbox 2942 3446 3077 3499; x_wconf 84' lang='grc' dir='ltr'>Θεὸν</span> <span class='ocrx_word' id='word_1_663' title='bbox 3106 3448 3240 3515; x_wconf 85' lang='grc' dir='ltr'>ἡμῖν</span> <span class='ocrx_word' id='word_1_664' title='bbox 3278 3447 3568 3511; x_wconf 79' lang='grc' dir='ltr'>διαλλάξας</span> <span class='ocrx_word' id='word_1_665' title='bbox 3624 3449 3719 3500; x_wconf 78' lang='grc' dir='ltr'>καὶ</span> <span class='ocrx_word' id='word_1_666' title='bbox 3754 3450 3814 3501; x_wconf 83' lang='grc' dir='ltr'>τὸ</span> <span class='ocrx_word' id='word_1_667' title='bbox 3847 3452 4016 3519; x_wconf 84' lang='grc' dir='ltr'>μεσό-</span> 
     </span>
    </p>
   </div>
   <div class='ocr_carea' id='block_1_89' title="bbox 2440 3538 4018 3609">
    <p class='ocr_par' dir='ltr' id='par_1_89' title="bbox 2440 3538 4018 3609">
     <span class='ocr_line' id='line_1_89' title="bbox 2440 3538 4018 3609; baseline 0.002 -18"><span class='ocrx_word' id='word_1_668' title='bbox 2440 3556 2619 3607; x_wconf 82' lang='grc' dir='ltr'>τειχον</span> <span class='ocrx_word' id='word_1_669' title='bbox 2678 3538 2993 3601; x_wconf 81' lang='grc' dir='ltr'>καταλύσας</span> <span class='ocrx_word' id='word_1_670' title='bbox 3044 3539 3142 3591; x_wconf 74' lang='grc' dir='ltr'>καὶ</span> <span class='ocrx_word' id='word_1_671' title='bbox 3201 3539 3343 3609; x_wconf 79' lang='grc' dir='ltr'>ὑπὲρ</span> <span class='ocrx_word' id='word_1_672' title='bbox 3399 3541 3557 3609; x_wconf 73' lang='grc' dir='ltr'>ἡμῶν</span> <span class='ocrx_word' id='word_1_673' title='bbox 3606 3540 3802 3594; x_wconf 71' lang='grc' dir='ltr'>ἑαυτὸν</span> <span class='ocrx_word' id='word_1_674' title='bbox 3851 3543 4018 3605; x_wconf 69' lang='grc' dir='ltr'>αύτὶς</span> 
     </span>
    </p>
   </div>
   <div class='ocr_carea' id='block_1_90' title="bbox 2442 3624 4014 3700">
    <p class='ocr_par' dir='ltr' id='par_1_90' title="bbox 2442 3624 4014 3700">
     <span class='ocr_line' id='line_1_90' title="bbox 2442 3624 4014 3700; baseline 0.001 -18"><span class='ocrx_word' id='word_1_675' title='bbox 2442 3630 2696 3698; x_wconf 74' lang='grc' dir='ltr'>ἁγιάσας,</span> <span class='ocrx_word' id='word_1_676' title='bbox 2750 3630 2836 3682; x_wconf 82' lang='grc' dir='ltr'>ἵνα</span> <span class='ocrx_word' id='word_1_677' title='bbox 2907 3632 3000 3683; x_wconf 80' lang='grc' dir='ltr'>καὶ</span> <span class='ocrx_word' id='word_1_678' title='bbox 3081 3631 3246 3699; x_wconf 79' lang='grc' dir='ltr'>ἡμεῖς</span> <span class='ocrx_word' id='word_1_679' title='bbox 3319 3624 3474 3698; x_wconf 78' lang='grc' dir='ltr'>ὦμεν</span> <span class='ocrx_word' id='word_1_680' title='bbox 3536 3631 3865 3700; x_wconf 74' lang='grc' dir='ltr'>ἡγιασμένοι</span> <span class='ocrx_word' id='word_1_681' title='bbox 3949 3636 4014 3687; x_wconf 68' lang='grc' dir='ltr'>ἐν</span> 
     </span>
    </p>
   </div>
   <div class='ocr_carea' id='block_1_91' title="bbox 2442 3719 4021 3790">
    <p class='ocr_par' dir='ltr' id='par_1_91' title="bbox 2442 3719 4021 3790">
     <span class='ocr_line' id='line_1_91' title="bbox 2442 3719 4021 3790; baseline 0.001 -18"><span class='ocrx_word' id='word_1_682' title='bbox 2442 3719 2688 3790; x_wconf 75' lang='grc' dir='ltr'>ἀληθείᾳ·</span> <span class='ocrx_word' id='word_1_683' title='bbox 2737 3720 2975 3788; x_wconf 85' lang='grc' dir='ltr'>φανερὸν</span> <span class='ocrx_word' id='word_1_684' title='bbox 3025 3719 3109 3772; x_wconf 85' lang='grc' dir='ltr'>ὅτι</span> <span class='ocrx_word' id='word_1_685' title='bbox 3200 3719 3350 3787; x_wconf 87' lang='grc' dir='ltr'>μόνοι</span> <span class='ocrx_word' id='word_1_686' title='bbox 3405 3719 3619 3774; x_wconf 87' lang='grc' dir='ltr'>λύοιντο</span> <span class='ocrx_word' id='word_1_687' title='bbox 3669 3721 3738 3774; x_wconf 75' lang='grc' dir='ltr'>ἂν</span> <span class='ocrx_word' id='word_1_688' title='bbox 3790 3723 4021 3786; x_wconf 76' lang='grc' dir='ltr'>εἰκότως</span> 
     </span>
    </p>
   </div>
   <div class='ocr_carea' id='block_1_92' title="bbox 2443 3809 4020 3883">
    <p class='ocr_par' dir='ltr' id='par_1_92' title="bbox 2443 3809 4020 3883">
     <span class='ocr_line' id='line_1_92' title="bbox 2443 3809 4020 3883; baseline 0.002 -19"><span class='ocrx_word' id='word_1_689' title='bbox 2443 3815 2539 3864; x_wconf 77' lang='grc' dir='ltr'>καὶ</span> <span class='ocrx_word' id='word_1_690' title='bbox 2567 3810 2665 3879; x_wconf 87' lang='grc' dir='ltr'><strong>τῆς</strong></span> <span class='ocrx_word' id='word_1_691' title='bbox 2688 3812 2890 3879; x_wconf 74' lang='grc' dir='ltr'>φθορᾶς</span> <span class='ocrx_word' id='word_1_692' title='bbox 2912 3812 3005 3863; x_wconf 72' lang='grc' dir='ltr'>καὶ</span> <span class='ocrx_word' id='word_1_693' title='bbox 3032 3810 3131 3878; x_wconf 78' lang='grc' dir='ltr'><strong>τῆς</strong></span> <span class='ocrx_word' id='word_1_694' title='bbox 3159 3809 3433 3879; x_wconf 79' lang='grc' dir='ltr'>ἁμαρτίας</span> <span class='ocrx_word' id='word_1_695' title='bbox 3484 3811 3535 3863; x_wconf 77' lang='grc' dir='ltr'><strong>οἱ</strong></span> <span class='ocrx_word' id='word_1_696' title='bbox 3595 3814 3691 3865; x_wconf 77' lang='grc' dir='ltr'>καὶ</span> <span class='ocrx_word' id='word_1_697' title='bbox 3738 3812 4020 3883; x_wconf 72' lang='grc' dir='ltr'>θελήσεως</span> 
     </span>
    </p>
   </div>
   <div class='ocr_carea' id='block_1_93' title="bbox 2445 3902 4014 3972">
    <p class='ocr_par' dir='ltr' id='par_1_93' title="bbox 2445 3902 4014 3972">
     <span class='ocr_line' id='line_1_93' title="bbox 2445 3902 4014 3972; baseline 0.001 -16"><span class='ocrx_word' id='word_1_698' title='bbox 2445 3902 2596 3971; x_wconf 83' lang='grc' dir='ltr'><strong>αὺτῷ</strong></span> <span class='ocrx_word' id='word_1_699' title='bbox 2624 3903 2716 3954; x_wconf 74' lang='grc' dir='ltr'>καὶ</span> <span class='ocrx_word' id='word_1_700' title='bbox 2746 3903 2962 3970; x_wconf 84' lang='grc' dir='ltr'>φύσεως</span> <span class='ocrx_word' id='word_1_701' title='bbox 2984 3902 3368 3972; x_wconf 81' lang='grc' dir='ltr'>μετασχόντες,</span> <span class='ocrx_word' id='word_1_702' title='bbox 3404 3903 3465 3955; x_wconf 83' lang='grc' dir='ltr'><strong>τὺ</strong></span> <span class='ocrx_word' id='word_1_703' title='bbox 3499 3902 3599 3972; x_wconf 71' lang='grc' dir='ltr'>μὶν</span> <span class='ocrx_word' id='word_1_704' title='bbox 3620 3904 3694 3967; x_wconf 84' lang='grc' dir='ltr'>ὡς</span> <span class='ocrx_word' id='word_1_705' title='bbox 3712 3903 4014 3972; x_wconf 74' lang='grc' dir='ltr'>ἄνθρωποι,</span> 
     </span>
    </p>
   </div>
   <div class='ocr_carea' id='block_1_94' title="bbox 2444 3994 4025 4064">
    <p class='ocr_par' dir='ltr' id='par_1_94' title="bbox 2444 3994 4025 4064">
     <span class='ocr_line' id='line_1_94' title="bbox 2444 3994 4025 4064; baseline 0.002 -19"><span class='ocrx_word' id='word_1_706' title='bbox 2444 3996 2507 4047; x_wconf 70' lang='lat' dir='ltr'><strong>to</strong></span> <span class='ocrx_word' id='word_1_707' title='bbox 2545 3995 2601 4047; x_wconf 73' lang='grc' dir='ltr'><strong>δὲ</strong></span> <span class='ocrx_word' id='word_1_708' title='bbox 2631 3994 2707 4057; x_wconf 88' lang='grc' dir='ltr'>ὼς</span> <span class='ocrx_word' id='word_1_709' title='bbox 2763 3995 3116 4064; x_wconf 70' lang='grc' dir='ltr'>ἠγαπηκότες</span> <span class='ocrx_word' id='word_1_710' title='bbox 3176 3994 3275 4063; x_wconf 83' lang='grc' dir='ltr'>τὴν</span> <span class='ocrx_word' id='word_1_711' title='bbox 3325 3995 3650 4063; x_wconf 70' lang='grc' dir='ltr'>επιφάνειαν</span> <span class='ocrx_word' id='word_1_712' title='bbox 3692 3996 3856 4049; x_wconf 75' lang='grc' dir='ltr'>αὑτοῦ</span> <span class='ocrx_word' id='word_1_713' title='bbox 3928 3999 4025 4049; x_wconf 72' lang='grc' dir='ltr'>καὶ</span> 
     </span>
    </p>
   </div>
   <div class='ocr_carea' id='block_1_95' title="bbox 2448 4086 4023 4156">
    <p class='ocr_par' dir='ltr' id='par_1_95' title="bbox 2448 4086 4023 4156">
     <span class='ocr_line' id='line_1_95' title="bbox 2448 4086 4023 4156; baseline 0.001 -17"><span class='ocrx_word' id='word_1_714' title='bbox 2448 4088 2507 4139; x_wconf 87' lang='grc' dir='ltr'>τδ</span> <span class='ocrx_word' id='word_1_715' title='bbox 2584 4086 2755 4148; x_wconf 78' lang='grc' dir='ltr'>πάθος</span> <span class='ocrx_word' id='word_1_716' title='bbox 2826 4086 2920 4138; x_wconf 73' lang='grc' dir='ltr'>καὶ</span> <span class='ocrx_word' id='word_1_717' title='bbox 3007 4089 3119 4147; x_wconf 87' lang='grc' dir='ltr'>τοῖς</span> <span class='ocrx_word' id='word_1_718' title='bbox 3225 4087 3614 4156; x_wconf 77' lang='grc' dir='ltr'>προστάγμασι</span> <span class='ocrx_word' id='word_1_719' title='bbox 3702 4089 4023 4152; x_wconf 73' lang='grc' dir='ltr'>πεισθέντες</span> 
     </span>
    </p>
   </div>
   <div class='ocr_carea' id='block_1_96' title="bbox 2448 4178 4023 4250">
    <p class='ocr_par' dir='ltr' id='par_1_96' title="bbox 2448 4178 4023 4250">
     <span class='ocr_line' id='line_1_96' title="bbox 2448 4178 4023 4250; baseline -0.001 -17"><span class='ocrx_word' id='word_1_720' title='bbox 2448 4182 2542 4234; x_wconf 78' lang='grc' dir='ltr'>καὶ</span> <span class='ocrx_word' id='word_1_721' title='bbox 2611 4179 2935 4246; x_wconf 80' lang='grc' dir='ltr'>θελήσαντες</span> <span class='ocrx_word' id='word_1_722' title='bbox 3003 4178 3147 4247; x_wconf 74' lang='grc' dir='ltr'>ἅπερ</span> <span class='ocrx_word' id='word_1_723' title='bbox 3236 4180 3467 4241; x_wconf 75' lang='grc' dir='ltr'>ἐκεῖνος.</span> <span class='ocrx_word' id='word_1_724' title='bbox 3559 4178 3622 4231; x_wconf 82' lang='grc' dir='ltr'><strong>Οἳ</strong></span> <span class='ocrx_word' id='word_1_725' title='bbox 3693 4178 3750 4231; x_wconf 76' lang='grc' dir='ltr'><strong>δὲ</strong></span> <span class='ocrx_word' id='word_1_726' title='bbox 3806 4180 3865 4233; x_wconf 77' lang='grc' dir='ltr'>τὸ</span> <span class='ocrx_word' id='word_1_727' title='bbox 3918 4181 4023 4250; x_wconf 76' lang='grc' dir='ltr'>μὲν</span> 
     </span>
    </p>
   </div>
   <div class='ocr_carea' id='block_1_97' title="bbox 2448 4267 4027 4338">
    <p class='ocr_par' dir='ltr' id='par_1_97' title="bbox 2448 4267 4027 4338">
     <span class='ocr_line' id='line_1_97' title="bbox 2448 4267 4027 4338; baseline 0.001 -16"><span class='ocrx_word' id='word_1_728' title='bbox 2448 4268 2616 4338; x_wconf 71' lang='grc' dir='ltr'>εἶχον,</span> <span class='ocrx_word' id='word_1_729' title='bbox 2648 4269 2707 4321; x_wconf 72' lang='grc' dir='ltr'>τὸ</span> <span class='ocrx_word' id='word_1_730' title='bbox 2739 4268 2794 4322; x_wconf 80' lang='grc' dir='ltr'><strong>δὲ</strong></span> <span class='ocrx_word' id='word_1_731' title='bbox 2826 4268 2924 4321; x_wconf 81' lang='grc' dir='ltr'><strong>οὐκ</strong></span> <span class='ocrx_word' id='word_1_732' title='bbox 2960 4268 3210 4334; x_wconf 76' lang='grc' dir='ltr'>ἐδέξαντο</span> <span class='ocrx_word' id='word_1_733' title='bbox 3240 4282 3253 4296; x_wconf 86' lang='grc'><em>’</em></span> <span class='ocrx_word' id='word_1_734' title='bbox 3299 4268 3396 4321; x_wconf 82' lang='grc' dir='ltr'>καὶ</span> <span class='ocrx_word' id='word_1_735' title='bbox 3446 4267 3507 4321; x_wconf 86' lang='grc' dir='ltr'>τὸ</span> <span class='ocrx_word' id='word_1_736' title='bbox 3563 4269 3663 4335; x_wconf 71' lang='grc' dir='ltr'>μὲν</span> <span class='ocrx_word' id='word_1_737' title='bbox 3708 4271 4027 4338; x_wconf 75' lang='grc' dir='ltr'>ἀνθρώποις</span> 
     </span>
    </p>
   </div>
   <div class='ocr_carea' id='block_1_98' title="bbox 2451 4357 4027 4432">
    <p class='ocr_par' dir='ltr' id='par_1_98' title="bbox 2451 4357 4027 4432">
     <span class='ocr_line' id='line_1_98' title="bbox 2451 4357 4027 4432; baseline 0.001 -18"><span class='ocrx_word' id='word_1_738' title='bbox 2451 4357 2591 4414; x_wconf 79' lang='grc' dir='ltr'>εἷναί</span> <span class='ocrx_word' id='word_1_739' title='bbox 2619 4376 2771 4427; x_wconf 84' lang='grc' dir='ltr'>σφισι</span> <span class='ocrx_word' id='word_1_740' title='bbox 2804 4360 3024 4425; x_wconf 75' lang='grc' dir='ltr'>συνέϐη,</span> <span class='ocrx_word' id='word_1_741' title='bbox 3048 4359 3324 4413; x_wconf 83' lang='grc' dir='ltr'>πιστεύειν</span> <span class='ocrx_word' id='word_1_742' title='bbox 3357 4360 3412 4412; x_wconf 84' lang='grc' dir='ltr'><strong>δὲ</strong></span> <span class='ocrx_word' id='word_1_743' title='bbox 3437 4359 3513 4428; x_wconf 81' lang='grc' dir='ltr'><strong>τῷ</strong></span> <span class='ocrx_word' id='word_1_744' title='bbox 3545 4360 3757 4429; x_wconf 83' lang='grc' dir='ltr'>Σωτῆρι</span> <span class='ocrx_word' id='word_1_745' title='bbox 3787 4361 3887 4432; x_wconf 80' lang='grc' dir='ltr'>τὴν</span> <span class='ocrx_word' id='word_1_746' title='bbox 3914 4379 4027 4416; x_wconf 63' lang='grc' dir='ltr'>σω-</span> 
     </span>
    </p>
   </div>
   <div class='ocr_carea' id='block_1_99' title="bbox 2450 4451 4027 4523">
    <p class='ocr_par' dir='ltr' id='par_1_99' title="bbox 2450 4451 4027 4523">
     <span class='ocr_line' id='line_1_99' title="bbox 2450 4451 4027 4523; baseline 0.002 -19"><span class='ocrx_word' id='word_1_747' title='bbox 2450 4454 2643 4523; x_wconf 86' lang='grc' dir='ltr'>τηρίαν</span> <span class='ocrx_word' id='word_1_748' title='bbox 2684 4457 2776 4507; x_wconf 81' lang='grc' dir='ltr'>καὶ</span> <span class='ocrx_word' id='word_1_749' title='bbox 2813 4454 3093 4505; x_wconf 79' lang='grc' dir='ltr'>κοινωνεῖν</span> <span class='ocrx_word' id='word_1_750' title='bbox 3120 4452 3199 4521; x_wconf 82' lang='grc' dir='ltr'><strong>τῷ</strong></span> <span class='ocrx_word' id='word_1_751' title='bbox 3254 4451 3448 4521; x_wconf 80' lang='grc' dir='ltr'>ἀγάθῳ</span> <span class='ocrx_word' id='word_1_752' title='bbox 3503 4454 3603 4519; x_wconf 75' lang='grc' dir='ltr'><strong>τῆς</strong></span> <span class='ocrx_word' id='word_1_753' title='bbox 3662 4453 3889 4521; x_wconf 84' lang='grc' dir='ltr'>γνώμης</span> <span class='ocrx_word' id='word_1_754' title='bbox 3932 4455 4027 4508; x_wconf 77' lang='grc' dir='ltr'><strong>οὗ·</strong></span> 
     </span>
    </p>
   </div>
   <div class='ocr_carea' id='block_1_100' title="bbox 2452 4543 4027 4615">
    <p class='ocr_par' dir='ltr' id='par_1_100' title="bbox 2452 4543 4027 4615">
     <span class='ocr_line' id='line_1_100' title="bbox 2452 4543 4027 4615; baseline -0.001 -17"><span class='ocrx_word' id='word_1_755' title='bbox 2452 4546 2572 4598; x_wconf 83' lang='grc' dir='ltr'>κέτι</span> <span class='ocrx_word' id='word_1_756' title='bbox 2606 4560 2622 4576; x_wconf 74' lang='grc' dir='ltr'><strong><em>ο</em></strong></span> <span class='ocrx_word' id='word_1_757' title='bbox 2662 4545 2884 4607; x_wconf 82' lang='grc' dir='ltr'>τούτους</span> <span class='ocrx_word' id='word_1_758' title='bbox 2913 4543 3011 4611; x_wconf 85' lang='grc' dir='ltr'><strong>τῆς</strong></span> <span class='ocrx_word' id='word_1_759' title='bbox 3047 4544 3145 4612; x_wconf 79' lang='grc' dir='ltr'>μὲν</span> <span class='ocrx_word' id='word_1_760' title='bbox 3178 4544 3423 4609; x_wconf 78' lang='grc' dir='ltr'>ἀφέσεως</span> <span class='ocrx_word' id='word_1_761' title='bbox 3465 4544 3573 4597; x_wconf 86' lang='grc' dir='ltr'><strong>τῶν</strong></span> <span class='ocrx_word' id='word_1_762' title='bbox 3606 4545 3892 4615; x_wconf 77' lang='grc' dir='ltr'>άμσρτιῶν</span> <span class='ocrx_word' id='word_1_763' title='bbox 3927 4546 4027 4598; x_wconf 76' lang='grc' dir='ltr'>καὶ</span> 
     </span>
    </p>
   </div>
   <div class='ocr_carea' id='block_1_101' title="bbox 2452 4634 4027 4703">
    <p class='ocr_par' dir='ltr' id='par_1_101' title="bbox 2452 4634 4027 4703">
     <span class='ocr_line' id='line_1_101' title="bbox 2452 4634 4027 4703; baseline 0 -15"><span class='ocrx_word' id='word_1_764' title='bbox 2452 4635 2561 4688; x_wconf 87' lang='grc' dir='ltr'><strong>τῶν</strong></span> <span class='ocrx_word' id='word_1_765' title='bbox 2586 4635 2681 4687; x_wconf 69' lang='grc' dir='ltr'><strong>ἐπὶ</strong></span> <span class='ocrx_word' id='word_1_766' title='bbox 2718 4634 3038 4703; x_wconf 83' lang='grc' dir='ltr'>δικαιοσύνῃ</span> <span class='ocrx_word' id='word_1_767' title='bbox 3072 4635 3353 4699; x_wconf 83' lang='grc' dir='ltr'>στεφάνων</span> <span class='ocrx_word' id='word_1_768' title='bbox 3402 4635 3692 4687; x_wconf 79' lang='grc' dir='ltr'>ἐκπίπτειν</span> <span class='ocrx_word' id='word_1_769' title='bbox 3726 4636 4027 4688; x_wconf 75' lang='grc' dir='ltr'>ἀκόλουθόν</span> 
     </span>
    </p>
   </div>
   <div class='ocr_carea' id='block_1_102' title="bbox 2382 4724 4029 4814">
    <p class='ocr_par' dir='ltr' id='par_1_102' title="bbox 2382 4724 4029 4814">
     <span class='ocr_line' id='line_1_102' title="bbox 2382 4724 4029 4814; baseline 0 -36"><span class='ocrx_word' id='word_1_770' title='bbox 2382 4756 2431 4814; x_wconf 74' lang='lat' dir='ltr'><strong>D</strong></span> <span class='ocrx_word' id='word_1_771' title='bbox 2457 4728 2570 4779; x_wconf 78' lang='grc' dir='ltr'>ἐστι</span> <span class='ocrx_word' id='word_1_772' title='bbox 2601 4728 2667 4795; x_wconf 80' lang='grc' dir='ltr'><strong>τῇ</strong></span> <span class='ocrx_word' id='word_1_773' title='bbox 2700 4724 2894 4794; x_wconf 82' lang='grc' dir='ltr'>γνώμῃ</span> <span class='ocrx_word' id='word_1_774' title='bbox 2924 4724 3327 4793; x_wconf 82' lang='grc' dir='ltr'>διισταμένους.</span> <span class='ocrx_word' id='word_1_775' title='bbox 3352 4724 3582 4793; x_wconf 83' lang='grc' dir='ltr'>λυθῆναι</span> <span class='ocrx_word' id='word_1_776' title='bbox 3618 4725 3677 4778; x_wconf 72' lang='grc' dir='ltr'><strong>δὲ</strong></span> <span class='ocrx_word' id='word_1_777' title='bbox 3704 4725 3805 4794; x_wconf 81' lang='grc' dir='ltr'>τὴν</span> <span class='ocrx_word' id='word_1_778' title='bbox 3830 4728 4029 4794; x_wconf 70' lang='grc' dir='ltr'>ἑτέραν</span> 
     </span>
    </p>
   </div>
   <div class='ocr_carea' id='block_1_103' title="bbox 2456 4814 4031 4887">
    <p class='ocr_par' dir='ltr' id='par_1_103' title="bbox 2456 4814 4031 4887">
     <span class='ocr_line' id='line_1_103' title="bbox 2456 4814 4031 4887; baseline 0 -18"><span class='ocrx_word' id='word_1_779' title='bbox 2456 4816 2769 4885; x_wconf 74' lang='grc' dir='ltr'>ἐλευθερίαν</span> <span class='ocrx_word' id='word_1_780' title='bbox 2802 4819 2895 4868; x_wconf 75' lang='grc' dir='ltr'>καὶ</span> <span class='ocrx_word' id='word_1_781' title='bbox 2932 4814 3234 4882; x_wconf 81' lang='grc' dir='ltr'>ἀναστῆναι</span> <span class='ocrx_word' id='word_1_782' title='bbox 3260 4816 3356 4880; x_wconf 86' lang='grc' dir='ltr'><strong>τῆς</strong></span> <span class='ocrx_word' id='word_1_783' title='bbox 3392 4814 3606 4881; x_wconf 80' lang='grc' dir='ltr'>φύσεως</span> <span class='ocrx_word' id='word_1_784' title='bbox 3629 4816 3727 4881; x_wconf 86' lang='grc' dir='ltr'><strong>τῆς</strong></span> <span class='ocrx_word' id='word_1_785' title='bbox 3756 4816 3930 4885; x_wconf 79' lang='grc' dir='ltr'>αὐτῆς</span> <span class='ocrx_word' id='word_1_786' title='bbox 3948 4818 4031 4887; x_wconf 75' lang='grc' dir='ltr'>τῷ</span> 
     </span>
    </p>
   </div>
   <div class='ocr_carea' id='block_1_104' title="bbox 2465 4905 4031 4979">
    <p class='ocr_par' dir='ltr' id='par_1_104' title="bbox 2465 4905 4031 4979">
     <span class='ocr_line' id='line_1_104' title="bbox 2465 4905 4031 4979; baseline 0 -18"><span class='ocrx_word' id='word_1_787' title='bbox 2465 4907 2686 4976; x_wconf 81' lang='grc' dir='ltr'>Χριστῷ</span> <span class='ocrx_word' id='word_1_788' title='bbox 2708 4906 3034 4975; x_wconf 79' lang='grc' dir='ltr'>γενομένους</span> <span class='ocrx_word' id='word_1_789' title='bbox 3057 4905 3209 4959; x_wconf 78' lang='grc' dir='ltr'><strong>οὐδὲν</strong></span> <span class='ocrx_word' id='word_1_790' title='bbox 3240 4905 3458 4958; x_wconf 83' lang='grc' dir='ltr'>κωλύει.</span> <span class='ocrx_word' id='word_1_791' title='bbox 3497 4906 3572 4959; x_wconf 75' lang='grc' dir='ltr'>Τὸ</span> <span class='ocrx_word' id='word_1_792' title='bbox 3600 4908 3710 4975; x_wconf 83' lang='grc' dir='ltr'>γὰρ</span> <span class='ocrx_word' id='word_1_793' title='bbox 3740 4907 4031 4979; x_wconf 81' lang='grc' dir='ltr'>βάπτισμα</span> 
     </span>
    </p>
   </div>
   <div class='ocr_carea' id='block_1_105' title="bbox 2454 4995 4028 5068">
    <p class='ocr_par' dir='ltr' id='par_1_105' title="bbox 2454 4995 4028 5068">
     <span class='ocr_line' id='line_1_105' title="bbox 2454 4995 4028 5068; baseline 0 -17"><span class='ocrx_word' id='word_1_794' title='bbox 2454 5000 2552 5068; x_wconf 85' lang='grc' dir='ltr'><strong>τῆς</strong></span> <span class='ocrx_word' id='word_1_795' title='bbox 2587 5000 2644 5051; x_wconf 81' lang='grc' dir='ltr'>ὲν</span> <span class='ocrx_word' id='word_1_796' title='bbox 2673 4996 2899 5067; x_wconf 83' lang='grc' dir='ltr'>Χριστῷ</span> <span class='ocrx_word' id='word_1_797' title='bbox 2939 4997 3214 5065; x_wconf 78' lang='grc' dir='ltr'>μακαρίας</span> <span class='ocrx_word' id='word_1_798' title='bbox 3275 4996 3419 5062; x_wconf 80' lang='grc' dir='ltr'>ζωῆς</span> <span class='ocrx_word' id='word_1_799' title='bbox 3450 4995 3630 5049; x_wconf 82' lang='grc' dir='ltr'>αἴτιόν</span> <span class='ocrx_word' id='word_1_800' title='bbox 3681 4998 3799 5050; x_wconf 75' lang='grc' dir='ltr'>ἐστι</span> <span class='ocrx_word' id='word_1_801' title='bbox 3844 5000 4028 5063; x_wconf 81' lang='grc' dir='ltr'>μόνον,</span> 
     </span>
    </p>
   </div>
   <div class='ocr_carea' id='block_1_106' title="bbox 2455 5086 4030 5158">
    <p class='ocr_par' dir='ltr' id='par_1_106' title="bbox 2455 5086 4030 5158">
     <span class='ocr_line' id='line_1_106' title="bbox 2455 5086 4030 5158; baseline 0.002 -18"><span class='ocrx_word' id='word_1_802' title='bbox 2455 5090 2515 5141; x_wconf 82' lang='grc' dir='ltr'>οὐ</span> <span class='ocrx_word' id='word_1_803' title='bbox 2554 5089 2650 5156; x_wconf 85' lang='grc' dir='ltr'><strong>τῆς</strong></span> <span class='ocrx_word' id='word_1_804' title='bbox 2680 5088 2846 5155; x_wconf 62' lang='grc' dir='ltr'>ζωῆς</span> <span class='ocrx_word' id='word_1_805' title='bbox 2890 5086 3076 5149; x_wconf 81' lang='grc' dir='ltr'>άπλῶς</span> <span class='ocrx_word' id='word_1_806' title='bbox 3101 5088 3213 5154; x_wconf 72' lang='grc' dir='ltr'>γὰρ</span> <span class='ocrx_word' id='word_1_807' title='bbox 3240 5086 3339 5153; x_wconf 82' lang='grc' dir='ltr'>τὴν</span> <span class='ocrx_word' id='word_1_808' title='bbox 3366 5086 3634 5140; x_wconf 83' lang='grc' dir='ltr'>ἀθάνατον</span> <span class='ocrx_word' id='word_1_809' title='bbox 3664 5087 3813 5158; x_wconf 76' lang='grc' dir='ltr'>ζωὴν</span> <span class='ocrx_word' id='word_1_810' title='bbox 3843 5090 3906 5147; x_wconf 70' lang='grc' dir='ltr'>τὸ</span> <span class='ocrx_word' id='word_1_811' title='bbox 3935 5090 4030 5143; x_wconf 77' lang='grc' dir='ltr'>τὸν</span> 
     </span>
    </p>
   </div>
   <div class='ocr_carea' id='block_1_107' title="bbox 2459 5179 4029 5251">
    <p class='ocr_par' dir='ltr' id='par_1_107' title="bbox 2459 5179 4029 5251">
     <span class='ocr_line' id='line_1_107' title="bbox 2459 5179 4029 5251; baseline 0.003 -19"><span class='ocrx_word' id='word_1_812' title='bbox 2459 5182 2692 5251; x_wconf 74' lang='grc' dir='ltr'>Χριστὸν</span> <span class='ocrx_word' id='word_1_813' title='bbox 2724 5182 2976 5234; x_wconf 85' lang='grc' dir='ltr'>τεθνάναι</span> <span class='ocrx_word' id='word_1_814' title='bbox 3037 5182 3131 5233; x_wconf 74' lang='grc' dir='ltr'>καὶ</span> <span class='ocrx_word' id='word_1_815' title='bbox 3173 5179 3470 5233; x_wconf 79' lang='grc' dir='ltr'>ἀναϐιῶναι</span> <span class='ocrx_word' id='word_1_816' title='bbox 3498 5181 3774 5250; x_wconf 75' lang='grc' dir='ltr'>παρέσχεν</span> <span class='ocrx_word' id='word_1_817' title='bbox 3802 5182 4029 5251; x_wconf 82' lang='grc' dir='ltr'>ὁμοίως.</span> 
     </span>
    </p>
   </div>
   <div class='ocr_carea' id='block_1_108' title="bbox 2460 5271 4031 5341">
    <p class='ocr_par' dir='ltr' id='par_1_108' title="bbox 2460 5271 4031 5341">
     <span class='ocr_line' id='line_1_108' title="bbox 2460 5271 4031 5341; baseline -0.002 -14"><span class='ocrx_word' id='word_1_818' title='bbox 2460 5276 2555 5327; x_wconf 85' lang='grc' dir='ltr'>Διά</span> <span class='ocrx_word' id='word_1_819' title='bbox 2580 5273 2739 5325; x_wconf 79' lang='grc' dir='ltr'>τοῦτο</span> <span class='ocrx_word' id='word_1_820' title='bbox 2784 5275 2816 5340; x_wconf 85' lang='grc' dir='ltr'><strong>ή</strong></span> <span class='ocrx_word' id='word_1_821' title='bbox 2846 5272 2944 5340; x_wconf 80' lang='grc' dir='ltr'>μὲν</span> <span class='ocrx_word' id='word_1_822' title='bbox 2974 5273 3271 5332; x_wconf 76' lang='grc' dir='ltr'>ἀνάστασις</span> <span class='ocrx_word' id='word_1_823' title='bbox 3320 5271 3503 5323; x_wconf 88' lang='grc' dir='ltr'>κοινόν</span> <span class='ocrx_word' id='word_1_824' title='bbox 3535 5273 3656 5323; x_wconf 82' lang='grc' dir='ltr'>ἐστι</span> <span class='ocrx_word' id='word_1_825' title='bbox 3696 5272 3871 5341; x_wconf 82' lang='grc' dir='ltr'>δῶρον</span> <span class='ocrx_word' id='word_1_826' title='bbox 3922 5277 4031 5327; x_wconf 72' lang='grc' dir='ltr'>πᾶ-</span> 
     </span>
    </p>
   </div>
   <div class='ocr_carea' id='block_1_109' title="bbox 2461 5359 4037 5433">
    <p class='ocr_par' dir='ltr' id='par_1_109' title="bbox 2461 5359 4037 5433">
     <span class='ocr_line' id='line_1_109' title="bbox 2461 5359 4037 5433; baseline 0 -17"><span class='ocrx_word' id='word_1_827' title='bbox 2461 5381 2544 5416; x_wconf 89' lang='grc' dir='ltr'><strong>σιν</strong></span> <span class='ocrx_word' id='word_1_828' title='bbox 2577 5362 2907 5431; x_wconf 75' lang='grc' dir='ltr'>ἀνθρώποις,</span> <span class='ocrx_word' id='word_1_829' title='bbox 2946 5363 3139 5429; x_wconf 82' lang='grc' dir='ltr'>ἀφεσις</span> <span class='ocrx_word' id='word_1_830' title='bbox 3166 5359 3535 5429; x_wconf 78' lang='grc' dir='ltr'>δὲάμαρτιῶν</span> <span class='ocrx_word' id='word_1_831' title='bbox 3566 5361 3658 5413; x_wconf 80' lang='grc' dir='ltr'>καὶ</span> <span class='ocrx_word' id='word_1_832' title='bbox 3687 5363 3739 5413; x_wconf 83' lang='grc' dir='ltr'>οῖ</span> <span class='ocrx_word' id='word_1_833' title='bbox 3777 5365 3836 5415; x_wconf 86' lang='grc' dir='ltr'>ὲν</span> <span class='ocrx_word' id='word_1_834' title='bbox 3874 5366 4037 5433; x_wconf 64' lang='grc' dir='ltr'>οὐρα.</span> 
     </span>
    </p>
   </div>
   <div class='ocr_carea' id='block_1_110' title="bbox 2461 5454 4034 5529">
    <p class='ocr_par' dir='ltr' id='par_1_110' title="bbox 2461 5454 4034 5529">
     <span class='ocr_line' id='line_1_110' title="bbox 2461 5454 4034 5529; baseline 0.004 -23"><span class='ocrx_word' id='word_1_835' title='bbox 2461 5457 2571 5515; x_wconf 88' lang='grc' dir='ltr'>νοῖς</span> <span class='ocrx_word' id='word_1_836' title='bbox 2619 5454 2874 5522; x_wconf 83' lang='grc' dir='ltr'>στέφανοι</span> <span class='ocrx_word' id='word_1_837' title='bbox 2918 5456 3011 5507; x_wconf 71' lang='grc' dir='ltr'>καὶ</span> <span class='ocrx_word' id='word_1_838' title='bbox 3047 5457 3079 5525; x_wconf 78' lang='grc' dir='ltr'><strong>ἡ</strong></span> <span class='ocrx_word' id='word_1_839' title='bbox 3114 5456 3361 5525; x_wconf 85' lang='grc' dir='ltr'>βασιλεία</span> <span class='ocrx_word' id='word_1_840' title='bbox 3416 5455 3640 5509; x_wconf 80' lang='grc' dir='ltr'>ἐκείνων</span> <span class='ocrx_word' id='word_1_841' title='bbox 3680 5459 3895 5523; x_wconf 81' lang='grc' dir='ltr'>γίνεται</span> <span class='ocrx_word' id='word_1_842' title='bbox 3939 5461 4034 5529; x_wconf 78' lang='grc' dir='ltr'>μόο</span> 
     </span>
    </p>
   </div>
   <div class='ocr_carea' id='block_1_111' title="bbox 2466 5540 4035 5619">
    <p class='ocr_par' dir='ltr' id='par_1_111' title="bbox 2466 5540 4035 5619">
     <span class='ocr_line' id='line_1_111' title="bbox 2466 5540 4035 5619; baseline 0.004 -22"><span class='ocrx_word' id='word_1_843' title='bbox 2466 5563 2575 5610; x_wconf 90' lang='grc' dir='ltr'>νον,</span> <span class='ocrx_word' id='word_1_844' title='bbox 2649 5540 2731 5603; x_wconf 79' lang='grc' dir='ltr'><strong>οἷς</strong></span> <span class='ocrx_word' id='word_1_845' title='bbox 2792 5545 3003 5613; x_wconf 81' lang='grc' dir='ltr'>ὑπῆρξε</span> <span class='ocrx_word' id='word_1_846' title='bbox 3052 5549 3473 5615; x_wconf 78' lang='grc' dir='ltr'>προεισενέγκαι</span> <span class='ocrx_word' id='word_1_847' title='bbox 3516 5552 3614 5619; x_wconf 72' lang='grc' dir='ltr'>τὴν</span> <span class='ocrx_word' id='word_1_848' title='bbox 3673 5551 4035 5619; x_wconf 73' lang='grc' dir='ltr'>ὀφειλομένην</span> 
     </span>
    </p>
   </div>
   <div class='ocr_carea' id='block_1_112' title="bbox 804 5636 2491 5708">
    <p class='ocr_par' dir='ltr' id='par_1_112' title="bbox 804 5639 2491 5703">
     <span class='ocr_line' id='line_1_112' title="bbox 804 5639 2491 5703; baseline 0.002 -17"><span class='ocrx_word' id='word_1_849' title='bbox 804 5650 1040 5696; x_wconf 65' lang='grc' dir='ltr'>ειιτοιιαι,</span> <span class='ocrx_word' id='word_1_850' title='bbox 1077 5645 1129 5687; x_wconf 79' lang='lat' dir='ltr'><strong>et</strong></span> <span class='ocrx_word' id='word_1_851' title='bbox 1174 5651 1398 5703; x_wconf 76' lang='lat' dir='ltr'><strong>regnum</strong></span> <span class='ocrx_word' id='word_1_852' title='bbox 1446 5639 1706 5691; x_wconf 74' lang='lat' dir='ltr'><strong>cmlorum</strong></span> <span class='ocrx_word' id='word_1_853' title='bbox 1757 5639 1824 5694; x_wconf 90' lang='lat' dir='ltr'><strong>iis</strong></span> <span class='ocrx_word' id='word_1_854' title='bbox 1861 5640 2229 5692; x_wconf 84' lang='lat' dir='ltr'><strong>tantummodo</strong></span> <span class='ocrx_word' id='word_1_855' title='bbox 2272 5640 2368 5692; x_wconf 90' lang='lat' dir='ltr'><strong>tri—</strong></span> <span class='ocrx_word' id='word_1_856' title='bbox 2468 5655 2491 5690; x_wconf 87' lang='grc' dir='ltr'><strong>σ</strong></span> 
     </span>
    </p>
   </div>
   <div class='ocr_carea' id='block_1_113' title="bbox 2349 5636 4036 5708">
    <p class='ocr_par' dir='ltr' id='par_1_113' title="bbox 2349 5636 4036 5708">
     <span class='ocr_line' id='line_1_113' title="bbox 2349 5636 4036 5708; baseline 0.002 -19"><span class='ocrx_word' id='word_1_857' title='bbox 2349 5668 2368 5678; x_wconf 93' lang='grc'><strong><em>-</em></strong></span> <span class='ocrx_word' id='word_1_858' title='bbox 2468 5636 2798 5700; x_wconf 83' lang='grc' dir='ltr'>συντέλειαν,</span> <span class='ocrx_word' id='word_1_859' title='bbox 2828 5638 2880 5689; x_wconf 82' lang='grc' dir='ltr'><strong>οἳ</strong></span> <span class='ocrx_word' id='word_1_860' title='bbox 2902 5638 3185 5690; x_wconf 80' lang='grc' dir='ltr'>τάττουσιν</span> <span class='ocrx_word' id='word_1_861' title='bbox 3246 5642 3473 5704; x_wconf 68' lang='grc' dir='ltr'>ἑαυτοὺς</span> <span class='ocrx_word' id='word_1_862' title='bbox 3525 5641 3755 5708; x_wconf 72' lang='grc' dir='ltr'>ἐνθένδε,</span> <span class='ocrx_word' id='word_1_863' title='bbox 3786 5642 3863 5705; x_wconf 83' lang='grc' dir='ltr'><strong>ὡς</strong></span> <span class='ocrx_word' id='word_1_864' title='bbox 3887 5645 4036 5697; x_wconf 75' lang='grc' dir='ltr'>ἔστιν</span> 
     </span>
    </p>
   </div>
   <div class='ocr_carea' id='block_1_114' title="bbox 810 5731 2362 5799">
    <p class='ocr_par' dir='ltr' id='par_1_114' title="bbox 810 5731 2362 5799">
     <span class='ocr_line' id='line_1_114' title="bbox 810 5731 2362 5799; baseline 0.005 -18"><span class='ocrx_word' id='word_1_865' title='bbox 810 5731 1068 5793; x_wconf 68' lang='grc' dir='ltr'>ὴιιιιιιιυιι,</span> <span class='ocrx_word' id='word_1_866' title='bbox 1105 5731 1304 5799; x_wconf 82' lang='lat' dir='ltr'><strong>quibus</strong></span> <span class='ocrx_word' id='word_1_867' title='bbox 1351 5732 1584 5786; x_wconf 83' lang='lat' dir='ltr'><strong>dchitam</strong></span> <span class='ocrx_word' id='word_1_868' title='bbox 1622 5734 2141 5788; x_wconf 82' lang='lat' dir='ltr'><strong>ronsunnuationcm</strong></span> <span class='ocrx_word' id='word_1_869' title='bbox 2164 5734 2362 5789; x_wconf 81' lang='lat' dir='ltr'><strong>addere</strong></span> 
     </span>
    </p>
   </div>
   <div class='ocr_carea' id='block_1_115' title="bbox 809 5821 2361 5894">
    <p class='ocr_par' dir='ltr' id='par_1_115' title="bbox 809 5821 2361 5894">
     <span class='ocr_line' id='line_1_115' title="bbox 809 5821 2361 5894; baseline -0.001 -11"><span class='ocrx_word' id='word_1_870' title='bbox 809 5821 881 5883; x_wconf 89' lang='lat' dir='ltr'><strong>lic</strong></span> <span class='ocrx_word' id='word_1_871' title='bbox 907 5833 1017 5877; x_wconf 87' lang='lat' dir='ltr'><strong>tum</strong></span> <span class='ocrx_word' id='word_1_872' title='bbox 1068 5824 1171 5879; x_wconf 82' lang='lat' dir='ltr'><strong>fuit</strong></span> <span class='ocrx_word' id='word_1_873' title='bbox 1213 5825 1353 5894; x_wconf 85' lang='lat' dir='ltr'><strong>:qui</strong></span> <span class='ocrx_word' id='word_1_874' title='bbox 1397 5825 1522 5881; x_wconf 86' lang='lat' dir='ltr'><strong>hinc</strong></span> <span class='ocrx_word' id='word_1_875' title='bbox 1562 5841 1621 5881; x_wconf 83' lang='lat' dir='ltr'><strong>se</strong></span> <span class='ocrx_word' id='word_1_876' title='bbox 1665 5826 1974 5892; x_wconf 80' lang='lat' dir='ltr'><strong>instituunt,</strong></span> <span class='ocrx_word' id='word_1_877' title='bbox 2031 5836 2089 5883; x_wconf 88' lang='lat' dir='ltr'><strong>ut</strong></span> <span class='ocrx_word' id='word_1_878' title='bbox 2126 5826 2246 5881; x_wconf 81' lang='lat' dir='ltr'><strong>vitae</strong></span> <span class='ocrx_word' id='word_1_879' title='bbox 2285 5826 2361 5882; x_wconf 90' lang='lat' dir='ltr'><strong>illi</strong></span> 
     </span>
    </p>
   </div>
   <div class='ocr_carea' id='block_1_116' title="bbox 2468 5728 4033 5802">
    <p class='ocr_par' dir='ltr' id='par_1_116' title="bbox 2468 5728 4033 5802">
     <span class='ocr_line' id='line_1_116' title="bbox 2468 5728 4033 5802; baseline 0.003 -19"><span class='ocrx_word' id='word_1_880' title='bbox 2468 5728 2679 5790; x_wconf 77' lang='grc' dir='ltr'>οἰκείως</span> <span class='ocrx_word' id='word_1_881' title='bbox 2708 5730 2851 5797; x_wconf 67' lang='grc' dir='ltr'>ἔχειν</span> <span class='ocrx_word' id='word_1_882' title='bbox 2876 5729 3010 5799; x_wconf 74' lang='grc' dir='ltr'>πρὸς</span> <span class='ocrx_word' id='word_1_883' title='bbox 3044 5730 3135 5781; x_wconf 84' lang='grc' dir='ltr'>τδν</span> <span class='ocrx_word' id='word_1_884' title='bbox 3167 5730 3277 5799; x_wconf 75' lang='grc' dir='ltr'>βίον</span> <span class='ocrx_word' id='word_1_885' title='bbox 3300 5732 3505 5785; x_wconf 68' lang='grc' dir='ltr'>ἐκεῖνον</span> <span class='ocrx_word' id='word_1_886' title='bbox 3532 5733 3623 5785; x_wconf 77' lang='grc' dir='ltr'>καὶ</span> <span class='ocrx_word' id='word_1_887' title='bbox 3650 5734 3741 5786; x_wconf 72' lang='grc' dir='ltr'><strong>τὸν</strong></span> <span class='ocrx_word' id='word_1_888' title='bbox 3774 5734 4033 5802; x_wconf 70' lang='grc' dir='ltr'>νυμφίον’</span> 
     </span>
    </p>
   </div>
   <div class='ocr_carea' id='block_1_117' title="bbox 2480 5821 4032 5893">
    <p class='ocr_par' dir='ltr' id='par_1_117' title="bbox 2480 5821 4032 5893">
     <span class='ocr_line' id='line_1_117' title="bbox 2480 5821 4032 5893; baseline 0.005 -18"><span class='ocrx_word' id='word_1_889' title='bbox 2480 5821 2808 5893; x_wconf 73' lang='grc' dir='ltr'>γεννώμενοι</span> <span class='ocrx_word' id='word_1_890' title='bbox 2837 5822 2935 5892; x_wconf 70' lang='grc' dir='ltr'>μὲν</span> <span class='ocrx_word' id='word_1_891' title='bbox 2982 5824 3202 5888; x_wconf 77' lang='grc' dir='ltr'>καινῶς,</span> <span class='ocrx_word' id='word_1_892' title='bbox 3258 5825 3339 5879; x_wconf 79' lang='grc' dir='ltr'>ὅτι</span> <span class='ocrx_word' id='word_1_893' title='bbox 3374 5826 3556 5887; x_wconf 61' lang='grc' dir='ltr'>καινὸς</span> <span class='ocrx_word' id='word_1_894' title='bbox 3587 5828 3791 5890; x_wconf 70' lang='grc' dir='ltr'>ἐκεῖνος</span> <span class='ocrx_word' id='word_1_895' title='bbox 3833 5825 4032 5888; x_wconf 76' lang='grc' dir='ltr'>Ἀδὰμ.</span> 
     </span>
    </p>
   </div>
  </div>
