4272 6446
809 384 914 448 551

2045 382 2349 442 NICOLM
2399 380 2786 440 CAliASlL’E

3960 384 4060 447 55:2

808 513 970 566 quam
1020 497 1128 549 cito
1186 506 1237 548 et
1300 495 1399 548 levi
1448 493 1662 561 negotio
1716 508 2005 560 personazn
2072 495 2374 546 mutabant.
2411 509 2495 567 Ατ

2411 515 2452 567 Α
2486 495 2637 544 πεῖον
2664 492 3002 561 ἀμείϐοντες.
3025 495 3227 562 Συνέϐη
3250 493 3304 550 δὲ
3334 495 3544 556 πολλοῖς
3571 495 3665 550 καὶ
3695 499 3769 567 μὴ
3799 498 4061 567 λουσαμέ-

805 588 1199 651 Compluribus
1255 587 1416 640 etiam
1445 601 1550 638 non
1608 585 1807 637 ablutis
1857 584 1910 636 itt
1960 585 2186 635 chorum
2239 586 2381 638 hunc

811 682 1003 734 referri
1038 681 1282 747 contigit,
1317 695 1455 746 quos
1493 679 1560 730 ab
1586 676 1824 730 Ecclesia
1853 693 1992 744 aqua
2055 692 2161 729 non
2206 676 2382 744 bapti-

804 785 959 827 itatos
980 774 1094 841 ipse
1115 787 1350 839 sponsus
1381 769 1636 823 Ecclesia:
1661 769 1969 838 baptizavit.
1991 768 2172 822 Multis
2197 770 2380 836 itaque

806 875 858 916 et
886 863 1082 916 nubem
1117 862 1392 914 humidam
1421 861 1488 913 de
1519 861 1680 920 caelo,
1717 871 1767 913 et
1811 874 2008 926 aquam
2046 859 2187 911 ultro
2217 873 2246 911 e
2280 867 2379 911 ter-

809 973 864 1007 ra
894 965 1269 1022 erumpentem
1304 954 1470 1016 dedit,
1506 964 1555 1004 et
1587 953 1664 1006 sic
1711 951 1931 1005 demum
1959 966 2056 1004 eos
2109 951 2376 1003 lustravit.

811 1047 1003 1099 Multos
1036 1047 1246 1099 occulte
1284 1044 1619 1097 reformavit.
1664 1043 1984 1098 Sicuteaim
2015 1059 2134 1112 quae
2167 1043 2371 1096 desunt

805 1140 1048 1200 Christo,
1080 1137 1318 1189 inembra
1354 1137 1606 1188 Ecclesiae
1639 1135 1859 1196 Paulus,
1889 1144 1939 1189 et
1973 1136 2018 1188 si
2045 1137 2166 1203 quis
2208 1135 2255 1186 ei
2305 1134 2376 1187 si-

813 1231 973 1290 llllllS,
1022 1229 1278 1296 supplet:
1311 1229 1387 1280 sic
1445 1227 1574 1278 nihil
1631 1228 1954 1289 absurdum,
2003 1242 2124 1292 qiue
2182 1227 2380 1280 desunt

814 1320 1089 1379 Ecclesizc,
1129 1321 1301 1385 ipsum
1332 1327 1495 1385 caput
1523 1316 1777 1371 Ecclesia!
1808 1317 2079 1385 supplere.
2142 1317 2197 1370 Si
2230 1317 2374 1369 enim

809 1420 956 1472 sunt,
985 1412 1182 1477 quibus
1217 1409 1456 1462 membra
1488 1416 1657 1477 caput
1682 1409 1934 1461 videnlur
1960 1407 2176 1476 juvarc,
2203 1424 2379 1475 quan-

809 1512 862 1554 to
891 1503 1094 1570 justius
1119 1509 1221 1562 est,
1254 1515 1376 1568 quae
1409 1501 1666 1553 membris
1716 1500 1937 1561 desunt,
1982 1499 2162 1568 ipsum
2215 1509 2380 1565 caput

809 1594 1087 1662 adjicere?
1122 1593 1183 1645 Et
1211 1595 1326 1647 hsce
1363 1595 1582 1662 quidem
1609 1593 1674 1644 ad
1711 1593 1874 1646 istum
1898 1591 2118 1645 modum
2170 1606 2229 1643 se
2286 1592 2381 1642 ha-

809 1691 989 1742 beant.
1045 1688 1122 1741 Ad
1167 1689 1348 1757 prium
1420 1687 1752 1741 redeundum
1825 1695 1931 1740 est.
1988 1684 2371 1753 llujuscetnoli

810 1783 972 1849 igitur
1002 1783 1279 1842 virtutem,
1301 1796 1407 1848 qua
1432 1781 1579 1832 istaec
1615 1779 1729 1833 ausi
1772 1787 1920 1840 sunt,
1949 1788 2004 1831 et
2037 1777 2374 1830 alacritatem

2486 600 2596 642 νοις
2647 585 2724 643 εἰς
2769 583 2954 634 τοῦτον
2998 585 3215 637 τελέσαι
3267 587 3358 638 τὸν
3400 590 3580 656 κόρον,
3635 589 3729 650 οὓς
3782 589 3936 642 ὕδατι
3986 592 4062 660 μὴ

2489 667 2879 736 βιπτισοέντας
2913 671 3014 722 ὑπὸ
3043 672 3138 739 τῆς
3181 673 3535 742 Ἐκκλησίας,
3567 679 3730 739 αὐτὸς
3767 679 4060 732 ἐϐάπτισεν

2483 761 2510 810 ὁ
2536 758 2762 828 νυμφίος
2802 761 2901 827 τῆς
2940 761 3286 832 Ἐκκλησίας.
3332 766 3552 829 Πολλοῖς
3585 768 3684 837 μὲν
3718 768 3809 822 οὖν
3841 771 3936 822 καὶ
3979 788 4065 822 νε-

2488 851 2657 919 φέλην
2686 852 2980 921 οὐρανόθεν
3014 855 3184 908 ἔδωκε
3219 861 3312 912 καὶ
3342 857 3484 926 ὕδωρ
3519 860 3582 911 ἐκ
3621 863 3725 929 γῆς
3761 860 4064 930 αὐτόματον

2487 942 2581 993 καὶ
2611 941 2783 1002 οὕτως
2807 942 3092 1007 ἐόἀπτισε,
3118 946 3244 1009 τοὺς
3273 948 3488 1010 πλείους
3514 948 3569 1000 δὲ
3587 949 3810 1017 ἀφανῶς
3832 951 4066 1004 ἀνέπλα-

2487 1050 2601 1087 σεν.
2641 1035 2850 1104 Ὠσπερ
2884 1038 2990 1106 γὰρ
3028 1039 3087 1091 τὸ
3120 1039 3407 1108 ὑστέρημα
3437 1039 3532 1093 τοῦ
3558 1041 3797 1110 Χριστοῦ
3823 1042 3892 1095 τὰ
3922 1044 4060 1114 μέλη

2487 1127 2586 1193 τῆς
2606 1127 2955 1197 Ἐκκλησία-ς,
2990 1131 3199 1194 Παῦλος
3230 1133 3326 1183 καὶ
3351 1133 3404 1184 εἴ
3434 1151 3517 1194 τις
3551 1133 3673 1186 κατ’
3705 1135 3912 1186 ἐκεῖνον
3936 1135 4070 1187 ἀνα-

2488 1212 2703 1282 πληροῖ,
2759 1215 2931 1277 οῦτως
2975 1218 3124 1271 οὐδὲν
3166 1221 3390 1290 ἀπᾷδον,
3435 1223 3485 1275 εί
3528 1223 3586 1274 τὸ
3632 1223 3916 1292 ὑστέρημα
3965 1225 4065 1291 τῆς

2497 1301 2820 1374 Ἐκκλησίας
2854 1309 2882 1376 ἡ
2915 1310 3126 1378 κεφαλὴ
3161 1312 3257 1380 τῆς
3299 1313 3627 1382 Ἐκκλησίας
3653 1315 4062 1384 ἀναπληρώσει.

2487 1395 2549 1446 Ei
2596 1396 2702 1465 γάρ
2743 1401 2889 1450 ἐστιν
2917 1399 3052 1453 ἄττα
3105 1403 3240 1473 μέλη
3292 1407 3357 1474 τῇ
3400 1405 3612 1476 κεφαλῇ
3645 1407 3794 1458 δοκεῖ
3826 1407 4063 1476 βοηθεῖν,

2490 1490 2637 1558 πόσῳ
2669 1491 3023 1561 δικαιότερον,
3073 1488 3148 1548 ὦν
3186 1497 3423 1550 ἐλλείπει
3465 1500 3576 1560 τοῖς
3613 1499 3852 1567 μέλεσιν,
3893 1499 4065 1567 αὐτὴν

2487 1581 2800 1648 προσθεῖναι
2832 1585 2930 1652 τὴν
2973 1587 3248 1657 κεφαλήνς
3279 1589 3388 1640 Καὶ
3426 1589 3602 1642 ταῦτα
3639 1589 3738 1657 μὲν
3777 1588 3965 1640 τοῦτον
3999 1588 4066 1642 ἂν

2482 1670 2594 1738 ἔχοι
2629 1674 2719 1724 τὸν
2755 1673 2977 1742 τρόπον.
3028 1676 3391 1745 Ἀναληπτέον
3421 1678 3464 1730 δ’
3512 1679 3578 1731 ἂν
3628 1681 3711 1748 εἴη
3760 1679 3847 1731 τὸν
3881 1679 4062 1746 λόγον.

2485 1763 2702 1832 Ταύτην
2734 1765 2832 1833 μὲν
2861 1765 2955 1818 οὖν
2985 1769 3081 1835 τὴν
3109 1769 3356 1836 δύναμιν,
3460 1770 3558 1841 τὴν
3587 1771 3794 1839 τόλμαν
3828 1771 4051 1839 ἐτόλμη-

810 1885 1017 1926 tantam
1049 1874 1352 1926 attulerunt
1377 1912 1390 1936 ,
1415 1881 1468 1925 et
1499 1871 1876 1940 magnanimos
1911 1884 2078 1922 ausus
2123 1869 2189 1920 ad
2224 1868 2382 1920 linem
2419 1862 2459 1920 Β
2491 1874 2497 1901 ⁴

2378 1887 2382 1919 ι
2419 1862 2459 1920 Β
2491 1871 2590 1906 σαν
2624 1858 2717 1908 καὶ
2748 1858 2845 1928 τὴν
2879 1860 3189 1928 πριουμίαν
3221 1863 3707 1932 προύθυμήθησχν,
3738 1863 3833 1916 καὶ
3865 1866 3944 1924 είς
3973 1865 4065 1915 τέ-

811 1969 1108 2032 perducere
1151 1974 1463 2032 potuerunt,
1526 1964 1578 2016 in
1634 1972 1830 2016 natura
1895 1961 2174 2015 hominum
2235 1960 2378 2013 haud

808 2056 1066 2121 inveniri,
1102 2060 1278 2109 verbis
1307 2057 1686 2109 demonstrare
1720 2055 1852 2108 nihil
1879 2055 2091 2107 attinet.
2128 2053 2266 2117 Quia
2293 2068 2381 2104 ve-

810 2164 872 2200 ro
956 2162 1118 2201 causa
1170 2149 1362 2201 horum
1414 2149 1604 2218 gratiae
1658 2147 2005 2217 baptismatis
2070 2146 2380 2198 necessario

816 2240 1140 2293 ascrihcnda
1158 2250 1260 2302 est,
1293 2255 1601 2307 quarralnus
1621 2240 1732 2308 jam
1762 2239 2006 2301 modum,
2028 2237 2301 2308 quomodo
2327 2238 2378 2290 in

810 2330 945 2398 ipsis
972 2330 1243 2382 lavacrum
1276 2331 1379 2383 ista
1407 2341 1685 2398 operatur.

883 2507 1232 2561 Manifestum
1282 2515 1363 2560 est
1416 2505 1602 2572 igitur,
1664 2504 1875 2557 labores
1919 2503 2040 2556 illos
2079 2513 2131 2557 et
2177 2519 2379 2572 agones

811 2602 1109 2653 amantium
1157 2601 1344 2661 fuisse,
1389 2609 1442 2653 et
1493 2598 1697 2651 Christi
1742 2598 1924 2666 jacula
1977 2609 2139 2666 atque
2181 2598 2380 2665 philtra

811 2694 957 2760 ipsos
1008 2692 1072 2744 ad
1130 2693 1271 2745 hanc
1324 2706 1507 2744 rerum
1561 2690 1859 2743 novitatem
1915 2690 2212 2759 impulisse.
2250 2690 2382 2754 Qua:

809 2801 972 2853 porro
1013 2801 1179 2839 causa
1215 2785 1442 2849 amoris,
1484 2793 1538 2837 et
1573 2783 1705 2853 quid
1746 2783 1852 2837 illis
1885 2781 2110 2845 factum,
2142 2794 2199 2836 ut
2246 2784 2382 2836 adeo

810 2878 1120 2947 diligerent,
1155 2889 1208 2932 et
1241 2879 1384 2931 unde
1426 2879 1601 2944 ignem
1638 2886 1848 2930 tantum
1887 2877 2250 2944 susceperint,
2285 2891 2385 2945 age

808 2971 1244 3024 consideremus.
1286 2970 1499 3023 Etenim
1545 2969 1781 3036 cognitio
1819 2983 2061 3022 amorem
2101 2969 2270 3037 gignit
2330 2976 2384 3020 et

811 3070 1094 3132 procreat:
1135 3077 1235 3114 nec
1279 3062 1461 3129 possis
1509 3062 1808 3129 quidquam
1852 3059 2137 3127 pulchrum
2172 3074 2380 3121 amare,

813 3157 917 3209 nisi
950 3165 1076 3208 ante
1107 3155 1364 3207 didiceris
1390 3168 1551 3222 quam
1585 3154 1869 3222 pulchrum
1905 3154 1994 3207 sit.
2023 3152 2088 3206 Et
2120 3153 2378 3221 quoniam

812 3252 915 3305 hoc
964 3251 1106 3304 scire
1147 3260 1200 3305 ct
1248 3251 1486 3320 perfecte
1528 3249 1932 3317 cumulateque,
1970 3257 2022 3300 et
2069 3247 2382 3315 imperfecte

813 3344 1098 3410 contingit,
1127 3359 1226 3412 par
1270 3343 1434 3396 fuerit
1483 3355 1725 3395 amorem
1773 3356 1990 3408 quoque
2052 3339 2277 3409 perinde
2323 3354 2381 3394 se

815 3439 1033 3490 habere.
1083 3438 1146 3488 Et
1189 3435 1411 3504 pulchra
1460 3434 1676 3503 quidem
1728 3448 1790 3487 ac
1843 3433 2005 3494 bona,
2052 3447 2175 3499 qua:
2228 3430 2384 3498 plene

813 3540 1238 3596 cognoscuntur,
1280 3530 1441 3581 etiam
1474 3527 1630 3595 plene
1672 3526 1990 3594 diliguntur,
2019 3534 2074 3579 et
2113 3521 2383 3593 quemad-

815 3627 1036 3674 modum
1072 3632 1234 3674 tanta
1281 3619 1670 3687 pulchritudini
1707 3619 1984 3674 convenit.
2026 3617 2158 3682 Quae
2198 3627 2379 3671 autem

814 3714 1130 3768 amantibus
1155 3715 1444 3767 admodum
1472 3724 1597 3767 nota
1626 3730 1733 3768 non
1767 3725 1914 3779 sunt,
1942 3727 2132 3767 corum
2164 3727 2384 3781 quoque

814 3820 971 3858 amor
1022 3805 1310 3859 imbecillis
1355 3815 1458 3859 est.
1510 3805 1680 3875 Igitur
1723 3805 1856 3859 illud
1905 3807 1962 3858 tit
2006 3804 2380 3874 perspicuum,

812 3899 1184 3966 cognitionem
1225 3898 1462 3967 aliquam
1507 3897 1624 3958 Dei,
1661 3907 1716 3952 et
1762 3913 1986 3952 sensum
2042 3900 2175 3966 ipsis
2213 3914 2242 3950 a
2292 3901 2386 3952 ba-

814 3993 1066 4055 ptismate
1110 3990 1450 4053 immissum,
1498 3999 1551 4043 et
1600 4006 1695 4043 eos
1745 3992 1948 4044 bonum
2017 3990 2225 4056 liquido
2287 4004 2385 4043 co-

815 4082 1100 4150 gnovisse,
1168 4081 1739 4150 pulchritudinemque
1800 4081 2164 4150 persensisse,
2218 4090 2272 4134 et
2319 4082 2385 4133 de

817 4174 1057 4226 bonitate
1109 4173 1228 4241 ejus
1282 4174 1619 4241 gustavisse,
1681 4173 2050 4240 experientia,
2124 4172 2380 4242 inquam,

817 4267 1167 4332 perl'et-tiore,
1200 4282 1362 4333 quam
1397 4266 1642 4319 doctrina
1673 4266 1847 4334 possit
1880 4266 2216 4320 discentibus
2260 4267 2387 4320 sub-

782 4366 783 4369 ‘
813 4359 1003 4425 jiccrc.
1037 4357 1170 4411 Nam
1219 4377 1342 4412 cunt
1379 4375 1556 4412 rerum
1600 4359 1842 4426 cognitio
1877 4359 2127 4427 hipartita
2159 4361 2249 4426 sit,
2279 4375 2382 4412 una

817 4465 979 4515 quam
1013 4454 1138 4518 quis
1172 4451 1451 4504 auditione
1479 4451 1700 4515 haurit,
1732 4452 1836 4504 alia
1869 4465 2030 4517 quam
2069 4466 2165 4519 per
2189 4466 2247 4502 se
2275 4450 2388 4518 ipse

2480 1945 2570 2008 λος
2613 1949 2841 2016 ἀγαγεῖν
2879 1949 2914 2002 ἃ.
2948 1952 3418 2021 προὺθυμήθησαν
3457 1954 3794 2023 ἐδυνήθησαν
3816 1997 3830 2019 ,
3860 1956 3935 2018 ὡς
3964 1959 4066 2008 οὑκ

2480 2038 2626 2092 ἐστιν
2653 2041 2832 2108 εὑρεῖν
2863 2043 2919 2096 ἐν
2945 2046 3009 2114 τῇ
3041 2047 3200 2113 φύσει
3239 2046 3347 2097 τῶν
3370 2047 3692 2115 ἀνθρώπων,
3723 2049 3822 2100 οὐκ
3849 2049 3914 2100 ἂν
3946 2052 4068 2103 οὐδὲ

2480 2131 2640 2199 λόγου
2687 2133 2796 2187 δέοι
2838 2135 3146 2188 δεικνύναιο
3187 2136 3374 2190 λοιποῦ
3419 2139 3472 2190 δέ
3515 2139 3668 2202 ὄντος
3706 2140 3764 2204 ἐξ
3795 2141 4065 2208 ἀνάγκης.

2482 2225 2661 2277 αἰτίαν
2706 2227 2912 2280 τούτων
2941 2228 3145 2282 τιθέναι
3185 2229 3285 2298 τὴν
3335 2229 3430 2282 τοῦ
3463 2231 3838 2300 βαπτίσματος
3879 2233 4065 2302 χάριν,

2484 2319 2735 2388 ζητῶμεν
2766 2319 2844 2373 ἔτι
2873 2322 2963 2374 τὸν
2995 2325 3214 2390 τρόπον,
3252 2324 3398 2385 ὅπως
3433 2323 3606 2378 ταῦτα
3640 2324 3837 2385 αὐτοὺς
3869 2327 4067 2393 εἰργα-

2483 2429 2615 2465 σατο
2649 2413 2709 2463 τὸ
2739 2413 2982 2483 λουτρόν.

2553 2508 2787 2575 Φανερὺν
2819 2507 2917 2574 μὲν
2959 2506 3074 2570 οὖν,
3104 2507 3179 2569 ώς
3217 2507 3326 2574 ἄρα
3360 2507 3609 2576 ἐρώντων
3643 2502 3783 2578 ἦσαν
3809 2509 3857 2559 οἱ
3891 2509 4066 2574 πόνοι,

2482 2603 2574 2652 καὶ
2603 2601 2651 2651 οἱ
2673 2600 2880 2666 ἀγῶνες
2906 2602 3100 2654 ἐκεῖνοι
3125 2603 3216 2653 καὶ
3244 2602 3310 2652 τὰ
3335 2600 3572 2670 Χριστοῦ
3596 2601 3724 2670 βέλη
3751 2604 3843 2653 καὶ
3867 2603 4072 2672 φίλτρα

2486 2691 2619 2761 πρὸς
2652 2693 2857 2760 ταύτην
2887 2693 3082 2754 αὐτοὺς
3117 2692 3351 2761 ἐξήγαγε
3381 2693 3480 2762 τὴν
3509 2695 3892 2749 καινοτομίαν*
3922 2696 3974 2747 τί
4008 2697 4066 2747 δὲ

2481 2783 2590 2837 τῶν
2617 2784 2870 2852 ἐρώντων
2891 2785 2951 2836 τὸ
2973 2785 3168 2849 αῖτιον,
3197 2787 3291 2836 καὶ
3313 2785 3364 2837 τί
3395 2785 3655 2848 παθόντες
3687 2785 3860 2846 οὕτως
3877 2787 4074 2854 ἐφίλη-

2485 2894 2601 2941 σαν,
2634 2877 2726 2929 καὶ
2747 2876 2910 2929 πόθεν
2931 2878 2991 2929 τὸ
3018 2878 3128 2946 πῦρ
3151 2878 3417 2941 ἐδέξαντο,
3442 2877 3596 2931 τοῦτο
3622 2879 3912 2948 σκοπῶμεν
3938 2880 4073 2950 ήδη.

2485 2970 2594 3024 Καὶ
2625 2972 2730 3040 γάρ
2771 2972 2886 3022 ἐστι
2924 2972 3022 3038 μὲν
3053 2972 3114 3023 τὸ
3152 2971 3350 3024 εἰδέναι
3385 2971 3477 3022 τοῦ
3522 2971 3694 3037 φιλεῖν
3726 2972 3936 3035 αἴτιον,
3972 2975 4075 3025 καὶ

2484 3064 2642 3116 τοῦτο
2677 3067 2848 3115 ἐκεῖνο
2877 3064 3084 3129 τίκτει,
3118 3065 3209 3115 καὶ
3242 3065 3340 3115 οὐκ
3370 3064 3485 3116 ἐστι
3527 3064 3712 3116 λαὸεῖν
3750 3064 3929 3132 ἔρωτα
3960 3064 4075 3117 τῶν

2485 3156 2667 3208 καλῶν
2709 3156 2919 3208 οὐδενὸς
2967 3156 3040 3225 μὴ
3091 3157 3482 3225 καταμαθόντα
3521 3157 3594 3218 ώς
3640 3157 3752 3226 ἔχει
3800 3158 4070 3218 κάλλους·

2490 3250 2612 3300 ἐπεὶ
2640 3248 2693 3299 δὲ
2727 3248 2785 3302 τὸ
2814 3248 3009 3299 εἰδέναι
3049 3247 3204 3300 τοῦτο
3245 3248 3532 3316 συμϐαίνει
3570 3247 3665 3316 μὲν
3701 3250 3936 3317 μάλιστα
3980 3254 4075 3302 καὶ

2490 3343 2732 3406 τελείως,
2767 3343 3052 3412 συμϐαίνει
3082 3343 3138 3395 δὲ
3168 3342 3369 3403 ἀτελῶς
3407 3344 3568 3411 ἔχειν,
3594 3343 3739 3404 εἰκὸς
3768 3342 3834 3395 ἂν
3860 3344 3945 3413 εἴη
3977 3347 4074 3395 καὶ

2490 3437 2551 3489 τὸ
2581 3437 2802 3506 φίλτρον
2833 3436 3030 3504 ὁμοίως
3064 3435 3206 3504 ἔχειν
3227 3451 3239 3464 ο
3273 3435 3490 3488 καὶτῶν
3518 3435 3699 3488 καλῶν
3729 3437 3819 3487 καὶ
3842 3439 4074 3502 ἀγαθῶν

2490 3531 2525 3584 ἃ
2561 3531 2660 3600 μὲν
2693 3530 3020 3597 γινώσκεται
3054 3529 3275 3590 τελείως
3317 3529 3410 3582 καὶ
3450 3529 3684 3597 φιλεῖται
3714 3532 3936 3592 τελείως
3975 3534 4075 3584 καὶ

2489 3621 2679 3689 ὥσπερ
2711 3621 2912 3688 τοσῷδε
2953 3621 3139 3673 κάλλει
3180 3623 3442 3691 προσῆκε,
3486 3621 3595 3674 τῶν
3637 3621 3691 3671 δὲ
3742 3624 3816 3690 μὴ
3863 3622 4076 3690 σςνόδρα

2493 3714 2742 3784 φανερῶν
2767 3716 2875 3776 τοῖς
2903 3714 3067 3783 ἐρῶσι
3087 3716 3182 3768 καὶ
3208 3717 3234 3766 ό
3261 3714 3399 3785 ἔρως
3428 3713 3664 3776 ἀσθενῶς
3695 3714 3828 3782 ἔχει.
3859 3714 4074 3766 Οὐκοῦν

2493 3809 2668 3859 ἐκεῖνο
2707 3807 2914 3874 γίνεται
2960 3807 3137 3874 δῆλον,
3182 3806 3256 3869 ώς
3300 3805 3593 3871 ἐπίγνωσίν
3627 3823 3750 3857 τινα
3789 3805 3927 3858 Θεοῦ
3976 3807 4078 3859 καὶ

2491 3901 2746 3969 αἴσθησιν
2791 3901 2972 3963 αὐτοῖς
3012 3899 3231 3968 ἐνέθηκε
3264 3900 3323 3949 τὸ
3382 3900 3629 3968 λουτρὶν,
3661 3901 3754 3952 καὶ
3781 3899 3868 3951 τὸν
3904 3899 4074 3951 καλὸν

2494 3993 2682 4059 σαφῶς
2703 3992 2948 4057 ἔγνωσαν
2974 3992 3065 4044 καὶ
3091 3992 3187 4057 τῆς
3221 3989 3364 4059 ῶρα,
3396 3990 3621 4061 ᾔσθοντο
3651 3995 3743 4043 καὶ
3776 3992 4010 4058 ἐγεύσαν
4044 4009 4076 4043 ο

2492 4084 2587 4135 τοῦ
2614 4081 2842 4145 κάλλους
2866 4081 3094 4136 ἐκείνου.
3123 4083 3278 4149 Λέγω
3306 4083 3369 4153 δὴ
3401 4084 3566 4155 πείρᾳ
3593 4083 3700 4134 τινὶ
3738 4083 4074 4151 τελεώτερον

2493 4174 2526 4242 ἢ
2555 4173 2872 4242 διδασκαλίᾳ
2911 4173 3162 4225 δύνανται
3191 4176 3457 4244 γνωρίσαι
3490 4173 3917 4239 καταμαθόντες.
3951 4175 4076 4224 Δίτ-

2492 4283 2591 4333 της
2619 4267 2727 4334 γὰρ
2769 4268 2901 4334 ἡμῖν
2939 4269 3035 4335 τῆς
3075 4267 3180 4318 τῶν
3217 4267 3555 4334 πραγμάτιον
3583 4266 3836 4333 γνώσεως
3862 4265 4030 4334 οῦσης
4057 4308 4070 4328 ,

2463 4359 2592 4426 ’τῆς
2632 4358 2729 4426 μὲν
2767 4357 2834 4427 ἢν
2861 4357 2924 4410 ἄλ
2959 4375 3042 4420 τις
3081 4359 3216 4426 ἀκοῇ
3251 4357 3400 4426 τύχοι
3431 4356 3640 4421 λαϐὼν,
3680 4357 3777 4425 τῆς
3811 4357 3867 4408 δὲ
3902 4358 3969 4429 ἢν
4003 4359 4076 4411 δι’

2497 4449 2690 4501 ἐαυτοῦ
2755 4450 3098 4516 καταμάθοι,
3159 4451 3380 4512 ἐκείνως
3438 4451 3534 4517 μὲν
3591 4450 3690 4501 οὐκ
3749 4449 3913 4501 αὐτοῦ
3975 4452 4073 4504 τοῦ

816 4542 1195 4610 consequitur,
1231 4542 1323 4595 illo
1358 4543 1520 4597 modo
1554 4558 1664 4596 non
1693 4544 1866 4611 ipsam
1895 4559 2009 4595 rem
2048 4543 2386 4611 attingimus,
2426 4558 2470 4611 ι)
2498 4561 2503 4574 ·

2426 4558 2470 4611 ι)
2498 4544 2825 4610 πράγματος
2860 4543 3164 4609 ἁπτόμεθα,
3197 4542 3311 4592 ἀλλ’
3338 4543 3524 4608 ὥσπερ
3551 4543 3607 4592 ἐν
3632 4543 3802 4594 εἰκόνι
3826 4544 3934 4594 τινὶ
3959 4546 4075 4603 τοῖς

819 4632 913 4684 sed
950 4634 1002 4684 in
1055 4631 1252 4695 verbis,
1290 4643 1348 4686 ut
1392 4636 1443 4686 in
1485 4634 1726 4702 imagine
1765 4634 2023 4702 quadarn,
2055 4649 2161 4687 non
2206 4643 2387 4688 autem

817 4735 1096 4784 accurate.
1139 4725 1193 4776 in
1263 4725 1434 4790 ipsius
1473 4726 1674 4794 speciei
1727 4726 2041 4787 simulacro,
2088 4741 2183 4778 seu
2221 4724 2392 4792 eﬂigie

820 4829 942 4868 eum
977 4817 1279 4869 cernimus.
1316 4815 1456 4869 Fieri
1485 4817 1630 4869 enim
1674 4818 1882 4885 nequit,
1910 4827 1969 4870 ut
1997 4817 2043 4870 ei
2079 4831 2172 4884 per
2196 4828 2390 4869 cuncta

819 4907 1053 4959 similem
1081 4907 1134 4959 in
1160 4921 1342 4960 rerum
1371 4918 1559 4960 natura
1589 4909 1944 4970 inveniamus,
1967 4907 2059 4976 qui
2087 4922 2186 4975 pro
2209 4923 2392 4960 exent-

820 4998 909 5066 plo
940 5003 1006 5050 ad
1056 4999 1202 5052 illius
1234 5000 1601 5066 cognitionem
1648 4997 1899 5054 sulliciat.
1935 4997 2227 5067 Expertum
2263 5014 2389 5050 vero

820 5105 957 5151 esse,
1017 5099 1104 5144 est
1160 5093 1212 5143 in
1271 5107 1356 5144 res
1424 5092 1566 5158 ipsas
1616 5091 1892 5144 incidisse.
1950 5089 2105 5144 Unde
2142 5091 2230 5144 hic
2272 5093 2388 5159 ipsa

821 5183 1030 5247 species
1062 5180 1115 5232 in
1159 5182 1396 5233 animam
1432 5181 1683 5244 incurrit,
1718 5191 1770 5234 et
1801 5181 2130 5234 desiderium
2169 5182 2386 5243 excitat,

822 5269 987 5320 \‘Clltli
1037 5270 1321 5338 vestigium
1371 5273 1511 5321 bono
1562 5271 1923 5337 respondens.
1982 5269 2093 5322 Illic
2141 5272 2209 5321 ab
2268 5269 2388 5322 idea

823 5360 994 5427 ipsius
1026 5363 1098 5412 rei
1137 5363 1354 5429 propria
1378 5362 1601 5424 deserti,
1635 5377 1728 5429 per
1758 5378 1879 5430 quae
1905 5370 2086 5414 autem
2113 5377 2235 5415 cum
2266 5361 2390 5414 aliis

822 5451 1212 5514 coniiuuuieal,
1250 5453 1540 5504 obscuram
1586 5455 1878 5520 quamdam
1918 5462 1971 5505 et
2034 5454 2229 5505 exilem
2270 5453 2390 5520 ejus

822 5541 1114 5608 imaginem
1172 5545 1337 5604 nacti,
1398 5557 1461 5594 ea
1514 5543 1845 5595 desiderium
1909 5552 1961 5595 et
2016 5557 2258 5596 amorem
2314 5544 2388 5595 rei

825 5646 1099 5686 metimur.
1133 5631 1316 5697 Quare
1353 5649 1457 5686 non
1484 5649 1752 5700 amamus,
1785 5647 2051 5702 quantum
2090 5646 2174 5688 εει
2203 5649 2391 5688 aman-

825 5728 972 5785 (illiti,
1027 5742 1126 5778 nec
1172 5727 1432 5794 patimur,
1478 5738 1740 5794 quantum
1800 5729 1929 5781 illud
1981 5739 2154 5796 poteSI
2190 5728 2385 5787 facere,

825 5833 948 5868 cum
1003 5820 1173 5886 ipsam
1239 5819 1476 5888 speciem
1539 5837 1644 5872 non
1691 5820 2183 5886 degustaverimus.
2235 5817 2384 5872 Sicut

2495 4632 2672 4698 λόγοις
2710 4632 2961 4701 ὁρῶμεν,
2999 4632 3091 4683 καὶ
3135 4631 3243 4682 ουδ’
3292 4631 3535 4700 ἁκριθῶς
3575 4632 3737 4683 αὐτοῦ
3765 4632 3860 4684 τοῦ
3896 4633 4075 4694 εἴδους

2494 4722 2681 4773 εικόνι.
2729 4722 2837 4774 Καὶ
2864 4723 2970 4790 γὰρ
3001 4723 3279 4790 ἀμήχανον
3322 4723 3471 4789 αὐτῷ
3501 4723 3846 4774 παντάπασιν
3885 4724 4077 4790 ὅμοιον

2493 4815 2670 4882 εὑρεῖν
2711 4817 2767 4865 ἐν
2810 4817 2920 4875 τοῖς
2961 4810 3134 4876 οὖσιν,
3171 4809 3214 4880 ᾧ
3264 4815 3667 4884 παραδείγματι
3703 4819 4076 4884 χρησαμένοις

2495 4907 2572 4966 είς
2595 4905 2694 4974 τὴν
2727 4907 2934 4957 ἐκείνου
2964 4908 3162 4971 γνῶσιν
3193 4907 3444 4974 ἀρκέσει·
3477 4906 3541 4956 τὸ
3566 4907 3620 4958 δὲ
3660 4911 3856 4975 πεῖρεν
3887 4908 4078 4960 λαϐεῖν

2493 5001 2674 5060 αὐτοῖς
2720 5002 2836 5050 ἐστι
2873 5003 2982 5059 τοῖς
3027 4999 3348 5069 πράγμασιν
3376 5002 3651 5068 ἐντυχεῖν,
3681 5000 3803 5052 ὃθεν
3838 5001 4075 5053 ἐνταῦθα

2497 5090 2595 5158 μὲν
2629 5091 2759 5141 αὐτὸ
2788 5091 2849 5140 τὸ
2887 5084 3025 5151 εἶδος
3055 5094 3120 5159 τῇ
3151 5092 3293 5159 ψυχῇ
3329 5092 3654 5158 προσϐάλλει
3693 5095 3786 5143 καὶ
3818 5094 3916 5162 τὴν
3951 5097 4068 5146 ἐκι-

2497 5179 2695 5247 θυμίαν
2718 5181 2967 5248 ἀνίστησι
2986 5181 3236 5249 καθάπερ
3264 5182 3405 5250 ἴχνος
3424 5183 3497 5250 τῷ
3515 5183 3698 5234 κάλλει
3729 5183 4071 5252 σύμμετρον.

2509 5273 2657 5324 Ἐκεῖ
2683 5273 2740 5323 δὲ
2765 5276 2862 5342 τῆς
2897 5275 2996 5341 μὲν
3033 5274 3170 5335 ἰδέας
3202 5278 3370 5344 αὐτῆς
3392 5278 3492 5345 τῆς
3523 5277 3655 5338 ἰδίας
3682 5277 3778 5327 τοῦ
3812 5281 4076 5346 πράγμα-

2494 5381 2583 5427 τος
2633 5365 3068 5433 ἀπολειφθέντες.
3113 5367 3172 5430 ἐξ
3217 5362 3290 5422 ὧν
3320 5369 3374 5420 δὲ
3415 5372 3661 5421 κοινωνεῖ
3696 5374 3805 5431 τοῖς
3855 5372 4070 5432 ἄλλοις,

2497 5454 2683 5521 ἀσαφῆ
2721 5472 2843 5508 τινα
2891 5458 2984 5509 καὶ
3039 5460 3285 5527 ἀμυδρὰν
3331 5461 3513 5513 εἰκόνα
3562 5462 3814 5526 λαϐόντες
3861 5464 4068 5522 αὐτοῦ.

2493 5547 2666 5616 ταύτῃ
2700 5547 3003 5618 μετροῦμεν
3029 5552 3118 5602 τὸν
3143 5555 3269 5618 περὶ
3288 5553 3350 5604 τὸ
3377 5557 3607 5622 πρᾶγμα
3640 5555 3802 5606 πόοον
3821 5573 3835 5586 ·
3861 5555 3984 5610 ὅθεν
4007 5561 4064 5609 οὐ

2495 5636 2756 5705 φιλοῦμεν
2790 5638 2912 5689 ὅσον
2955 5641 3132 5692 ἐκεῖνο
3171 5643 3412 5711 φιλητὸν,
3459 5645 3578 5697 οὐδὲ
3622 5648 3906 5715 πάτχομεν
3941 5650 4068 5700 ὅσον

2495 5730 2670 5779 ἐκεῖνο
2698 5728 2919 5780 δύναται
2957 5731 3297 5800 δρᾷ⁴ί·(αὺτοῦ
3323 5733 3416 5783 τοῦ
3449 5734 3622 5796 εἴδους
3659 5737 3732 5805 μὴ
3758 5743 4059 5808 γεγευςμὲ-

2496 5821 2617 5888 νει).
2648 5820 3030 5890 Καθάπεργὰρ
3052 5824 3305 5892 διάφορον
3333 5819 3462 5886 εἷδο,
3498 5827 3594 5895 τῆς
3623 5830 3808 5892 οὐσίας
3833 5831 4064 5884 ἐλάττου
