4272 6446
251 435 359 504 553

1310 435 1407 494 DE
1447 430 1618 494 VITA
1664 432 1740 492 IN
1777 429 2108 491 CHRISTO
2172 431 2318 492 LIB.
2361 431 2439 491 II.

3392 431 3498 495 654

249 553 346 607 καὶ
373 546 630 622 διάφορον
659 550 899 620 ἐντίθησι
934 552 1000 621 τῇ
1028 549 1173 621 ψυχῇ
1203 549 1382 618 λόγον,
1415 551 1556 605 οὕτω
1583 551 1678 602 καὶ
1707 549 1828 618 φιλ-
1859 549 1907 608 Α
1935 579 1936 588 η

1817 577 1828 588 -
1859 549 1907 608 Α
1935 548 2079 602 enim
2109 549 2320 605 diversa
2348 548 2556 620 species
2585 559 2793 605 natura
2819 548 3113 620 cujuslibet
3134 549 3298 604 etiam
3324 551 3504 605 diven-

248 658 412 711 τρον·
445 640 647 694 οὐκοῦν
700 641 733 709 ἡ
785 643 875 695 τοῦ
907 641 1155 708 Σωτῆρος
1189 642 1246 693 ὲν
1279 642 1408 710 ἡμῖν
1470 642 1657 708 ἀγάπη
1702 641 1830 692 ὅταν

253 734 355 801 μὲν
389 733 542 786 οὐδὲν
576 732 913 800 ἐπιδείξηται
965 733 1150 786 καινὸν
1189 734 1296 786 οὐδ’
1323 733 1632 801 ὑπερφυὲς,
1681 731 1830 798 δῆλοι

253 825 600 894 καθέσταμεν
628 825 703 887 ὡς
725 825 832 892 ἄρα
862 827 1052 894 μόναις
1082 825 1404 894 ἅνετύχομεν
1436 827 1554 888 ταῖς
1580 825 1712 890 περὶ
1740 823 1831 875 αῦ-

248 918 345 970 τοῦ
376 921 602 983 φωναῖς,
631 917 688 981 ἐξ
708 914 783 970 ὦν
808 917 922 981 πῶς
955 918 1051 985 μὲν
1081 917 1146 970 ἂν
1168 922 1374 984 γένοιτο
1401 918 1600 985 γνῶναι
1626 916 1828 978 καλῶς,

247 1006 291 1075 ᾧ
320 1012 490 1079 μηδὲν
517 1013 706 1080 ὅμοιον
746 1011 892 1064 ἔστιν
921 1011 1120 1080 εὑρεῖν,
1151 1009 1259 1064 οὐδ’
1291 1009 1318 1062 ὃ
1348 1011 1524 1063 κοινὸν
1556 1010 1702 1080 αὐτῷ
1741 1012 1830 1063 καὶ

248 1106 360 1164 τοῖς
388 1104 478 1156 ἄλ)
491 1121 570 1166 οις
597 1103 718 1155 οὐδὲ
751 1104 881 1170 πρὸς
910 1101 937 1154 ὃ
965 1102 1315 1172 παράδειγμα
1342 1103 1694 1173 ἀναφέρεται,
1725 1103 1832 1153 οὐδ’

249 1190 331 1257 οἷς
368 1197 578 1257 ἐκεῖνος
611 1195 960 1264 παράδειγμα
985 1211 998 1257 ;
1028 1195 1142 1256 πῶς
1173 1194 1227 1246 δὲ
1260 1195 1599 1263 καταμαθεῖν
1641 1196 1736 1263 μὲν
1772 1195 1832 1246 τὶ

249 1286 474 1347 καλλος,
510 1287 734 1356 φιλῆσαι
765 1286 819 1338 δὲ
847 1287 942 1338 τοῦ
971 1284 1421 1350 κάλλουςιὰξίωςς
1453 1280 1545 1344 Οἷς
1571 1285 1627 1337 δὲ
1660 1285 1832 1338 τοιοῦ-

247 1397 337 1441 τος
373 1379 591 1445 ἐγένετο
636 1379 820 1441 πόθος,
847 1376 986 1431 ὥστε
1029 1379 1125 1446 τῆς
1154 1381 1367 1448 φύσεως
1405 1379 1502 1447 μὲν
1536 1381 1830 1447 ἐκστῆναι,

253 1471 425 1537 μείζω
457 1471 511 1522 δὲ
548 1469 642 1521 καὶ
692 1471 1115 1538 προθυμηθῆναι
1161 1473 1254 1523 καὶ
1283 1471 1576 1541 δυνηθῆναι
1603 1473 1633 1540 ἦ
1665 1489 1834 1541 προσ-

246 1562 384 1629 ἧκεν
414 1549 725 1630 ἀνθρώποις
749 1562 1142 1632 ἐνθυμηθῆναι,
1165 1561 1388 1622 τούτους
1412 1564 1570 1625 αὐτὸς
1597 1564 1833 1631 ιτρωσεν

246 1654 573 1721 ὁνυμφίοςο
623 1655 787 1715 αὐτὸς
832 1653 1026 1722 ἐνῆκεν
1076 1651 1270 1707 ἀκτῖνά
1316 1671 1433 1706 τινα
1468 1653 1560 1706 τοῦ
1605 1655 1834 1718 κάλλους

245 1750 362 1808 τοῖς
414 1745 737 1814 ὀφθαλμοῖς.
794 1745 868 1799 Τὸ
921 1747 1027 1816 γὰρ
1090 1747 1318 1816 μέγεθος
1374 1750 1464 1799 τοῦ
1520 1749 1834 1820 τραύματος

250 1838 449 1907 μηνύει
473 1838 530 1889 τὸ
551 1837 722 1906 βέλος,
747 1839 842 1891 καὶ
867 1841 894 1892 ὁ
921 1839 1080 1900 πόθος
1103 1843 1191 1892 τὸν
1220 1841 1508 1908 τρώσαντα
1530 1843 1800 1894 δείκνυσιν
1816 1858 1828 1871 ·

251 1933 344 1983 καὶ
388 1931 564 1999 τούτῳ
606 1930 860 1998 διήνεγκε
901 1934 998 2000 τῆς
1046 1931 1288 1995 Παλαιᾶς
1319 1935 1350 2003 ἡ
1379 1933 1556 2004 Καινὴ
1588 1936 1830 2004 Διαθήκη

247 2027 344 2078 καὶ
389 2024 566 2094 τούτῳ
606 2025 831 2093 ἄμεινον
872 2021 1052 2092 εἶχεν,
1085 2026 1166 2079 ὅτι
1208 2027 1328 2080 τότε
1373 2030 1470 2097 μὲν
1515 2030 1672 2096 λόγος
1711 2025 1777 2100 ἦν
1812 2032 1838 2082 ὁ

247 2118 550 2182 παιδεύων,
599 2117 695 2170 νῦν
734 2118 791 2170 δὶ
822 2119 984 2180 αὐτὸς
1021 2119 1208 2188 παρὼν
1245 2121 1271 2173 ό
1322 2122 1553 2190 Χριστὸς
1598 2120 1838 2192 ἄρῥητόν

242 2227 372 2265 τινα
405 2211 607 2280 τρόπον
641 2210 917 2280 διατίθησι
955 2214 1050 2265 καὶ⁸
1086 2213 1310 2266 πλάττει
1345 2215 1441 2276 τὰς
1474 2215 1582 2268 τῶν
1622 2214 1837 2280 ἀνθρώ-

244 2321 368 2355 πων
398 2303 603 2371 ψυχάς.
634 2302 792 2370 Λόγῳ
815 2304 925 2374 γὰρ
953 2305 1048 2356 καὶ
1075 2305 1390 2377 διδασκαλίᾳ
1413 2307 1508 2359 καὶ
1532 2308 1714 2375 νόμοις
1740 2309 1840 2360 οὐκ

245 2397 379 2463 ἐνῆν
413 2394 711 2461 ἀφικέσθαι
745 2398 871 2457 τοὺς
916 2397 1238 2466 ἀνθρώπους
1279 2400 1358 2459 εἰς
1406 2402 1465 2452 τὸ
1511 2399 1840 2470 ζητούμενον

243 2490 426 2558 τέλος.
450 2489 512 2542 EI
539 2486 648 2557 γὰρ
675 2487 803 2556 ὲνῆν
829 2488 1030 2556 λόγοις,
1053 2490 1153 2542 οὐκ
1188 2491 1253 2542 ἂν
1294 2491 1513 2562 ἐδέησεν
1537 2493 1714 2562 ἔργων
1745 2496 1840 2547 καὶ

245 2585 458 2637 τούτων
495 2583 824 2650 ὑπερφυῶν,
857 2582 993 2645 θεοῦ
1028 2585 1401 2653 σαρκουμένου
1430 2589 1540 2651 ,καὶ
1575 2603 1841 2656 σταυροῦ-

250 2676 422 2744 μένου
472 2673 570 2727 καὶ
629 2673 1088 2744 ἀποθνήσκοντος.
1141 2673 1309 2728 Τοῦτο
1339 2677 1395 2729 δὲ
1432 2677 1588 2747 δῆλον
1626 2680 1842 2748 ἐγένετο

245 2767 308 2831 ἐξ
358 2769 538 2835 ἀρχῆς
584 2765 645 2831 ἐξ
693 2766 873 2818 αὐτῶν
919 2766 1028 2818 τῶν
1085 2767 1309 2836 πατρῶν
1362 2768 1495 2836 ἡμῖν
1540 2770 1638 2838 τῆς
1682 2773 1836 2824 εὐσε-

245 2861 407 2922 Gaia;
459 2863 556 2913 καὶ
599 2861 710 2912 τῶν
756 2861 1096 2914 ἀποστόλων.
1146 2861 1331 2931 Πάσης
1378 2863 1486 2932 γὰρ
1545 2865 1844 2919 ἀπολελαυ-

247 2956 411 3015 κότες
467 2952 840 3015 διδασκαλίας
900 2953 992 3004 καὶ
1053 2952 1224 3005 ταῦτα
1284 2953 1452 3007 αὐτοῦ
1501 2954 1596 3008 τοῦ
1656 2956 1838 3026 Σωτῆά

253 3065 344 3114 ρος
413 3048 510 3098 καὶ
567 3045 759 3098 θεαταὶ
805 3044 1091 3113 γενόμενοι
1143 3045 1387 3110 πάντων,
1436 3048 1530 3098 καὶ⁸
1591 3041 1666 3102 ὧν
1717 3067 1846 3102 κατ-

247 3141 407 3193 ἀθετο
465 3141 533 3207 τῇ
597 3139 759 3205 φύσει
814 3138 1053 3207 χαρίτων
1117 3139 1208 3191 καὶ
1261 3135 1336 3192 ὧν
1391 3141 1652 3209 ἠνέσχετο
1705 3143 1845 3212 ὑπὲρ

1935 654 2052 693 sam
2083 641 2350 694 rationem
2389 644 2441 695 in
2476 642 2659 695 anima
2701 642 2972 710 producit,
3009 642 3089 696 sic
3138 651 3192 696 ct
3231 655 3502 697 amorem.

1937 731 2103 802 Igitur
2134 733 2179 785 si
2214 733 2516 786 Salvatoris
2559 733 2800 790 charitas
2831 736 2884 788 in
2922 735 3081 790 nobis
3107 734 3244 789 nihil
3275 750 3505 798 novum,

1937 837 2035 874 nec
2063 822 2217 876 valde
2244 823 2624 878 admirandum
2652 838 2760 892 pra:
2781 840 2838 880 se
2867 826 3074 888 tulerit,
3101 827 3233 879 satis
3254 836 3502 894 apparet,

1935 929 2035 968 uos
2079 916 2214 968 solis
2249 915 2317 969 de
2345 930 2412 970 eo
2443 917 2667 971 vocibus
2707 918 2907 986 potitos
2933 935 2948 972 :
2979 934 3008 973 e
3028 918 3232 988 quibus
3261 932 3528 998 quonam

1934 1014 2094 1073 pacto
2141 1006 2278 1060 bene
2323 1007 2484 1062 liceat
2514 1022 2864 1076 cognoscere,
2911 1009 2998 1063 cui
3035 1010 3166 1064 nihil
3201 1019 3283 1065 est
3325 1009 3505 1065 simile

1935 1099 2192 1166 reperire,
2230 1115 2402 1167 neque
2433 1101 2578 1169 quod
2614 1100 2686 1154 illi
2720 1110 2774 1156 et
2811 1101 2933 1155 aliis
2962 1115 3254 1156 commune
3283 1103 3374 1166 sit,
3402 1119 3505 1158 nec

1935 1189 2245 1256 exemplum
2285 1193 2350 1242 ad
2381 1193 2525 1258 quod
2564 1203 2934 1260 comparetur,
2967 1207 3144 1262 neque
3176 1195 3376 1263 quibus
3418 1195 3506 1249 ille

1936 1284 2185 1350 exemplo
2221 1284 2327 1336 sit?
2361 1283 2648 1349 Quomodo
2694 1287 2819 1339 hinc
2867 1287 3168 1342 bonitatem
3213 1289 3509 1357 perspicie-

1937 1389 2078 1434 mus.
2113 1390 2163 1429 et
2208 1384 2265 1428 ut
2309 1377 2429 1441 eius
2479 1377 2721 1431 bonitate
2753 1379 2971 1448 dignum
3007 1390 3112 1443 est,
3144 1396 3266 1434 cum
3297 1381 3508 1436 amabis

1938 1465 2097 1517 mus?
2148 1465 2250 1529 Qui
2303 1483 2467 1534 porro
2519 1470 2654 1532 adep
2685 1479 2894 1533 amant,
2949 1481 3005 1524 ut
3062 1483 3271 1527 naturae
3309 1474 3508 1530 ﬁnibus

1935 1559 2142 1625 egressi
2169 1559 2371 1625 majora
2393 1569 2448 1612 et
2474 1561 2729 1615 studeant
2750 1563 2983 1627 efﬁcere,
3004 1575 3057 1619 et
3088 1568 3320 1634 possint,
3342 1585 3506 1637 quam

1939 1649 2189 1703 homines
2236 1649 2318 1704 fas
2351 1664 2434 1705 est
2478 1653 2740 1720 cogitare,
2775 1655 2873 1710 hos
2909 1658 3021 1725 ipse
3058 1675 3292 1724 sponsus
3323 1663 3506 1716 vulne-

1941 1742 2100 1802 ravit,
2137 1743 2252 1810 ipse
2292 1743 2505 1796 radium
2547 1747 2971 1813 pulchritudinis
2994 1765 3108 1802 suae
3139 1752 3315 1805 oculis
3361 1754 3511 1818 ipso-

1942 1847 2060 1884 rum
2095 1832 2339 1887 immisit.
2381 1833 2807 1904 Magnitudinem
2845 1838 2988 1891 enim
3028 1841 3276 1894 vulneris
3323 1842 3508 1906 telum,

1941 1934 1996 1979 et
2024 1926 2424 1981 vulneratorem
2451 1943 2607 1982 amor
2639 1929 2900 1985 declarat.
2934 1931 2996 1984 Et
3030 1933 3131 1986 hoc
3151 1948 3179 1986 a
3204 1933 3378 1988 Veteri
3407 1935 3504 1990 Te-'

1941 2025 2214 2069 stamento
2241 2032 2439 2072 novum
2476 2019 2677 2083 dill‘ert,
2710 2030 2764 2075 et
2796 2023 2899 2076 hoe
2931 2025 3125 2078 melius
3161 2027 3508 2098 habet,quod

1944 2123 2072 2166 tunc
2105 2113 2327 2182 quidem
2360 2116 2523 2169 verba
2559 2124 2737 2181 erant,
2771 2133 2890 2185 quae
2925 2119 3244 2174 erudirent:
3285 2131 3338 2175 at
3367 2138 3509 2178 nunc

1945 2216 2186 2270 praesens
2217 2204 2336 2272 ipse
2367 2204 2621 2258 Christus
2649 2205 2902 2259 inell‘ahili
2934 2209 3168 2277 quodam
3205 2212 3368 2264 modo
3396 2215 3509 2266 suis

1945 2310 2060 2347 luas
2112 2303 2330 2350 tractat.
2379 2295 2641 2351 Sermone
2689 2299 2858 2365 enim,
2907 2299 3159 2355 doctrina
3209 2313 3264 2356 ct
3305 2305 3514 2374 legibus

1946 2385 2197 2440 homines
2245 2387 2404 2441 linem
2434 2398 2752 2457 exoptatum
2790 2392 3056 2460 attingere
3099 2409 3205 2447 non
3241 2407 3512 2464 poterant.

1947 2476 2003 2530 Si
2035 2480 2179 2531 etiim
2223 2479 2403 2534 verbis
2436 2481 2763 2548 potuissent,
2793 2484 3053 2551 Operibus
3078 2501 3184 2538 non
3212 2488 3512 2556 eguissent.

1945 2577 1998 2624 et
2055 2571 2162 2625 illis
2216 2571 2436 2640 quidem
2495 2573 2994 2639 excellentissimis,
3050 2579 3156 2630 Deo
3209 2579 3514 2646 inearnato,

1945 2664 2223 2727 cruciﬁxo,
2275 2673 2330 2718 et
2370 2673 2610 2719 mortuo.
2656 2669 2830 2737 Atque
2874 2669 3014 2724 istuc
3065 2673 3351 2740 apostolis,
3386 2674 3516 2728 νειμ

1945 2756 2123 2825 gionis
2169 2763 2369 2810 nostra:
2409 2757 2732 2825 parentibus
2781 2760 2848 2813 ab
2901 2761 3057 2815 initio
3107 2764 3319 2818 claruit.
3378 2767 3516 2821 Nam

1947 2863 2071 2903 cum
2118 2847 2262 2901 omni
2305 2849 2577 2914 doctrina,
2631 2859 2686 2904 et
2732 2851 2950 2920 quidem
3002 2854 3172 2922 ipsius
3221 2855 3518 2915 Salvatoris

1949 2945 2143 2999 imbuti
2191 2959 2257 2999 ac
2292 2947 2456 3014 pasti,
2481 2947 2603 3014 ejus
2643 2949 2917 3002 actionum
2993 2951 3516 3024 miraculorumque,

1948 3047 2001 3091 et
2075 3038 2485 3101 beneﬁciorum,
2533 3055 2654 3108 qua:
2720 3050 2928 3094 natura:
2985 3052 3186 3096 nostrae
3244 3049 3515 3113 praestitit,

1951 3140 2288 3200 spectatores
2326 3130 2450 3184 facti
2487 3142 2694 3196 esSent,
2734 3149 2964 3202 qumque
3015 3135 3296 3191 hominum
3350 3154 3517 3194 causa

243 3233 354 3283 τῶν
395 3229 726 3299 ἀνθρώπων,
780 3231 874 3282 καὶ
927 3229 1002 3292 ὡς
1050 3230 1336 3282 ἀποθανὼν
1385 3233 1624 3301 ἀνεδίον⁹
1654 3238 1745 3289 καὶ
1771 3239 1845 3301 ὼς
1874 3253 1917 3313 C

1831 3253 1917 3313 :C
1952 3223 2241 3286 sustinuit,
2288 3234 2342 3277 ct
2387 3223 2536 3278 illius
2592 3225 2644 3276 in
2693 3225 2854 3279 vitam
2918 3226 3183 3292 reditum,
3241 3229 3292 3284 in
3347 3233 3518 3288 caelos

249 3323 582 3390 κατειλήφει
623 3321 713 3372 τὸν
742 3321 1005 3390 οὐρανόν·
1037 3321 1129 3374 καὶ
1158 3322 1331 3374 ταῦτα
1385 3324 1560 3376 πάντα
1594 3343 1845 3397 καταμα-

247 3417 443 3477 θόντες
471 3417 621 3484 ὅμως
642 3414 795 3467 οὐδὲν
823 3413 1006 3465 καινὸν
1029 3413 1150 3465 οὐδὲ
1183 3418 1430 3481 γενναῖον
1457 3417 1575 3470 οὐδὲ
1601 3435 1844 3487 πνευμα.

246 3510 405 3561 τικδν
458 3507 579 3559 οὐδὲ
632 3507 725 3558 τοῦ
786 3505 1017 3557 παλαιοῦ
1072 3505 1281 3573 βέλτιον
1329 3508 1695 3574 ἐπεδείξαντο,
1739 3512 1842 3570 ἕως

251 3599 654 3652 ἐϐαπτίσαντο.
690 3598 991 3666 Γενομένου
1021 3598 1077 3649 δὲ
1117 3597 1301 3661 αὐτοῖς
1334 3599 1428 3652 τοῦ
1471 3601 1846 3672 βαπτίσματος

251 3696 344 3745 καὶ
379 3690 476 3744 τοῦ
508 3691 871 3761 Παρακλήτου
909 3691 1026 3752 ταῖς
1056 3690 1260 3759 ψυχαῖς
1297 3691 1479 3742 αὐτῶν
1510 3694 1846 3761 ἐμπεσόντος

251 3785 410 3837 αὐτοί
435 3801 496 3834 τε
528 3784 778 3849 ἐγένοντο
805 3781 986 3834 καινοὶ
1011 3784 1103 3833 καὶ
1130 3781 1276 3850 ζωῆς
1303 3783 1629 3836 ἐπελάϐοντο
1651 3787 1845 3855 καινῆς

253 3878 350 3929 καὶ
400 3875 515 3935 τοῖς
567 3873 749 3934 ἄλλοις
808 3873 1108 3942 ἡγήσαντο,
1159 3874 1252 3926 καὶ
1299 3875 1389 3926 τον
1429 3877 1556 3943 περὶ
1611 3876 1847 3943 Χριστὸν

253 3966 424 4019 πόθον
462 3968 558 4016 καὶ
600 3964 814 4025 ἑαυτοῖς
855 3963 948 4015 καὶ
984 3964 1096 4025 τοῖς
1139 3964 1320 4027 ἄλλοις
1361 3965 1594 4032 ἀνῆψαν.
1632 3967 1693 4018 El
1739 3970 1847 4039 γὰρ

256 4061 350 4112 καὶ
397 4057 478 4125 τῷ
523 4056 659 4125 ἡλίῳ
700 4055 956 4123 παρῆσαν
997 4055 1093 4105 καὶ
1131 4054 1342 4124 διαίτης
1389 4056 1710 4108 ἐκοινώνουν
1755 4062 1848 4112 καὶ

253 4153 460 4216 λόγων,
508 4147 623 4199 ἁλλ’
667 4142 735 4216 ἧν
768 4143 1024 4211 αἴσθησις
1055 4144 1237 4207 αὐτοῖς
1279 4145 1381 4213 τῆς
1416 4147 1630 4208 ἀκτῖνος
1668 4148 1844 4214 οὔπω,

255 4244 334 4314 μὴ
371 4241 696 4308 δεξαμένοις
735 4237 793 4290 τὸ
829 4237 1204 4304 πνευματικὴν
1248 4239 1422 4289 ἐκεῖνο
1466 4238 1715 4309 λουτρὸν,
1755 4243 1847 4293 τὸν

261 4337 378 4387 ῖαον
409 4333 479 4402 δὴ
504 4332 708 4402 τρόπον
757 4330 850 4382 καὶ
884 4329 1008 4391 τοὺς
1048 4328 1236 4396 ἁγίους
1269 4327 1396 4396 ἑξῆς
1435 4330 1682 4394 ἅπαντας
1727 4333 1845 4384 ιτς.

256 4432 494 4482 λείωσεν
524 4429 553 4478 ὀ
574 4425 706 4486 Θεός
725 4440 738 4454 ⁸
774 4423 868 4474 καὶ
896 4422 1218 4489 ἐπέγνωσαν
1243 4423 1409 4474 αὐτὸν
1441 4424 1532 4475 καὶ
1563 4425 1847 4493 ἐφίλησαν,

251 4524 312 4574 οὐ
359 4522 544 4587 λόγοις
583 4514 1034 4586 παρακληθέντες
1085 4513 1284 4581 ψιλοῖς,
1320 4514 1457 4568 ἀλλά
1491 4518 1555 4585 τῇ
1594 4516 1688 4568 τοῦ
1729 4519 1851 4569 λου-

1949 3332 2234 3372 ascensum
2269 3315 2551 3375 vidissent.
2592 3332 2738 3381 cum,
2776 3318 3024 3386 inquam,
3069 3320 3184 3375 iure
3215 3325 3398 3378 omnia
3432 3326 3518 3380 di-

1946 3409 2229 3469 dicissent,
2275 3407 2407 3460 nihil
2470 3418 2651 3461 tamen
2701 3423 2922 3473 novum,
2977 3412 3111 3465 nihil
3171 3429 3517 3483 generosum,

1947 3501 2084 3554 nihil
2121 3500 2424 3569 spirituale.
2463 3516 2562 3554 nec
2589 3510 2863 3556 vetustate
2906 3505 3098 3560 melius
3133 3516 3516 3564 ostentarent:

1947 3593 2119 3646 donec
2163 3592 2436 3662 baptismo
2479 3594 2634 3646 litICli
2680 3605 2829 3658 sunt,
2879 3610 2986 3663 quo
3017 3598 3234 3667 adepto,
3266 3613 3319 3653 et
3349 3598 3521 3655 Para-

1948 3687 2090 3740 clcto
2136 3701 2326 3738 eorum
2357 3685 2556 3739 animis
2581 3687 2796 3754 illapso,
2825 3696 2878 3740 et
2918 3687 3019 3755 ipsi
3050 3700 3342 3744 evaserunt
3368 3695 3518 3758 novi,

1947 3787 2002 3833 et
2050 3780 2210 3831 vitam
2260 3793 2452 3833 novam
2502 3780 3002 3847 apprchenderunt,
3058 3791 3112 3836 et
3153 3787 3366 3840 caeteris
3396 3802 3519 3842 sese

1948 3869 2114 3922 duces
2153 3868 2204 3920 in
2260 3883 2321 3921 ea
2373 3869 2744 3935 prahuerunt,
2779 3868 3094 3940 Christique
3140 3888 3380 3929 amorem
3415 3877 3523 3931 sibi

1949 3969 2002 4014 et
2050 3961 2172 4015 aliis
2215 3961 2624 4029 implicuerunt.
2675 3961 2999 4032 Quanquam
3054 3967 3198 4018 enim
3233 3981 3358 4020 cum
3409 3969 3523 4022 sole

1952 4055 2330 4113 versabantur,
2367 4067 2473 4105 non
2517 4053 3042 4121 tamen,spiritualis
3089 4054 3296 4110 lavacri
3343 4057 3525 4115 adhuc

1948 4151 2217 4210 expertes,
2258 4142 2467 4195 radium
2519 4144 2851 4197 sentiebant.
2889 4143 2969 4198 Ad
3011 4148 3263 4200 euunlem
3300 4149 3520 4202 modum

1949 4246 2001 4288 et
2031 4245 2250 4288 sanctos
2276 4235 2536 4304 deinceps
2568 4250 2760 4290 omnes
2786 4235 3016 4305 perfecit
3045 4237 3207 4301 Deus,
3234 4251 3286 4294 et
3311 4252 3518 4310 cognoe

1952 4337 2146 4382 verunt
2175 4341 2323 4388 eum,
2358 4335 2410 4380 et
2449 4317 2793 4381 dilexerunt:
2828 4344 2933 4381 non
2963 4318 3310 4386 sermonibus
3362 4335 3522 4389 nudis

1951 4421 2152 4482 allecti,
2177 4423 2270 4474 sed
2302 4421 2502 4474 lavacri
2533 4423 2730 4475 virtute
2761 4424 3076 4492 praeparati,
3106 4427 3227 4494 ipso
3251 4424 3526 4485 formante-

1951 4526 2004 4568 et
2049 4523 2293 4579 aptante,
2340 4516 2432 4582 qui
2473 4515 2737 4583 diligitur,
2776 4518 2867 4587 qui
2921 4529 3018 4571 cor
3047 4519 3313 4573 mundam
3349 4527 3525 4585 creat,

250 4611 386 4681 τροῦ
411 4609 644 4677 δυνάμει
669 4605 1033 4667 διατεθέντες,
1062 4604 1226 4657 αὑτοῦ
1256 4605 1584 4669 πλάττοντος
1614 4609 1708 4660 καὶ
1730 4609 1848 4660 δια·
1883 4591 1926 4643 D

1837 4638 1848 4648 -
1883 4591 1926 4643 Β
1951 4614 2004 4659 et
2030 4604 2206 4657 aufert
2241 4604 2537 4672 lapideum,
2575 4615 2628 4657 et
2674 4608 2890 4674 reponit
2927 4622 3208 4676 carneum,
3243 4618 3524 4680 stuporem

253 4705 504 4764 τιθέντος
539 4698 634 4752 τοῦ
655 4698 1002 4766 φιλουμένου,
1043 4696 1100 4758 ὃς
1125 4696 1297 4760 κτίζει
1332 4698 1557 4764 καρδίαν
1592 4699 1846 4769 σαρκίαν,

254 4795 355 4864 τὴν
395 4788 769 4855 ἀναισθησίαν
797 4786 1101 4850 exesum,
1139 4788 1238 4838 καὶ
1266 4788 1464 4854 γράφει
1502 4789 1621 4855 μὲν,
1661 4789 1775 4841 ἀλλ’

257 4903 390 4954 φησι
426 4880 646 4942 Παῦλος
674 4894 685 4909 '
724 4899 741 4929 ι
777 4881 878 4932 οὐκ
905 4880 964 4930 ὲν
985 4876 1148 4941 πλαξὶ
1173 4877 1424 4942 λιθίναις,
1460 4878 1574 4929 ἀλλ’
1600 4881 1657 4930 ὲν
1683 4880 1848 4944 πλαξὶ

256 4975 492 5046 καρδίας
531 4971 848 5040 σαρκίναις,
877 4988 894 5020 ι
937 4967 1033 5021 καὶ
1058 4970 1120 5021 οὐ
1159 4969 1320 5036 νόμον
1352 4970 1559 5032 ἁπλῶς,
1591 4970 1725 5022 ἀλλὰ
1757 4971 1847 5022 τὸν

253 5067 562 5137 νομοθέτην
587 5063 770 5124 αὑτὸν,
790 5062 952 5125 αὐτὸς
979 5059 1189 5113 ἑαυτόν.
1209 5059 1379 5112 Τοῦτο
1414 5061 1468 5114 δὲ
1497 5062 1710 5123 πολλοῖς
1741 5062 1847 5113 τῶν

254 5162 432 5228 ἁγίων
471 5157 570 5210 καὶ
612 5152 973 5224 φανερώτατα
1014 5151 1303 5220 διεδείχθη,
1344 5150 1438 5213 οὓς
1485 5153 1623 5221 μήτε
1669 5151 1845 5220 λόγοις

251 5250 491 5320 τάληθὲς
530 5247 725 5316 μαθεῖν
771 5244 1125 5313 δυνηθέντας,
1169 5245 1304 5313 μήτε
1334 5243 1576 5311 θαύμασι
1620 5243 1719 5312 τὴν
1751 5243 1844 5296 τοῦ

253 5339 677 5412 κηρυττόμενον
699 5337 927 5404 δύναμιν
956 5336 1276 5403 ὲπιγνόντας
1305 5337 1662 5405 Χριστιανοὺς
1693 5337 1847 5405 ἀκρι-

253 5433 372 5496 ϐεῖς
408 5430 616 5500 ἁθρόον
650 5425 902 5490 ἀπέδειξε
934 5424 1231 5494 δεξάμενον
1260 5426 1320 5476 τὸ
1352 5425 1595 5494 λουτρόν.

323 5522 651 5593 Πορφύρεος
684 5519 816 5588 γοῦν
843 5522 869 5571 ό
898 5517 1170 5586 μακάριος
1202 5519 1295 5568 ἐπὶ
1326 5517 1433 5568 τῶν
1463 5517 1678 5585 καιρῶν
1701 5521 1850 5581 γενό-

251 5634 416 5684 μενος
468 5613 730 5674 ἐκείνων,
758 5614 815 5664 ἐν
865 5605 947 5672 οἷς
979 5612 1007 5662 ὀ
1055 5610 1148 5661 τοῦ
1183 5608 1419 5677 Χριστοῦ
1452 5609 1616 5677 νόμος
1659 5609 1839 5678 πάσης

249 5709 480 5778 ἐκρατει
505 5709 607 5774 τῆς
636 5704 990 5771 οἰκουμένης,
1022 5704 1114 5753 καὶ
1140 5702 1235 5766 τῆς
1273 5700 1367 5769 μὲν
1398 5700 1580 5766 φωνῆς
1612 5699 1720 5751 τῶν
1747 5716 1844 5764 κη-

323 5890 393 5921 "“
441 5887 647 5939 Ezecb.
682 5899 756 5942 ιι,
804 5883 903 5943 19ς
935 5881 1073 5935 Psal.
1116 5900 1166 5943 t.,
1213 5884 1293 5935 l‘2.

589 5979 864 6036 ΡΑἰ-ιιυι.
908 5979 1025 6036 (in.
1068 5979 1193 6036 (IL.

1372 5883 1417 5912 ⁷⁸
1459 5881 1497 5934 ll
1530 5880 1652 5932 Cor.
1697 5892 1777 5942 ιιι,
1821 5879 1872 5930 5.

1950 4695 2285 4763 cjicicns"‘.
2331 4696 2393 4748 Et
2425 4696 2614 4750 scribit
2660 4699 2902 4765 quidem,
2962 4714 3178 4766 verum,
3221 4709 3281 4755 ut
3327 4702 3527 4758 Paulus

1954 4790 2050 4850 ait,
2111 4805 2128 4838 ι
2169 4803 2272 4840 non
2308 4788 2359 4839 in
2389 4787 2584 4841 tabulis
2615 4789 2865 4857 lapideis,
2903 4791 2996 4845 sed
3028 4791 3079 4844 iu
3113 4791 3309 4847 tabulis
3341 4793 3529 4848 cordis

1953 4878 2357 4941 carnalibus”,
2387 4896 2406 4928 ιι
2443 4889 2497 4932 et
2552 4895 2659 4932 non
2714 4879 2887 4949 legem
2943 4882 3285 4949 simpliciter,
3324 4886 3417 4938 sed
3454 4883 3528 4938 le-

1954 4971 2268 5038 gislatoretn
2309 4971 2507 5039 ipsum,
2547 4971 2662 5038 ipse
2696 4972 3070 5041 semetipsum.
3111 4971 3224 5029 Hoc
3251 4969 3304 5029 in
3339 4977 3525 5029 multis

1956 5071 2296 5123 sanetorum,
2318 5062 2870 5131 manifestissimeque
2897 5074 3236 5132 perspectum
3264 5075 3367 5130 est,
3392 5081 3529 5135 quos

1957 5167 2081 5205 eum
2140 5167 2313 5220 neque
2363 5153 2542 5207 verbis
2595 5138 2878 5207 veritatem
2925 5154 3134 5209 discere
3200 5158 3526 5224 potuissent,

1960 5259 2057 5296 nec
2122 5243 2400 5296 miraculis
2463 5242 2766 5296 absconditi
2833 5245 3086 5298 virtutem
3145 5255 3525 5315 agnoscerent,

1958 5343 2267 5402 susceptum
2337 5333 2608 5386 lavacrum
2663 5331 3010 5388 Christianos
3079 5335 3529 5403 prmtslarISsimos

1963 5426 2142 5481 Subito
2164 5426 2575 5479 demonstravit.

2031 5516 2230 5571 Beatus
2273 5517 2453 5584 itaque
2501 5516 2827 5587 Porphyrius
2860 5532 2981 5572 cum
3034 5515 3144 5573 lllis
3194 5521 3530 5587 temporibus

1959 5611 2180 5668 viveret,
2211 5609 2412 5676 quibus
2441 5609 2644 5663 Christi
2682 5611 2763 5663 lex
2798 5616 2968 5662 totum
3001 5611 3187 5663 orbem
3224 5605 3524 5678 subigebat.

1956 5712 2378 5765 prmonumquc
2431 5712 2713 5752 sacrorum
2752 5711 2936 5751 vocem
2977 5699 3234 5754 mortales
3286 5695 3527 5752 universi

3127 5968 3198 6027 18
