4272 6446
748 391 853 457 55η

1982 393 2287 453 NlCOLAl
2324 392 2713 453 CADASILJ'.

3882 395 3987 462 560

746 494 921 559 tenus
958 502 1303 574 procedebat.
1360 502 1623 567 Quocirca
1683 510 1735 556 et
1780 501 1971 557 umbra
2037 513 2085 557 cl
2139 503 2315 570 imago
2346 505 2433 561 A1

2297 517 2315 555 3
2346 505 2390 561 Α
2424 505 2638 569 πνεῦμα
2666 506 2726 557 τὸ
2756 508 2858 557 πᾶν
2890 504 3198 574 ἐργάζεται,
3237 506 3482 577 γραπτδς
3505 508 3561 562 δὲ
3610 508 3838 573 ἐκεῖνος,
3901 510 3984 560 ὅτε

745 597 884 659 fuit;
924 612 1010 652 res
1041 604 1220 650 autem
1260 603 1313 646 ct
1341 597 1561 657 veritas,
1601 610 1721 662 quae
1752 610 1897 648 nunc
1930 594 2085 647 ﬁunt.
2133 595 2307 648 Verba

740 688 886 742 enim
922 687 988 741 ad
1016 688 1193 755 ipsum
1228 701 1347 739 esse
1381 701 1558 740 rerum
1609 684 1860 753 imaginis
1903 684 2308 754 proportionem

744 780 983 845 habent;
1037 795 1196 849 quas.
1236 780 1552 848 priusquam
1581 788 1930 848 apparerent,
1968 778 2152 831 nmltis
2186 788 2311 831 ante

743 873 957 929 saeculis
1014 872 1197 940 lingua
1264 874 1649 940 prophetarum
1712 872 1851 925 Deus
1915 870 2243 940 signiﬁcavit
2296 886 2308 921 :

748 983 766 1016 ι
810 964 1057 1027 Feriam,
1110 965 1306 1034 inquit,
1352 962 1530 1017 foedus
1575 979 1797 1023 novum,
1855 978 1960 1015 non
2005 962 2308 1016 secundum

741 1065 989 1124 pactum,
1036 1056 1179 1122 quod
1242 1055 1415 1123 p‘pigi
1463 1070 1586 1107 cum
1642 1054 1892 1124 patribus
1940 1054 2224 1106 eorum“.
2288 1072 2306 1104 ι

743 1146 847 1200 Sed
877 1147 1065 1216 quod?
1108 1163 1124 1196 t
1161 1144 1277 1198 lloc
1300 1146 1401 1199 erit
1430 1155 1670 1214 pactum,
1707 1146 1903 1215 inquit,
1937 1145 2080 1213 quod
2120 1143 2308 1197 feriant

742 1256 864 1292 cum
888 1239 1050 1291 domo
1076 1237 1261 1302 lsrael,
1294 1238 1345 1290 in
1369 1239 1532 1292 domo
1564 1237 1726 1293 Juda.
1768 1238 1913 1291 Dabo
1941 1238 2109 1306 legem
2134 1252 2309 1289 meatu

745 1332 794 1384 in
830 1331 1131 1386 visceribus
1165 1346 1378 1395 eorum,
1433 1341 1485 1384 et
1541 1331 1593 1385 in
1647 1330 1907 1384 cordibus
1949 1344 2136 1384 eorum
2169 1328 2308 1384 scri-

746 1427 865 1478 bam
924 1438 1043 1477 eam
1073 1424 1140 1476 ³¹.
1174 1443 1192 1475 ι
1228 1421 1345 1477 Non
1382 1437 1474 1492 per
1514 1438 1670 1477 voces
1703 1421 2157 1491 conipositamfet
2186 1435 2314 1475 con-

742 1519 1041 1577 cinnatam,
1089 1518 1182 1570 sed
1213 1516 1324 1583 ipse
1360 1530 1460 1584 ego
1486 1514 1765 1585 legislator
1809 1530 1907 1584 per
1948 1529 2056 1579 me,
2105 1515 2313 1582 absque

744 1608 925 1659 medio
964 1623 977 1659 :
1025 1624 1045 1657 ι
1080 1605 1196 1659 Non
1230 1608 1374 1659 enim
1407 1606 1642 1675 amplius
1671 1606 1889 1660 docebit
1935 1605 2313 1674 unusquisque

744 1701 966 1753 fratrem
1018 1715 1200 1763 suum,
1240 1709 1293 1752 et
1337 1700 1719 1769 unusquisque
1772 1699 2076 1769 proximum
2124 1714 2308 1763 suum,

740 1792 950 1854 (licens,
987 1791 1269 1860 Cognosce
1304 1794 1626 1857 hominum;
1665 1792 1923 1861 quoniam
1959 1806 2152 1846 omnes
2212 1806 2309 1844 co-

740 1892 1002 1952 gnoscent
1047 1900 1155 1947 me,
1194 1899 1224 1937 a
1261 1886 1487 1938 minimo
1524 1900 1695 1951 usque
1738 1884 1803 1937 ad
1853 1883 2152 1937 maximum
2175 1884 2242 1936 δ’.
2286 1902 2305 1933 ι

746 1977 894 2030 llanc
921 1987 975 2032 ct
1011 1977 1175 2032 David
1210 1980 1378 2049 legem
1404 1980 1655 2049 adeptus,
1697 1978 1910 2032 beatam
1940 1977 2086 2030 illam
2122 1990 2309 2029 vocem

733 2067 923 2121 emisit
956 2085 969 2121 :
1002 2087 1019 2120 ι
1060 2068 1330 2135 Quoniam
1356 2086 1456 2140 ego
1485 2071 1741 2139 cegnovi,
1773 2071 1917 2140 quod
1957 2084 2188 2138 magnus
2228 2078 2312 2123 est

743 2159 1007 2215 Dominus
1034 2162 1101 2215 ⁸³.
1156 2183 1173 2215 ι
1233 2165 1345 2234 Ego
1371 2166 1628 2233 cognovi,
1662 2166 1862 2230 inquit,
1898 2180 1993 2232 per
2022 2164 2312 2232 experien-

742 2250 895 2315 tiam,
954 2265 1058 2305 non
1111 2260 1169 2305 ut
1211 2254 1302 2322 qui
1340 2254 1460 2308 aliis
1515 2253 1837 2307 docentibus
1887 2252 1938 2305 id
1987 2250 2310 2303 audiverim.

739 2340 861 2407 Quo
891 2353 945 2396 et
975 2342 1111 2397 alios
1144 2345 1447 2400 inducens:
1478 2364 1495 2395 ι
1529 2344 1781 2406 Gustate,
1812 2344 2011 2411 inquit,
2040 2353 2092 2395 et
2118 2341 2313 2401 videte,

742 2436 1002 2503 quoniam
1040 2437 1217 2497 bonus
1253 2448 1337 2492 est
1370 2437 1720 2492 Dominus“.
1756 2455 1774 2487 ›
1815 2436 1956 2501 Quin
1987 2438 2149 2488 etiam
2175 2434 2317 2487 mul-

745 2529 815 2581 tis
872 2540 924 2581 et
961 2527 1128 2581 variis
1159 2529 1507 2583 sermonibus
1537 2530 1727 2583 beatus
1762 2529 1847 2582 ille
1880 2527 1974 2582 Dei
2013 2526 2312 2581 bonitatem

743 2618 1097 2674 collaudavit.
1141 2618 1247 2673 Sed
1285 2620 1440 2687 quasi
1478 2619 1638 2673 verba
1693 2635 1804 2673 rem
1876 2620 2049 2687 ipsam
2099 2633 2316 2684 aequare

746 2720 1033 2779 nequeant,
1067 2710 1132 2762 ad
1158 2709 1548 2779 experientiam
1581 2725 1796 2774 eorum,
1824 2725 1941 2778 qua:
1968 2710 2021 2762 in
2057 2709 2162 2763 Deo
2195 2710 2316 2761 lau-

744 2804 965 2866 dantur,
1003 2803 1286 2859 audientes
1309 2812 1592 2872 provocat.

817 3052 967 3107 llauc
996 3053 1387 3120 experientiam
1418 3051 1823 3117 baptizatorum
1850 3049 2140 3103 animabus
2163 3064 2318 3104 sacer

2340 1834 2388 1894 B

2416 599 2576 666 μέχρι
2610 599 2717 649 τῶν
2737 599 3083 666 γραμμάτων
3108 600 3236 669 ἔστη
3276 601 3370 652 καὶ
3415 601 3526 653 τῶν
3587 602 3806 669 φωνῶν,
3868 601 3987 654 ἀνθ’

2416 683 2491 743 ὧν
2519 692 2612 743 καὶ
2640 691 2771 743 σκιὰ
2808 692 2906 759 μὲν
2932 692 3020 744 καὶ
3052 692 3218 744 εἰκὼν
3248 694 3478 758 ἐκεῖνος,
3508 696 3741 764 πρᾶγμα
3784 694 3840 747 δὲ
3896 691 3987 746 καὶ

2416 781 2645 852 ἀλήθεια
2675 781 2743 834 τὰ
2774 781 3038 852 παρόντα.
3071 784 3133 836 Ol
3160 784 3268 852 γὰρ
3302 784 3448 845 λόγοι
3480 786 3571 836 καὶ
3597 785 3665 839 τὰ
3686 786 3987 856 γράμματα

2414 875 2551 942 πρὸς
2575 874 2705 927 αὐτὸ
2728 874 2790 927 τὸ
2819 871 2960 927 εῖναι
3007 876 3115 927 τῶν
3158 879 3504 945 πραγμάτων
3551 878 3761 937 εἰκόνος
3804 877 3988 946 ἔχουσι

2413 966 2570 1032 λόγον
2594 985 2606 997 ·
2640 966 2813 1020 ταῦτα
2845 968 2975 1036 πρὶν
3011 969 3090 1030 εἰς
3115 968 3276 1038 ἔργον
3310 969 3561 1037 ἐκϐῆναι,
3596 969 3817 1032 πολλοῖς
3852 969 3987 1042 πρόι

2410 1075 2568 1125 ττρον
2598 1061 2807 1128 χρόνοις
2836 1062 2899 1125 τῇ
2930 1059 3143 1131 γλώττῃ
3192 1062 3303 1114 τῶν
3334 1063 3634 1132 προφητῶν
3707 1063 3982 1132 ἐμήνυσεν

2411 1152 2440 1203 6
2471 1150 2622 1213 Θεὸς,
2663 1171 2679 1201 ι
2713 1150 3078 1225 Διαθήσομαι,
3120 1153 3275 1221 φησι,
3330 1152 3600 1223 διαθήκην
3655 1154 3871 1218 καινὴν,
3926 1152 3987 1205 οὗ

2413 1240 2553 1293 κατὰ
2584 1241 2871 1311 διαθήκην,
2907 1243 2973 1311 ἢν
3008 1242 3271 1312 διεθέμην
3304 1245 3417 1305 τοῖς
3453 1244 3728 1311 πατράσιν
3755 1242 3928 1311 ὑμῶν.
3965 1262 3983 1293 ι

2413 1332 2550 1385 ἀλλὰ
2579 1333 2699 1384 τίνα
2727 1334 2932 1403 ταύτην
2969 1350 2983 1397 ς
3020 1352 3038 1385 ι
3073 1334 3248 1400 Αὕτη,
3282 1336 3473 1405 φησιν,
3509 1337 3542 1404 ἡ
3595 1335 3857 1406 διαθήκη,
3919 1334 3989 1403 ἢν

2415 1423 2745 1493 θιαθήσομαι
2776 1424 2853 1491 τῷ
2902 1424 3035 1493 οἴκῳ
3069 1423 3286 1496 Ἰσραὴλ
3344 1424 3441 1479 καὶ
3475 1424 3553 1493 τῷ
3596 1426 3731 1494 οῐκῳ
3794 1423 3985 1476 Ἰούδα·

2414 1516 2585 1580 τιθεὶς
2604 1517 2729 1579 τοὺς
2759 1516 2960 1585 νόμους
2995 1534 3096 1585 μου
3128 1517 3208 1579 είς
3251 1516 3496 1570 διάνοιαν
3554 1516 3735 1570 αὐτῶν
3781 1517 3874 1568 καὶ
3930 1517 3989 1568 ἐν

2414 1609 2666 1677 καρδίαις
2707 1607 2885 1662 αὐτῶν
2946 1609 3143 1677 γράψω
3196 1609 3413 1671 αὐτοὺς,
3456 1627 3475 1660 t
3538 1609 3601 1661 οὐ
3651 1606 3741 1659 διὰ
3801 1605 3990 1675 φωνῆς

2417 1699 2719 1770 ῥυθμίζων,
2757 1701 2874 1753 ἀλλ’
2928 1700 3091 1763 αὐτὸς
3140 1702 3361 1769 ἁμέσως
3393 1702 3421 1753 6
3460 1700 3786 1770 νομοθέτης.
3856 1719 3874 1750 ι
3913 1700 3989 1751 Οὐ

2414 1790 2520 1859 γὰρ
2575 1790 2871 1853 διδάξουσιν
2924 1790 3026 1849 ἔτι,
3095 1793 3280 1860 φησὶν,
3327 1792 3558 1855 ἕκαστος
3608 1791 3722 1861 (τὸν
3758 1790 3992 1861 ἀδελφὸν

2416 1881 2602 1947 αὑτοῦ,
2626 1883 2719 1936 καὶ
2743 1882 3099 1950 ἓκαστος)τδν
3122 1883 3347 1952 πλησίον
3371 1883 3559 1947 αὐτοῦ,
3582 1884 3753 1937 Γνῶθι
3771 1884 3861 1935 τὸν
3884 1882 3993 1935 Κῦ-

2418 1994 2549 2045 ριον,
2572 1977 2652 2029 ὂτι
2674 1976 2872 2038 πάντες
2887 1977 3164 2044 είδὴσουσί
3188 1995 3253 2045 με
3277 1977 3384 2030 ἀπὸ
3409 1978 3607 2047 μικροῦ
3628 1978 3731 2037 ἕως
3750 1978 3991 2045 μεγάλου

2414 2068 2612 2121 αὐτῶν.
2661 2087 2677 2120 t
2718 2068 2921 2121 Τούτου
2954 2068 3132 2136 τυχὼν
3177 2068 3275 2120 τοῦ
3328 2070 3495 2137 νόμου
3552 2074 3644 2121 καὶ
3689 2070 3850 2121 Δαϐἰδ
3891 2070 3994 2137 τὴν

2416 2159 2695 2228 μακαρίαν
2721 2159 2937 2226 ἐκείνην
2964 2159 3140 2227 ἀφῆκε
3165 2160 3369 2230 φωνὴν,
3403 2162 3486 2214 ὅτι
3516 2179 3534 2212 ι
3570 2160 3714 2228 Ἐγὼ
3742 2161 3983 2228 ἔγνωκα,

2414 2253 2496 2305 ὅτι
2535 2251 2708 2319 μέγας
2746 2253 2773 2304 6
2805 2252 3034 2320 Κύριος,
3078 2271 3097 2304 t
3130 2250 3240 2319 ἐγὼ
3274 2252 3515 2316 ἔγνωκα,
3578 2253 3735 2321 φησι,
3789 2255 3993 2321 πεῖραν

2414 2347 2577 2409 αὐτὸς
2607 2345 2808 2406 λαϐὼν,
2846 2347 2905 2397 οὐ
2952 2346 3314 2399 διδασκόντων
3345 2347 3520 2401 ἀῗσλων
3558 2349 3825 2407 ἀκούσας·
3868 2346 3993 2398 ὅθεν

2416 2437 2508 2488 ἐπὶ
2541 2435 2609 2488 τὰ
2642 2435 2732 2487 ῐσα
2791 2435 2885 2486 καὶ
2932 2435 3060 2496 τοὺς
3125 2435 3318 2497 ἄλλους
3365 2436 3596 2502 ἐνάγων,
3634 2455 3651 2485 ι
3690 2434 3989 2497 Γευσασθε,

2418 2529 2579 2595 φησι,
2614 2528 2708 2580 καὶ
2756 2527 2915 2590 ἴδετε,
2984 2527 3065 2579 ὄτι
3117 2528 3352 2597 χρηστὸς
3382 2529 3408 2577 6
3442 2527 3665 2597 Κύριος.
3714 2545 3731 2578 ι
3798 2527 3995 2579 Καίτοι

2418 2620 2630 2680 πολλοῖς
2652 2618 2751 2688 τὴν
2783 2618 3130 2687 χρηστότητα
3157 2620 3250 2671 τοῦ
3280 2618 3413 2670 Θεοῦ
3447 2620 3539 2671 καὶ
3567 2618 3933 2681 παντοδαποῖς
3960 2618 3991 2670 6

2419 2710 2691 2776 μακάριος
2712 2707 2991 2777 ἀνύμνησε
3034 2708 3211 2775 λόγοις
3262 2709 3322 2760 ’ὁ
3356 2710 3434 2773 δὲ,
3469 2709 3546 2772 ὡς
3585 2710 3644 2761 οὐ
3673 2710 3994 2777 δυναμένων

2417 2802 2758 2867 ἐνδείξασθαι
2800 2803 2865 2853 τὰ
2904 2800 3033 2852 ὄντα
3063 2801 3170 2854 τῶν
3195 2801 3368 2868 λόγων
3395 2804 3486 2855 ἐπὶ
3514 2804 3613 2871 τὴν
3641 2805 3842 2870 πεῖραν
3879 2802 3991 2855 τῶν

2419 2896 2794 2963 ὑμνουμένων,
2828 2894 3023 2953 αὐτοὺς
3056 2893 3212 2946 καλεῖ
3238 2895 3359 2956 τοὺς
3388 2894 3796 2964 ἀκροωμένους.

2487 3050 2707 3120 Ταύτην
2731 3050 2828 3117 τὴν
2861 3051 3055 3119 πεῖραν
3094 3050 3154 3102 τὸ
3184 3049 3410 3119 λουτρὸν
3431 3049 3676 3117 ἐντίθησι
3699 3052 3818 3109 ταῖς
3880 3050 3994 3104 τῶν

747 3146 1116 3212 ΐοηςθὶιιεοι-ἰι.
1154 3154 1208 3198 et
1234 3160 1295 3199 ex
1334 3144 1550 3212 opilicio
1587 3144 1865 3212 opiﬁcem.
1914 3144 2079 3197 menti
2116 3143 2306 3195 verita-
2340 3180 2386 3245 ο
2423 3145 2434 3214 g

2304 3174 2306 3181 τ
2340 3180 2386 3245 c
2423 3143 2832 3214 βαπτιζομένων
2852 3143 3072 3211 ψυχαῖς,
3109 3143 3203 3194 καὶ
3238 3141 3495 3211 γνωρίζει
3541 3141 3621 3211 τῷ
3647 3140 3991 3212 δημιουργή-

746 3248 879 3301 tem,
929 3237 1202 3291 desiderio
1254 3238 1432 3291 solum
1475 3236 1890 3290 desiderabilem
1950 3236 2310 3290 demonsmit.

749 3333 871 3386 Ideo
903 3342 956 3386 et
987 3346 1245 3400 magnum
1278 3329 1632 3392 desiderium,
1665 3337 1890 3381 etamor
1917 3327 2226 3387 incll‘abilis,
2262 3336 2316 3378 et

748 3425 989 3477 cltaritas
1020 3438 1245 3492 prorsus
1277 3422 1570 3491 singularis
1611 3438 1623 3473 :
1662 3421 1919 3489 quoniam
1957 3435 2063 3474 non
2097 3430 2179 3476 est
2207 3434 2316 3486 quo

748 3524 922 3584 egeat,
947 3522 1000 3567 et
1029 3513 1211 3567 omnia
1237 3512 1589 3572 conveniunt.
1618 3521 1670 3565 et
1695 3513 1825 3565 nihil
1854 3513 2121 3569 dissonat.
2147 3523 2198 3564 et
2232 3512 2315 3563 in—

749 3620 916 3674 super
947 3614 1031 3659 est
1073 3606 1254 3657 omnis
1290 3603 1630 3657 eveellentia.
1680 3602 1770 3659 Sic
1816 3605 1961 3657 enim
1999 3618 2112 3655 rem
2148 3603 2319 3669 dispi-

748 3700 983 3752 ciamus.
1019 3696 1354 3751 Desiderium
1386 3696 1674 3749 animabus
1705 3695 1903 3750 indidit
1936 3694 2098 3748 Deus.
2128 3695 2185 3746 Si
2222 3694 2315 3747 bo—

754 3806 881 3843 num
912 3788 1043 3842 illud
1076 3788 1295 3856 assequi
1330 3788 1613 3849 debemus,
1647 3794 1699 3839 et
1734 3788 1933 3840 veritas
1969 3785 2315 3851 intelligenda

750 3891 855 3943 est,
910 3882 1023 3935 Inec
1070 3880 1180 3933 duo
1223 3880 1413 3948 utique
1466 3895 1601 3948 pura
1647 3879 1871 3932 omnino
1910 3878 2315 3941 desideramus,

755 3977 956 4028 bonum
990 3989 1019 4027 a
1044 3974 1209 4036 malo,
1234 3975 1514 4028 veritatem
1550 3990 1577 4026 a
1615 3973 1922 4029 mendacio.
1976 3972 2144 4026 Nemo
2171 3971 2314 4025 enim

751 4068 1015 4136 deceptus
1060 4068 1299 4132 laztatur,
1346 4083 1444 4121 nec
1489 4066 1796 4119 delectatur
1838 4066 1891 4118 in
1933 4074 2175 4118 errarem
2229 4064 2316 4116 in-

754 4159 970 4221 ductus,
1003 4167 1057 4213 et
1088 4173 1185 4226 pro
1209 4160 1352 4213 bono
1386 4159 1438 4211 in
1473 4157 1673 4212 malum
1711 4156 1976 4209 incidens.
2032 4156 2158 4210 Haec
2188 4170 2319 4208 con-

757 4250 1167 4319 cupiscentibus
1203 4264 1337 4315 pure
1384 4247 1754 4315 consequendi
1808 4258 2088 4313 nunquam
2138 4246 2315 4300 adhuc

757 4342 899 4393 facta
948 4349 1035 4393 est
1087 4338 1245 4408 copia
1297 4356 1310 4392 :
1353 4337 1445 4391 sed
1500 4338 1639 4405 quod
1694 4351 1722 4389 a
1779 4336 1935 4390 nobis
2009 4336 2211 4388 bonum
2262 4342 2317 4387 et

758 4444 943 4487 verum
966 4428 1289 4497 appellatur,
1340 4442 1447 4481 non
1492 4443 1661 4494 magis
1697 4427 1800 4480 hoc
1844 4424 2098 4495 estquod
2132 4425 2315 4495 appel-

2421 3256 2549 3308 ματι
2576 3238 2667 3289 τὸν
2696 3235 3050 3304 δημιουργὸν,
3084 3235 3160 3305 τῷ
3190 3234 3265 3304 νῷ
3293 3235 3392 3305 τὴν
3419 3235 3698 3305 ἀλήθειαν,
3746 3238 3809 3305 τῇ
3866 3238 3993 3286 em-

2419 3329 2588 3398 θυμία
2619 3328 2708 3379 τὸν
2741 3328 2900 3395 μόνον
2922 3326 3283 3394 ἐπιθυμητὸν.
3320 3328 3419 3379 Διὰ
3446 3325 3608 3378 τοῦτο
3666 3327 3759 3377 καλ⁵
3810 3326 3996 3393 μέγας

2417 3421 2446 3472 6
2476 3419 2638 3480 πόθος
2664 3420 2757 3470 καὶ
2782 3418 2841 3469 τὸ
2870 3415 3095 3486 φίλτρου
3134 3417 3373 3487 ἄρρητον
3408 3416 3501 3469 καὶ
3546 3417 3574 3468 6
3627 3418 3768 3485 ἔρως
3829 3417 3997 3485 ὑπερο

2420 3512 2583 3580 φυὴς,
2615 3510 2813 3563 ὅτιούκ
2851 3509 3002 3561 ἐστιν
3056 3502 3116 3563 οῦ
3162 3508 3261 3571 δεῖ,
3322 3513 3416 3561 καὶ
3466 3509 3644 3561 πάντα
3668 3508 3991 3575 συμϐαίνει,

2418 3605 2512 3656 καὶ
2535 3604 2687 3655 οὐδὲν
2718 3602 2935 3671 ἀπᾴδει,
2979 3601 3075 3653 καὶ
3120 3601 3256 3670 πρός
3308 3616 3370 3667 γε
3415 3600 3565 3652 πᾶσά
3627 3600 3777 3651 ἐστιν
3818 3598 3995 3667 ὑπερ-

2420 3696 2577 3766 σολή.
2607 3693 2909 3762 Σκοπῶμεν
2933 3694 3063 3761 γάρ.
3107 3691 3439 3761 Ἐπιθυμίαν
3479 3694 3597 3753 ταῖς
3650 3691 3850 3760 ψυχαῖς
3900 3695 3993 3747 ἑνο

2418 3790 2615 3857 έθηκεν
2643 3791 2669 3840 6
2695 3786 2851 3847 Θεὸς,
2884 3786 2949 3838 ἂν
2982 3784 3085 3853 μὲν
3115 3800 3209 3835 του
3245 3783 3361 3855 δέη,
3394 3784 3688 3853 τυγχάνειν
3717 3782 3811 3834 τοῦ
3852 3786 3994 3850 ἁγα-

2419 3880 2534 3941 θοῦ,
2567 3881 2755 3947 νοῆσαι
2782 3878 2838 3931 δὲ
2864 3877 3056 3945 δεῆσαι
3086 3876 3186 3943 τῆς
3208 3873 3492 3944 ἀληθείας,
3534 3873 3629 3926 καὶ
3679 3872 3855 3925 ταῦτα
3895 3891 3995 3926 πο-

2420 3972 2621 4041 θοῦμεν
2664 3971 2879 4039 καθαρὰ
2907 3970 3105 4037 δήπου,
3147 3968 3208 4019 τὸ
3255 3967 3353 4037 μὲν
3393 3966 3600 4035 ἀγαθὸν
3650 3966 3745 4019 τοῦ
3792 3966 3995 4031 κακοῦ,

2418 4063 2509 4116 τοῦ
2537 4063 2766 4130 ψεύδους
2797 4061 2851 4112 δὲ
2896 4060 2996 4129 τὴν
3021 4059 3287 4129 ἀληθειαν
3326 4073 3341 4088 ⁸
3382 4059 3442 4110 οὐ
3472 4058 3581 4128 γάρ
3632 4076 3715 4121 τις
3770 4059 3998 4113 ἀπατώ-

2423 4173 2580 4225 μενος
2612 4155 2814 4224 χαίρει,
2852 4151 2966 4205 οῦδ⁴
2998 4153 3064 4206 ἂν
3092 4151 3286 4223 ἡσθείη
3322 4150 3676 4219 πλανώμενος
3710 4150 3807 4202 καὶ
3834 4150 3995 4220 κακῷ

2419 4247 2837 4317 περιτυγχάνων
2894 4244 3010 4297 ἀντ’
3060 4243 3287 4310 ἀγαθοῦ.
3351 4243 3572 4295 Τούτων
3630 4242 3998 4312 ἐπιθυμοῦσιν

2419 4340 2538 4391 οὐδὲ
2570 4337 2654 4392 πώ
2669 4355 2787 4391 ποτε
2818 4338 3035 4404 ἑγένετο
3064 4338 3251 4405 τυχεῖν
3291 4334 3572 4404 καθαρῶς.
3602 4335 3737 4387 ἀλλὰ
3766 4336 3829 4387 τὸ
3860 4335 3997 4403 παρ’

2420 4432 2553 4500 ἡμῖν
2585 4429 2785 4497 ἀγαθὸν
2812 4429 2903 4481 καὶ
2936 4429 2997 4479 τὸ
3030 4427 3227 4496 ἀληθὲς
3258 4428 3319 4480 οὐ
3349 4425 3505 4479 τοῦτό
3525 4428 3697 4489 ἐστιν,
3746 4425 3776 4478 6
3803 4426 3996 4479 talei-

758 4522 920 4585 Iatnr,
970 4535 1135 4587 quam
1180 4520 1543 4573 contrarium.
1598 4517 1753 4572 Unde
1804 4527 2052 4585 apertum
2111 4517 2187 4574 lit.
2232 4518 2317 4571 hic
2352 4521 2394 4575 D
2423 4538 2445 4573 τ

2311 4535 2317 4569 ι
2352 4521 2394 4575 D
2423 4538 2512 4574 ται
2540 4521 2793 4590 μᾶλλονῆ
2826 4520 3143 4572 τούναντίον
3178 4533 3192 4547 '
3233 4519 3356 4570 ὅθεν
3387 4519 3508 4571 οὐδὲ
3549 4520 3582 4589 ἠ
3617 4518 3715 4585 τῆς
3772 4519 3998 4583 ἀγάπης

758 4629 933 4680 neque
979 4612 1265 4665 cbaritatis
1322 4628 1498 4681 neque
1543 4611 1727 4680 gaudii
1786 4612 1837 4663 in
1895 4611 2054 4663 nobis
2114 4619 2315 4662 tantam

758 4707 865 4757 vim
895 4702 1145 4771 reperiri,
1179 4710 1381 4771 quanta
1412 4704 1763 4770 reperiretur,
1783 4702 1827 4755 si
1851 4716 1970 4769 quae
1989 4700 2232 4769 diligere,
2272 4710 2323 4752 et

757 4795 957 4862 quibus
983 4794 1219 4863 gaudere
1249 4804 1484 4862 oportet,
1514 4796 1800 4861 pra-sentia
1839 4796 2110 4845 adessent.
2140 4791 2324 4857 Neque

759 4887 966 4940 amoris
1026 4887 1303 4940 vinculum
1357 4894 1625 4956 quantum
1680 4888 1772 4949 sit,
1840 4900 1941 4940 nec
2005 4886 2323 4954 magnitudo

762 4980 908 5031 illius
932 4977 1169 5031 incendii
1216 4986 1340 5032 nota
1383 4987 1499 5041 est;
1542 4978 1668 5045 quia
1719 4977 1861 5046 quod
1911 4988 2143 5038 amatur,
2185 4991 2319 5030 nus-

760 5085 920 5139 quam
947 5078 1049 5125 est.
1096 5069 1167 5124 lis
1219 5078 1393 5123 autem
1426 5071 1519 5138 qui
1557 5070 1895 5123 Salvatorem
1938 5078 2314 5138 gustaverunt,

759 5163 913 5214 adest
953 5162 1187 5227 idipsum
1219 5160 1361 5230 quod
1390 5162 1727 5224 desiderant,
1762 5161 1826 5213 ad
1859 5174 2019 5228 quem
2047 5160 2323 5215 humanus

760 5268 914 5310 amur
942 5252 1084 5305 velut
1108 5254 1174 5305 ad
1202 5266 1469 5305 canonem
1507 5254 1740 5321 aliquem
1773 5262 1825 5304 et
1859 5250 2017 5305 linem
2073 5252 2139 5304 ab
2167 5251 2323 5305 initio

760 5352 1108 5410 comparatus
1140 5353 1221 5398 est
1258 5362 1270 5396 :
1310 5343 1452 5398 velut
1491 5345 1783 5397 thesaurus
1836 5343 1909 5395 ita
1959 5357 2209 5410 magnus.
2250 5342 2321 5394 ita

764 5435 924 5499 latus,
951 5444 1011 5486 ut
1046 5432 1210 5511 Deum
1238 5434 1408 5503 possit
1438 5449 1649 5503 capt-re.
1682 5432 1797 5488 Hac
1831 5436 2037 5488 ratione
2064 5444 2117 5488 et
2141 5436 2324 5489 omnia

764 5528 901 5579 bona
931 5527 982 5579 in
1006 5528 1110 5579 vita
1137 5536 1565 5594 consequuntur.
1594 5526 1747 5581 Nulla
1773 5527 2056 5584 intercedit
2080 5527 2325 5587 satietas,

764 5637 863 5673 nec.
894 5621 1190 5689 Quidquam
1228 5620 1556 5679 desiderium
1602 5619 1806 5674 deﬁnit.
1868 5623 1959 5674 sed
1998 5622 2172 5675 adhuc
2204 5621 2323 5673 siti-

834 5830 877 5861 "
906 5829 1100 5883 ,ξιιμ-ιιι.
1140 5846 1284 5889 nat.
1320 5832 1404 5889 3|,
1444 5830 1531 5884 5:2.
1608 5829 1649 5857 "
1688 5828 1812 5883 ibtd.
1840 5827 1927 5880 33.
2007 5826 2205 5879 "tum.
2253 5828 2341 5879 Si.

2426 4612 2658 4666 ἐνταῦθα
2694 4611 2959 4677 δύναμις,
2992 4610 3111 4662 οὐδὲ
3147 4609 3301 4677 ἠτῆς
3329 4610 3504 4677 χαρᾶς
3538 4609 3597 4659 ἐν
3655 4608 3788 4675 ἡμῖν
3839 4607 4002 4672 δῆλον

2422 4700 2490 4773 ἦν
2528 4703 2699 4771 ὁπόση
2727 4720 2811 4765 τις
2838 4696 2925 4769 ἦν,
2957 4700 2992 4754 ἃ.
3035 4701 3210 4767 φιλεῖν
3248 4699 3355 4751 ἔδει
3388 4700 3482 4752 καὶ
3535 4696 3617 4761 οἷς
3662 4698 3877 4767 χαίρειν
3933 4692 4001 4767 ἦν

2427 4799 2503 4866 μὴ
2536 4797 2839 4865 παρόντων,
2874 4794 2993 4847 οὐδὲ
3032 4796 3058 4845 ὁ
3093 4790 3186 4845 τοῦ
3243 4792 3409 4845 πόθου
3471 4791 3670 4859 δεσμὸς
3716 4790 4000 4859 γνώριμος

2423 4888 2543 4941 οὐδὲ
2574 4888 2631 4939 τὸ
2657 4887 2766 4956 πῦρ
2787 4888 2930 4939 ὅσον.
2966 4880 3071 4937 Ἦν
3109 4887 3219 4952 γὰρ
3252 4887 3310 4936 τὸ
3345 4884 3684 4950 ποθούμενον
3708 4881 3956 4950 οὐδαμοῦ
3984 4897 3999 4911 ⁸

2422 4982 2534 5043 τοῖς
2564 4980 2619 5032 δὲ
2649 4979 3013 5047 γευσαμένοις
3044 4976 3136 5029 τοῦ
3175 4976 3427 5045 Σωτῆρος
3460 4974 3595 5029 αὐτὸ
3658 4975 3895 5044 πάρεστι
3940 4974 4003 5026 τὸ

2426 5071 2779 5140 ποθούμενον,
2828 5071 2963 5139 πρὸς
2988 5068 3047 5121 ὃν
3074 5070 3100 5121 ὁ
3126 5068 3469 5138 ἀνθρώπινος
3491 5066 3633 5137 ἔρως
3690 5067 3884 5135 ὥσπερ
3918 5069 4001 5129 εἰς

2425 5164 2625 5217 κανόνα
2655 5164 2774 5215 τινὰ
2811 5163 2905 5214 καὶ
2931 5162 3054 5228 ὅρον
3087 5158 3508 5224 κατεσκευάσθη
3560 5156 3621 5209 τὸ
3688 5157 3746 5223 ἐξ
3798 5156 4000 5226 ἀρχῆς,

2425 5256 2678 5323 καθάπερ
2717 5252 2987 5322 θησαυρὸς
3018 5251 3159 5307 οὕτω
3201 5252 3401 5319 μέγας.
3435 5247 3580 5303 οὕτω
3613 5249 3799 5318 εὐρὺς,
3859 5249 4001 5301 ὥστε

2427 5349 2559 5397 De?”
2592 5344 2957 5409 ὑποδέξασθαι
2996 5343 3314 5411 δυνηθῆναι.
3358 5342 3524 5394 Ταῦτ’
3555 5342 3661 5410 ἄρα
3719 5342 3814 5393 καὶ
3863 5342 4004 5394 πᾶν·

2427 5455 2536 5490 των
2567 5439 2897 5514 τυγχάνουσι
2935 5436 3041 5487 τῶν
3075 5436 3131 5487 ὲν
3159 5434 3236 5503 τῷ
3267 5434 3368 5504 βίῳ
3410 5433 3591 5487 καλῶν
3612 5450 3627 5464 ·
3654 5433 3833 5495 οὐδείς
3884 5435 4002 5485 ἐστι

2435 5533 2614 5599 κόρος,
2655 5531 2760 5583 οὐδ’
2798 5531 3013 5596 ἵστησιν
3042 5527 3194 5580 οὐδὲν
3228 5528 3327 5595 τὴν
3381 5526 3699 5594 ἐπιθυμίαν,
3739 5525 3857 5578 ἀλλ’
3925 5525 4003 5577 ἔτι

2434 5624 2696 5691 διψῶμεν,
2730 5623 2915 5690 ὥσπερ
2959 5623 3012 5673 εἰ
3056 5619 3243 5689 μηδενὶ
3277 5622 3534 5689 παρῆμεν
3569 5611 3642 5676 ὢν
3677 5616 4003 5683 ὲποθοῦμιν.

2417 5826 2465 5865 ⁸³
2499 5825 2635 5879 l‘sal.
2674 5840 2857 5888 xxxrr,
2900 5824 2949 5876 ιί.
3031 5821 3239 5875 '“Psal.
3284 5837 3480 5885 xum,
3522 5820 3578 5876 9.
