4272 6446
300 408 406 471 561

1341 424 1435 483 DE
1487 426 1657 487 VITA
1704 425 1784 484 IN
1826 424 2159 490 CllltlSTO
2194 429 2317 487 LIB
2382 432 2459 489 1|.

3441 438 3547 504 562

307 521 377 573 Ἡ
409 524 517 593 γὰρ
550 529 657 579 τῶν
696 530 1052 601 ἀνθρωπίνων
1085 537 1272 609 ψυχῶν
1330 541 1457 609 δίψα
1497 542 1724 610 ἀπείρου
1767 539 1868 590 δεῖ·
1896 539 1943 593 Α
1974 554 1994 589 u

1851 539 2115 601 -Amus,
2178 554 2240 592 ac
2301 540 2345 593 si
2403 540 2537 593 nihil
2586 540 3024 596 desideratorum
3087 545 3538 603 obtinnissemns.

292 618 391 668 ταί
426 633 573 679 τινος
609 621 799 685 ὓδατος
824 640 836 654 ·
876 628 904 678 6
933 627 988 679 δὲ
1024 631 1226 699 κόσμος
1254 627 1408 695 οὗτος
1462 635 1872 703 πεπερασμένος

292 709 530 775 ἀρκέσαι
558 711 622 782 δὴ
658 715 774 776 πῶς
800 716 1004 770 δύναιτ’
1033 721 1128 787 ἀνς
1170 725 1278 776 Καὶ
1326 724 1484 776 τοῦτό
1538 727 1705 790 ἐστιν,
1737 726 1871 793 ὅπερ

290 796 320 848 ὁ
357 798 563 866 Κύριος
598 802 889 858 αἰνίττεται
944 810 1079 876 πρὸς
1115 811 1214 867 τὴν
1266 814 1632 881 Σαμαρείτιδα
1664 816 1867 881 λέγων’

302 906 320 936 ‹
374 889 431 939 Ὀ
469 892 642 944 πίνων
683 893 747 945 ὲκ
788 896 880 948 τοῦ
938 898 1127 961 ὓδατος
1174 902 1361 955 τούτου
1420 904 1635 973 διψήσει
1667 904 1827 958 πάλιν
1853 922 1866 935 ·

288 980 349 1041 ὃς
380 980 423 1032 6'
449 983 515 1034 ἂν
563 985 659 1056 πίῃ
687 987 750 1039 ἐκ
776 988 869 1041 τοῦ
899 989 1109 1055 ὕδατος,
1143 988 1203 1045 οὗ
1244 997 1352 1061 ἐγὼ
1380 996 1534 1049 δώσω
1594 998 1761 1066 αὐτῷ,
1806 998 1866 1049 οὐ

296 1071 376 1136 μὴ
410 1072 613 1145 διψήσῃ
671 1078 750 1139 el;
788 1079 877 1129 τὸν
928 1081 1119 1135 αίῶνα.
1157 1103 1173 1133 ι
1237 1083 1408 1137 Τοῦτο
1460 1086 1567 1156 γάρ
1630 1089 1744 1140 ἐστι
1808 1088 1869 1139 τὸ

289 1157 462 1229 ὕδωρ,
514 1164 541 1215 ὃ
566 1165 663 1234 τὴν
693 1168 985 1238 ἐπιθυμίαν
1015 1174 1195 1244 ἵστησι
1230 1176 1337 1227 τῶν
1382 1176 1735 1245 ἀνθρωπίνων
1766 1180 1869 1248 ψυ-

291 1252 428 1319 χῶν.
474 1271 493 1303 ί
523 1255 980 1328 Χορτασθήσομαι
1036 1270 1166 1335 γὰρ,
1198 1269 1378 1337 φησὶν,
1408 1271 1464 1321 ὲν
1512 1270 1587 1336 τῷ
1638 1270 1867 1340 ὀφθῆναί

289 1358 385 1409 μοι
413 1344 511 1412 τὴν
548 1346 707 1411 δόξαν
748 1366 864 1404 σου.
915 1373 934 1404 ι
977 1356 1083 1407 Καὶ
1115 1359 1222 1427 γὰρ
1252 1360 1525 1430 ὀφθαλμὸς
1581 1364 1679 1430 μὲν
1711 1381 1867 1417 κατε-

285 1436 569 1525 σκευάσθη
602 1435 712 1503 οἷος
746 1443 882 1511 πρὸς
910 1446 970 1497 τὸ
1000 1447 1113 1513 φῶς
1136 1450 1386 1518 ἀρκέσαι,
1434 1455 1526 1506 καὶ
1557 1455 1693 1524 ἀκοὴ
1731 1455 1862 1525 πρὸς

283 1523 477 1591 ἤχους,
512 1528 605 1579 καὶ
632 1529 861 1586 ἕκαστον
883 1529 963 1597 οἷς
996 1538 1255 1607 ἁρμόττει
1281 1558 1293 1570 ·
1354 1542 1530 1612 ψυχῆς
1574 1545 1628 1597 δὲ
1678 1523 1864 1599 ἐπιθυ-

284 1616 389 1683 μία
423 1620 560 1687 πρὸς
591 1622 681 1674 τὸν
720 1626 955 1692 Χριστὸν
987 1630 1124 1683 ἵεται
1156 1634 1335 1702 μόνον.
1380 1639 1487 1690 Καὶ
1527 1641 1587 1691 τὸ
1632 1642 1861 1693 κατάλυ-

224 1746 235 1755 .
294 1724 372 1773 μα
406 1708 564 1761 τοῦτό
598 1712 745 1800 ἐστιν
787 1717 947 1786 αὐτῇ,
979 1719 1057 1771 ὅτι
1111 1723 1202 1773 καὶ
1258 1725 1458 1792 ἀγαθὸν
1489 1732 1580 1779 καὶ
1634 1730 1859 1800 ἀλήθεια

279 1799 378 1848 καὶ
420 1800 620 1867 ὁτιοῦν,
655 1797 730 1855 ὧν
756 1808 903 1858 ἐστιν
938 1810 1096 1877 ἔρως,
1130 1815 1285 1879 μόνος
1320 1817 1454 1871 ἐστί.
1483 1820 1697 1874 Τούτων
1742 1824 1858 1875 ἓνε-

277 1903 351 1936 κα
380 1888 476 1939 καὶ
539 1892 743 1946 κωλύει
807 1898 934 1959 τοὺς
983 1901 1245 1969 τυχόντας
1299 1906 1450 1959 οὐδὲν
1481 1910 1678 1975 φιλεῖν,
1737 1915 1860 1965 ὅσον

275 1977 489 2046 ἔρωτος
514 1982 581 2075 ,ἐξ
614 1986 789 2054 ἀρχῆς
823 1994 940 2051 ταῖς
965 1992 1163 2061 ψυχαῖς
1208 1998 1445 2069 ἐνετὲθη,
1493 2003 1582 2054 καὶ
1628 2007 1857 2075 χαίρειν,

283 2071 415 2123 ὅσον
461 2074 690 2130 δύναται
746 2082 957 2150 χαίρειν
988 2088 1019 2155 ἡ
1046 2087 1227 2152 φύσις,
1262 2092 1352 2143 καὶ
1390 2096 1442 2145 εἴ
1470 2113 1520 2147 τι
1552 2071 1859 2170 πρ-σέθηκεν

271 2166 464 2228 αὐτοῖς
497 2171 664 2240 ἀρετὴ
713 2176 807 2227 καὶ
838 2178 897 2229 τὸ
933 2183 1028 2248 τῆς
1068 2184 1475 2256 ἀναγεννήσεως
1524 2189 1687 2264 ὕδωρ.
1736 2195 1857 2249 Ἐπὶ

276 2258 380 2326 μὲν
414 2260 520 2330 γάρ
564 2264 673 2317 τῶν
703 2267 761 2318 ὲν
794 2270 871 2337 τῷ
931 2271 1029 2343 βίῳ
1068 2276 1247 2330 καλῶν
1278 2279 1399 2332 οὔτε
1426 2284 1514 2335 τὸν
1547 2258 1722 2355 ἔρωτα
1765 2288 1854 2340 οὕ-

267 2368 333 2402 τε
363 2353 462 2421 τὴν
494 2358 669 2424 χαρὰν
704 2360 928 2428 ἐνεργὸν
969 2362 1105 2420 εἶναι
1132 2370 1353 2423 δυνατὸν
1379 2374 1718 2445 ψευδομένων
1756 2383 1854 2450 τὴν

269 2444 639 2513 ἐπωνυμίαν·
699 2453 746 2501 εἰ
800 2454 906 2522 γάρ
970 2474 1022 2507 τι
1080 2462 1174 2513 καὶ
1226 2463 1370 2515 δοκεῖ
1426 2444 1604 2533 καλδν,
1654 2444 1853 2539 φαῦλόν

272 2534 431 2585 ἔστιν
464 2538 687 2592 εἴδωλον
742 2542 835 2595 τοῦ
895 2547 1146 2616 ἀληθοῦς.
1188 2553 1447 2609 Ἐνταῦθα
1505 2560 1580 2624 δὲ,
1639 2534 1852 2628 οἰὺδενδς

264 2626 427 2690 ὄντος
455 2630 483 2682 ὃ
513 2633 766 2701 κωλύσει,
794 2637 1107 2707 θαυμαστὸν
1136 2647 1225 2697 καὶ
1265 2648 1503 2718 ἄρρητον
1548 2654 1849 2708 διαδείκνυ-

264 2737 363 2773 ται
391 2724 452 2773 τὸ
485 2725 707 2793 φίλτρον
760 2731 850 2782 καὶ
893 2734 925 2799 ἡ
956 2735 1096 2802 χαρὰ
1143 2739 1250 2789 οὐδ’
1292 2740 1390 2809 ὅση
1448 2746 1713 2812 μηνύσαιο
1747 2752 1849 2817 μά·

264 2810 432 2862 λιστα
484 2815 582 2880 μὲν
622 2818 702 2868 ὅτι
755 2819 889 2887 πρὸς
940 2823 1133 2875 ἑαυτὸν
1184 2829 1443 2900 ἑκάτερον
1494 2835 1601 2889 τῶν
1661 2839 1847 2895 παθῶν

260 2901 476 2954 τούτων
512 2904 699 2968 ἔταξεν
726 2911 752 2960 6
778 2909 929 2974 Θεὸς,
967 2914 1050 2966 ἵνα
1079 2918 1237 2970 αὐτὸν
1266 2924 1363 2989 μὲν
1389 2925 1653 2993 φιλῶμεν,
1697 2932 1846 3001 αὕτῴ

258 2994 320 3045 δὲ
389 2995 675 3065 χαίρωμεν
746 3004 893 3073 μόνῳ
922 3021 936 3037 ο
984 3009 1076 3059 καί
1120 3012 1266 3063 ἐστιν
1315 3016 1625 3091 ἀκόλουθον,
1668 2994 1841 3091 οἶμαι..

266 3084 434 3183 λόγον
460 3090 584 3183 τινὰ
628 3094 767 3183 πρδς
802 3095 862 3146 τὸ
906 3097 1133 3168 ἄπειρον
1162 3106 1365 3170 ἀγαθὸν
1414 3087 1589 3164 ἐκεῖνο
1623 3084 1837 3183 enim,

258 3174 360 3224 καὶ
392 3176 585 3228 τοῦτον
610 3178 684 3242 ὡς
709 3184 885 3235 εἰπεῖν
929 3188 1018 3238 τὸν
1059 3192 1257 3259 τρόπον
1282 3196 1591 3270 σύμμετρον
1615 3200 1773 3257 εἶναι.

329 3267 639 3336 Σκοπῶμεν
685 3272 749 3342 δὴ
776 3275 835 3326 τὸ
884 3277 1114 3345 μέγεθος
1158 3286 1298 3351 ὅσον,
1334 3290 1522 3344 ἔπειτα
1555 3296 1651 3363 τῆς
1686 3297 1847 3366 ὑπερ-

253 3356 433 3427 ϐολῆς
464 3362 689 3416 κάκεῖνο
720 3372 968 3436 σημεῖον.
1013 3374 1237 3427 Πάντων
1290 3381 1420 3447 γὰρ,
1472 3378 1546 3437 ὧν
1601 3356 1845 3459 ύπῆρξεν

254 3450 337 3510 είς
366 3452 521 3548 ήμιὶς
550 3454 796 3521 ἀγαθῶν,
831 3461 998 3528 μόνην
1025 3466 1259 3533 ἀμοιϐὴν
1288 3472 1471 3537 ήγείτο
1502 3476 1560 3527 τὸ
1592 3450 1840 3548 φίλτρον,

252 3545 346 3592 καὶ
374 3542 539 3595 τοῦτο
572 3549 704 3613 παρ’
726 3550 880 3618 ἡμῶν
907 3555 953 3605 εί
982 3555 1155 3619 λάϐοι,
1180 3560 1296 3612 λύει
1322 3564 1379 3613 τὸ
1402 3568 1584 3633 χρέος·
1605 3542 1637 3621 νό
1663 3542 1843 3628 τοίνυν

247 3634 504 3701 ἀπείρων
554 3639 708 3690 ἐστιν
757 3641 1089 3713 ἀντίρροπον
1134 3650 1353 3715 ἀγαθῶν
1407 3661 1556 3725 παρά
1618 3678 1678 3727 γε
1723 3666 1841 3734 Θεῷ

1898 1872 1937 1925 Β

1975 630 2292 685 Animarum
2342 634 2540 701 quippe
2573 633 2931 688 humanarum
2977 637 3098 690 sitis
3133 640 3371 707 quadam
3404 656 3543 708 aqua

1976 722 2185 777 inllnita
2240 723 2501 793 indiget:
2560 724 2650 778 cui
2711 731 2945 781 mundus
3006 728 3110 781 iste
3184 730 3372 784 finitus
3452 730 3543 798 qui

1975 815 2149 883 possit
2177 814 2425 869 suilieere
2459 817 2481 868 τί
2538 817 2597 870 Ει
2634 820 2736 871 hoc
2764 828 2847 872 est
2879 820 3018 887 quod
3058 819 3320 873 Dominus
3350 824 3543 875 tectius

1972 906 2329 959 Samaritana:
2366 909 2440 961 ait
2476 928 2487 962 :
2539 928 2556 959 ι
2589 909 2692 974 Qui
2731 910 2927 963 biberit
2959 928 3019 965 ex
3058 914 3158 967 liae
3182 928 3346 980 aqua,
3397 915 3544 973 sitiet

1973 998 2193 1051 iterum.
2250 998 2353 1063 Qui
2412 1010 2591 1054 autem
2645 1003 2845 1055 biberit
2886 1016 2951 1055 ex
3008 1018 3169 1072 aqua,
3231 1020 3394 1070 quam
3444 1020 3543 1073 ego

1970 1092 2111 1145 dabo
2139 1092 2209 1156 ei,
2238 1108 2345 1145 non
2380 1093 2531 1147 sitiet
2562 1097 2612 1146 in
2657 1104 2919 1149 aeternum
2950 1097 3016 1149 ⁸⁵.
3059 1115 3076 1146 ι
3119 1096 3243 1149 Haec
3283 1098 3425 1150 enim
3456 1107 3541 1150 est

1970 1198 2147 1253 aqua,
2204 1200 2326 1255 qua:
2374 1186 2681 1241 animarum
2739 1188 3103 1242 humanarum
3170 1190 3536 1257 appetentiam

1970 1277 2143 1331 sedat.
2216 1294 2234 1328 t
2275 1276 2548 1343 Satiabor,
2590 1278 2785 1346 inquit.
2836 1296 2961 1333 cum
3015 1280 3326 1348 apparuerit
3368 1280 3536 1349 gloria

1972 1377 2060 1418 tua
2089 1366 2154 1419 “.
2191 1385 2208 1416 ι
2244 1366 2454 1421 Etenim
2503 1368 2695 1423 oculus
2746 1381 3096 1437 comparatus
3151 1380 3233 1424 est
3283 1370 3373 1424 ille
3417 1372 3536 1439 qui-

1966 1458 2113 1519 dem,
2151 1468 2205 1510 ut
2238 1459 2305 1511 ad
2340 1460 2519 1513 lumen
2571 1462 2977 1529 percipiendum
3029 1461 3279 1525 sulliciat,
3337 1472 3389 1516 et
3441 1476 3535 1514 au-

1964 1548 2099 1600 ditio
2125 1551 2188 1602 ail
2212 1563 2426 1613 sonum,
2459 1560 2511 1604 et
2544 1553 2966 1621 unumquodque
2993 1555 3193 1621 quibus
3228 1555 3481 1623 congruit
3517 1570 3530 1606 :

1965 1641 2159 1693 anima:
2230 1651 2411 1694 autem
2479 1644 2811 1697 desiderium
2890 1647 2955 1697 ad
3033 1646 3307 1700 Christum
3363 1646 3533 1699 fertur

1965 1731 2164 1795 solum,
2189 1733 2368 1786 ethoc
2403 1734 2476 1786 illi
2511 1734 2871 1789 diversorium
2902 1755 2916 1799 ;
2969 1737 3096 1806 quia
3129 1749 3177 1789 et
3213 1738 3438 1799 bonum,
3478 1748 3533 1789 et

1966 1823 2186 1887 veritas,
2229 1834 2282 1877 et
2316 1826 2683 1893 quodcunque
2728 1829 2980 1891 amabile,
3027 1830 3177 1883 solus
3208 1838 3310 1883 est.
3358 1829 3528 1894 Quem

1963 1918 2054 1984 qni
2096 1917 2330 1971 assecuti
2369 1928 2514 1981 sunt,
2564 1934 2658 1972 eos
2720 1920 2850 1973 nillil
2904 1920 3122 1987 impedit
3182 1935 3384 1981 amare,
3435 1936 3530 1988 pro

1961 2022 2024 2060 eo
2056 2019 2292 2075 quantus
2322 2024 2473 2061 amor
2506 2014 2574 2062 ab
2620 2011 2774 2063 initio
2822 2011 3114 2065 animabus
3152 2023 3236 2065 est
3286 2012 3525 2071 insitus;

1960 2110 2007 2150 et
2034 2099 2569 2169 gauderqquantum
2604 2110 2800 2155 natura
2848 2101 3083 2170 gaudere
3118 2110 3327 2171 potest;
3380 2113 3431 2155 et
3482 2103 3524 2155 si

1958 2191 2085 2259 quid
2134 2192 2267 2259 ipsis
2311 2194 2482 2246 virtus
2536 2205 2588 2247 et
2625 2197 3058 2265 regenerationis
3115 2212 3257 2265 aqua
3304 2198 3523 2265 adjecit.

1957 2280 2011 2333 In
2052 2283 2209 2335 bonis
2261 2282 2405 2335 enim
2455 2285 2575 2337 vita:
2621 2284 2806 2350 hujus,
2859 2302 3053 2341 nomen
3102 2288 3519 2350 mentientibus,

1955 2393 2133 2444 neque
2182 2393 2331 2431 amor
2384 2394 2557 2446 neque
2605 2380 2858 2447 gaudium
2896 2380 3077 2449 vigere
3130 2388 3324 2447 potest.
3388 2380 3520 2433 Nam

1952 2472 2053 2522 etsi
2092 2471 2221 2539 quid
2273 2470 2475 2525 bonum
2520 2473 2765 2536 videtur,
2818 2473 2976 2525 inane
3023 2472 3131 2526 veri
3184 2474 3310 2525 boni
3351 2473 3522 2526 simu-

1953 2563 2161 2616 lacrum
2203 2573 2307 2617 est.
2358 2564 2455 2619 llic
2503 2574 2680 2617 autem
2714 2580 2836 2618 cum
2872 2565 3005 2618 nihil
3037 2565 3108 2619 sit
3139 2566 3282 2633 quod
3320 2566 3516 2625 obstet,

1953 2652 2292 2706 admirabilis
2336 2662 2389 2705 et
2440 2652 2732 2707 ineﬂ'abilis
2758 2668 2933 2715 amor,
2979 2664 3033 2708 et
3064 2654 3305 2707 Charitas
3351 2670 3522 2721 quan-

1952 2753 2059 2795 tam
2091 2745 2268 2797 verbis
2306 2758 2483 2797 memo
2516 2743 2889 2812 descripserit,
2924 2746 3249 2798 ostenditur.
3289 2743 3523 2797 Maxime

1948 2849 2071 2887 cum
2116 2835 2181 2887 ad
2226 2849 2283 2888 se
2320 2836 2497 2903 ipsum
2534 2845 2823 2903 utrumque
2858 2838 3051 2890 horum
3090 2838 3385 2891 alii-ctnum
3438 2840 3519 2888 in-

1948 2927 2192 2980 stituerit
2248 2929 2412 2989 Deus,
2473 2939 2529 2981 nt
2584 2928 2767 2997 ipsum
2812 2929 3125 3005 diligamus,
3175 2944 3351 2997 eoque
3402 2930 3519 2983 solo

1946 3018 2303 3086 gaudeamus.
2366 3019 2428 3074 Et
2460 3028 2541 3072 est
2590 3036 2951 3088 consequens.
2997 3030 3054 3074 ut
3103 3022 3381 3084 existimo,
3433 3036 3519 3074 ra-

1948 3110 2147 3164 tionem
2190 3113 2483 3179 quamdam
2539 3114 2606 3165 ad
2647 3115 2843 3167 bonum
2900 3114 3026 3167 illud
3082 3115 3355 3167 inﬁnitum
3403 3130 3515 3167 ser-

1874 3208 1915 3269 C
1951 3218 2097 3267 vare,
2130 3213 2183 3257 et
2222 3205 2386 3277 hunc,
2418 3215 2476 3257 ut
2510 3206 2746 3259 breviter
2780 3207 2976 3266 dicam,
3017 3209 3237 3261 modum
3267 3226 3406 3263 esse.

2022 3294 2441 3350 Consideremus
2472 3296 2659 3365 igitur,
2690 3306 2890 3364 quanta
2925 3298 2993 3350 sit
3026 3298 3144 3366 ejus
3176 3301 3512 3366 magnitudo.

1950 3384 2150 3439 Deinde
2195 3386 2532 3441 excellentiae
2581 3396 2635 3439 et
2680 3386 2812 3440 illud
2851 3387 3069 3455 signum
3112 3398 3213 3442 est.
3255 3387 3512 3446 Omnium

1946 3474 2089 3529 enim
2126 3477 2417 3538 bonorum,
2468 3493 2588 3546 qua:
2625 3478 2770 3530 ultro
2823 3480 2977 3532 nobis
3030 3479 3285 3546 praebuit,
3341 3482 3511 3537 solam

1945 3569 2437 3636 compensationem
2493 3570 2645 3621 ducit
2698 3586 2966 3644 amorem,
3018 3588 3180 3639 quem
3211 3575 3253 3627 si
3288 3590 3315 3627 a
3356 3576 3513 3629 nobis

1945 3660 2212 3725 retulerii.
2247 3661 2466 3713 nomina
2512 3665 2793 3729 expungit.
2844 3664 2945 3729 Qui
2984 3682 3113 3733 ergo
3155 3667 3310 3721 bonis
3355 3668 3513 3720 innu-

248 3725 511 3797 δικαστῇ,
556 3730 676 3793 πῶς
706 3734 803 3803 οὐχ
822 3736 1126 3806 ὑπερφυέςς
1164 3744 1428 3813 Πρόδηλον
1459 3750 1514 3802 δὲ
1538 3725 1712 3827 ὅτι-τῆ
1740 3725 1840 3827 τῆς

1825 3778 1840 3821 ς
1944 3750 2295 3803 merabilibns
2323 3751 2435 3818 pari
2462 3725 2607 3805 velut
2631 3725 2884 3820 pondere.
2904 3725 3214 3828 I’t‘Svalldt'l.
3240 3761 3512 3827 quomodo

248 3820 479 3887 ἀγάπης
516 3822 787 3893 ὑπερϐολῇ
822 3832 1171 3886 παντάπασιν
1230 3836 1525 3907 ἐφάμιλλος
1571 3846 1600 3913 ή
1651 3820 1833 3917 χᾶράλ

1823 3820 1833 3877 ὲ
1939 3840 2081 3905 apud
2110 3838 2548 3910 Deum,judicem
2583 3860 2689 3897 non
2726 3847 2797 3899 sit
2824 3820 3363 3904 excellentissimus?
3385 3851 3510 3903 Cer-

244 3916 329 3961 κα
367 3910 451 3980 τῷ
483 3911 695 3983 φίλτρῳ
728 3918 1017 3986 συμϐαίνει
1055 3924 1141 3977 διὰ
1198 3928 1413 3983 πάντων
1442 3934 1501 3986 τὸ
1525 3910 1836 4001 γά-ννῡοςκαὶ

1823 3948 1836 3993 ι
1941 3939 2056 3983 tum
2084 3940 2165 3983 est
2201 3946 2388 4005 porro,
2416 3933 2675 4000 gaudium
2712 3950 2930 4002 aequare
2970 3938 3194 3991 omnino
3223 3938 3510 3993 cliaritotis

246 4004 543 4057 ἀκολουθεῖ
573 4009 816 4077 μεγίστῳ
857 4013 1133 4080 μέγιστονζ
1185 4021 1434 4075 Φαίνεται
1505 4029 1682 4081 τοίνυν
1712 4037 1833 4097 ταῖς

1823 4053 1833 4097 ς
1939 4020 2408 4101 magnitudinem,
2472 4033 2526 4078 et
2587 4027 2761 4079 amori
2820 4027 3163 4097 conjunctam
3225 4046 3349 4085 esse
3416 4048 3510 4100 per

243 4092 626 4193 ἀνθρωπίναις
654 4099 875 4168 ψυχαῖς,
916 4105 1137 4173 ἀγάπης
1200 4113 1293 4164 καὶ
1350 4118 1524 4183 χαρᾶς
1586 4092 1832 4193 μεγάλην

1823 4144 1832 4173 ,
1936 4114 2117 4166 omnia
2159 4115 2517 4192 voluptatem,
2572 4126 2625 4171 et
2675 4119 2974 4172 maximum
3034 4122 3287 4175 comitari
3337 4126 3510 4177 maxi-

242 4184 366 4235 τινά
420 4186 522 4238 καὶ
568 4186 893 4262 θαυμαστὴν
950 4197 1270 4254 ἀποκεῖσθαι
1336 4184 1690 4281 παρασκευὴν
1736 4184 1829 4267 κά).

1819 4225 1829 4267 ι
1934 4219 2100 4257 mam.
2130 4203 2313 4273 Itaque
2332 4208 2585 4260 humanis
2611 4210 2902 4264 animabus
2929 4212 3220 4267 cliaritatis
3250 4225 3303 4267 et
3324 4215 3506 4283 gaudii

240 4277 521 4345 παρόντος
548 4277 645 4330 τοῦ
677 4280 753 4344 ὡς
793 4284 1009 4352 ἀληθῶς
1053 4293 1333 4359 χαρίεντος
1388 4300 1482 4352 καὶ
1538 4277 1826 4374 ἀγαπητοῦ

1819 4308 1826 4355 ί
1931 4296 2198 4364 insignem
2232 4300 2524 4367 quamdam
2558 4312 2610 4355 et
2640 4303 3016 4356 admirabilem
3072 4309 3357 4359 materiam
3387 4323 3506 4360 esse

238 4369 552 4437 τηνικαῦτα
582 4372 785 4435 τελέως
818 4378 1042 4445 ἐνεργὸν
1088 4379 1262 4436 εἶναι⁶
1297 4389 1390 4440 καὶ
1447 4392 1602 4445 τοῦτό
1653 4369 1821 4463 ἐστιν,

237 4459 381 4529 ῦπαρ
457 4465 637 4530 χαρὰν
686 4467 715 4518 6
762 4469 955 4537 Σωτὴρ
1003 4474 1441 4547 πεπληρωμένην
1495 4486 1667 4541 καλεῖ.
1720 4459 1821 4542 Διά

233 4550 414 4603 ταῦτα
465 4553 563 4604 καὶ
611 4552 706 4606 τοῦ
772 4559 1088 4625 Πνεύματος
1131 4543 1571 4636 ἐπιδημήσαντος
1624 4575 1825 4643 ότῳοῦν
1855 4543 1903 4603 D

234 4641 329 4692 καὶ
364 4641 483 4694 τῶν
511 4643 683 4695 αὑτοῦ
721 4649 1045 4713 μεταδόντος
1079 4652 1185 4705 τῶν
1239 4657 1584 4727 ἀνασχόντων
1615 4641 1825 4719 ἐκεῖθεν

235 4732 493 4802 καρπιίιν,
529 4735 599 4786 τὰ
628 4738 856 4807 πρώτην
888 4741 1080 4810 ἔχοντα
1147 4746 1302 4809 τάξιν
1350 4753 1537 4817 ἀγάπη
1566 4756 1678 4807 ἐστὶ
1730 4760 1825 4810 καὶ

234 4828 397 4893 χαρά.
456 4845 473 4878 ι
515 4828 574 4880 Ὀ
633 4832 742 4899 γάρ
794 4835 1008 4899 καρπὸς
1076 4838 1170 4891 τοῦ
1231 4842 1567 4911 Πνεύματος,
1636 4853 1823 4919 φησὶν,

231 4914 453 4985 ἀγάπη,
489 4921 668 4987 χαρά·
708 4940 726 4973 ι
762 4925 822 4974 τὸ
854 4923 911 4976 δὲ
952 4927 1143 4993 αἴτιον,
1174 4931 1255 4983 ὅτι
1302 4934 1457 4986 τοῦτο
1480 4914 1708 5005 πρῶτον
1745 4942 1829 4993 ατ-

231 5006 435 5074 σθησιν
498 5010 697 5062 ἑαυτοῦ
755 5016 987 5084 παρέχει
1044 5023 1162 5081 ταῖς
1230 5022 1429 5091 ψυχαῖς
1485 5030 1824 5099 ἐπιδημῶνό

228 5099 386 5158 Θεός.
431 5100 845 5170 Δὶσθανόμενος
878 5107 935 5158 δὲ
974 5110 1069 5161 τοῦ
1120 5114 1323 5180 ἀγαθοῦ
1360 5121 1450 5169 καὶ
1496 5123 1669 5187 φιλεῖν
1729 5126 1823 5177 καὶ

228 5191 451 5258 χαίρειν
496 5191 739 5262 ἀνάγκη,
772 5196 895 5247 ἐπεὶ
950 5201 1043 5251 καὶ
1092 5207 1419 5270 σωματικῶς
1481 5215 1672 5276 φανεὶς
1708 5220 1819 5278 τοῖς

226 5283 551 5352 ἀνθρώποις
584 5284 746 5338 τοῦτο
801 5288 1024 5355 πρῶτον
1064 5295 1196 5363 παρ’
1229 5298 1385 5365 ἡμῶν
1444 5303 1664 5373 ἀπῄτει,
1723 5310 1819 5379 τὴν

227 5374 536 5439 ἐπίγνωσιν
559 5376 661 5445 τὴν
691 5378 890 5431 ἑαυτοῦ
917 5396 931 5409 ·
971 5387 1063 5434 καὶ
1093 5385 1250 5437 τοῦτο
1274 5390 1543 5456 ἐδίδασκε,
1574 5398 1667 5449 καὶ
1695 5402 1819 5451 τοῦ-

226 5479 289 5513 το
314 5467 549 5531 εἰσῆγεν
578 5466 764 5533 εὐθὺς,
805 5471 1009 5537 μᾶλλον
1065 5475 1121 5526 δὲ
1154 5477 1242 5529 διὰ
1291 5481 1449 5535 τοῦτο
1484 5487 1675 5555 μέχρις
1736 5494 1819 5543 ai-

228 5553 484 5623 σθήσεως
508 5553 644 5625 ἦλθε
676 5563 770 5612 καὶ
804 5561 946 5632 ὑπὲρ
1000 5566 1191 5619 τούτου
1241 5570 1299 5622 τὸ
1344 5576 1453 5625 πᾶν
1494 5553 1809 5646 εἰργάσατο.

229 5661 245 5691 ι
271 5646 384 5697 Καὶ
416 5648 529 5717 γὰρ
565 5651 647 5711 είς
681 5650 860 5716 τοῦτο,
898 5658 1054 5725 φησὶ,
1088 5661 1420 5731 γεγέννημαι
1452 5670 1543 5720 καὶ
1573 5673 1651 5734 είς
1691 5675 1812 5725 τοῦ·

1930 4389 2249 4467 repositam,
2303 4402 2357 4445 et
2414 4405 2681 4461 praesente
2726 4408 2853 4449 vere
2894 4396 3124 4463 pulchro
3183 4407 3236 4451 et
3284 4399 3505 4460 dilecto,

1929 4477 2361 4534 eﬂicacissimam
2402 4498 2523 4538 esse
2558 4492 2723 4553 patet.
2770 4486 2836 4539 Et
2873 4487 2975 4541 hoc
3003 4497 3086 4540 est
3127 4491 3273 4558 quod
3316 4491 3505 4545 Salva-

1934 4575 2017 4621 tor
2042 4571 2301 4638 gaudium
2331 4573 2545 4638 plenum
2584 4585 2759 4629 vocat.
2795 4594 2812 4626 ι
2853 4576 3043 4651 Ρειίιε,
3089 4597 3106 4629 ι
3144 4579 3349 4648 inquit,
3391 4600 3407 4631 ι
3450 4593 3501 4631 ιιι

1930 4663 2229 4735 accipietis,
2279 4674 2336 4716 ut
2387 4666 2643 4731 gaudium
2698 4677 2937 4722 vestrum
2988 4670 3060 4724 sit
3114 4673 3333 4738 plenum
3365 4673 3434 4724 ⁸⁷.
3480 4694 3497 4725 ι

1931 4753 2275 4822 Quapropter
2310 4771 2432 4809 cum
2466 4755 2706 4826 Spiritus
2737 4775 2953 4829 quoque
2997 4763 3256 4827 venisset,
3290 4778 3500 4838 suaque

1932 4849 2073 4902 dona
2100 4850 2440 4926 contulisset,
2471 4853 2745 4907 fructuum
2780 4855 2903 4909 inde
2953 4857 3246 4911 orientium
3293 4859 3499 4928 primas

1935 4941 2261 5011 charitasiet
2288 4946 2545 5012 gaudium
2579 4949 2841 5006 tulerunt.
2872 4967 2890 4999 ι
2933 4949 3167 5004 Fructus
3200 4953 3343 5005 enim
3376 4951 3499 5021 Spi-

1938 5033 2095 5098 ritus,
2133 5052 2151 5084 ι
2208 5036 2402 5103 inquit,
2457 5056 2474 5088 ι
2525 5048 2608 5091 est
2660 5041 2940 5107 gaudium,
2976 5052 3028 5096 et
3077 5044 3317 5099 cbaritas
3362 5046 3429 5099 ⁸⁸.
3476 5066 3493 5096 ι

1932 5124 2056 5179 ΙιΙεο
2110 5126 2377 5191 videlicet,
2423 5130 2567 5197 quod
2613 5132 2664 5183 in
2717 5134 2800 5187 liis
2843 5135 3073 5200 ptimum
3129 5151 3351 5190 sensum
3410 5140 3493 5192 sui

1932 5216 2103 5283 ipsius
2127 5219 2411 5273 animabus
2442 5222 2643 5287 praebet
2670 5224 2962 5279 adveniens
2989 5226 3152 5282 Dens.
3184 5227 3495 5285 Sentientes

1928 5308 2070 5359 enim
2112 5308 2239 5360 illud
2274 5310 2473 5363 bonum
2536 5324 2591 5365 et
2643 5329 2828 5369 amare
2879 5326 2932 5369 et
2983 5320 3219 5386 gaudere
3271 5337 3497 5377 necesse

1929 5408 2031 5452 est.
2064 5400 2328 5465 Quoniam
2361 5413 2413 5456 et
2447 5402 2620 5459 forma
2670 5411 2988 5473 aspectabili
3041 5413 3353 5469 hominibus
3397 5431 3493 5485 ap-

1931 5504 2144 5555 parens,
2189 5492 2290 5544 hoc
2318 5496 2529 5562 signum
2567 5500 2860 5565 agnitionis
2891 5518 3000 5555 sua!
3028 5518 3055 5555 a
3101 5503 3260 5558 nobis
3298 5510 3489 5576 exigit.

1928 5579 1991 5634 Et
2040 5583 2139 5637 hoc
2168 5583 2373 5647 docuit,
2416 5597 2471 5641 et
2507 5591 2605 5641 hoc
2640 5595 2823 5645 statim
2878 5594 3122 5657 induxit;
3172 5597 3255 5650 vel
3305 5600 3487 5666 potius

1926 5684 2143 5744 propter
2176 5676 2277 5732 hoc
2306 5680 2372 5731 ad
2396 5693 2615 5735 sensum
2652 5699 2825 5753 usque
2856 5701 2917 5739 se
2946 5688 3185 5751 demisit,
3229 5701 3283 5745 et
3329 5691 3491 5761 hujus

299 5826 344 5857 ⁸³
378 5824 541 5881 Joan.
584 5842 657 5895 tv,
696 5829 783 5896 14,
832 5833 913 5887 15.
946 5858 953 5863 ·
991 5838 1036 5867 ⁸⁸
1076 5838 1211 5894 Psal.
1248 5859 1353 5901 xvi.
1395 5845 1471 5897 l5.
1554 5849 1594 5877 ⁸⁷
1630 5850 1818 5901 .‘llartli.
1856 5870 1945 5914 ιἰι,

881 5835 913 5887 ἰ.
946 5858 953 5863 ·
991 5838 1036 5867 ⁸⁸
1076 5838 1211 5894 Psal.
1248 5859 1353 5901 xvi.
1395 5845 1471 5897 15.
1554 5849 1594 5877 ⁸⁷
1630 5850 1818 5901 Martii.
1856 5870 1945 5914 \‘ll,
1987 5855 2033 5906 7.
2116 5858 2158 5884 ⁸⁸
2188 5858 2361 5911 (ἰιιίιιι.
2399 5876 2445 5921 ι’,
2478 5858 2568 5913 Ξῖζ.
