4272 6446
265 394 375 456 565

1317 406 1412 465 DE
1451 404 1629 465 VITA
1671 406 1748 464 IN
1793 405 2122 465 CHRISTO
2160 406 2308 467 LIB.
2348 407 2431 464 ll-

3400 405 3504 469 566

266 505 531 574 δευτέρας
558 507 770 578 ἡμέρας
796 512 854 563 ἐν
890 513 1019 580 ἡμῖν
1079 514 1229 582 μένει
1260 533 1273 546 ·
1305 516 1489 569 λοιπὸν
1548 520 1604 571 δὲ
1664 519 1833 587 αὐτὴν
1863 527 1908 583 Α
1938 537 1953 571 ι

1813 540 1833 569 ν
1863 527 1908 583 Α
1938 536 2075 574 mus.
2112 521 2391 589 Siquidem
2421 520 2532 573 haec
2588 517 2872 572 inell'abilis
2905 532 2968 571 ac
3022 518 3297 571 tremenda
3339 520 3500 587 gloria

272 595 745 665 κατασϐέννυμεν,
808 600 899 651 τὸν
963 604 1205 670 χειμῶνα
1237 606 1531 671 ἐπάγοντες
1565 609 1673 660 τῶν
1705 609 1833 677 βιω-

267 688 445 739 τικῶν
488 692 833 759 πραγμάτων
881 694 973 745 καὶ
1030 697 1095 762 τῇ
1152 698 1445 766 πυκνότητι
1502 699 1611 751 τῶν
1662 699 1839 767 νεφῶν

268 779 707 850 ἀποκρουόμενοι
732 784 829 845 τὰς
860 787 1099 847 ἀκτῖνας.
1153 806 1170 837 ι

347 958 558 1012 Οὐκοῦν
588 962 648 1013 οὐ
681 963 841 1030 μέχρι
872 962 965 1015 τοῦ
997 965 1344 1035 διανοηθῆναι
1389 967 1482 1017 καὶ
1522 967 1842 1033 λογίσασθαι

272 1054 371 1101 καὶ
404 1052 696 1103 πιστεῦσαι
735 1054 824 1105 τὸν
859 1054 993 1107 Θεὸν
1017 1057 1143 1118 τοὺς
1197 1058 1629 1126 βαπτιζομένους
1668 1060 1842 1123 ἔξεστι

275 1142 503 1206 γνῶναι,
561 1143 697 1195 ἀλλά
758 1161 810 1195 τι
855 1147 947 1197 καὶ
1014 1148 1197 1213 μεῖζον
1243 1149 1334 1200 καὶ
1398 1150 1490 1201 τοῦ
1527 1151 1846 1218 πράγματος

275 1232 468 1299 ἔγγιον
496 1235 555 1285 ἐν
594 1238 705 1293 τοῖς
744 1235 897 1288 ὕδασι
926 1237 1137 1300 τούτοις
1176 1240 1319 1290 ἐστιν
1356 1240 1552 1304 εὑρεῖν.
1593 1241 1701 1308 Τὴν
1740 1244 1846 1310 γὰρ

275 1325 571 1395 ἀστραπὴν
628 1328 842 1394 ἐκείνην
871 1328 1005 1381 Θεοῦ
1038 1332 1240 1382 τιθέναι
1280 1332 1479 1396 γνῶσιν
1530 1334 1587 1383 ὲν
1617 1333 1845 1401 διανοίᾳ,

278 1420 374 1465 καὶ
404 1417 563 1483 λόγου
599 1418 720 1470 τινὰ
752 1420 1036 1487 δᾳδουχίαν
1068 1418 1207 1472 εἶναι
1240 1423 1502 1489 νομίζειν,
1529 1424 1627 1474 οὐκ
1674 1424 1738 1475 ἂν
1763 1424 1846 1492 εἴη

277 1508 440 1573 λόγον
477 1509 668 1573 σῶζον,
726 1512 814 1562 ὅτε
866 1511 962 1579 τὴν
1027 1512 1124 1579 μὲν
1171 1512 1528 1579 ἀφανίζεσθαι
1564 1514 1848 1582 συμϐαίνει

283 1600 422 1665 μετὰ
454 1600 585 1666 μίαν
612 1601 706 1651 καὶ
736 1600 993 1670 δευτέραν
1020 1604 1229 1670 ἡμέραν
1260 1603 1431 1671 ὄχλων
1468 1605 1563 1655 καὶ
1604 1604 1849 1671 θορύϐων

280 1692 397 1750 τοῖς
452 1693 827 1761 μεμνημένοις
912 1694 1333 1762 περιχεϐέντων,
1395 1696 1493 1760 τὴν
1546 1696 1729 1747 πίστιν
1792 1697 1849 1748 δὲ

279 1781 461 1842 οὐδείς
500 1784 646 1835 ιστιν
696 1782 752 1845 ὃς
806 1787 1065 1851 ἠγνόησε,
1136 1788 1471 1855 μεριμνήσας
1500 1790 1556 1838 ὲν
1579 1786 1719 1839 οὕτω
1760 1792 1849 1839 καὶ

1943 613 2008 663 ad
2037 628 2203 665 unum
2233 626 2407 679 usque
2436 610 2737 663 alterumve
2788 609 2931 662 diem
2984 609 3036 661 iu
3087 609 3244 663 nobis
3298 620 3501 664 manet.

1941 702 2059 756 Jain
2116 719 2242 755 vero
2292 704 2456 757 etiam
2500 702 2644 754 illam
2695 701 3151 769 exstitigttintus,,
3186 701 3506 756 inducentcs

1944 796 2288 861 negotiorum
2331 795 2671 849 saecularium
2704 794 2960 858 hiemem,
2994 794 3331 861 nubiumque
3370 796 3501 847 deu-

1934 884 2104 938 Sitate
2142 884 2469 949 depellentes
2502 886 2702 937 radios.
2743 904 2760 933 ι

2020 977 2137 1029 Non
2191 978 2355 1042 igitur
2378 993 2549 1043 usque
2572 979 2637 1030 ad
2674 977 3078 1043 cogitationem.
3108 986 3163 1030 et
3194 978 3511 1031 mstimatio-

1948 1077 2175 1128 nem,et
2208 1069 2363 1120 Iidem
2409 1077 2620 1121 tantum
2685 1069 2971 1135 haptizatis
3032 1068 3157 1123 licet
3202 1069 3366 1121 Deum
3422 1086 3510 1121 ro-

1948 1172 2239 1222 gnoscere:
2274 1161 2365 1210 sed
2407 1167 2459 1209 et
2511 1160 2685 1224 majus
2726 1159 2981 1227 quiddam
3030 1168 3081 1211 et
3147 1160 3221 1213 rei
3280 1160 3510 1211 vit-iuius

1950 1247 2000 1299 in
2040 1247 2194 1313 aquis
2225 1247 2343 1300 iStis
2373 1257 2449 1298 est
2501 1247 2759 1299 invenire.
2818 1247 3101 1317 Fulgorem
3162 1251 3306 1301 enim
3361 1249 3508 1300 illum

1952 1334 2042 1389 Dei
2066 1337 2425 1403 cognitionem
2456 1338 2505 1389 in
2540 1337 2720 1391 animo
2749 1338 3039 1401 collocare,
3076 1346 3129 1389 et
3156 1338 3349 1391 mentis
3381 1339 3514 1391 lam-

1951 1425 2140 1490 padem
2175 1440 2292 1478 esse
2322 1426 2655 1489 existimare,
2708 1442 2814 1479 non
2848 1427 3058 1481 videtur
3092 1429 3277 1496 aliqua
3307 1430 3515 1482 ratione

1952 1516 2073 1569 niti.
2108 1515 2259 1569 Hunc
2292 1518 2435 1569 enim
2466 1527 2587 1583 post
2621 1534 2788 1570 unum
2843 1519 3148 1572 alterumve
3192 1520 3361 1583 diem,
3404 1530 3516 1572 tur-

1953 1611 2036 1663 bis
2073 1620 2118 1662 et
2156 1610 2478 1662 tumultibus
2503 1610 2745 1663 initiatos
2782 1611 3161 1664 invadentibus
3189 1626 3517 1664 evanescere

1954 1700 2248 1769 contingit:
2287 1710 2370 1754 ast
2393 1700 2547 1752 fidem
2585 1701 2675 1767 qui
2710 1702 3070 1755 sollicitudine
3098 1702 3336 1755 adhibita
3370 1704 3520 1771 igno-

1955 1793 2173 1855 raverit,
2206 1802 2258 1845 et
2293 1804 2400 1845 tam
2436 1792 2580 1844 brevi
2630 1801 2891 1858 tempore,
2926 1807 3084 1845 nemo
3116 1802 3221 1849 est.
3259 1794 3363 1846 Sed
3396 1796 3519 1846 licet

280 1872 457 1924 ταῦτα
489 1873 666 1942 χρόνῳ
696 1874 885 1945 βραχεῖ
910 1892 924 1904 '
955 1876 1068 1928 ἀλλ’
1101 1876 1214 1928 ἔστι
1245 1882 1337 1929 καὶ
1389 1880 1687 1947 πράγματα
1708 1880 1850 1947 ἔχειν
1887 1879 1924 1935 Β
1954 1901 1967 1938 ε

1832 1898 1850 1928 ν
1887 1879 2007 1938 Bet
2066 1886 2333 1939 molestiis
2392 1883 2717 1951 conﬂictari,
2776 1893 2827 1936 et
2881 1884 2949 1937 de
3002 1886 3198 1937 divinis
3250 1886 3519 1938 disserere

283 1969 383 2018 καὶ
413 1967 687 2032 θεολογεῖν
727 1968 929 2019 εἰδέναι
967 1968 1167 2029 καλῶς.
1207 1972 1299 2020 καὶ
1334 1970 1394 2021 τὸ
1422 1970 1606 2038 μεῖζον
1655 1970 1853 2024 πάθεσι

284 2059 720 2125 προσκειμένους
747 2055 887 2111 εἶναι
916 2064 1192 2129 πονηροῖς,
1214 2063 1305 2113 καὶ
1335 2063 1424 2113 τὸν
1455 2064 1552 2128 τῆς
1584 2063 1855 2131 σωτηρίας

283 2152 381 2200 καὶ
424 2150 523 2216 τῆς
578 2151 810 2217 ἀληθοῦς
873 2153 1191 2219 φιλοσοφίας
1253 2156 1411 2219 λόγον
1464 2156 1564 2206 οὐκ
1617 2156 1855 2221 ἀγνοεῖν.

289 2242 458 2292 ὈΟεν
486 2242 644 2310 δῆλον
675 2245 930 2314 αἴσθησιν
956 2244 1162 2312 άμεσον
1209 2244 1352 2300 εἷναί
1397 2266 1518 2299 τινα
1551 2248 1720 2301 ταῦτα
1758 2249 1854 2300 τοῦ

286 2333 448 2395 Θεοῦ,
479 2337 575 2403 τῆς
599 2336 812 2388 ἐκεῖθεν
845 2340 1062 2400 ἀκτῖνος
1098 2341 1194 2407 τῆς
1224 2340 1403 2409 ψυχῆς
1436 2341 1605 2408 αὐτῆς
1634 2344 1857 2410 ἀφανῶς

286 2425 628 2494 ἁπτομένης.
659 2427 874 2496 Ταύτης
907 2430 1152 2499 σύμϐολα
1175 2432 1274 2501 τῆς
1304 2434 1540 2497 άκτῖνος,
1590 2434 1623 2488 ἃ
1654 2436 1713 2487 τὸ
1738 2437 1859 2488 λου-

285 2516 416 2582 cp»;
448 2515 753 2583 ἐκδέχεται.
810 2519 990 2572 Πάντα
1054 2521 1164 2588 γὰρ
1225 2523 1613 2592 λαμπρότητος
1676 2527 1856 2595 γέμει,

285 2604 594 2669 λαμπάδες,
640 2607 798 2675 ᾠδαὶ,
861 2613 1093 2679 χορεῖαι,
1124 2612 1403 2681 θρίαμὸοι,
1459 2616 1662 2670 οὐδὲνὸ
1697 2634 1746 2668 τι
1787 2620 1859 2686 μὴ

288 2696 539 2763 φαιδρὸν,
574 2698 737 2765 ἐσθὴς
777 2704 923 2753 πᾶσα
959 2703 1059 2770 μὲν
1081 2703 1372 2773 λάμπουσα
1401 2711 1491 2757 καὶ
1524 2712 1656 2776 προς
1682 2711 1858 2777 φωτὸς

288 2788 422 2839 θέαν
475 2792 933 2860 ἐσκευασμένη-ἠ
968 2796 1023 2847 δὲ
1052 2800 1186 2865 πρὸς
1219 2803 1284 2866 τῇ
1324 2800 1531 2869 κεφαλῇ
1589 2804 1679 2853 καὶ
1729 2802 1862 2855 αὐτὸ

286 2879 494 2946 γράφει
520 2880 580 2931 τὸ
609 2882 828 2950 πνεῦιμα
860 2887 952 2937 καὶ
976 2886 1076 2953 τῆς
1102 2888 1264 2939 αὑτοῦ
1296 2892 1598 2959 παρουσίας
1633 2894 1863 2961 αἴνιγμα

290 2971 451 3038 φέρει
481 2971 540 3022 τὸ
581 2975 790 3041 σχῆμα.
838 2975 946 3026 Καὶ
991 2978 1099 3045 γὰρ
1130 2980 1209 3041 εἰς
1251 2982 1432 3033 εἰκόνα
1475 2983 1722 3051 γλώσσης
1771 3001 1864 3035 πε-

290 3060 539 3127 ποίηται,
612 3066 867 3133 καθάπερ
920 3060 1031 3118 οἶόν
1076 3086 1134 3120 τε
1167 3072 1261 3123 καὶ
1296 3073 1511 3140 ἱμάτιον
1558 3079 1620 3141 τῇ
1653 3078 1862 3145 κεφαλῇ

292 3152 493 3213 σώζειν
520 3154 696 3206 καὶτὸ
718 3157 907 3226 σχῆμα
942 3159 1100 3211 τοῦτο
1127 3163 1393 3229 κομίζειν,
1421 3166 1477 3215 ἐν
1502 3160 1544 3231 ᾧ
1562 3165 1621 3216 τὸ
1648 3167 1864 3235 πνεῦμα
1895 3226 1929 3240 η

287 3246 419 3306 τοὺς
475 3246 810 3311 ἀποστόλους
838 3250 895 3312 ἐξ
930 3253 1102 3321 ἀρχῆς
1150 3256 1321 3324 ἐφάνη
1389 3255 1671 3323 βαπτίζον.
1713 3258 1861 3311 Ἐπεὶ

294 3338 578 3390 καὶτοῦτο
611 3340 705 3391 τοῦ
741 3339 992 3409 σώματος
1038 3344 1220 3394 αὐτῶν
1275 3346 1581 3413 τηνικαῦτα
1637 3350 1865 3416 κατέσχε

290 3431 352 3480 τὸ
406 3431 595 3499 μέρος,
650 3434 745 3484 καὶ
796 3431 862 3503 ἦν
902 3436 992 3485 ἐπὶ
1033 3436 1134 3501 τῆς
1178 3438 1417 3506 κεφαλῆς
1462 3442 1693 3492 ἑκάστου
1759 3442 1868 3510 πῦρ

293 3523 427 3573 ξδεῖν
450 3526 508 3575 ὲν
539 3526 779 3593 σχήματι
809 3526 1079 3596 γλώττης.
1110 3527 1389 3598 ἵν’,οἷμαι,
1417 3532 1495 3599 τῷ
1508 3532 1574 3600 τῆ
1626 3532 1869 3599 γλώττης

290 3616 428 3666 εῖδει
480 3617 581 3683 τῆς
620 3617 847 3670 καθόδου
909 3620 1127 3690 μηνύσῃ
1161 3622 1259 3689 την
1294 3625 1590 3690 πρόφασιν,
1650 3626 1733 3675 ὅτι
1779 3626 1870 3676 τὸν

297 3707 540 3774 συγγενῆ
590 3708 746 3774 λόγον
805 3711 1150 3780 ἑρμηνεῦσον
1209 3713 1433 3781 ἐλήλυθε
1510 3716 1602 3766 καὶ
1658 3716 1869 3779 διδάξων

292 3799 577 3863 ἀγνοοῦσι.
600 3800 769 3852 Τοῦτο
801 3803 907 3868 γάρ
928 3804 1043 3853 ἐστι
1065 3799 1330 3871 γλώττης,
1358 3805 1391 3873 ἡ
1414 3806 1602 3858 τᾶνδον
1626 3809 1867 3874 ικφέρει,

291 3892 405 3944 τῶν
438 3893 663 3960 ἀφανῶν
696 3894 786 3945 τοῦ
812 3894 903 3946 νοῦ
944 3896 1261 3963 κινημάτων
1287 3897 1515 3963 άγγελος
1557 3898 1709 3952 οὖσα.
1764 3902 1873 3952 Καὶ

290 3986 405 4051 γάρ
436 3986 461 4034 ὁ
485 3985 587 4051 μὲν
612 3985 701 4035 τὸν
716 3988 1105 4054 γεγεννηκότα,
1128 3986 1217 4037 τὸν
1237 3986 1292 4039 δὲ
1322 3989 1384 4039 τὸ
1418 3988 1642 4057 Πνεῦμα
1676 3990 1876 4059 κηρύτ-

295 4090 405 4126 τει.
473 4072 661 4139 (Ἐγὼ
701 4081 832 4143 γὰρ,
886 4076 1071 4144 φησὶν,
1121 4075 1349 4139 ὲδόξασά
1396 4095 1478 4141 σε,
1512 4097 1529 4127 ι
1591 4081 1726 4148 πρὸς
1783 4082 1875 4132 τὸν

298 4163 542 4231 Πατέρα,
583 4183 601 4213 ι
632 4162 726 4215 καὶ⁸
759 4159 913 4226 οὗτος
938 4167 1036 4233 ἐμὲ
1066 4166 1299 4230 δοξάσει,
1342 4187 1358 4217 i
1398 4168 1487 4219 τὸν
1517 4170 1876 4240 ῐῐαράκλητον

292 4255 511 4321 λέγων’
552 4255 671 4305 ἀντί
701 4256 905 4307 τούτων
955 4258 1054 4322 μὲν
1090 4256 1319 4319 ἐκείνοις
1364 4260 1419 4309 ἐν
1482 4261 1660 4329 τούτῳ
1691 4264 1879 4328 φαίνε-

293 4363 387 4397 ται
419 4346 497 4411 τῷ
531 4345 699 4411 τόπῳ.
741 4347 813 4397 Τὸ
851 4345 1117 4413 σύμϐολον
1145 4348 1201 4398 δὲ
1229 4350 1361 4417 ἡμῖν
1394 4353 1472 4411 εἰς
1504 4354 1678 4403 ἐκεῖνο
1717 4354 1875 4425 φέρει

293 4438 356 4488 τὺ
383 4437 595 4504 θαῦμα,
627 4440 715 4488 τὸν
751 4438 1009 4505 λογισμὸν
1035 4440 1129 4490 καὶ
1159 4441 1253 4507 τὴν
1286 4441 1500 4506 ἡμέραν
1531 4443 1749 4513 ἐκείνην
1781 4445 1878 4514 τὴν

1956 1975 2124 2044 probe
2160 1990 2351 2038 nosse,
2382 1983 2435 2028 et
2464 1977 2610 2043 quod
2650 1973 2827 2041 majus
2852 1980 2953 2037 est,
3014 1974 3519 2042 perturbationibus

1955 2068 2231 2121 addictum
2259 2092 2271 2109 ο
2300 2082 2380 2121 sse
2412 2066 2641 2127 vitiosis,
2666 2075 2719 2117 et
2744 2064 2935 2119 salutis
2969 2079 3033 2117 ac
3088 2079 3225 2118 vera:
3285 2066 3526 2132 philos-ti-

1957 2160 2097 2228 pltiu:
2121 2160 2387 2213 rationem
2421 2174 2528 2211 non
2564 2158 2796 2210 nescire.
2834 2155 2993 2209 Unde
3040 2156 3229 2225 liquet.
3268 2156 3381 2209 lucc
3431 2156 3521 2207 Dr-i

1958 2267 2178 2306 sensum
2210 2266 2329 2304 esse
2367 2250 2642 2316 quondam
2676 2250 2807 2302 citra
2840 2248 3074 2299 medium
3102 2247 3255 2300 radio
3277 2250 3366 2317 qui
3400 2249 3524 2302 imlc

1958 2342 2460 2410 pt‘OCcditaniinam
2508 2341 2678 2408 ipsam
2731 2339 2999 2392 occultius
3046 2339 3297 2391 feriente.
3349 2338 3523 2405 Hujus

1962 2432 2097 2486 radii
2130 2432 2374 2503 symbola
2402 2441 2551 2496 sunt,
2603 2446 2721 2499 qua:
2766 2430 2819 2483 in
2881 2430 3147 2498 baptismo
3198 2442 3521 2483 cernuntur.

1960 2522 2151 2576 Omnia
2191 2523 2332 2575 enim
2369 2523 2522 2588 plena
2551 2530 2677 2574 sunt
2708 2520 3021 2586 Splendore,
3074 2522 3370 2588 lampades,
3398 2537 3527 2574 rau-

1962 2626 2068 2677 tus,
2108 2613 2284 2673 chori,
2314 2613 2600 2680 triumphi,
2666 2611 2799 2664 nihil
2860 2612 3004 2678 quod
3056 2628 3160 2663 non
3199 2612 3271 2664 sit
3338 2614 3526 2666 hilare.

1962 2703 2141 2756 Vestis
2179 2712 2288 2754 tota
2314 2701 2547 2770 fulgens,
2574 2711 2629 2753 et
2676 2701 2742 2752 ad
2812 2700 3049 2766 Speciem
3121 2699 3258 2752 lucis
3320 2711 3527 2768 parata.

1962 2796 2091 2860 Quae
2119 2804 2279 2861 caput
2303 2795 2450 2859 tegit,
2478 2802 2530 2845 et
2552 2794 2724 2860 ipsum
2758 2792 3005 2859 spiritum
3037 2792 3195 2843 habet
3238 2793 3526 2858 depictum,

1962 2897 2016 2939 et
2048 2884 2268 2954 figuram
2300 2884 2422 2945 l‘ert,
2458 2898 2563 2950 qua
2597 2883 2864 2934 adventus
2923 2881 3039 2948 ejus
3073 2881 3365 2935 obscurius
3391 2882 3531 2933 indi-

1964 2984 2142 3031 catur.
2184 2975 2391 3027 Etenim
2450 2974 2646 3041 lingua:
2679 2972 2873 3026 simils
2946 2982 3048 3035 est,
3111 2982 3273 3041 prout
3331 2983 3531 3025 vestem

1964 3078 2173 3137 gestare
2209 3074 2389 3133 caput,
2421 3074 2472 3117 ct
2499 3065 2714 3117 schema
2781 3073 2997 3131 portare
3037 3071 3236 3130 potest,
3270 3078 3379 3130 quo
3416 3063 3535 3130 Spi-

1967 3162 2105 3213 ritus
2130 3160 2406 3226 apostolos
2436 3173 2462 3209 a
2506 3155 2774 3225 principio
2806 3155 3085 3222 baptizans
3126 3156 3273 3208 visus
3305 3166 3407 3220 est,
3441 3171 3534 3208 cx-

1970 3254 2240 3321 primitur.
2281 3250 2550 3314 Quoniam
2585 3258 2638 3301 et
2672 3248 2757 3299 hic
2810 3255 3020 3314 partem
3084 3248 3329 3313 corporis
3390 3247 3536 3314 ipso-

1973 3360 2089 3395 rum
2123 3351 2250 3395 tuuc
2276 3341 2492 3401 insedit,
2528 3351 2579 3391 et
2611 3348 2725 3391 erat
2770 3351 2932 3405 super
2973 3348 3137 3404 caput
3161 3338 3430 3403 cujusque
3464 3341 3539 3387 vi-

1969 3436 2097 3488 de-re
2129 3434 2305 3502 ignem
2345 3432 2397 3484 in
2429 3429 2595 3498 ﬁgura
2622 3430 2853 3499 linguae;
2899 3439 2975 3492 ut,
3022 3430 3073 3480 ni
3121 3427 3295 3487 fallor,
3360 3431 3539 3494 specie

1972 3528 2167 3595 lingua:
2195 3525 2535 3578 occasionem
2558 3538 2891 3588 causamque
2923 3524 3221 3574 descensus
3250 3521 3535 3580 indicaret,

1972 3620 2117 3688 quod
2155 3606 2386 3672 Verbuin
2413 3617 2510 3669 sibi
2544 3630 2783 3669 coaavum
2812 3614 3267 3681 interpretaturus
3307 3615 3536 3674 venirt-t,

1974 3721 2023 3765 et
2055 3712 2315 3764 docturus
2363 3710 2711 3777 ignorantes;
2747 3708 2847 3758 hoc
2902 3706 3046 3757 cnim
3104 3705 3300 3773 lingua:
3344 3720 3541 3756 munus

1973 3815 2075 3867 cst,
2110 3818 2229 3870 quae.
2274 3803 2421 3853 intus
2476 3801 2707 3865 cogitata
2766 3797 2942 3855 clTert.
3005 3811 3111 3848 non
3167 3797 3543 3862 apparentiom

1975 3896 2139 3947 animi
2172 3894 2471 3946 motionum
2496 3890 2705 3943 nuntia.
2730 3889 2933 3941 Etenim
2958 3889 3043 3940 hic
3076 3888 3295 3953 quidem
3330 3886 3543 3953 (Λόγος)

1975 4001 2098 4039 eum
2131 3986 2222 4052 qui
2260 3982 2559 4050 generavit,
2598 3989 2911 4049 generatum
2961 3978 3193 4044 Spiritus
3258 3978 3542 4043 praedicat:

1981 4095 1997 4136 ς
2028 4079 2156 4142 Ego,
2193 4093 2208 4123 ι
2238 4070 2745 4139 inquitadl'atrem,
2768 4086 2784 4118 ι
2807 4066 3098 4135 gloriticavi
3126 4066 3230 4118 te"
3259 4082 3273 4125 ;
3315 4074 3393 4118 iet
3416 4086 3433 4115 ι
3462 4066 3548 4118 ille

1980 4182 2063 4219 me
2096 4166 2417 4236 gloriﬁcahit
2446 4164 2509 4225 ",
2550 4181 2569 4212 ι
2598 4161 2905 4213 Paracletus
2943 4160 3219 4211 nimirum.
3247 4158 3534 4224 Pr0pterra

1979 4259 2141 4326 igitur
2175 4257 2225 4308 in
2258 4258 2355 4307 hac
2397 4256 2565 4321 ligura
2599 4254 2705 4305 illis
2735 4267 2791 4305 se
2846 4250 3063 4316 objecit.
3102 4249 3414 4317 Symbolum
3449 4264 3547 4299 au-

1982 4362 2087 4401 tem
2129 4348 2516 4415 cogitationem
2556 4354 2800 4396 nostram
2844 4342 2907 4394 ad
2959 4340 3087 4394 illud
3118 4340 3465 4397 miraculum,
3497 4349 3549 4390 et

1980 4444 2121 4494 diem
2156 4442 2304 4492 illum
2341 4440 2544 4491 felicem
2575 4435 2811 4496 deducit,
2860 4448 2980 4501 quae
3022 4433 3197 4499 prima
3260 4431 3548 4497 baptisma-

296 4526 500 4595 καλὴν,
540 4527 573 4595 ἢ
601 4526 695 4578 τοῦ
728 4527 1114 4595 βαπτίσματος
1141 4529 1240 4598 τὴν
1281 4529 1503 4598 πρώτην
1549 4528 1656 4583 εἶδε
1709 4551 1877 4587 κατα-
1904 4547 1955 4604 D

1858 4566 1877 4576 -
1904 4547 1955 4604 D
1984 4534 2050 4585 tis
2081 4531 2329 4599 promissi
2380 4530 2698 4597 pensionem
2748 4524 2908 4576 vidit:
2964 4533 3022 4576 ut
3057 4523 3294 4575 Sciamus
3353 4535 3468 4582 eos,
3497 4521 3545 4570 in

296 4618 489 4686 ὅσλὴν,
525 4618 592 4667 ἵν’
627 4618 879 4686 εἰδῶμεν,
914 4619 986 4679 ὠς
1009 4621 1055 4669 οἱ
1095 4621 1213 4686 μὲν,
1246 4614 1325 4681 οἷς
1377 4622 1579 4689 ἐπῆ).οε
1635 4623 1870 4693 πρώτοις

294 4712 357 4762 τὸ
376 4711 626 4777 Πνεῦμα,
660 4712 769 4771 τοῖς
794 4710 922 4778 ἑξῆς
959 4712 1272 4779 μετέδοσαν,
1310 4714 1403 4763 καὶ
1431 4708 1576 4765 οὗτοι
1606 4718 1716 4778 τοῖς
1754 4721 1873 4783 μετ’

294 4805 569 4867 ἐκείνους,
600 4805 692 4855 καὶ⁹
719 4805 913 4872 μέχρις
965 4804 1117 4872 ἡμῶν
1140 4804 1312 4866 οὕτως
1344 4802 1471 4873 ἦλθε
1508 4808 1720 4874 βαδίζον
1744 4826 1754 4837 ·
1783 4812 1875 4862 καὶ

292 4896 399 4947 οὐκ
449 4892 719 4960 ἐπιλείψει
748 4893 806 4943 τὸ
833 4893 1024 4958 δῶρον,
1079 4893 1180 4953 ἕω;
1238 4894 1303 4945 ἂν
1335 4897 1469 4963 ημῖν
1497 4896 1659 4954 αὐτὸς
1719 4900 1875 4966 ἐναρ-

294 4985 464 5049 γῶςὸ
504 4983 739 5052 χορηγὸς
788 4984 1006 5050 ἐπιστῇ.
1068 4984 1199 5035 Τότε
1238 4986 1337 5047 μὲν
1384 4981 1477 5036 οὖν
1527 4989 1644 5047 ,τοῖς
1700 5004 1877 5055 μακαο

298 5077 442 5145 ρίοις
474 5076 502 5124 ὁ
536 5075 813 5141 Δεσπότης
846 5073 1095 5139 καθαρὰν
1130 5074 1379 5142 αἴσθησιν
1412 5076 1603 5126 ἑαυτοῦ
1652 5078 1876 5143 παρέξει

296 5168 409 5218 τῶν
462 5165 942 5234 ἐπιπροσθοῦντων
985 5165 1370 5235 ἀνῃρημένων,
1434 5165 1530 5217 νῦν
1580 5167 1637 5218 δὲ
1689 5166 1877 5235 ὥσπερ

297 5259 483 5322 ἔξεστι
536 5258 650 5315 τοῖς
718 5255 885 5323 σαρκὶ
907 5256 1111 5322 παχείᾳ.
1158 5254 1608 5322 καλυπτομένοις.
1663 5256 1877 5324 Ταύτης

295 5350 400 5413 τῆς
445 5345 820 5414 αἱσθήσεωςή
855 5345 1093 5414 aperi-.0;
1154 5346 1298 5411 χαρᾶ
1350 5348 1443 5395 καὶ
1496 5348 1528 5412 ἡ
1592 5346 1879 5413 ὑπερφυὴς

292 5440 497 5505 ἀγάπη
517 5437 726 5505 καρπός
748 5453 760 5465 ·
782 5437 985 5488 τούτων
1004 5436 1058 5486 δὲ
1081 5436 1135 5486 τι
1156 5434 1383 5501 μέγεθος
1400 5436 1507 5487 τῶν
1529 5438 1884 5506 κατορθωμά-

296 5547 435 5591 των,
462 5527 556 5577 καὶ
582 5528 614 5593 ἡ
639 5526 928 5591 θαυμαστὴ
950 5525 1057 5574 τῶν
1076 5523 1252 5591 ἔργων
1276 5524 1556 5588 ἐπίδειξις,
1596 5528 1688 5577 καὶ
1720 5528 1781 5577 τὸ
1796 5527 1883 5579 διὰ

301 5621 526 5673 πάντων
562 5617 829 5678 νικῶντας
867 5619 958 5667 καὶ
996 5615 1717 5683 στεφανηφοροῦνταςίἐναι.
1747 5619 1884 5670 Τού-

303 5726 415 5768 τοις
433 5708 539 5771 γὰρ
556 5706 935 5769 ὡπλισμένους
954 5710 1063 5767 τοῖς
1082 5707 1261 5765 ὅπλοις
1282 5705 1403 5755 εὖτε
1427 5706 1525 5756 τῶν
1559 5708 1743 5759 δεινῶν
1760 5707 1882 5760 οὔτε

1385 5821 1435 5844 ιι

380 5824 429 5856 ⁸⁵
461 5822 618 5875 Joan.
660 5838 787 5881 xvn,
820 5822 872 5876 4.
955 5822 999 5851 ⁵⁸
1039 5820 1172 5873 Joan
1232 5838 1335 5872 ιιι.
1385 5821 1463 5870 li.

1978 4641 2113 4694 quos
2154 4625 2385 4690 primum
2447 4620 2683 4685 Spiritus
2735 4620 2901 4681 venit,
2951 4614 3183 4682 posteris
3244 4612 3538 4665 communi-

1981 4730 2154 4774 casse,
2187 4724 2239 4765 et
2272 4714 2395 4764 illos
2428 4712 2543 4766 suis
2603 4709 2858 4777 posteris,
2888 4716 2942 4759 et
2987 4706 3062 4758 ita
3110 4704 3543 4773 progredientem

1982 4803 2048 4856 ad
2080 4819 2174 4855 nos
2210 4802 2444 4860 venisse,
2474 4814 2572 4851 nec
2620 4798 2958 4850 deiecturum
2984 4796 3205 4854 donum,
3250 4792 3421 4845 donec
3450 4808 3543 4843 no-

1984 4896 2064 4945 bis
2091 4892 2140 4946 id
2166 4892 2278 4958 ipse
2299 4890 2668 4959 suppeditator
2697 4889 2995 4941 contrahat.
3020 4883 3171 4936 Tune
3207 4884 3369 4951 igitur
3401 4884 3529 4934 buu-

1984 4993 2052 5042 tis
2118 4986 2377 5038 Dominus
2436 5000 2623 5052 purum
2659 4995 2875 5035 sensum
2933 4979 3016 5031 sui
3060 4978 3228 5046 ipsius
3265 4975 3540 5044 prmhebit,

1984 5094 2103 5131 Clllll
2138 5076 2415 5143 interjecta
2464 5083 2515 5125 et
2548 5072 2838 5124 luminibus
2884 5068 3170 5122 ollicientia
3218 5067 3428 5120 sublata
3464 5064 3551 5116 [ιι-

1984 5171 2146 5221 erint.
2171 5165 2322 5219 Nunc
2350 5174 2547 5222 autem.
2582 5172 2639 5214 ut
2669 5162 2810 5221 licet,
2831 5160 3010 5212 carnis
3039 5157 3284 5212 crassitie
3314 5154 3551 5222 cooperti

1991 5257 2152 5325 hujus
2181 5270 2373 5308 sensus
2431 5251 2858 5319 inexplicabilem
2905 5249 3163 5304 laetitiam,
3192 5256 3242 5297 et
3284 5245 3550 5307 insignem

1988 5346 2267 5400 that-italis
2290 5345 2524 5395 fructum
2585 5341 2907 5407 percipiunt,
2960 5351 3123 5403 penes
3154 5350 3290 5402 quos
3324 5343 3406 5384 est
3445 5349 3557 5383 uia-~

1990 5435 2207 5505 gnitudn
2256 5442 2399 5486 recte
2457 5431 2739 5489 factorum,
2785 5437 2836 5479 et
2876 5425 3277 5477 admirabilium
3331 5438 3551 5487 Opcruin

1989 5523 2404 5583 demonstratio,
2432 5522 2631 5588 quique
2662 5534 2783 5571 cum
2812 5515 3055 5569 victoriis
3110 5524 3157 5565 et
3192 5513 3409 5565 coronis
3440 5528 3551 5580 per-

1990 5624 2179 5683 agrant
2218 5615 2418 5666 omnia.
2456 5612 2551 5664 llis
2577 5610 2720 5663 enim
2752 5608 2919 5661 armis
2967 5603 3244 5664 instructi,
3279 5618 3375 5655 nec
3409 5613 3552 5653 atro-

1990 5708 2167 5767 cibus,
2218 5720 2312 5756 nec
2364 5702 2618 5772 jncundis
2679 5701 2989 5752 vincuntur.
3036 5696 3243 5748 Etenim
3300 5692 3553 5761 gaudium
