4272 6446
737 418 834 479 1171

1946 419 2245 477 ΝΙΟ·.)[.;11
2290 416 2674 475 CABASlLE

3856 397 3967 467 072

736 554 928 595 omnes
960 548 1164 592 naturae
1190 550 1302 591 sua:
1327 535 1542 591 divitias
1573 536 1626 588 in
1651 551 1767 586 eam
1792 534 2043 595 contulit,
2080 547 2207 586 tunc
2245 535 2294 586 in
2330 538 2372 590 Α
2401 532 2423 583 6

2288 553 2294 585 l
2330 538 2372 590 Α
2401 532 2491 583 θὲν
2516 532 2618 600 ἤδη
2646 531 2706 581 τὸ
2741 528 2914 599 μῦρον
2943 526 3166 588 εἰκότως
3198 523 3410 594 χρίσμα
3443 519 3536 573 καὶ
3564 518 3679 572 ἔστι
3701 518 3795 569 καὶ
3818 516 3975 580 λέγε-

739 644 910 696 tpsam
942 627 1168 681 effusum
1197 630 1825 697 1111111111‹,111011111111,1111·.’
1851 627 2087 680 chrisma
2112 636 2165 680 et
2194 635 2295 688 est,

741 733 794 775 et
850 722 1181 777 nominatur.
1212 723 1343 775 Nam
1369 722 1787 783 communicari,
1818 722 1919 774 hoc
1952 720 2051 788 ipsi
2084 730 2137 773 et
2158 721 2302 773 01111-

742 829 882 874 sma,
939 829 1032 866 seu
1088 824 1417 879 unguentum
1479 830 1600 867 esse
1636 852 1650 873 .
1687 824 1739 866 et
1782 812 1982 867 ell'uudi
2041 814 2161 867 fuit.
2194 813 2302 866 Nec

743 907 886 958 enim
912 905 1139 958 mutavit
1188 906 1386 962 locum,
1422 921 1517 958 nec
1548 907 1728 959 divisit
1762 921 1997 967 murum,
2031 921 2127 958 nec
2157 914 2303 955 trau-

745 999 973 1052 scendit:
1003 998 1092 1051 sed
1127 1000 1270 1065 quod
1311 1000 1482 1064 1ι1ε11111
1513 1017 1538 1049 a
1597 999 1751 1051 nobis
1785 1000 2024 1061 arcebat,
2053 999 2305 1065 quodque

747 1090 974 1153 ipsemet
1004 1089 1219 1147 fecerat.
1250 1092 1299 1143 id
1359 1092 1562 1143 nullum
1602 1092 1652 1143 in
1681 1092 1859 1141 medio
1893 1092 2127 1158 reliquit.
2168 1090 2304 1142 Deus

746 1180 891 1231 erirn
929 1181 995 1232 ab
1023 1182 1331 1232 hominibus
1374 1196 1477 1232 non
1544 1182 1660 1235 11100
1709 1182 1963 1245 distabat,
1996 1183 2088 1250 qui
2122 1182 2306 1248 implet

747 1285 963 1322 onmem
1004 1271 1201 1331 locum,
1251 1272 1341 1324 sed
1373 1271 1673 1325 dill‘erentia
1736 1272 1988 1333 distabat,
2034 1281 2088 1325 et
2116 1281 2305 1324 natura

749 1378 808 1413 se
864 1363 1031 1427 ipsam
1083 1361 1185 1414 sibi
1246 1376 1273 1412 a
1320 1360 1429 1415 [ten
1458 1365 1693 1424 arcebat,
1731 1362 2024 1414 differendo
2054 1364 2309 1415 omnibus

752 1468 872 1517 qua:
907 1453 1159 1516 habebat,
1192 1462 1246 1506 et
1281 1455 1423 1505 milia
1451 1469 1571 1505 eum
1606 1468 1669 1505 eo
1697 1453 2085 1505 communitate
2111 1469 2306 1506 conso-

754 1546 910 1596 ciata.
939 1542 1073 1596 Nam
1107 1545 1221 1611 ipse
1279 1545 1491 1611 quidem
1530 1542 1669 1598 Dens
1699 1545 1873 1597 solum
1916 1543 2080 1607 Deus,
2117 1554 2309 1597 natura

753 1644 937 1689 nostra
984 1636 1144 1687 homo
1182 1644 1389 1686 tantum
1426 1645 1562 1687 erat.
1603 1634 1698 1687 Ubi
1728 1650 1855 1686 vero
1886 1649 2012 1686 caro
2042 1634 2309 1696 deilieata,

753 1736 807 1777 et
846 1737 1035 1780 natura
1086 1729 1320 1779 humana
1346 1727 1520 1789 ipsum
1560 1726 1722 1779 Deum
1758 1728 2091 1795 hypostatice
2124 1727 2311 1778 sortita

754 1827 857 1879 est,
913 1834 1099 1872 murus
1123 1834 1217 1871 seu
1265 1818 1440 1886 paries
1473 1819 1581 1885 jam
1633 1828 1964 1885 unguentum
2007 1817 2232 1879 exstitit,
2264 1826 2316 1867 et

2404 641 2515 676 ται.
2548 623 2620 673 Τὸ
2653 621 2759 689 γάρ
2792 618 3154 687 μεταδοθῖγναι
3201 613 3361 667 τοῦτο
3390 608 3457 681 ἦν
3493 608 3643 677 αὐτῷ
3674 607 3881 676 χρίσμα
3913 619 3973 654 τε

2406 713 2659 783 γενέσθαι
2690 715 2783 765 καὶ
2812 709 3112 777 κενωθῆναι
3132 708 3223 759 ὀὐ
3252 706 3360 773 γὰρ
3392 701 3595 773 by.er
3626 699 3809 757 τόπον,
3852 695 3973 746 οὐδὲ

2406 806 2565 859 διεῖλε
2587 806 2790 871 τεῖχος,
2822 800 2932 854 οὐδ’
2960 800 3058 851 ὑπε
3069 798 3223 869 ρέϐη,
3247 796 3383 849 ἀλλὰ
3395 794 3453 845 τὸ
3472 794 3704 860 διεῖργον
3725 787 3977 852 τὼνήμε-

2408 896 2582 961 τέρων
2635 892 2817 953 αὑτὸν,
2870 892 3006 959 ὅπερ
3062 888 3224 948 αὐτὸς
3275 883 3566 945 ἀποδείξας
3618 879 3766 931 οτῗοδὲν
3796 879 3974 943 ἀφῆκε

2414 986 2591 1054 μέσον.
2612 982 2935 1050 Ἀνθρὼτων
2955 981 3062 1048 γὰρ
3082 982 3109 1031 0
3132 979 3263 1040 Θεὸς
3292 978 3350 1029 οὐ
3380 976 3525 1040 τίτί)
3554 972 3831 1037 διέφερεν,
3860 969 3886 1019 ὃ
3911 982 3973 1028 γε

2415 1079 2595 1129 πάντα
2625 1077 2790 1127 τόπον
2827 1074 3092 1140 κατέχων,
3126 1070 3258 1121 ἀλλᾶ
3308 1066 3542 1133 διαφορᾷ
3586 1064 3849 1119 διῖστατο,
3884 1057 3975 1108 καὶ

2412 1174 2445 1239 ἡ
2482 1170 2640 1236 φύσις
2668 1168 2837 1234 αὐτὴν
2868 1165 3005 1233 αὐτὴ
3039 1162 3132 1215 τοῦ
3159 1160 3293 1212 Θεοῦ
3328 1161 3538 1225 διεῖργε
3575 1154 3653 1222 τῷ
3697 1154 3862 1204 πᾶσιν
3896 1145 3979 1211 οἷς

2414 1261 2523 1329 εἶχε
2551 1260 2828 1328 διαφέρειν
2859 1259 2952 1307 καὶ
2981 1255 3117 1322 πρὶς
3165 1254 3328 1306 αὐτὸν
3384 1249 3550 1315 μηδὲν
3582 1244 3760 1298 κοινὸν
3792 1242 3935 1312 ἔχειν
3963 1257 3977 1271 ο

2414 1355 2495 1406 ὅτι
2546 1352 2678 1413 Θεὸς
2739 1350 2837 1417 μὲν
2894 1348 3054 1409 αὐτὸς
3112 1346 3294 1412 μόνον,
3345 1344 3378 1410 ἠ
3410 1338 3658 1405 δὲφύσις
3698 1335 3981 1403 ἄνθρωπος

2384 1494 2395 1509 ί
2420 1446 2601 1513 μόνον.
2637 1444 2791 1495 Ἐπεὶ
2836 1442 2893 1493 δὲ
2922 1440 3056 1509 σὰρξ
3092 1436 3320 1503 ὲθεώθη,
3354 1434 3447 1486 καὶ
3474 1432 3632 1500 φύσις
3678 1426 3983 1495 ἀνθρώπων

2419 1538 2715 1589 ὑπόστασιν
2759 1532 2920 1586 αὐτὸν
2966 1532 3125 1599 ἔλαχε
3160 1529 3251 1581 τὸν
3300 1527 3454 1585 Θεὸν,
3479 1524 3543 1576 τὺ
3574 1522 3776 1589 τειχίον
3811 1517 3984 1585 μύρον

2419 1626 2660 1696 ὑπῆρξεν
2690 1624 2793 1693 ήδη
2821 1641 2833 1653 ’
2864 1624 2960 1675 καὶ
2985 1623 3017 1689 ἠ
3048 1618 3284 1688 διαφορὰ
3309 1616 3493 1684 ἐκείνη
3530 1612 3715 1683 χώραν
3747 1612 3845 1661 οὐκ
3871 1609 3986 1674 ἔχει

2420 1720 2517 1785 τῆς
2571 1717 2697 1784 μιᾶς
2754 1713 3102 1772 ὑποστάσεως
3159 1711 3315 1761 τοῦτο
3358 1708 3458 1775 μὲν
3500 1704 3691 1770 οῦσης,
3725 1704 3902 1753 ἐκεῖνο
3929 1698 3986 1750 δὲ

2423 1808 2740 1876 γενομένης,
2774 1806 2807 1874 ἦ
2836 1806 2933 1872 τὴν
2982 1803 3268 1854 διάστασιν
3298 1798 3396 1867 τῆς
3451 1796 3708 1863 θεότητος
3743 1793 3837 1843 καὶ
3896 1792 3990 1840 ἀνι

756 1916 1049 1968 discrimen
1088 1914 1217 1966 illud
1245 1914 1420 1965 locum
1447 1910 1511 1961 de.
1531 1919 1724 1963 caetero
1760 1925 1864 1962 non
1900 1911 2076 1969 habet,
2101 1908 2318 1975 quando
2351 1885 2389 1938 Β
2419 1902 2443 1953 0

2304 1924 2318 1958 1
2351 1885 2389 1938 Β
2419 1900 2769 1970 ορωπότητος
2814 1898 3051 1964 ἀναιρεῖ,
3086 1893 3263 1954 κοινὸς
3297 1891 3422 1960 ὄρος
3470 1888 3738 1956 ἑκατέρας
3771 1882 3988 1950 φύσεως

758 2023 861 2058 una
899 2007 1222 2075 hypostasis,
1255 2007 1369 2056 sive
1391 2003 1770 2065 subsistentia,
1797 2016 1919 2054 cum
1945 1998 2076 2053 illud
2099 2000 2316 2067 quidem

758 2108 924 2159 esset,
960 2099 1059 2150 hoe
1119 2099 1256 2149 facta
1317 2106 1399 2150 est
1428 2113 1441 2149 :
1472 2112 1590 2164 qua!
1624 2094 1931 2163 bvpnstasis
1972 2091 2317 2145 intervallum

2422 1990 2579 2058 οὖσα,
2637 1990 2761 2042 ἐπεὶ
2817 1989 2925 2043 τῶν
2981 1987 3284 2041 διεστώτων
3334 1983 3434 2035 οὐκ
3475 1980 3542 2034 ἂν
3568 1982 3777 2047 γένοιτο
3813 1975 3992 2033 κοινίς

2424 2088 2571 2157 ὄρος.

758 2192 1285 2259 diremptionemque
1344 2189 1483 2243 inter
1506 2189 1743 2243 divinam
1779 2190 2184 2255 humanamque
2219 2193 2445 2237 naturan

2306 2181 2648 2239 iuramtollit.
2714 2180 3022 2232 communis
3081 2181 3286 2226 natura:
3346 2180 3635 2236 utriusque
3704 2166 3993 2221 terminus:

760 2285 1026 2353 siquidem
1072 2285 1382 2338 distantium
1424 2284 1563 2335 haud
1609 2281 2103 2349 possitcounnunis
2127 2279 2393 2332 terminus
2424 2274 2668 2343 reperiri.

832 2375 1157 2441 Sicutergo,
1192 2376 1235 2426 si
1297 2374 1631 2427 alabastrum
1685 2375 1869 2439 aliquo
1901 2372 2132 2425 artilieio
2160 2378 2325 2439 queat

764 2469 814 2519 in
854 2474 1186 2532 unguentum
1221 2464 1440 2539 mutari,
1483 2474 1537 2518 et
1588 2465 1640 2516 in
1670 2464 1841 2532 ipsum
1879 2461 2181 2524 transferri,
2216 2476 2321 2514 nou

765 2559 903 2612 ultra
930 2557 1033 2609 erit
1059 2557 1180 2610 aliis
1228 2555 1763 2617 iucommunicabile,
1822 2572 1920 2606 11·1·
1947 2556 2108 2613 intra,
2135 2568 2234 2606 nec
2268 2552 2321 2605 in

766 2667 823 2704 se
848 2651 965 2717 ipso
993 2664 1237 2711 metiens,
1291 2650 1478 2703 eodem
1526 2648 1692 2699 1110110
1717 2654 1901 2701 nostra
1938 2658 2129 2698 natura
2152 2645 2205 2696 in
2239 2644 2323 2696 di-
2356 2630 2359 2631 ⁷

766 2746 892 2796 vino
927 2758 1150 2809 corpore
1181 2742 1516 2793 divinitatem
1556 2741 1761 2801 induta,
1793 2741 1934 2806 quod
1958 2755 1985 2790 a
2015 2738 2122 2790 Deo
2156 2752 2325 2805 genus

772 2839 1065 2890 humanum
1097 2836 1447 2896 intercludat,
1479 2834 1613 2888 nihil
1660 2844 1764 2886 est.
1799 2831 1951 2885 Unde
2007 2846 2117 2899 quo
2148 2831 2328 2882 minus

770 2926 1151 2980 ltenel‘teiorum
1208 2925 1326 2993 ejus
1385 2926 1679 2993 participes
1731 2925 1927 2985 simus,
1954 2938 2011 2974 re
2047 2922 2189 2974 nulla
2224 2921 2324 2973 uisi

771 3029 990 3086 peccato
1031 3017 1373 3084 impedimur.
1407 3017 1675 3080 Quoniam
1704 3024 1884 3068 autem
1916 3028 2106 3066 murus
2132 3012 2328 3079 duplex

769 3121 905 3174 erat,
959 3121 1165 3163 natura:
1218 3120 1271 3162 et
1315 3109 1615 3163 voluntatis
1648 3107 2003 3173 perversitate
2036 3114 2328 3172 corruptae,

772 3202 921 3253 illum
963 3198 1212 3253 Salvator
1273 3199 1613 3256 incarnatus.
1664 3198 1807 3250 1111110
1849 3198 1901 3249 111
1926 3210 2142 3249 crucem
2176 3203 2331 3247 actus

2500 2366 2766 2431 Καθάπερ
2798 2362 3001 2422 τοίνυν,
3057 2360 3107 2411 ει
3162 2359 3223 2409 τὸ
3253 2356 3598 2424 ἁλάΰαστρον
3643 2354 3857 2420 μηχανῇ
3891 2367 3998 2400 τινι

2425 2462 2635 2527 γένοιτο
2666 2459 2837 2528 μύρον
2863 2458 2959 2509 καὶ
2984 2453 3118 2522 πρὸς
3151 2452 3281 2504 αὐτὸ
3325 2446 3655 2517 μετασταίη.
3692 2441 3998 2505 ἀκοινώνη-

2424 2571 2517 2607 τον
2563 2553 2749 2605 οὐκέτι
2804 2552 2920 2605 τοῖς
2978 2545 3083 2610 ἔξω
3129 2544 3189 2598 τὸ
3224 2543 3421 2612 μύρον,
3459 2540 3568 2591 οὐδ’
3595 2537 3743 2588 ἔνδον
3773 2533 3880 2585 οὐδ’
3911 2532 3999 2598 ἐφ’

2426 2644 2621 2700 ἑαυτοῦ
2646 2647 2824 2711 μένον,
2856 2641 2948 2693 τδν
2978 2639 3096 2691 ἴσον
3117 2635 3321 2706 τρόπον
3350 2632 3450 2697 τῆς
3480 2628 3756 2698 ἡμετέρας
3777 2624 3998 2693 φύσεως

2434 2739 2525 2790 ἐπὶ
2573 2735 2668 2788 τοῦ
2705 2733 2975 2801 σωτηρίου
3026 2729 3279 2796 σώματος
3312 2722 3612 2782 θεωθείσης
3642 2717 3704 2771 τδ
3756 2718 3999 2784 διεῖργον

2435 2832 2541 2884 ἀπὸ
2571 2828 2665 2880 τοῦ
2694 2826 2829 2878 Θεοῦ
2868 2824 2930 2877 τὸ
2978 2823 3087 2875 τῶν
3141 2820 3445 2888 ἀνθρώπων
3483 2816 3637 2882 γένος
3663 2812 3841 2871 οὐδὲν,
3874 2810 4001 2861 ὅθεν

2435 2923 2527 2974 καὶ
2550 2920 2656 2973 τῶν
2681 2917 2845 2970 αὐτοῦ
2870 2914 3122 2982 μετέχειν
3154 2912 3390 2981 χαρίτων
3419 2903 3673 2975 ἐμποδὼν
3694 2905 3825 2971 ἡμῖν
3845 2902 4001 2952 οὐδὲν

2432 3010 2499 3084 ἦν
2525 3013 2663 3083 πλὴν
2692 3011 2791 3079 τῆς
2819 2987 3112 3077 ἁμαρτίας.
3160 3004 3313 3055 Ἐπεὶ
3340 3001 3398 3053 δὲ
3416 2998 3589 3052 διττὸν
3615 2992 3684 3065 ἦν
3715 2995 3775 3047 τὸ
3797 2996 4000 3059 τεῖχος,

2435 3106 2495 3157 τὸ
2526 3104 2621 3172 μὲν
2643 3104 2742 3170 τῆς
2776 3102 3012 3168 φύσεως,
3051 3100 3110 3150 τὸ
3135 3097 3190 3149 δὲ
3222 3094 3320 3161 τῆς
3348 3091 3576 3159 γνώμης
3624 3086 3858 3155 πονηρία
3885 3085 4004 3135 δισ-

2439 3196 2765 3265 φθαρεεσης,
2798 3193 2858 3245 τὸ
2887 3193 2985 3259 μὲν
3009 3189 3188 3241 ἀνεῖλε
3215 3183 3525 3255 σαρκωθεὶς
3561 3182 3588 3232 0
3620 3180 3834 3248 Σωτὴρ,
3860 3177 3920 3228 τὸ
3946 3176 4005 3226 δὲ

771 3290 1012 3343 sustulit.
1074 3288 1363 3342 Peccatum
1417 3287 1564 3341 enim
1627 3302 1760 3340 crux
1793 3285 2012 3338 delevit.
2051 3282 2189 3336 Hine
2212 3291 2333 3351 post
2361 3312 2403 3369 ο
2437 3304 2458 3339 a

2318 3291 2333 3335 t
2361 3312 2403 3369 ο
2437 3284 2795 3353 σταυρωθεί.·.
2853 3283 2964 3350 Τὴν
2996 3282 3105 3347 γὰρ
3157 3276 3432 3347 ἁμαρτίαν
3480 3275 3510 3325 0
3544 3269 4005 3369 atau90;-51:uas.'

773 3379 1117 3446 baptismum,
1155 3379 1247 3446 qui
1277 3378 1457 3432 crucis
1513 3378 1659 3431 illius
1710 3385 1764 3431 et
1795 3376 1986 3428 mortis
2013 3376 2118 3427 vim
2149 3374 2330 3437 habet,

774 3469 837 3522 ad
870 3480 1199 3537 unguentqu
1258 3470 1809 3537 communionemque
1840 3465 2078 3535 Spiritus
2126 3466 2337 3519 accedi-

774 3575 917 3612 mus.
950 3558 1259 3613 Obstaculis
1284 3560 1430 3612 enim
1483 3559 1749 3611 ambolms
1778 3558 2030 3620 sublatis,
2070 3554 2334 3624 Spiritum

775 3660 1022 3704 sanctum
1084 3664 1247 3717 super
1281 3664 1495 3702 onmem
1519 3663 1738 3702 carnem
1766 3647 2173 3701 ellfuudendum
2202 3646 2337 3699 nihil

776 3743 1162 3805 remorabitur,
1218 3754 1507 3810 quantum,
1567 3743 1812 3810 inquam,
1853 3744 1905 3793 in
1936 3740 2187 3808 presenti
2228 3741 2335 3791 vita

777 3834 1112 3887 conceditur.
1164 3833 1301 3885 Nam
1326 3832 1395 3886 ad
1417 3834 1789 3886 continentem
1823 3848 1944 3885 cum
1986 3834 2093 3883 Deo
2118 3831 2340 3884 cohabi-

779 3927 1055 3985 tationem,
1115 3924 1415 3977 mortalitas
1477 3926 1697 3977 tertium
1754 3934 1838 3977 est
1870 3923 2337 3993 impedimentum,

777 4028 831 4072 et
859 4016 1086 4070 mortale
1115 4015 1291 4068 adhuc
1322 4030 1520 4083 corpus
1556 4024 1831 4083 gestantes
1879 4016 2105 4080 aenigma
2135 4027 2337 4081 018ρο-

779 4112 959 4164 culum
1019 4108 1402 4162 transcendere
1453 4122 1558 4160 non
1613 4107 1762 4160 sinit.
1793 4104 1977 4173 Itaque
2010 4106 2321 4159 hominibus

781 4202 1067 4269 tripliciter
1123 4216 1151 4253 a
1186 4199 1293 4252 Deo
1343 4199 1693 4261 distantibus,
1728 4215 1821 4267 per
1858 4210 2105 4252 naturain
2141 4200 2349 4268 simpli-

779 4295 934 4354 11101·,
969 4308 1061 4360 per
1092 4308 1125 4361 p
1146 4301 1398 4353 ιιι-11111111,
1462 4305 1558 4359 per
1587 4290 1996 4351 mortalitatem,
2026 4298 2085 4343 ut
2114 4304 2182 4345 eo
2213 4305 2346 4358 pure

783 4384 1075 4447 ιιη1111111111,
1110 4391 1163 4435 et
1195 4380 1314 4436 sine
1366 4381 1546 4433 medio
1582 4394 1708 4433 cum
1744 4381 1836 4434 illo
1866 4381 2069 4443 vivant,
2102 4380 2349 4434 Salvator

782 4476 931 4537 fecit,
973 4487 1092 4540 qua:
1143 4472 1569 4526 adversabantur
1597 4514 1610 4536 ,
1648 4471 1831 4524 onmia
1882 4471 2139 4539 deinceps
2171 4488 2348 4525 remo-

780 4582 937 4620 vens.
983 4564 1247 4625 Primum,
1304 4564 1449 4632 quod
1509 4571 1715 4615 natura:
1745 4565 1995 4615 humanm
2024 4563 2195 4616 lactus
2223 4580 2352 4618 cou-

2435 3379 2523 3431 διὰ
2544 3377 2700 3429 τοῦτο
2725 3375 2862 3443 μετὰ
2892 3373 2952 3424 τὸ
2999 3371 3284 3439 βάπτισμα
3339 3368 3408 3419 τὰ
3444 3363 3539 3416 τοῦ
3573 3360 3810 3430 σταυροῦ
3846 3359 4011 3411 δυνά-

2440 3486 2599 3536 μενον
2627 3467 2838 3519 ὲκείνου
2871 3466 2967 3517 καὶ
2994 3461 3088 3513 τοῦ
3119 3460 3377 3522 Θανάτου,
3395 3457 3489 3508 ἐπὶ
3511 3456 3570 3507 τὸ
3601 3453 3774 3523 μύρον
3800 3450 4013 3520 χωροῦ-

2441 3576 2539 3628 μεν
2569 3558 2666 3625 τὴν
2695 3554 2789 3607 τοῦ
2818 3553 3138 3621 Πνεῦματος
3188 3546 3495 3601 κοινωνίαν.
3544 3544 3669 3597 Τῶν
3696 3542 3801 3609 γὰρ
3828 3540 4013 3591 κωλυ-

2441 3652 2625 3722 μάτων
2655 3647 2985 3718 ἀμφοτέρων
3018 3643 3383 3714 ἀνῃρημένων
3416 3639 3477 3689 τὸ
3502 3636 3804 3704 ἑπισχῆσυν
3826 3631 4011 3693 οὐδὲν,

2439 3743 2664 3814 χεθῆναι
2687 3741 2778 3791 ἐπὶ
2809 3740 2991 3791 πᾶσαν
3019 3738 3200 3804 σάρκα
3223 3733 3284 3783 τὸ
3305 3730 3533 3796 Πνεῦμα
3557 3729 3619 3781 τὸ
3648 3727 3827 3793 ἅγιον.
3850 3723 4014 3787 Λέγω

2437 3836 2495 3888 δὲ
2521 3835 2643 3886 ὅσον
2669 3833 2762 3883 ἐπὶ
2784 3829 2882 3882 τοῦ
2912 3828 3179 3896 παρόντος
3207 3823 3348 3891 βίου.
3377 3821 3519 3890 Πρὸς
3546 3818 3653 3888 γὰρ
3675 3816 3774 3884 τὴν
3800 3815 4013 3882 άμεσον

2446 3923 2585 3993 μετὰ
2612 3919 2747 3972 Θεοῦ
2771 3916 3066 3970 συναυλίαν
3100 3916 3195 3967 καὶ
3224 3913 3407 3981 τρίτον
3432 3912 3461 3963 0
3493 3909 3721 3968 θάνατος
3753 3904 4012 3973 κώλυμα.

2442 4016 2537 4066 καὶ
2566 4013 2692 4073 τοὺς
2719 4011 2914 4079 θνητὸν
2942 4007 3215 4075 φέροντας
3246 4003 3328 4055 ἔτι
3380 4003 3444 4055 τὸ
3498 3999 3659 4065 σῶμα
3688 3998 3752 4051 τὸ
3779 3994 4017 4063 αἴνιγμα

2444 4103 2539 4155 καὶ
2594 4102 2654 4153 τὸ
2687 4100 2952 4168 ἔσοπτρον
3011 4094 3365 4163 ὑπερὸαίνειν
3399 4092 3460 4144 οὐ
3498 4091 3814 4159 συγχωρεῖ·
3872 4086 4017 4138 ὥστε

2445 4194 2646 4264 τριχῶς
2683 4191 2775 4245 τοῦ
2803 4192 2938 4243 Θεοῦ
2960 4191 3086 4251 τοὺς
3129 4185 3451 4255 ἀνθρώπους
3485 4181 3898 4249 ὃιῖσταμένους,
3929 4179 4022 4231 διὰ

2446 4289 2543 4353 τὴν
2566 4284 2751 4354 φύσιν,
2782 4283 2870 4336 διὰ
2899 4282 3001 4352 τὴν
3036 4280 3341 4349 ἁμαρτίαν,
3391 4277 3482 4328 διὰ
3511 4275 3602 4327 τὸν
3639 4274 3893 4332 θάνατον,
3920 4289 4022 4323 κα-

2448 4378 2627 4443 θαρῶς
2662 4378 2847 4444 τυχεῖν
2880 4376 2973 4427 καὶ
3015 4373 3239 4440 ἁμέσως
3270 4370 3421 4436 αὐτῷ
3445 4366 3717 4419 συνελθεῖν
3756 4365 4022 4432 ἐποίησεν

2448 4474 2475 4522 ὁ
2503 4470 2710 4536 Σωτὴρ.
2740 4466 2774 4520 ἃ
2799 4466 3130 4534 προσίστατο
3158 4464 3335 4514 πάντα
3371 4461 3571 4529 ἑφεξῆς
3603 4457 3834 4518 ἀνελὼν,
3856 4455 4024 4507 τοῦτο

2455 4563 2550 4630 μὲν
2609 4558 3028 4628 άνθρωπὸτητος
3068 4555 3377 4624 μετασχὼν,
3445 4554 3623 4604 ἐκεῖνο
3678 4549 3734 4601 δὲ
3805 4565 4017 4615 νεκρω-

784 4673 925 4723 Sors;
963 4658 1213 4716 alterum,
1242 4656 1295 4708 in
1346 4670 1509 4708 cruce
1561 4666 1810 4709 mortuus
1840 4665 2178 4721 ;extremum
2223 4670 2348 4707 vero
2382 4652 2471 4716 DE

2331 4664 2423 4716 )D
2452 4652 2567 4711 θεὶς
2629 4652 2720 4701 ἐπὶ
2785 4647 2879 4700 τοῦ
2920 4645 3178 4717 σταυροῦ.
3240 4644 3303 4697 τὸ
3347 4644 3405 4695 δὲ
3446 4642 3756 4694 τελευταῖον
3811 4641 4018 4706 τεῖχος,

787 4763 1000 4801 murum
1047 4745 1283 4815 (mortis
1334 4746 1677 4815 tyrannidem
1715 4755 1838 4812 puta
1872 4744 1889 4789 \
1942 4745 2165 4797 omnino
2190 4758 2219 4796 e
2251 4758 2349 4795 na-

788 4850 921 4892 tura:
961 4838 1159 4891 ﬁnibus
1213 4852 1308 4905 per
1343 4838 1795 4890 resurrectionem
1847 4835 2170 4904 proﬂigavit.
2226 4834 2349 4887 Ideo

786 4928 989 4982 Paulus
1027 4929 1123 4991 ait,
1155 4946 1173 4977 1
1204 4926 1507 4981 Novissime
1535 4926 1753 4980 inimica
1778 4928 2083 4979 destruetur
2109 4939 2253 4978 mors
2272 4924 2345 4987 θ.)

786 5021 903 5076 Non
939 5036 1059 5075 eam
1092 5020 1366 5073 inimicam
1400 5020 1727 5086 appellasset
1781 5019 1883 5072 uisi
1937 5019 2096 5070 nobis
2150 5019 2214 5069 ad
2266 5032 2356 5070 ve-

790 5124 902 5162 ram
934 5108 1243 5162 felicitatem
1258 5108 1517 5161 obstaret.
1536 5106 1784 5161 lberedes
1805 5108 2005 5174 quippe
2030 5106 2353 5162 immortalis

794 5201 906 5263 Dei,
936 5218 963 5251 a
985 5200 1332 5267 corruptione
1355 5199 1572 5252 liberari
1610 5214 1832 5252 necesse
1857 5208 1938 5253 est
1965 5214 1980 5251 :
2016 5217 2035 5249 1
2068 5198 2180 5252 Non
2207 5198 2351 5250 enim

792 5293 1092 5360 corruptio,
1151 5292 1363 5359 inquit,
1420 5292 1844 5356 incorruptelam
1916 5291 2287 5359 possidebit‘.
2327 5311 2345 5343 1

794 5385 920 5437 Post
945 5398 1283 5437 communem
1308 5398 1540 5451 namque
1565 5383 1845 5437 hominum
1876 5387 2352 5443 resurrectionem.

796 5477 954 5543 cujus
1015 5490 1176 5529 causa
1247 5476 1495 5529 Salvator
1566 5476 1879 5537 resurrexit.
1952 5479 2231 5544 speculum
2303 5487 2355 5531 et

798 5567 1023 5636 amigma
1057 5567 1327 5630 recedent,
1380 5566 1658 5634 Deumque
1688 5566 1826 5620 facie
1887 5567 1952 5620 ad
1986 5568 2175 5622 faciem
2210 5568 2357 5622 vidc-

801 5659 951 5723 bnut,
991 5658 1082 5726 qui
1118 5658 1333 5728 quidem
1358 5669 1512 5712 erunt
1553 5659 1754 5714 mundo
1780 5661 1962 5714 corde.

876 5867 892 5895 ³
930 5868 942 5918 1
986 5867 1112 5919 Cor.
1154 5882 1233 5920 11,
1284 5866 1366 5919 ‘26.
1448 5871 1461 5891 "
1512 5867 1636 5917 ibid.
1674 5865 1759 5920 50..

2450 4741 2549 4808 τὴν
2576 4738 2670 4791 τοῦ
2703 4738 2936 4790 θανάτου
2966 4736 3281 4805 τυραννίδα,
3318 4734 3637 4786 παντάπασι
3663 4732 3763 4797 τῆς
3800 4728 4022 4794 φύσεως

2456 4830 2705 4894 ὲξέὁαλεν
2762 4828 3026 4889 ἀναστάς.
3084 4828 3183 4879 Διὰ
3228 4825 3387 4878 τοῦτο
3422 4824 3657 4885 Παῦλος,
3699 4839 3718 4873 1
3752 4822 4022 4891 Ἐσχατος

2458 4924 2670 4991 ἐχθρὸς,
2731 4920 2881 4989 φησὶ,
2940 4921 3306 4988 καταργεῖται
3357 4919 3386 4969 0
3438 4916 3691 4979 θάνατος,
3735 4931 3754 4964 1
3808 4916 3911 4966 οὐκ
3958 4914 4025 4966 ἂν

2460 5014 2652 5082 ἐχθρὸν
2682 5012 2844 5064 αὑτὸν
2893 5010 3229 5079 προσειπὼν,
3281 5010 3327 5060 εί
3357 5007 3432 5076 μὴ
3462 5007 3598 5074 πρὸς
3640 5006 3739 5075 τὴν
3763 5005 4025 5075 ἀληθινὴν

2457 5107 2589 5174 ἡμῖν
2619 5104 2963 5174 εὐδαιμονίαν
2991 5102 3239 5171 ἐμποδὼν
3265 5096 3334 5169 ἦν
3354 5118 3366 5133 ·
3392 5100 3521 5161 τοὺς
3551 5098 3662 5166 γάρ
3692 5096 3787 5149 τοῦ
3820 5096 4023 5150 άθανά-

2457 5214 2552 5247 του
2602 5195 2737 5246 Θεοῦ
2791 5194 3171 5262 κληρονόμους
3198 5189 3415 5257 ἀνάγκη
3445 5188 3510 5254 δὴ
3542 5186 3748 5254 φθορᾶς
3780 5186 4029 5252 ἀπηλλα-

2459 5287 2604 5358 χθαι.
2633 5306 2650 5337 1
2688 5287 2762 5338 Οὐ
2788 5284 2893 5352 γάρ
2922 5286 2954 5352 ἡ
2978 5283 3174 5351 φθορὰ,
3220 5280 3377 5348 φησὶ,
3422 5279 3522 5345 τὴν
3547 5275 3861 5343 ἀφθαρσίαν
3889 5274 4028 5340 κλη-

2466 5378 2717 5448 ρονομεῖ*
2757 5394 2775 5425 1
2818 5376 2955 5443 μετὰ
3007 5374 3117 5441 γὰρ
3168 5372 3269 5440 τὴν
3318 5372 3503 5436 κοινὴν
3558 5367 3665 5421 τῶν
3718 5365 4027 5433 ἀνθρώπιον

2460 5472 2778 5533 ἀνάστασιν,
2821 5463 2888 5538 ἦς
2920 5468 3093 5518 αἴτιον
3128 5467 3160 5531 ὴ
3192 5464 3288 5517 τοῦ
3337 5465 3586 5531 Σωτῆρος
3618 5460 3937 5520 ἀνάστασις,
3970 5459 4030 5510 τὸ

2468 5563 2566 5632 μὲν
2599 5561 2861 5628 ἔσοπτρον
2895 5558 3172 5625 ὑποχωρεῖ
3197 5559 3291 5607 καὶ
3332 5556 3390 5605 τὸ
3416 5553 3668 5620 αἴνιγμα,
3690 5550 3919 5619 ἧψονται
3971 5550 4031 5603 δὲ

2468 5652 2758 5719 πρόσωπον
2794 5649 2929 5717 πρὸς
2962 5648 3252 5714 πρόσωπον
3278 5645 3366 5697 τὶν
3418 5644 3552 5696 Θεὸν
3588 5642 3645 5695 οἵ
3669 5658 3733 5710 γε
3764 5642 3865 5711 τὴν
3898 5656 4029 5710 καρ-

2466 5744 2584 5796 δίαν
2619 5742 3038 5810 κεκαθαρμένοι.
