4272 6446
781 378 889 444 5⁸15

1980 380 2283 439 NICOLAI
2321 382 2408 439 CA
2424 381 2717 439 BASILE

3916 386 4015 447 576

778 499 898 552 dem
924 499 1097 555 virtus
1112 513 1202 566 per
1229 499 1407 553 omnia
1429 504 1760 567 operatur,et
1782 511 1886 550 una
1910 497 2071 551 unius
2093 497 2216 566 agni
2259 497 2354 548 itn-
2385 500 2426 554 Α
2459 514 2465 545 ε

2324 513 2354 548 ι·
2385 500 2426 554 Α
2459 496 2553 546 καὶ
2579 496 2708 562 μιᾶς
2730 494 2945 563 σφαγῆς
2971 496 3088 558 ἐνὸς
3109 495 3280 564 ἀμνοῦ
3314 499 3407 550 καὶ
3431 498 3629 550 ταὺτοῦ
3663 498 3896 553 θανάτου
3922 499 4011 553 καλ

780 592 1026 656 molatio,
1043 594 1158 658 ejus
1186 608 1350 649 mors.
1372 603 1424 647 et
1443 594 1662 662 sanguis
1684 592 2065 661 perfectionem
2093 593 2348 647 omnibus

780 683 1008 739 confert.
1044 685 1203 738 Datus
1224 694 1309 738 est
1335 684 1495 753 igitur
1520 699 1641 737 vere
1660 684 1891 751 Spiritus
1937 695 2183 746 sanctus,
2216 684 2345 747 illis,

782 777 980 830 ntaliis
1008 788 1206 843 queant
1237 776 1572 839 benefacere,
1601 786 1655 829 et
1701 786 1757 829 ιιι
1801 775 1999 829 Paulus
2046 777 2345 845 loquitur’,

781 867 1080 922 Ecclesiam
1100 868 1657 930 :edilieare,eventura
1679 868 2027 936 prardicentes
2044 879 2135 920 aut
2153 878 2350 938 myste-

782 962 858 1013 ria
893 961 1297 1021 tratlentes.attt
1325 961 1542 1012 morbos
1563 959 1725 1014 verbo
1745 960 2091 1026 proﬂigantes
2114 978 2127 1014 :
2152 961 2260 1023 his,
2289 974 2349 1017 ut

782 1052 881 1119 ipsi
908 1052 1038 1105 fiant
1070 1050 1575 1117 meliorcs,pietate,
1611 1058 1703 1103 aut
1731 1052 1998 1111 eastitate.
2027 1061 2120 1102 aut
2163 1049 2347 1103 chario

782 1152 916 1202 tate,
948 1149 1041 1198 aut
1088 1141 1362 1210 praestanti
1411 1138 1716 1224 humilitate
1745 1140 2000 1194 illustres.
2046 1138 2345 1193 Possumus

781 1234 922 1286 enim
950 1235 1131 1287 animo
1174 1244 1227 1287 et
1256 1233 1497 1287 mor-ilius
1521 1233 1833 1302 pudicitiam
1862 1233 2060 1293 colere,
2079 1240 2131 1284 ct
2155 1247 2253 1286 nos
2281 1232 2348 1285 ad

780 1328 1046 1396 justitiam
1076 1342 1349 1388 exercere,
1372 1334 1424 1379 et
1450 1324 1517 1379 ad
1556 1340 1742 1393 pret-es
1782 1324 2211 1389 ebaritatetnquo
2268 1323 2352 1376 lu-

783 1420 1058 1472 cumhere.
1093 1419 1223 1471 Alia:
1271 1417 1400 1470 item
1444 1419 1737 1485 probitatcs
1786 1415 2158 1468 conscetandm
2201 1424 2345 1467 sunt.

784 1508 1048 1561 l‘rmterea
1080 1522 1370 1576 possumus
1401 1523 1428 1561 a
1465 1507 1571 1561 Deo
1609 1505 1824 1576 excitati
1855 1503 2349 1572 perturbationibus

783 1599 1139 1666 imperare,et
1159 1598 1547 1650 humanitatem
1568 1595 1986 1663 atquitatemque
2007 1594 2201 1655 colere,
2220 1601 2270 1643 et
2294 1592 2348 1644 in

785 1688 993 1755 reliqua
1022 1687 1357 1755 pl2iiosopitla
1381 1686 1689 1739 Christiana
1720 1685 1949 1738 versari.
1976 1683 2349 1747 Quemadmo-

2452 586 2693 652 αἵματος
2723 584 2822 652 τὴν
2844 585 3127 637 τελείωσιν
3160 587 3402 649 ἀπάσαις
3434 590 3845 658 παρεχομένων.
3872 593 4015 644 Δίόοο

2448 694 2536 729 ται
2559 677 2742 728 τοίνυν
2769 677 2981 746 ἀληθῶς
3010 679 3070 730 τὸ
3094 679 3271 745 ἅγιον,
3290 682 3403 742 τοῖς
3436 681 3534 745 μὲν
3557 681 3643 733 ῖνα
3670 684 3796 743 τοὺς
3822 684 4013 746 ἄλλους

2450 765 2511 821 εὖ
2536 769 2755 835 ποιῆσαι
2781 768 3046 831 δυνηθῶσι
3082 770 3195 831 καὶ,
3224 765 3407 839 ᾖφησι
3434 772 3665 834 Παῦλος,
3688 774 4015 841 Ἐκκλησίαν

2449 858 2828 927 οἰκοδομῆσαι,
2866 878 2929 913 πε
2942 861 2993 928 pi.
3011 860 3104 912 τοῦ
3144 861 3430 930 μέλλοντος
3457 864 3721 927 εἰπόντες,
3750 865 3782 931 ἦ
3809 869 4013 932 μυστή-

2452 966 2540 1017 ρια
2562 948 2887 1012 διδάξαντες,
2912 949 2943 1018 ἦ
2967 950 3136 1001 νόσων
3163 951 3572 1014 ἀπαλλάξαντες
3625 952 3785 1021 λόγῳ,
3818 955 3928 1015 τοῖς
3958 955 4013 1006 δὲ

2449 1040 2596 1101 ὅπως
2618 1042 2768 1093 αὐτοὶ
2811 1042 3076 1107 γένωνται
3118 1042 3389 1110 βελτίους,
3420 1045 3668 1110 εὐσεόεία
3702 1044 4014 1113 λάμψαντες

2450 1130 2858 1200 ἣσωφροσύνης
2913 1132 2941 1199 ἦ
2980 1132 3199 1200 ἀγάπης
3236 1132 3267 1201 ἢ
3313 1135 3815 1205 ταπεινοφροσύνης
3851 1137 4017 1203 ὑπερ-

2451 1220 2601 1291 ϐολῇ.
2642 1222 2749 1274 Καὶ
2800 1222 2910 1290 γὰρ
2955 1222 3073 1274 ἐστι
3129 1225 3228 1288 μὲν
3260 1229 3612 1293 σωφρονῆσαι
3648 1227 3891 1296 λογισμῷ
3924 1229 4017 1280 καὶ

2450 1314 2560 1365 ἔθει
2583 1314 2951 1383 χρησάμενον,
2986 1320 3082 1367 καὶ
3113 1316 3176 1368 τὸ
3197 1311 3327 1383 ἦθος
3354 1318 3435 1379 είς
3467 1318 3815 1384 δικαιοσύνην
3841 1321 4016 1386 ἀσκῆ-

2450 1423 2540 1457 σαι
2573 1406 2667 1457 καὶ
2696 1406 2955 1470 εὔξασθαι
2990 1409 3081 1461 καὶ
3110 1411 3396 1483 ἀγαπῆσαι
3447 1413 3541 1465 καὶ
3575 1412 3745 1466 τάλλα
3769 1414 3832 1482 δὴ
3861 1415 4015 1481 γενὲο

2451 1497 2574 1547 σθαι
2608 1496 2927 1549 σπουδαῖον·
2981 1498 3178 1551 ἔστιδὲ
3215 1501 3308 1553 καὶ
3346 1503 3497 1569 παρά
3522 1502 3658 1554 Θεοῦ
3692 1502 4018 1571 κινούμενον

2449 1588 2546 1655 τὴν
2597 1588 2820 1657 γνώμην
2867 1590 3054 1642 παθῶν
3083 1592 3354 1659 κρατῆσαι
3386 1595 3478 1645 καὶ
3537 1592 4018 1664 φιλανθρωπεύσα-

2452 1680 2577 1732 σθαι
2626 1681 2719 1733 καὶ
2767 1682 3259 1751 δικαιοπραγῆσαι,
3294 1685 3387 1736 καὶ
3421 1686 3518 1753 τὴν
3553 1684 3721 1755 ἀλλην
3763 1686 4019 1739 ἐπιδεδεῖ-

781 1779 909 1831 dum
940 1795 1078 1830 enim
1112 1778 1234 1829 vitia
1271 1780 1514 1846 quaedam
1548 1776 1730 1829 feralia
1759 1785 1884 1827 sunt
1920 1775 1973 1827 in
2014 1775 2346 1838 hominibus,
2388 1791 2468 1876 Β]

2332 1816 2346 1838 ,
2388 1772 2579 1876 Βχθαι
2628 1773 2969 1838 φιλοσοφίαν.
3026 1774 3294 1843 Καθάπερ
3344 1775 3451 1844 γὰρ
3509 1778 3699 1829 κακίαι
3733 1776 4016 1846 θηριώδεις

782 1869 928 1936 quia
953 1868 1228 1935 spiritibus
1248 1867 1499 1931 malignis
1525 1866 1893 1934 exagitantur:
1917 1866 1998 1918 sic
2022 1874 2205 1918 contra
2232 1865 2352 1933 ipso

788 1960 895 2011 Deo
939 1967 1207 2019 movente,
1237 1958 1433 2010 divina:
1468 1958 1697 2009 virtutes
1754 1966 1808 2010 et
1853 1971 2015 2024 supra
2054 1943 2350 2010 humanum

785 2061 998 2117 captum
1031 2034 1387 2119 reperiuntur.
1416 2050 1529 2112 Qua
1564 2050 1770 2101 ratione
1790 2044 1979 2102 dilexit
2005 2048 2189 2101 beatus
2219 2046 2355 2099 Pau-

787 2141 892 2198 lus,
944 2148 1257 2192 mansuetus
1286 2139 1387 2191 fuit
1415 2139 1602 2201 “aviti,
1640 2150 1686 2191 et
1714 2137 1851 2193 alius
1891 2139 2035 2191 aliud
2086 2139 2349 2192 eximium

790 2247 853 2285 ac
881 2230 1171 2289 laudabile.
1225 2241 1275 2283 et
1308 2232 1449 2284 ultra
1495 2232 1766 2285 modulum
1836 2232 2129 2285 humanum
2164 2232 2349 2286 habuit

789 2338 850 2377 ac
883 2323 1295 2377 demonstravit.
1359 2324 1616 2377 Scriberis
1674 2323 1817 2375 enim
1887 2322 2347 2392 Philippensibus,

784 2420 859 2467 ait
889 2431 944 2467 se
977 2416 1098 2471 illos
1141 2415 1361 2483 diligere
1405 2434 1421 2466 ι
1462 2415 1514 2467 in
1541 2415 1838 2470 visceribus
1860 2414 1982 2467 Jesu
2011 2413 2213 2469 Christi
2250 2414 2347 2467 ⁸⁸.»

787 2507 860 2559 De
892 2507 1090 2559 Davile
1119 2507 1276 2568 licus,
1305 2526 1321 2557 ι
1360 2507 1543 2560 Inveni
1577 2508 1745 2559 vit-um
1783 2507 2072 2559 secundum
2100 2522 2193 2560 cor
2239 2521 2351 2560 me-

788 2615 876 2651 um
916 2601 1007 2652 “.u
1049 2600 1154 2652 lmo
1190 2600 1350 2653 etiam
1372 2600 1501 2655 lich
1535 2599 1736 2653 donum
1763 2610 1840 2653 est
1873 2599 2176 2667 spirituale,
2208 2601 2348 2667 quod

788 2696 1016 2761 apostoli
1055 2694 1390 2746 Salvatorem
1424 2700 1674 2760 poscunt,
1719 2710 1736 2742 ι
1764 2693 2008 2760 Adauge,
2070 2692 2348 2759 inquiunt,

787 2786 942 2836 nobis
1008 2783 1254 2833 fidem".
1305 2801 1322 2832 ι
1386 2782 1445 2833 Et
1484 2782 1709 2847 ipsemet
1752 2781 1997 2834 Salvator
2048 2780 2352 2834 sanctiﬁca-

785 2877 987 2927 tinnem
1016 2890 1042 2924 a
1086 2873 1240 2927 Patre
1295 2874 1398 2927 illis
1429 2883 1713 2941 precatur:
1752 2871 2074 2926 «Sanctiﬁca
2106 2889 2222 2935 eos,
2261 2873 2349 2925 in-

790 2966 925 3033 quit,
962 2970 1011 3018 in
1053 2966 1280 3017 veritate
1306 2966 1380 3027 11';
1421 2984 1439 3015 ι
1467 2965 1719 3032 deditque
1744 2964 1887 3018 Deus
1939 2964 2013 3016 illi
2047 2965 2188 3032 quod
2231 2980 2353 3029 pre-

790 3057 1053 3108 cabatur:
1090 3074 1107 3105 ι
1148 3056 1209 3108 Ει
1234 3058 1347 3122 ipse
1388 3055 1626 3122 Spiritus
1661 3055 1895 3124 postslat
1920 3070 2016 3123 pro
2047 3053 2205 3107 nobis
2256 3068 2354 3119 ge-

2457 1864 2591 1923 sialv
2622 1863 2679 1913 ὲν
2711 1863 3018 1932 ἀνθρώποις
3048 1865 3153 1917 ὑπὸ
3185 1865 3293 1918 τῶν
3315 1868 3570 1937 πονηρῶν
3602 1870 4018 1937 ἐνεργουμένοις

2455 1955 2801 2024 πνευμάτων,
2842 1955 2983 2008 οὕτω
3030 1957 3125 2009 καὶ
3164 1947 3477 2011 τούναντίον
3513 1961 3703 2029 ἀρεταὶ
3741 1961 3883 2014 θεῖαι
3923 1964 4020 2013 καὶ

2454 2048 2593 2116 ὑπὲρ
2647 2048 2737 2100 τὸν
2783 2049 3126 2119 ἀνθρώπινον
3159 2052 3322 2118 νόμον
3382 2052 3545 2104 αὑτοῦ
3590 2052 3869 2115 κινοῦντος
3923 2054 4017 2107 τοῦ

2452 2138 2613 2190 Θεοῦ·
2650 2139 2710 2190 δν
2750 2140 2955 2209 τρόπον
2990 2141 3246 2210 ἠγάπησε
3274 2142 3371 2209 μὲν
3394 2142 3421 2193 ὁ
3459 2145 3733 2213 μακάριος
3781 2144 4018 2205 Παῦλος,

2452 2231 2625 2298 πρᾶος
2652 2230 2708 2282 δὲ
2743 2225 2810 2301 ἦν
2836 2234 2863 2283 ὁ
2886 2231 3075 2293 Δαὸὶδ,
3098 2235 3193 2285 καὶ
3216 2233 3373 2295 ἄλλος
3408 2233 3592 2285 ἄλλοτι
3620 2235 3731 2287 τῶν
3769 2236 4023 2288 ἐπαινου-

2458 2323 2637 2390 μένων
2668 2324 2808 2392 ὑπὲρ
2860 2324 2949 2377 τὸν
3003 2325 3190 2377 εἰκότα
3223 2328 3334 2387 τοῖς
3364 2325 3671 2395 ἀνθρώποις
3708 2326 4022 2391 ἐπεδείξατο

2451 2414 2628 2481 λόγον.
2671 2417 2729 2467 ὐ
2765 2416 2861 2483 μὲν
2894 2418 3000 2486 γὰρ
3037 2418 3211 2484 φιλεῖν
3244 2417 3449 2488 ἔγραψε
3477 2420 3863 2490 Φιλιππησίοις
3903 2439 3921 2471 ε
3964 2424 4022 2473 ἐν

2455 2506 2785 2575 σπλάγχνοις
2832 2508 3009 2575 Ἰησοῦ
3068 2510 3328 2579 Χριστοῦ,
3367 2530 3385 2562 ι
3446 2515 3571 2582 περὶ
3596 2513 3655 2565 δὲ
3702 2513 3795 2566 τοῦ
3832 2514 4018 2578 Δαῆὶδ,

2459 2617 2474 2647 ι
2517 2590 2710 2666 Εὗρον,
2760 2600 2925 2666 φησὶν
2954 2602 2981 2651 ὁ
3036 2600 3190 2663 Θεὸς,
3240 2600 3409 2671 ἄνδρα
3460 2603 3605 2656 κατά
3638 2605 3737 2673 τὴν
3792 2605 4021 2675 καρδίαν

2455 2705 2577 2755 μου.
2616 2712 2631 2737 ι
2674 2691 2785 2741 Καὶ
2814 2690 2917 2758 μὴν
2954 2691 3047 2742 καὶ
3073 2693 3253 2755 πίστις
3277 2693 3451 2762 δῶρόν
3481 2696 3596 2747 ἐστι
3627 2698 4020 2763 πνευματικὸν,

2450 2780 2478 2832 ὃ
2507 2778 2713 2832 δέονται
2762 2783 2948 2833 λαϐεῖν
2976 2784 3024 2834 οἱ
3049 2784 3335 2837 ἀπόστολοι
3358 2786 3450 2837 τοῦ
3484 2785 3759 2855 Σωτῆρος,
3785 2806 3802 2836 ε
3847 2787 4025 2855 Πρόσυ

2453 2871 2541 2934 θες
2560 2873 2708 2947 ἡμῖν,
2739 2891 2755 2923 ι
2780 2874 3049 2940 λέγοντες,
3075 2893 3094 2926 ι
3127 2877 3330 2941 πίστιν,
3361 2896 3377 2926 ι
3399 2878 3490 2930 καὶ
3509 2878 3667 2940 αὐτὸς
3687 2877 3907 2946 εῦχεται
3931 2879 4028 2930 αὖα

2450 2966 2563 3026 τοῖς
2592 2964 2861 3033 ἀγιασμὸν
2882 2968 3032 3037 παρά
3044 2966 3136 3020 τοῦ
3163 2969 3394 3039 Πατρδς,
3421 2988 3440 3021 ε
3463 2971 3717 3038 Ἀγίασον
3736 2971 3959 3034 αὐτοὺς,
3992 2990 4009 3021 ι

2451 3055 2644 3121 λέγων,
2670 3075 2687 3105 ι
2718 3057 2775 3109 ὲν
2792 3059 2856 3126 τῇ
2877 3058 3099 3128 ἀληθείᾳ
3122 3076 3214 3112 σου
3230 3076 3244 3092 ο
3269 3079 3287 3111 ι
3307 3063 3398 3113 καὶ
3418 3060 3633 3115 δίδωσιν
3658 3061 3832 3123 ὀΘεός
3858 3062 4025 3130 εὐχὴν

789 3150 859 3203 nti
890 3151 1009 3201 ilius
1084 3147 1541 3202 iueuarrabilibus
1564 3147 1628 3217 ¹⁵,
1668 3164 1686 3196 ι
1764 3146 2016 3199 virtutem
2083 3134 2349 3223 'precandi
2378 3151 2421 3209 ο
2451 3163 2476 3199 τ

2335 3144 2349 3196 i
2378 3151 2421 3209 ο
2451 3146 2530 3216 τῷ
2559 3148 2859 3217 εὐχομένω,
2889 3150 2982 3201 καὶ
3004 3150 3136 3202 αὐτὸ
3165 3171 3183 3200 ι
3208 3153 3268 3203 τὸ
3292 3152 3514 3222 Πνεῦμα
3542 3154 3861 3222 ἐντυγχάνει
3882 3154 4022 3223 ὑπὲρ

788 3240 1163 3309 suppelitans,
1216 3240 1294 3292 uti
1341 3254 1482 3293 reor.
1523 3236 1589 3289 Et
1631 3251 1855 3306 prorsus
1891 3235 2040 3303 juxta
2089 3234 2229 3288 hanc
2268 3220 2359 3287 ra-

788 3333 825 3384 ti
867 3346 986 3383 nem
1021 3330 1254 3398 Spiritus
1292 3338 1515 3384 sanctus
1565 3339 1647 3381 est
1703 3328 1925 3395 spiritus
1974 3326 2277 3392 sapientiae.
2306 3334 2359 3379 et

788 3422 1011 3491 spiritus
1040 3422 1364 3484 intellectus,
1416 3429 1469 3474 et
1516 3419 1723 3473 consilii
1784 3429 1838 3472 et
1892 3416 2245 3479 fortitudinis,
2306 3425 2361 3470 et

790 3515 1023 3580 pietatis,
1056 3523 1110 3566 et
1134 3514 1444 3576 aliorum,a
1496 3512 1699 3579 quibus
1746 3512 1963 3562 nomina
2031 3510 2357 3576 sortiuntur,

785 3606 1110 3674 quibuscum
1143 3621 1237 3660 sua
1274 3606 1640 3660 communicat
1667 3606 1729 3656 ".

866 3698 1144 3752 Universis
1183 3698 1344 3763 igitur
1373 3697 1622 3758 initiatis.
1664 3698 1981 3767 mysterium
2024 3696 2169 3766 quod
2200 3710 2357 3748 suum

790 3798 871 3842 cst
903 3787 1063 3849 facit;
1098 3780 1411 3857 quanquam
1458 3789 1693 3856 cognitio
1719 3790 2008 3853 donorum,
2038 3797 2089 3841 et
2120 3788 2357 3840 studium

788 3879 1097 3931 divitiarum
1135 3878 1362 3932 istarum
1384 3879 1585 3933 utiliter
1609 3878 2082 3940 collocandarum,
2109 3892 2215 3929 non
2246 3890 2363 3928 om-

793 3970 954 4023 nibus
1023 3972 1198 4036 inest;
1262 3972 1384 4026 aliis
1443 3972 1660 4041 quidem
1714 3980 1934 4040 propter
2010 3970 2359 4024 immaturam

790 4071 1001 4116 aetatem
1064 4062 1300 4116 nondum
1372 4062 1424 4115 id
1483 4061 1832 4131 intelligentia
1902 4060 2359 4129 assequentibus;

791 4158 916 4211 aliis
946 4156 1073 4224 quia
1116 4154 1398 4225 praeparati
1438 4170 1542 4207 non
1572 4163 1720 4217 sunt,
1754 4169 1852 4207 nec
1885 4153 2122 4207 debitam
2161 4153 2363 4208 alacri-

794 4256 953 4300 tatem
986 4263 1096 4315 prae
1130 4260 1189 4299 se
1211 4244 1532 4299 ferentibus.
1559 4243 1799 4310 Quorum
1822 4244 2147 4313 quibusdam
2175 4253 2361 4313 postea

791 4338 1103 4392 delictorum
1131 4336 1447 4404 poenitentia
1473 4347 1526 4391 ct
1561 4338 1833 4407 lacrymm,
1866 4344 1920 4390 et
1950 4336 2062 4389 vita
2097 4335 2164 4389 ad
2197 4336 2364 4389 virtu-

792 4429 863 4482 tis
899 4427 1156 4481 amussim
1209 4428 1409 4500 tlireeta
1487 4429 1724 4481 infusam
1790 4426 2078 4480 animabus
2133 4425 2359 4496 gratiam

795 4519 1131 4570 monstravit.
1164 4514 1314 4570 Unde
1341 4527 1393 4570 et
1427 4516 1629 4571 l‘aulus
1660 4518 1724 4569 ad
1751 4517 2125 4579 Timotheum,
2172 4535 2190 4567 ι
2232 4515 2354 4571 Noli
2390 4514 2410 4541 ³

794 4609 1060 4674 negligere
1087 4608 1335 4674 gratiam,
1377 4607 1572 4675 inquit,
1613 4622 1734 4675 qute
1765 4608 1818 4659 in
1844 4615 1895 4658 te
1927 4615 2010 4659 est
2034 4606 2127 4669 ¹⁸’;
2168 4623 2188 4656 ι
2215 4606 2357 4673 quod

795 4698 925 4749 nihil
982 4697 1355 4764 prolieiamus,
1412 4698 1663 4764 quamvis
1723 4697 1924 4750 donum
1963 4698 2359 4763 acceperimus,

794 4787 838 4839 si
868 4786 1123 4841 soCordes
1162 4782 1421 4854 et‘ignavi
1472 4787 1667 4849 simus,
1722 4797 1768 4839 et
1820 4786 1964 4854 quod
2002 4786 2188 4839 labore
2222 4786 2357 4856 vigi~

797 4879 993 4947 Iiisque
1022 4892 1157 4946 opus
1186 4863 1255 4932 sit
1282 4878 1388 4943 bis,
1428 4878 1518 4947 qui
1549 4880 1786 4933 animam
1833 4879 2059 4933 istorqu
2099 4880 2355 4935 aetricem

799 4972 995 5024 habere
1024 4974 1437 5039 concupiscunt.
1479 4971 1741 5035 Quocirca
1766 4971 1809 5025 si
1843 4973 1967 5040 quis
2034 4971 2209 5025 bonus
2234 4972 2361 5025 clta-

796 5062 977 5123 ritate,
1001 5068 1095 5112 aut
1118 5060 1347 5128 puritate
1365 5061 1658 5122 castitatis,
1681 5070 1771 5113 aut
1796 5060 2099 5115 humilitate
2124 5075 2361 5125 summa,

796 5160 893 5204 aut
934 5152 1133 5219 pietate
1194 5152 1413 5213 eximia,
1447 5161 1541 5205 aut
1564 5153 1745 5219 aliquo
1777 5153 1994 5205 demum
2046 5140 2238 5205 ltorum
2265 5166 2357 5203 ex-

796 5243 966 5301 cellit.
1001 5258 1121 5311 quae
1162 5242 1401 5297 hominis
1432 5242 1745 5297 facultatem
1785 5253 2136 5309 exsuperant,
2194 5257 2361 5296 causa

798 5344 1074 5399 unguiculo
1100 5332 1477 5388 saeratissimo
1537 5334 1821 5388 tribuenda
1882 5335 2365 5395 cst,credendum-

798 5440 905 5493 que
939 5423 1040 5492 ipsi
1082 5424 1298 5491 quidem
1346 5425 1468 5477 data
1512 5439 1651 5484 esse,
1686 5425 1900 5493 quando
1930 5423 2202 5477 unctionis
2253 5440 2366 5494 my-

802 5517 969 5570 sterio
1002 5514 1236 5568 donatus
1261 5525 1378 5569 est:
1418 5524 1603 5582 postea
1627 5531 1754 5569 vero
1777 5515 1928 5569 illum
1966 5515 2031 5568 ad
2094 5516 2363 5569 aCtionem

803 5622 863 5660 se
896 5604 1142 5661 dedisse.
1167 5604 1309 5657 Idem
1339 5606 1406 5657 de
1441 5606 1507 5659 iis
1542 5605 1907 5667 sentiendum,
1948 5606 2041 5674 qui
2092 5605 2364 5675 exquisite

874 5722 894 5751 '
926 5721 940 5771 I
971 5719 1098 5771 C'tr.
1134 5736 1243 5782 xw,
1269 5718 1323 5771 5.
1423 5720 1464 5750 ’⁸
1518 5720 1749 5788 Philipp.
1784 5737 1819 5779 Ι,
1872 5722 1941 5781 8;
1972 5718 2091 5775 Act.
2128 5736 2249 5783 xm,
2282 5720 2371 5773 92.

810 5805 936 5843 un.
980 5790 1057 5843 l7.
1138 5789 1179 5818 "‘
1212 5790 1367 5842 ltum.
1397 5803 1513 5847 xm.
1554 5789 1641 5844 ili.
1723 5791 1763 5821 “
1795 5788 1876 5845 lsa
1922 5806 1991 5844 ιι.
2036 5790 2088 5844 2.

2459 3237 2616 3306 ήμῶν
2651 3243 2974 3309 στεναγμοῖς
3003 3241 3314 3310 ἀλαλήτοις,
3361 3263 3379 3295 ι
3417 3244 3647 3313 δύναμιν
3680 3245 3842 3315 εὐχῆς
3868 3242 4024 3315 οἶμαι

2461 3328 2723 3399 παρέχον.
2752 3331 2864 3382 Καὶ
2899 3331 3033 3393 ὅλως
3057 3333 3147 3386 τὸν
3177 3333 3335 3400 λόγον
3362 3336 3552 3387 τοῦτον
3578 3336 3796 3403 πνεῦμα
3830 3339 4027 3403 σοφίας

2459 3421 2577 3473 ἐστὶ
2603 3421 2663 3473 τὸ
2699 3421 2921 3491 Πνεῦμα
2952 3423 3012 3475 τὸ
3045 3424 3198 3489 ἃγιον
3237 3426 3330 3477 καὶ
3380 3425 3596 3496 πνεῦμα
3633 3428 3900 3488 συνέσεως
3931 3428 4027 3479 καὶ

2462 3512 2657 3581 βουλῆς
2693 3514 2789 3566 καὶ
2826 3514 3007 3581 ῑσχύος
3042 3517 3135 3567 καὶ
3165 3515 3453 3577 εὐσεϐείας
3484 3517 3578 3567 καὶ
3599 3515 3706 3566 τῶν
3727 3515 3922 3579 ἄλλων,
3952 3510 4029 3569 ὧν

2461 3602 2783 3671 ἐπωνύμους
2812 3603 3113 3666 δείκνυσιν,
3146 3597 3225 3666 οἷς
3257 3604 3587 3673 μεταδίδωσι
3623 3604 3728 3656 τῶν
3766 3604 3955 3657 αὑτοῦ.

2537 3696 2755 3757 Πάντας
2813 3696 2910 3764 μὲν
2962 3691 3054 3747 οὖν
3105 3696 3228 3757 τοὺς
3286 3695 3677 3765 μεμυημένους
3716 3696 3782 3747 τὰ
3832 3693 4027 3752 ἑαυτοῦ

2462 3791 2609 3837 ποιεῖ
2661 3786 2724 3837 τὸ
2778 3788 3080 3856 μυστήριον
3107 3802 3120 3816 ο
3167 3785 3425 3855 αἴσθησις
3478 3787 3535 3839 δὲ
3570 3787 3678 3839 τῶν
3716 3786 3906 3847 δώρων
3933 3787 4029 3837 καὶ

2464 3878 2666 3944 σπουδὴ
2698 3896 2761 3931 πε
2773 3879 2826 3947 pl.
2850 3879 2940 3929 τδν
2962 3878 3213 3943 πλοῦτον,
3238 3878 3377 3931 ὥστε
3409 3878 3719 3948 χρήσασθαι
3742 3881 3856 3941 τοῖς
3885 3880 4030 3931 δεδο-

2466 3970 2674 4037 μένοις,
2727 3968 2788 4021 ού
2844 3968 3001 4029 πᾶσι,
3060 3968 3174 4029 τοῖς
3229 3967 3328 4035 μὲν
3357 3966 3447 4018 διά
3482 3968 3583 4033 τὴν
3631 3965 3848 4034 ἡλικίαν
3877 3964 4031 4017 olim»

2462 4060 2645 4114 λαϐεῖν
2674 4057 2802 4112 νοῦν
2835 4058 3133 4126 δυνηθεῖσι,
3160 4059 3268 4120 τοῖς
3288 4056 3346 4109 δὲ
3372 4056 3449 4126 τῷ
3478 4055 3555 4127 μὴ
3580 4056 4029 4125 παρεσκευάσθαι

2466 4152 2602 4221 μηδὲ
2631 4152 2731 4221 τὴν
2776 4149 3105 4219 γιγνομένην
3162 4146 3540 4212 ἐπιδείξασθαι
3582 4145 3917 4217 προθυμίαν,
3954 4138 4032 4199 ὧν

2465 4242 2629 4305 ἐνίοις
2662 4242 2892 4312 ὕστερον
2946 4237 3021 4294 ὧν
3072 4240 3327 4310 ἥμαρτον
3378 4239 3645 4309 μετάνοια
3697 4240 3795 4292 καὶ
3816 4238 4033 4309 δάκρυα

2464 4334 2559 4387 καὶ
2583 4332 2694 4403 βίος
2724 4332 2869 4386 κατά
2897 4332 2988 4385 τὸν
3019 4331 3179 4402 ὀρθὸν
3233 4331 3395 4399 λόγον
3424 4330 3526 4397 τὴν
3557 4330 3872 4383 ἑντεθεῖσαν
3910 4333 4033 4391 ταῖς

2462 4422 2662 4492 ψυχαῖς
2697 4423 2942 4487 ὑπέδειξε
2970 4423 3154 4493 χάριν.
3198 4422 3364 4475 Ὅθεν
3405 4422 3503 4475 καὶ
3534 4420 3746 4480 Παῦλος
3780 4420 4033 4490 Τιμοθέῳ

2462 4517 2711 4587 γράφων,
2735 4533 2754 4564 ε
2778 4515 2868 4584 Μὴ
2889 4514 3102 4583 ἀμέλει,
3125 4514 3280 4584 φησὶ,
3300 4511 3397 4565 τοῦ
3414 4514 3473 4565 ἐν
3501 4514 3583 4565 σοὶ
3601 4511 3966 4582 χαρίσματος,
4009 4531 4027 4563 ι

2463 4607 2539 4671 ὼς
2571 4608 2722 4659 οὐδὲν
2751 4605 2812 4658 ὃν
2840 4607 3003 4658 πλέον
3032 4607 3165 4676 ἡμῖν
3201 4605 3296 4658 καὶ
3328 4605 3388 4657 τὸ
3419 4604 3595 4673 δῶρον
3622 4604 3936 4672 δεξαμένοις
3968 4605 4034 4656 ἂν

2466 4698 2822 4770 ρᾳθυμῶμεν,
2854 4701 2950 4752 καὶ
2998 4700 3082 4751 ὅτι
3112 4696 3195 4751 δεῖ
3240 4698 3406 4749 πόνου
3436 4696 3533 4749 καὶ
3571 4696 3885 4766 ἀγρυπνίας
3920 4699 4034 4759 τοῖς

2466 4788 2812 4859 βουλομένοις
2832 4789 3056 4860 ὲνεργδν
3108 4788 3176 4841 τά
3232 4787 3460 4840 τοιαῦτα
3507 4786 3607 4856 τὴν
3637 4787 3814 4856 ψυχὴν
3842 4787 3991 4856 ἔχειν
4021 4803 4034 4817 ’

2463 4882 2603 4935 ὥστε
2632 4882 2684 4934 ετ
2710 4898 2793 4943 τις
2835 4882 2943 4933 τῶν
2972 4880 3274 4933 σπουδαίων
3304 4879 3493 4950 ἀγάπη
3531 4881 3783 4947 φαίνεται
3816 4880 4029 4948 διενεγ-

2464 4974 2577 5026 κὼν
2608 4973 2640 5042 ἢ
2670 4973 3006 5043 καθαρότητι
3040 4972 3400 5041 σωφροσύνης
3434 4972 3467 5041 ἢ
3518 4972 4032 5040 ταπεινοφροσύνης

2467 5066 2568 5118 ὐπε
2583 5064 2744 5135 ρσολῇ
2779 5065 2812 5135 ἢ
2844 5064 3126 5126 εὐσεϐείας
3149 5064 3181 5133 ἢ
3207 5064 3316 5115 τῶν
3340 5064 3599 5116 τοιούτων
3624 5062 3769 5123 τινὸς
3802 5063 3948 5134 ὑπὲρ
3978 5066 4037 5118 τὸ

2468 5158 2613 5220 εἰκὸς
2646 5158 2754 5210 τῶν
2787 5156 3095 5227 ἀνθρώπων
3128 5156 3358 5223 τούτων,
3383 5155 3667 5209 αἰτιᾶσθαι
3694 5156 3859 5208 δεῖτὸ
3890 5159 4036 5210 θειό-

2467 5266 2629 5302 τατον
2665 5249 2837 5318 μύρον
2867 5250 2963 5301 καὶ
2993 5247 3276 5300 πιστεύειν
3321 5247 3471 5316 αὐτῷ
3500 5247 3752 5300 δεδόσθαι
3787 5248 3911 5315 μὲν,
3946 5248 4036 5300 ὅτε

2467 5338 2561 5389 τοῦ
2594 5338 2896 5407 μυστηρίου
2935 5338 3177 5406 μετεῖχε,
3209 5336 3272 5387 τὸ
3299 5336 3492 5404 δῶρον,
3525 5334 3776 5402 γενέσθαι
3803 5333 3861 5385 δὲ
3885 5336 4039 5399 svsp-

2469 5428 2565 5495 γὺν
2591 5426 2821 5493 ὕστερον
2845 5440 2859 5453 ·
2892 5426 2982 5477 τὸν
3006 5425 3119 5477 ἴσον
3152 5425 3350 5492 τρόπον
3382 5425 3474 5475 καὶ
3502 5422 3635 5490 περὶ
3654 5420 3760 5474 τῶν
3792 5420 4037 5487 ἀκριῦὠς

2467 5516 2776 5582 μελλόντων
2836 5515 3020 5582 λέγειν
3070 5514 3293 5574 εἰδέναι,
3349 5512 3445 5565 καὶ
3500 5513 3615 5574 τοῖς
3665 5509 3762 5578 τὴν
3807 5512 4038 5577 γνώμην

2462 5604 2849 5675 ιλαυνομένοις
2903 5606 2998 5657 καὶ
3060 5602 3237 5665 ἄλλως
3283 5600 3572 5655 ἀσθενοῦσι
3607 5600 3861 5669 σωτῆρας
3896 5595 4037 5653 εἶναι

2476 5720 2519 5751 ¹¹
2562 5719 2579 5772 Ι
2610 5718 2740 5789 Reg.
2774 5736 2884 5782 ενι,
2914 5720 2995 5783 12,
3031 5719 3116 5774 15.
3221 5721 3263 5751 ¹²
3290 5718 3421 5773 Luc.
3451 5734 3583 5781 zvtt,
3636 5717 3689 5771 5.
3796 5714 3841 5745 ³³
3875 5714 4035 5768 ιιοαιιο

2170 5791 2232 5821 ¹¹⁶
2266 5791 2281 5843 l
2312 5788 2450 5845 Tun.
2477 5805 2546 5844 tv.
2586 5790 2666 5846 Η.
