4272 6446
266 415 336 477 77
1256 412 1353 472 DE
1379 411 1551 473 vm
1602 412 1677 472 IN
1718 411 2052 472 cumsro
2093 412 2234 472 Lm.
2285 412 2395 471 ttt.
3357 422 3423 483 57

231 527 381 594 πέρα
412 526 663 595 μηχανῆς
696 525 938 592 ἀπάσης,
972 525 1065 576 καὶ
1092 524 1263 577 τᾶλλα
1310 525 1436 584 τοὺς
1464 523 1803 589 ὶπιδειξαμέ-
1829 527 1874 577 Α
1902 543 1916 573 ι

1782 551 1803 563 -
1829 527 1874 577 Α
1902 522 2124 584 dicturi,
2164 534 2215 576 et
2252 523 2461 575 animos
2501 522 2805 589 itnpulsut'i,
2836 532 2889 576 et
2916 524 3115 591 alioqui
3152 538 3323 592 mgros
3348 533 3465 581 siu'3

228 634 358 678 νους
386 618 495 669 ἀπὸ
520 618 613 669 τοῦ
643 617 945 685 μυστηρίου
968 615 1230 676 λαϐόντας
1249 615 1407 683 ἐχειν.
1437 616 1499 667 Εἰ
1530 614 1635 681 γὰρ
1658 615 1795 681 μήτε

227 705 362 774 παρ’
409 707 541 759 αὐτὸ
569 706 629 758 τὸ
675 705 950 758 τελεῖσθαι
983 706 1041 758 τὸ
1077 706 1373 774 μυστήριον
1406 706 1658 771 ἐνεργοὺς
1693 704 1798 754 δεί·

227 813 389 848 κνυσι
415 798 538 858 τοὺς
572 798 931 866 τελουμένους
961 797 1059 858 τὰς
1094 797 1471 863 πνευματικὰς
1498 798 1579 845 ὲνε
1593 794 1795 864 ργείας,

230 888 375 957 μήτε
406 880 480 940 ὧν
512 892 692 959 χρόνῳ
723 889 949 957 ὕστερον
994 890 1148 941 αὐτοὶ
1204 887 1586 953 πνευματικῶς
1644 888 1799 954 ἐνερ-

227 978 413 1045 γοῦσι,
450 980 548 1047 τὴν
582 980 804 1048 τελετὴν
864 979 1147 1031 αἰτιᾶσθαι
1206 980 1474 1046 προσῆκε,
1506 979 1556 1029 τί
1589 979 1668 1030 δεῖ
1706 978 1797 1029 καὶ

232 1070 517 1137 μυηθῆναι
542 1089 556 1133 ;
578 1071 713 1140 πρὸς
746 1072 794 1122 τί
828 1070 872 1123 δ’
903 1072 968 1122 ἂν
988 1072 1119 1138 ἡμῖν
1148 1072 1178 1139 ὴ
1215 1069 1305 1121 τοῦ
1334 1070 1503 1139 μύρου
1527 1069 1620 1121 τοῦ
1651 1070 1797 1121 θείου

232 1161 440 1230 μύησις
473 1161 551 1212 ἔτι
614 1164 791 1230 φέροι,
840 1164 1096 1230 χορηγεῖν
1150 1162 1290 1227 ὑπὶρ
1324 1156 1384 1215 οὗ
1440 1162 1681 1228 ζητεῖται
1723 1160 1797 1228 μὴ

229 1256 547 1324 δυναμένη;
580 1258 688 1309 Καὶ
716 1258 834 1311 οὐδὲ
875 1260 1049 1310 ἐκεῖνο
1081 1259 1302 1319 είκότως
1334 1258 1477 1309 ἐστιν
1509 1256 1796 1319 εἰπεῖν,ὼς

227 1352 277 1401 εί
314 1349 389 1417 μὴ
447 1350 619 1402 ταῦτα
675 1349 1055 1418 ἀπολαύσομεν
1087 1349 1180 1401 τοῦ
1230 1350 1552 1418 χρίσματος.
1582 1349 1709 1401 ἀλλο
1742 1365 1793 1399 τι

230 1438 442 1491 δύναιτ’
464 1438 530 1492 ἂν
550 1440 677 1507 ἡμῖν
699 1440 731 1509 ὴ
757 1438 948 1508 τελετὴ
976 1438 1210 1506 βοηθεῖν.
1240 1438 1301 1489 Εί
1327 1439 1433 1505 γὰρ
1463 1438 1603 1504 ἆπερ
1630 1437 1799 1501 ἑπαγ-

232 1532 510 1597 γέλλεται,
545 1531 641 1583 καὶ
672 1531 804 1599 πρὸς
839 1530 874 1583 ἃ
909 1532 1059 1582 πᾶσα
1098 1531 1343 1599 φέρεται,
1387 1531 1482 1582 καὶ
1510 1528 1638 1598 περὶ⁹
1663 1520 1737 1581 ὧν
1768 1529 1796 1579 ό

230 1622 489 1691 τελεστὴς
534 1622 775 1690 εὔχεται,
826 1623 917 1674 καὶ
950 1621 985 1675 ἃ
1024 1621 1197 1675 πείθει
1248 1620 1336 1673 τὸν
1365 1620 1686 1688 τελούμενον
1721 1620 1797 1680 ὼς

230 1716 435 1769 αὐτίκα
484 1714 737 1782 λήψεται,
774 1719 979 1767 τούτων
1014 1715 1195 1781 τυχεῖν
1221 1714 1279 1765 ού
1316 1713 1551 1772 δίδωσιν,
1584 1711 1711 1763 ἄλλο
1743 1728 1795 1763 τι

226 1810 339 1861 τῶν
370 1809 596 1875 ἀγαθῶν
627 1809 839 1860 ἐκεῖθεν
870 1807 1033 1877 σχολῇ
1067 1823 1128 1873 γε
1179 1806 1258 1858 δεῖ
1290 1806 1592 1874 προσδοκᾷν
1612 1820 1624 1831 ·
1665 1806 1712 1856 εί
1746 1803 1791 1855 δ’

225 1904 289 1956 οὐ
326 1904 506 1973 μάτην
530 1905 589 1954 τί)
615 1906 930 1972 μυστήριον,
961 1904 1045 1955 ὅτι
1079 1902 1211 1973 μηδὲ
1249 1900 1377 1956 ἀλλο
1400 1900 1504 1952 τῶν
1537 1900 1796 1968 Χριστια-

229 2000 398 2049 νικῶν
452 1998 624 2059 οὐδὲν,
667 2018 684 2048 ι
721 1997 793 2050 Οὐ
830 1996 937 2065 γὰρ
994 1997 1166 2057 κενὸν,
1215 1995 1367 2065 φησὶ,
1424 1993 1481 2045 τὺ
1534 1995 1795 2063 κήρυγμα

228 2091 419 2157 ἡμῶν,
456 2090 575 2142 οὐδὲ
609 2090 809 2158 ματαία
839 2090 871 2157 ἡ
900 2088 1079 2150 πίστις
1132 2088 1308 2154 ἡμῶν,
1342 2106 1359 2136 ι
1400 2087 1450 2137 εἴ
1478 2102 1595 2137 τινα
1636 2102 1797 2136 πνευ-

228 2183 471 2252 ματικὴν
523 2183 806 2251 ἐνέργειαν
852 2182 1029 2249 εὑρεῖν
1086 2181 1232 2233 ἔστιν
1273 2181 1329 2230 ὲν
1363 2178 1666 2245 ἀνθρώποις
1701 2177 1797 2228 καὶ

222 2274 322 2326 τοῦ
383 2275 584 2326 κύκλου
642 2274 751 2325 τῶν
785 2274 995 2325 ἐκεῖθεν
1028 2274 1287 2340 χαρίτων,
1348 2274 1426 2325 είς
1480 2272 1579 2332 τὰς
1628 2269 1795 2337 εὐχὰς

223 2365 525 2432 ἀναφέρειν
560 2365 772 2433 ἀνάγκη
806 2364 1006 2426 ταύτας
1046 2364 1139 2417 καὶ
1168 2365 1227 2415 τὸ
1262 2365 1468 2433 χρίσμα
1503 2364 1562 2414 τὸ
1592 2363 1756 2429 ίερόν.

305 2635 486 2691 ’0)ω;
524 2634 632 2701 γὰρ
662 2632 785 2687 οὔτε
832 2636 999 2700 ἔστιν,
1032 2634 1131 2685 οὐκ
1162 2634 1306 2685 ἔστιν
1339 2634 1490 2686 οὐδὲν
1516 2633 1737 2699 ἀγαθὸν,
1768 2630 1797 2685 δ

226 2728 305 2796 τῷ
338 2728 459 2796 Θεῷ
488 2729 853 2791 διαλλαγεῖσιν
880 2727 1088 2778 ἐκεῖθεν
1120 2728 1358 2797 ὑπῆρξεν
1403 2728 1735 2795 ἀνθρώποις,
1769 2726 1797 2779 ὃ

227 2821 305 2888 μὴ
338 2821 428 2873 διὰ
473 2817 566 2871 τοῦ
604 2820 972 2879 καταστάντος
1025 2819 1159 2871 Θεοῦ
1204 2821 1297 2871 καὶ
1320 2818 1623 2885 ἀνθρώπων
1657 2837 1796 2888 παρ-

222 2910 431 2977 εσχέθη
468 2911 715 2977 μεσίτου.
751 2908 873 2962 οὔτε
909 2910 998 2961 τὸν
1034 2912 1258 2980 μεσίτην
1285 2911 1463 2976 εὑρεῖν
1492 2912 1583 2963 καὶ
1612 2911 1796 2963 λαὸεῖν

223 3003 322 3051 καὶ
362 3002 468 3050 τῶν
520 2999 727 3051 ἐκείνου
788 3002 970 3068 τυχεῖν
1002 3000 1131 3051 ἄλλο
1164 3018 1218 3051 τι
1280 2999 1493 3051 είδωσιν
1533 3001 1666 3068 ἡμῖν
1690 3000 1796 3050 τῶν

224 3094 487 3145 ἁπάντων
517 3088 548 3154 ἢ
572 3090 637 3140 τά
672 3092 946 3156 μυστήρια
968 3108 982 3121 -
1012 3090 1182 3144 ταῦτα
1210 3092 1316 3158 γὰρ
1345 3092 1623 3158 συγγενεῖς
1650 3092 1795 3158 ἡμᾶς

1901 613 2009 665 ullo
2044 614 2320 667 molimine
2368 615 2613 667 sanitturi
2665 624 2809 674 sunt,
2849 616 3016 683 etqui
3040 616 3143 667 alia
3184 617 3323 671 dona
3374 634 3469 672 ac-

1899 714 2177 774 ceperunt,
2201 720 2296 763 eos
2324 705 2574 759 videlicet
2599 705 2685 758 illa
2720 722 2747 758 a
2781 706 3041 775 ntySIerio
3097 718 3317 775 accepta
3369 712 3469 763 ha-

1900 796 2045 850 bere.
2078 796 2135 849 Si
2163 797 2305 849 enim
2338 811 2435 849 nec
2482 796 2597 863 ipsa
2655 796 2893 865 mysterii
2946 796 3166 850 collatio
3226 800 3468 854 initiatos

1897 888 2258 957 spiritualium
2306 902 2529 955 operum
2570 896 2917 940 cxsocutores
2952 888 3147 951 reddit,
3194 904 3293 942 nec
3348 906 3467 954 qua:

1899 989 2139 1047 tempore
2172 980 2502 1047 procedente
2558 978 2658 1047 ipsi
2722 978 3077 1046 spit-itttaliter
3144 991 3459 1048 operantur,

1899 1074 2189 1127 initiationi
2220 1074 2272 1125 in
2292 1073 2533 1139 acceptis
2578 1073 2858 1127 referenda
2905 1083 3053 1133 sunt.
3090 1076 3216 1140 quid
3244 1090 3465 1128 necessst:

1898 1173 1983 1217 est
2024 1161 2565 1227 ittitiari‘lQuorsutu
2624 1178 2787 1231 porro
2837 1166 2995 1217 nobis
3018 1166 3198 1217 divina
3237 1166 3351 1219 hinc
3381 1166 3463 1217 in-

1901 1254 2085 1309 unctio
2131 1258 2419 1316 coudttcet.
2482 1269 2626 1316 cum,
2702 1264 2920 1321 prapter
2983 1256 3128 1323 quod
3172 1260 3459 1320 expetitur,

1899 1348 2240 1414 suppeditare
2274 1362 2383 1399 non
2416 1347 2627 1413 possit?
2661 1344 2768 1400 Nec
2820 1347 2947 1400 illud
2992 1349 3185 1401 merito
3242 1364 3468 1416 respou-

1900 1437 2015 1489 συνῆ
2066 1445 2249 1503 queat,
2280 1450 2588 1503 quanquam
2636 1436 2819 1489 unctio
2866 1435 3009 1489 hunc
3038 1437 3195 1492 nohis
3230 1436 3468 1491 fructum

1900 1541 2006 1578 non
2049 1527 2243 1594 pariat,
2321 1541 2478 1593 posse
2532 1536 2713 1580 tamen
2744 1542 2843 1581 nos
2888 1529 3165 1595 adjuvare.
3211 1526 3264 1582 Si
3322 1534 3468 1584 cnim

1899 1634 2020 1685 qua:
2053 1616 2340 1685 promittit,
2368 1625 2421 1669 et
2458 1618 2521 1669 atl
2579 1632 2698 1683 quas
2732 1627 2839 1671 tota
2877 1619 3066 1681 tendit,
3124 1634 3240 1686 qua:
3285 1620 3468 1674 initia-

1902 1719 1985 1762 tor
2021 1720 2159 1771 orat,
2188 1718 2241 1761 et
2280 1724 2397 1776 qua:
2426 1709 2689 1761 initiattdo
2719 1711 3004 1777 persuadet
3066 1726 3187 1764 mox
3214 1722 3469 1779 acceptu-

1903 1813 2041 1860 rum,
2070 1797 2113 1850 si
2142 1798 2255 1849 haac
2282 1798 2543 1865 consequi
2578 1812 2680 1850 non
2731 1798 2845 1861 dat,
2888 1798 3033 1851 aliud
3079 1799 3201 1852 inde
3266 1801 3465 1852 bonum

1902 1890 2319 1955 haudquaquam
2355 1886 2785 1955 exspectandum
2848 1897 2948 1941 est.
2988 1888 3143 1951 Quod
3180 1890 3222 1941 si
3256 1906 3358 1941 non
3386 1899 3470 1943 est

1900 1983 2062 2036 inane
2127 1979 2469 2048 mystetium,
2548 1979 2673 2045 quia
2734 1993 2832 2032 nec
2886 1979 3029 2032 aliud
3097 1980 3464 2034 Christianum

1900 2074 2095 2132 ullum,
2136 2091 2153 2121 ι
2187 2069 2303 2123 Νοη
2327 2070 2470 2123 enim
2497 2070 2672 2125 inanis
2694 2080 2795 2135 est,
2822 2072 3014 2137 inquit,
3034 2074 3347 2142 prtedicatio
3372 2089 3470 2127 tto-

1896 2178 2029 2227 stra,
2070 2176 2241 2232 neque
2283 2163 2463 2215 inanis
2500 2163 2631 2217 tidcs
2691 2166 2963 2228 vestra”;
3008 2186 3023 2215 ι
3064 2166 3106 2218 si
3138 2180 3296 2232 quam
3339 2182 3467 2233 ope-

1897 2259 2162 2311 rationem
2200 2257 2541 2325 spiritualem
2598 2257 2840 2311 invenire
2877 2270 2956 2311 est
3007 2260 3144 2311 inter
3196 2259 3465 2321 homines,

1896 2362 1949 2402 et
1991 2365 2057 2401 ex
2118 2350 2246 2400 orbe
2304 2349 2393 2400 illo
2449 2348 2811 2415 spiritualium
2866 2350 3180 2418 gratiarum,
3224 2366 3341 2405 eam
3398 2350 3463 2407 ad

1900 2441 2059 2493 ha~ce
2098 2456 2283 2507 preces
2327 2448 2377 2491 ct
2419 2441 2724 2493 unctionem
2780 2456 2987 2494 sacram
3024 2442 3223 2496 referre
3291 2459 3467 2497 ncces-

1898 2532 2041 2583 sario
2068 2532 2347 2583 debemus.

1967 2622 2129 2676 Plane
2173 2624 2315 2675 enim
2378 2638 2481 2675 non
2533 2632 2636 2688 est,
2691 2640 2794 2677 nou
2868 2633 2969 2682 est.
3008 2625 3259 2692 inquam,
3296 2627 3463 2679 ullum

1898 2716 2120 2777 bonum,
2160 2717 2283 2769 inde
2332 2716 2650 2769 hominibus
2688 2716 2797 2768 lleo
2832 2717 3197 2768 reconciliatis
3256 2719 3465 2783 prtcsti-

1900 2816 2035 2865 tttm.
2075 2806 2217 2874 quod
2253 2823 2356 2858 non
2394 2820 2487 2875 per
2520 2805 2869 2857 ntediatoretn
2907 2806 3045 2858 inter
3079 2804 3243 2858 Deum
3277 2816 3331 2858 ct
3363 2808 3463 2859 ho-

1898 2900 2073 2953 mines
2110 2900 2470 2952 constitutum
2520 2898 2679 2951 nobis
2716 2898 2787 2951 sit
2836 2898 3126 2960 collatum;
3182 2913 3356 2967 neque
3408 2907 3467 2951 ttt

1904 2993 2259 3045 mediatorctn
2308 2992 2667 3049 inveniamus.
2715 3000 2767 3042 et
2797 2991 3281 3057 apprchendamus,
3315 3002 3367 3043 et
3399 2993 3465 3044 il—

1900 3084 2003 3135 lius
2042 3086 2178 3136 hona
2214 3097 2600 3149 assequamur,
2630 3083 2694 3132 ah
2727 3080 2831 3132 alio
2871 3096 2933 3133 ex
2969 3082 3221 3134 omnibus
3248 3120 3262 3139 .
3300 3099 3461 3149 quam

226 3189 379 3239 ποιεῖ
413 3185 524 3238 τῶν
556 3185 802 3254 αἱμάτων
835 3184 1083 3246 ἐκείνων,
1121 3186 1214 3236 καὶ
1264 3177 1338 3237 ὧν
1375 3184 1562 3253 εἴληφε
1584 3184 1671 3236 διὰ
1701 3184 1797 3250 τὴν
1826 3196 1869 3254 C
1901 3192 1913 3229 ι

1771 3200 1797 3234 ν
1826 3196 1869 3254 ε
1901 3192 1930 3229 a
1962 3176 2319 3229 sacramentis
2352 3175 2719 3244 atl‘piscimur.
2759 3171 2891 3226 Nam
2926 3174 3036 3226 haec
3067 3190 3164 3227 nos
3195 3175 3267 3227 illi
3304 3176 3458 3239 quasi

230 3279 415 3343 σάρκα
451 3277 690 3345 χαρίτων
722 3275 816 3327 καὶ
857 3270 931 3326 ὧν
964 3275 1156 3325 παθεῖν
1189 3274 1447 3342 ἠνέσχετο
1484 3273 1795 3334 κοινωνούς.

241 3368 402 3419 Ἐπεὶ
435 3370 543 3435 γὰρ
580 3368 724 3419 δυοῖν
755 3366 948 3424 ὄντοιν.
980 3365 1015 3417 ἃ
1044 3365 1119 3433 τῷ
1144 3366 1259 3432 Θεῴ
1304 3366 1583 3431 συνίστησι
1616 3365 1707 3415 καὶ
1743 3367 1799 3415 ἐν

224 3454 309 3512 οἷς
340 3460 495 3510 πᾶσα
524 3457 632 3508 τῶν
664 3456 969 3527 ἀνθρώπων
997 3457 1027 3524 ἡ
1053 3455 1316 3524 σωτηρία,
1344 3454 1436 3506 τοῦ
1468 3471 1523 3505 τε
1545 3458 1610 3505 τὰ
1642 3454 1799 3522 ἱερώ-

1907 3266 2369 3335 consanguineos,
2411 3278 2464 3318 et
2514 3266 2853 3317 cruciatuum
2901 3281 3037 3331 quos
3090 3266 3373 3328 sustinuit,
3412 3277 3467 3319 et

1896 3364 2216 3425 gratiarum.
2245 3374 2378 3425 quas
2412 3366 2634 3426 propter
2663 3373 2884 3411 carnem
2912 3358 3143 3425 acrepit,
3176 3360 3383 3425 pattici;
3408 3376 3466 3411 es

1897 3452 2159 3504 etliciuut.
2204 3450 2337 3502 Cum
2380 3451 2527 3502 enim
2564 3452 2668 3503 duo
2704 3450 2836 3511 sint,
2878 3464 2997 3516 qtttc
3056 3451 3300 3503 homines
3359 3453 3465 3503 er

221 3568 365 3603 τατα
437 3551 712 3617 μυττήρια
764 3548 1061 3616 μυηθῆναι,
1124 3549 1214 3599 κα)⁸
1264 3546 1354 3597 τοῦ
1409 3548 1541 3614 προς
1597 3546 1796 3613 ἀρετὴν
1892 3560 1908 3597 t

1771 3563 1796 3596 ν
1892 3544 2291 3608 couttttcudcnt,
2314 3546 2588 3614 etquibus
2625 3555 2730 3598 totzt
2766 3546 2908 3598 salus
2941 3546 3177 3598 humztna
3212 3546 3458 3605 fulcitur,

221 3644 469 3707 ἀσκῆσαι
516 3641 616 3708 τὴν
666 3638 917 3706 γνώμην,
976 3638 1067 3689 τοῦ
1100 3636 1375 3705 δευτέρου,
1435 3638 1575 3699 λέγω
1610 3636 1673 3701 δὴ
1701 3637 1797 3698 τῆς

222 3728 579 3798 ἀνθρωπείας
611 3728 872 3793 σπουδῆς,
908 3727 1059 3777 οὐδὲν
1086 3726 1214 3778 ἄλλο
1253 3725 1447 3791 γένοιτ’
1474 3724 1539 3776 ἂν
1570 3724 1727 3791 ἔργον
1764 3724 1795 3792 ἢ

224 3824 292 3871 τὰ
326 3820 551 3871 δοθέντα
588 3816 760 3869 σῶσαι
799 3819 891 3869 καὶ
929 3817 1001 3884 μὴ
1033 3816 1320 3884 προδοῦναι
1368 3816 1457 3867 τὸν
1490 3816 1758 3884 θησαυρόν
1780 3832 1794 3847 ο

220 3900 478 3962 λείπεται
512 3910 576 3977 δὴ
609 3910 776 3978 μόνην
799 3909 1036 3976 χορηγὸν
1072 3910 1205 3976 ἡμῖν
1240 3908 1343 3958 τῶν
1369 3908 1590 3973 ἀγαθῶν
1628 3908 1801 3960 ἀπάν-

220 4022 335 4055 των
364 4005 463 4070 τὴν
487 4002 598 4053 τῶν
628 4002 945 4069 μυστηρίων
972 4000 1203 4065 δύναμιν
1234 3995 1389 4051 εἶναι.
1423 4002 1527 4050 Καὶ
1563 4001 1668 4069 μὴν
1691 4000 1798 4050 τῶν

220 4094 465 4147 τελετῶν
522 4092 688 4159 ἄλλης
738 4091 837 4159 μὲν
900 4090 1061 4159 ἔργον
1100 4090 1226 4143 ἀλλο
1284 4108 1359 4152 τι,
1398 4090 1713 4159 ΙΙνεύματος
1741 4090 1797 4142 δὲ

224 4190 321 4238 καὶ
352 4186 463 4237 τῶν
504 4184 713 4235 ἐκείνου
770 4182 1367 4252 μετειληφέναιδώρων
1391 4185 1481 4236 τοῦ
1519 4183 1798 4249 παναγοῦς

223 4279 535 4345 ἐξήρτηται
575 4274 745 4343 μύρου
767 4290 781 4305 ·
812 4274 899 4325 διὰ
931 4272 1102 4325 ταῦτα
1134 4273 1233 4325 κᾶν
1264 4274 1338 4341 μὴ
1369 4275 1497 4341 παρ’
1524 4276 1683 4327 αὑτὸν
1707 4274 1798 4327 τὸν

222 4369 327 4434 τῆς
359 4366 585 4433 τελετῆς
617 4364 829 4433 χρόνον,
867 4363 1088 4430 ὕστερον
1115 4364 1171 4413 δὲ
1214 4364 1392 4433 πολλῷ
1424 4366 1800 4433 πνευματικὴν

222 4458 433 4526 δυνηθῇ
490 4474 573 4516 τις
631 4455 1002 4517 ἐπιδείξασθαι
1034 4455 1263 4522 δωρεὰν,
1297 4456 1357 4507 ού
1387 4455 1465 4506 δεῖ
1494 4456 1589 4522 τὴν
1620 4456 1798 4508 αἰτίαν

1896 3636 2124 3687 alterum
2166 3646 2212 3687 Jl
2250 3638 2521 3704 mysteriis
2555 3637 2946 3690 sacratissimis
2978 3637 3254 3689 initientur
3281 3680 3294 3701 ,
3330 3638 3463 3690 alte-

1899 3744 2039 3788 rum,
2076 3737 2128 3779 ιιι
2159 3728 2399 3779 animum
2427 3727 2490 3779 ad
2526 3729 2773 3780 virtutem
2812 3728 3171 3796 appellamus,
3203 3731 3462 3789 humana,

1908 3819 2128 3885 inquam
2161 3856 2175 3877 ,
2209 3819 2513 3886 diligentia,
2550 3820 2688 3872 nihil
2720 3821 2862 3872 aliud
2901 3836 3038 3889 opus
3086 3821 3267 3883 fuerit,
3300 3836 3463 3887 quant

1899 3910 2021 3961 data
2053 3925 2303 3972 servare,
2334 3919 2389 3963 et
2429 3912 2744 3963 thesaurum
2810 3927 2914 3962 non
2977 3910 3223 3978 prodere.
3282 3910 3458 3963 ltelin-

1898 4000 2083 4068 quitur
2118 4016 2273 4069 ergo,
2316 4001 2488 4054 solam
2521 4003 2897 4070 mysteriorum
2932 4003 3184 4055 virtutem
3218 4003 3460 4054 omnium

1900 4090 2165 4143 bonorum
2200 4090 2353 4143 nobis
2391 4090 2714 4159 largitricent
2752 4106 2893 4143 eSsc.
2920 4090 3077 4155 Atqui
3106 4090 3296 4144 horum
3324 4091 3462 4143 alius

1896 4182 2118 4236 eth-ctus
2155 4192 2207 4235 et
2266 4197 2404 4249 opus
2462 4191 2565 4245 est,
2600 4180 2836 4249 Spiritus
2898 4181 3149 4249 illiusque
3197 4182 3461 4233 tlonurttttt

1899 4274 2213 4326 Comtnttnio
2244 4287 2270 4323 a
2303 4273 2651 4325 sanctissima
2684 4272 2937 4326 unctione
2971 4288 3068 4339 pett
3095 4276 3183 4324 lct.
3235 4272 3464 4330 Idcirco,

1904 4364 2121 4416 tametsi
2156 4379 2262 4416 non
2302 4365 2418 4430 ipso
2459 4364 2784 4416 initiationis
2830 4371 3093 4431 tempore,
3149 4366 3241 4417 s't-d
3295 4366 3465 4415 multo

1901 4464 2044 4523 post,
2078 4455 2361 4521 Spirituale
2397 4455 2599 4507 donum
2632 4455 2695 4506 ad
2731 4470 2841 4506 rem
2873 4454 3124 4507 conferre
3155 4455 3278 4520 quis
3312 4467 3466 4523 pote-

226 4552 321 4601 καὶ
510 4549 543 4615 ἡ
569 4548 802 4614 δύναμις
831 4548 1068 4613 ἀγνοεῖν.
1117 4548 1269 4598 Ἐπεὶ
1302 4548 1399 4601 καὶ
1427 4549 1452 4598 ό
1486 4548 1577 4600 τοῦ
1606 4548 1797 4615 βαπτί-
1832 4522 1872 4575 D

1777 4577 1797 4587 -
1832 4522 1872 4575 θ
1904 4548 1991 4611 rit,
2022 4545 2370 4598 nihilominus
2394 4560 2641 4606 causam,
2667 4553 2721 4597 et
2755 4544 2897 4597 unde
2929 4546 3093 4598 robur
3124 4545 3277 4607 illttd,
3314 4547 3464 4613 igno-

224 4648 443 4708 σματος
504 4639 786 4705 φωτισμδς
836 4640 1039 4689 ἐνίεται
1093 4639 1191 4706 μὲν
1254 4639 1414 4699 εὐθὺς
1450 4640 1803 4706 λουσαμένων

222 4735 347 4792 ταῖς
388 4730 501 4779 τῶν
555 4729 896 4795 τελουμένων
942 4727 1163 4795 ψυχαῖς,
1217 4728 1336 4779 ἔστι
1394 4731 1449 4780 δὲ
1504 4729 1803 4794 τηνικαῦτα

223 4824 381 4884 δῆλος
411 4822 471 4872 οὑ
506 4821 692 4881 πᾶσιν,
719 4819 883 4879 ἐνίοις
914 4819 970 4870 δὲ
1006 4820 1113 4871 τῶν
1148 4820 1453 4872 σπουδαίων
1498 4820 1583 4872 διὰ
1613 4823 1802 4891 χρόνου

224 4912 486 4979 φαίνεται
516 4906 703 4976 ἱδρῶσι
738 4908 952 4969 πολλοῖς
979 4910 1074 4959 καὶ
1110 4908 1290 4967 πόνοις
1322 4909 1416 4959 καὶ
1459 4910 1524 4977 τῇ
1553 4910 1683 4979 περὶ
1717 4911 1804 4960 τὸν

228 5002 471 5070 Χριστὸν
500 5000 690 5067 ἀγάπῃ
718 5000 808 5049 τὸν
836 4997 934 5065 τῆς
955 4997 1135 5065 ψυχῆς
1169 4997 1474 5066 καθάρασιν
1502 4998 1799 5067 ὀφθαλμὸν,

223 5094 314 5144 διὰ
349 5089 514 5142 τοῦτο
564 5089 625 5139 τὸ
682 5086 857 5156 μύρον
888 5087 1195 5154 προσευχῆς
1250 5087 1345 5155 μὲν
1377 5083 1513 5139 οἶκοι
1546 5089 1679 5158 πρὸς
1705 5088 1801 5151 τὰς

227 5183 399 5251 εὐχὰς
435 5181 567 5248 ἡμῖν
592 5176 873 5247 βοηθοῦσι.
904 5177 1197 5246 Χριόμενοι
1228 5179 1337 5247 γὰρ
1375 5179 1450 5244 τῷ
1481 5179 1639 5248 μύρῳ
1657 5179 1801 5231 τοῦτ’

226 5272 364 5324 αὐτὸ
414 5269 665 5335 γίνονται
702 5268 833 5336 ἡμῖν
877 5268 905 5319 δ
950 5266 1260 5331 καλοῦνται,
1292 5268 1427 5320 διότι
1474 5270 1533 5319 τὸ
1566 5270 1800 5321 κενωθὲν

231 5364 405 5432 μύρον
464 5360 819 5427 παράκλητος
874 5361 1007 5429 ἡμῖν
1061 5361 1177 5411 ἐστι
1232 5360 1366 5427 πρὸς
1396 5362 1486 5412 τὶν
1541 5360 1673 5413 Θεὸν
1707 5362 1799 5412 καὶ

228 5455 452 5519 Πατέρα
486 5450 556 5502 δι’
612 5448 744 5501 αὐτὸ
779 5448 956 5512 τοῦτο,
994 5450 1077 5501 ὅτι
1112 5450 1409 5501 κεκένωται
1444 5451 1540 5501 καὶ
1588 5450 1797 5518 χρίσμα

229 5550 447 5612 γέγονε,
489 5546 584 5596 καὶ
622 5542 784 5610 μέχρι
809 5541 908 5609 τῆς
934 5540 1147 5608 φύσεως
1177 5541 1339 5609 ὲχέθη
1372 5542 1469 5609 τῆς
1506 5542 1798 5609 ἡμετέρας.

226 5636 307 5687 Τὰ
332 5634 704 5702 θυσιαστήρια
730 5631 785 5683 δὲ
822 5630 916 5700 τὴν
942 5630 1034 5683 τοῦ
1064 5632 1309 5701 Σωτῆρος
1336 5632 1585 5699 μιμεῖται
1618 5633 1803 5699 χεῖρα,

305 5821 345 5852 ³⁸
379 5820 391 5869 Ι
429 5817 554 5869 Cor.
591 5833 678 5875 XV,
726 5814 806 5865 ί-ί.

1905 4650 2026 4687 rare
2067 4651 2172 4686 non
2215 4635 2487 4687 convenit.
2535 4634 2670 4687 Nam
2724 4646 2776 4687 et
2831 4635 3081 4701 baptismi
3134 4635 3465 4687 illutttina'io

1909 4742 2029 4777 mox
2068 4724 2285 4791 quidem
2339 4725 2647 4776 abltttorum
2686 4725 2973 4777 animabus
3023 4727 3377 4787 immittitur;
3414 4738 3468 4780 at

1909 4835 2012 4869 non
2054 4830 2179 4869 tunc
2216 4816 2282 4867 ab
2316 4816 2570 4867 omnibus
2620 4814 2885 4877 cernitur,
2932 4816 3024 4868 sed
3072 4831 3099 4869 a
3141 4817 3463 4883 quihusdam

1911 4914 2091 4981 prohis
2142 4918 2265 4978 post
2319 4909 2660 4961 intervallum
2711 4910 3079 4975 cognoscitur,
3131 4911 3219 4974 qui
3284 4912 3465 4964 multis

1908 5003 2198 5056 sudoribus
2230 5010 2285 5053 et
2314 5000 2609 5061 laboribus,
2642 5008 2697 5052 et
2730 4999 2999 5053 charitate
3032 5014 3157 5063 erga
3195 4999 3463 5054 Christun

1908 5092 2125 5146 oculum
2151 5090 2346 5142 anima:
2374 5100 2785 5157 perpurgarunt.
2821 5089 3048 5158 Propter
3076 5088 3231 5141 istam
3262 5094 3468 5143 unctiu-

1912 5200 2031 5239 an
2093 5186 2289 5237 domus
2330 5183 2588 5236 orationis
2619 5183 2685 5235 ad
2715 5198 2903 5250 preces
2928 5184 3083 5237 nobis
3112 5185 3463 5237 auxiliantur.

1912 5274 2097 5331 Unctae
2129 5277 2271 5327 enim
2300 5281 2573 5341 unguento
2617 5272 2720 5325 hoc
2752 5273 2924 5333 ipsum
2955 5274 3115 5325 nobis
3143 5275 3298 5333 liuttt,
3323 5277 3464 5342 quod

1909 5373 2195 5425 vocantur,
2258 5362 2520 5429 quoniam
2570 5360 2798 5414 eﬂ‘usum
2852 5368 3204 5429 unguentum,
3237 5363 3466 5415 advoca-

1910 5466 2020 5510 tum
2052 5465 2134 5509 est
2165 5453 2319 5505 nobis
2344 5452 2483 5523 apud
2518 5451 2685 5505 Deum
2718 5460 2771 5506 et
2802 5451 3038 5513 Patrem,
3071 5462 3123 5506 et
3151 5453 3221 5507 ob
3248 5454 3347 5506 hoc
3388 5454 3466 5520 ip-

1908 5561 2049 5605 sum,
2091 5541 2231 5610 quod
2262 5541 2493 5595 effusum
2535 5550 2635 5603 est,
2672 5550 2724 5592 et
2752 5540 2989 5593 chrisma
3028 5540 3250 5601 factum,
3280 5549 3332 5594 et
3374 5557 3470 5594 us-

1908 5653 2008 5705 (μιν
2042 5634 2103 5687 a-I
2138 5632 2369 5685 animant
2395 5644 2633 5686 nostram
2658 5631 2891 5684 «ausum
2927 5642 3027 5685 est.
3058 5632 3259 5685 Altaria
3286 5641 3467 5685 autem
